{"host":"kev6uqotw4tlyx8l","time":1609147556,"event":{"mods":["Act Like it!","Aspiration","BaseMod","Colored Powertips","Dota2Spire","Downfall","Hallownest","Infinite Spire","Marisa????????","Minty Spire (QoL Compilation)","Quick Restart","Remilia??????","Replay The Spire","StSLib","The Cursed","The Marked","The Mystic","The Servant 0.9.4"],"gold_per_floor":[110,37,37,37,37,68,86,86,86,86,86,86,86,33,33,132,132,152,276,294,94,94,94,112,112,138,138,154,154,39,39,39,136,136,155,175,187,187,187,187,221,221,269,294,294,294,320,320,320,421,421,423,423,423,421,422,422,420,420,420,423,347,347,352,360,360,401,401,394,394,394,494,494,494,527,527,552,551,551,546,556,556,556,539,539],"floor_reached":84,"playtime":3365,"items_purged":["Voices","infinitespire:Pacifist","Shame","Wraith"],"score":1338,"play_id":"56e144f5-c9ee-4f43-ad3e-2c13ee314392","local_time":"20201228162556","is_ascension_mode":false,"campfire_choices":[{"data":"mysticmod:Dedication","floor":8.0,"key":"SMITH"},{"data":"mysticmod:Dedication+1","floor":10.0,"key":"SMITH"},{"data":"mysticmod:Dedication+2","floor":12.0,"key":"SMITH"},{"floor":15.0,"key":"DIG"},{"data":"Hallownest:pwrSporeShroom","floor":23.0,"key":"SMITH"},{"floor":25.0,"key":"REST"},{"floor":29,"key":"REST"},{"floor":32,"key":"REST"},{"data":"mysticmod:Stoneskin","floor":40,"key":"SMITH"},{"data":"mysticmod:SpellRecall","floor":42,"key":"SMITH"},{"data":"mysticmod:Spellstrike","floor":45,"key":"SMITH"},{"data":"mysticmod:StyleChange","floor":57,"key":"SMITH"},{"data":"mysticmod:Daze","floor":59,"key":"SMITH"},{"data":"mysticmod:StyleChange","floor":63,"key":"SMITH"},{"floor":66,"key":"REST"},{"data":"infinitespire:Collect","floor":74,"key":"SMITH"},{"data":"mysticmod:Dedication+3","floor":76,"key":"SMITH"},{"floor":83,"key":"REST"}],"circlet_count":0,"master_deck":["mysticmod:Strike_Mystic+1","mysticmod:Strike_Mystic+1","mysticmod:ArcaneDodge","mysticmod:ShockingGrasp","mysticmod:SuddenClarity","mysticmod:Dedication+4","mysticmod:Stoneskin+1","mysticmod:PowerSlash","Hallownest:skillSlugHide","Hallownest:skillSlugHide","Hallownest:skillSlugHide","Hallownest:skillSlugHide","Hallownest:skillSlugHide","mysticmod:CorrosiveTouch","RedMoon","mysticmod:Spellstrike+1","expansioncontent:SuperHexaguard","infinitespire:Collect+1","mysticmod:PureInstinct+1","mysticmod:MagicMissile+1","mysticmod:Probe","Hallownest:pwrSporeShroom+1","mysticmod:StyleChange+1","infinitespire:Gouge","mysticmod:Daze+1","mysticmod:EbbAndFlow","mysticmod:SpellRecall+1","mysticmod:Probe+1","mysticmod:Shield+1","mysticmod:VorpalThrust","mysticmod:EnchantedMoulinet","expansioncontent:DashGenerateEvil","Blind","mysticmod:StyleChange+1","mysticmod:MirrorEntity","ReplayReversal+1","Shockwave","mysticmod:ComboCaster","mysticmod:FiveFootStep","mysticmod:Probe","mysticmod:MagicMissile","mysticmod:ArcaneAccuracy","Fire Breathing","mysticmod:SpellRecall","mysticmod:BulkUp+1","mysticmod:AllIn","Spot Weakness+1","Uppercut","mysticmod:PowerSlash"],"relics":["mysticmod:SpellBook","aspiration:Nostalgia","Uniform","Ring of Fury","Hallownest:DreamNailRelic","Pet Ghost","Darkstone Periapt","Hallownest:SheosBrushRelic","Bottled Lightning","ReplayTheSpireMod:SealedPack","Juzu Bracelet","Boot","AntiCross","Dota2Spire:RefresherOrb","Whetstone","ReplayTheSpireMod:TigerMarble","PreservedInsect","infinitespire:Bottled Soul","Dota2Spire:BladeMail","aspiration:IroncladSkillbook","Dota2Spire:ArcaneBoots","mysticmod:TrainingManual","aspiration:VileToxins","Empty Cage","Dota2Spire:Butterfly","Red Mask","Bronze Scales","aspiration:ChemicalBlood","aspiration:RitualStick"],"acts_visited":["Hallownest:Greenpath","Hallownest:CityofTears","TheBeyond","Exordium","TheCity"],"potions_floor_usage":[33,44,50,50,50,67,67,81,81,84,84],"damage_taken":[{"damage":1.0,"enemies":"Hallownest:monsterHuskGuard","floor":1.0,"turns":4.0},{"damage":9.0,"enemies":"Hallownest:eliteVengeflyKing","floor":6.0,"turns":9.0},{"damage":1.0,"enemies":"Hallownest:2_MossCreeps","floor":7.0,"turns":4.0},{"damage":11.0,"enemies":"Hallownest:BossBrokenVessel","floor":16.0,"turns":9.0},{"damage":27.0,"enemies":"Hallownest:Guard_and_Sentry","floor":18.0,"turns":7.0},{"damage":9.0,"enemies":"Hallownest:2_Mistakes","floor":20.0,"turns":10.0},{"damage":45.0,"enemies":"Hallownest:2_Husk_Sentries","floor":24.0,"turns":8.0},{"damage":22,"enemies":"Hallownest:3_Mistakes","floor":28,"turns":6},{"damage":0,"enemies":"Hallownest:BossSoulMaster","floor":33,"turns":4},{"damage":0,"enemies":"Orb Walker","floor":35,"turns":2},{"damage":0,"enemies":"3 Shapes","floor":36,"turns":2},{"damage":0,"enemies":"Jaw Worm Horde","floor":37,"turns":2},{"damage":10,"enemies":"R_Hoarder","floor":41,"turns":5},{"damage":0,"enemies":"Reptomancer","floor":44,"turns":2},{"damage":15,"enemies":"Nightmare","floor":47,"turns":6},{"damage":27,"enemies":"Awakened One","floor":50,"turns":7},{"damage":0,"enemies":"infinitespire:Voidling","floor":52,"turns":2},{"damage":7,"enemies":"2 Louse","floor":55,"turns":3},{"damage":0,"enemies":"Jaw Worm","floor":56,"turns":1},{"damage":14,"enemies":"Blue Slaver","floor":58,"turns":2},{"damage":17,"enemies":"2 Fungi Beasts","floor":61,"turns":3},{"damage":20,"enemies":"Gremlin Nob","floor":64,"turns":3},{"damage":0,"enemies":"Looter","floor":65,"turns":1},{"damage":16,"enemies":"Fading Forest","floor":67,"turns":11},{"damage":20,"enemies":"2 Thieves","floor":69,"turns":3},{"damage":0,"enemies":"Masked Bandits","floor":75,"turns":1},{"damage":0,"enemies":"Spheric Guardian","floor":78,"turns":2},{"damage":4,"enemies":"Centurion and Healer","floor":79,"turns":3},{"damage":55,"enemies":"Snake Plant","floor":80,"turns":4},{"damage":13,"enemies":"Slavers","floor":81,"turns":3},{"damage":44,"enemies":"Collector","floor":84,"turns":2}],"seed_played":"1851587215175839206","potions_obtained":[{"floor":1.0,"key":"DuplicationPotion"},{"floor":7.0,"key":"Dota2Spire:Clarity"},{"floor":18.0,"key":"champ:CounterPotion"},{"floor":28,"key":"Dota2Spire:Clarity"},{"floor":41,"key":"Regen Potion"},{"floor":49,"key":"Venom Potion"},{"floor":49,"key":"Toxic Potion"},{"floor":50,"key":"DuplicationPotion"},{"floor":52,"key":"Dexterity Potion"},{"floor":61,"key":"Adrenaline Potion"},{"floor":78,"key":"FearPotion"},{"floor":79,"key":"Reflective Coating"}],"is_trial":false,"path_per_floor":["M","$","?","?","$","E","M","R","T","R","?","R","?","$","R","B",null,"M","?","M","$","?","R","M","R","T","AVR","M","R","$","?","R","B",null,"M","M","M","AVR","?","R","E","R","T","E","R","?","NM","?","R","B",null,"M","?","AVR","M","M","R","M","R","T","M","$","R","E","M","R","B",null,"M","?","AVR","?","?","R","?","R","T","M","M","M","E","?","R","B"],"character_chosen":"MYSTIC_CLASS","items_purchased":["mysticmod:Dedication","mysticmod:CorrosiveTouch","Juzu Bracelet","mysticmod:Probe","mysticmod:EbbAndFlow","mysticmod:MagicMissile"],"campfire_rested":5,"item_purchase_floors":[2,14,21,21,30,62],"current_hp_per_floor":[76,76,76,76,76,67,66,66,66,66,66,66,66,66,66,55,83,59,65,56,56,56,56,13,39,39,39,17,43,43,43,69,69,89,89,89,89,89,95,95,85,85,85,90,90,85,70,80,80,53,95,95,95,95,94,95,95,85,85,85,72,72,72,56,60,88,86,95,79,79,79,79,79,79,83,83,83,87,87,36,30,11,39,0,0],"gold":539,"neow_bonus":"NOSTALGIA","is_daily":false,"chose_seed":false,"campfire_upgraded":12,"win_rate":0.0,"timestamp":1609147556,"path_taken":["M","$","?","?","$","E","?","R","T","R","?","R","?","?","R","BOSS","M","?","M","$","?","R","M","R","T","AVR","M","R","$","?","R","BOSS","M","M","M","AVR","?","R","E","R","T","E","R","?","NM","?","R","BOSS","M","?","AVR","M","M","R","M","R","T","M","$","R","E","M","R","BOSS","M","?","AVR","?","?","R","?","R","T","M","M","M","E","?","R","BOSS"],"items_purchased_type":["Card","Card","Relic","Card","Card","Card"],"build_version":"2020-12-22","purchased_purges":4,"victory":false,"max_hp_per_floor":[77,77,77,77,77,77,77,77,77,77,77,77,77,77,77,77,83,83,89,89,89,89,89,89,89,89,89,89,89,89,89,89,89,89,89,89,89,89,95,95,95,95,95,95,95,95,95,95,95,95,95,95,95,95,95,95,95,95,95,95,95,95,95,95,95,95,95,95,95,95,95,95,95,95,95,95,95,95,95,95,95,95,95,95,95],"card_choices":[{"not_picked":["mysticmod:Shield","mysticmod:TomeOfSpells"],"picked":"mysticmod:SuddenClarity","floor":1.0},{"not_picked":["mysticmod:Feint","mysticmod:Sideswipe"],"picked":"mysticmod:Stoneskin","floor":6.0},{"not_picked":["mysticmod:SuddenClarity","mysticmod:HeavyStrike"],"picked":"mysticmod:PowerSlash","floor":7.0},{"not_picked":["ScarletShoot","sneckomod:Unknown"],"picked":"RedMoon","floor":17.0},{"not_picked":["mysticmod:ClosingBarrage","mysticmod:MysticalShield"],"picked":"mysticmod:Spellstrike","floor":17.0},{"not_picked":["Panacea","Madness"],"picked":"expansioncontent:SuperHexaguard","floor":17.0},{"not_picked":["infinitespire:Starlight","ReplayTheSpireMod:Book of Names"],"picked":"infinitespire:Collect","floor":17.0},{"not_picked":["mysticmod:CorrosiveTouch","mysticmod:HeavyStrike"],"picked":"mysticmod:PureInstinct+1","floor":18.0},{"not_picked":["mysticmod:MagicWeapon+1","mysticmod:SpellCombat+1"],"picked":"mysticmod:MagicMissile","floor":20.0},{"not_picked":["mysticmod:Daze+1","mysticmod:VorpalThrust"],"picked":"mysticmod:StyleChange","floor":24.0},{"not_picked":["mysticmod:HeavyStrike","mysticmod:TomeOfSpells"],"picked":"mysticmod:Daze","floor":28},{"not_picked":["mysticmod:GeminiForm","mysticmod:MysticalShield"],"picked":"mysticmod:SpellRecall","floor":33},{"not_picked":["mysticmod:IllusionOfCalm+1","mysticmod:Grease+1"],"picked":"mysticmod:Probe+1","floor":35},{"not_picked":["mysticmod:TomeOfSpells+1","mysticmod:HeavyStrike"],"picked":"mysticmod:Shield+1","floor":36},{"not_picked":["mysticmod:PowerSlash+1","mysticmod:Alacrity+1"],"picked":"mysticmod:VorpalThrust","floor":37},{"not_picked":["mysticmod:Alacrity+1","mysticmod:TomeOfSpells"],"picked":"mysticmod:EnchantedMoulinet","floor":41},{"not_picked":["mysticmod:HunkerDown","mysticmod:Natural20","mysticmod:SpellCombat+1"],"picked":"SKIP","floor":44},{"not_picked":["expansioncontent:DefensiveMode","ReplayTheSpireMod:Trickstab"],"picked":"expansioncontent:DashGenerateEvil","floor":46},{"not_picked":["expansioncontent:GoopSpray","Replay:Sssssssssstrike"],"picked":"Blind","floor":46},{"not_picked":["mysticmod:EnergizedRift+1","mysticmod:Dedication+1"],"picked":"mysticmod:StyleChange","floor":47},{"not_picked":["mysticmod:Spellstrike","mysticmod:Lunge"],"picked":"mysticmod:MirrorEntity","floor":50},{"not_picked":["mysticmod:PureInstinct","mysticmod:DiviningBlow","Replay:Undeath\u0027s Touch"],"picked":"ReplayReversal","floor":52},{"not_picked":["mysticmod:Grease","mysticmod:Sideswipe","mysticmod:ChargedParry"],"picked":"Shockwave","floor":55},{"not_picked":["Havoc","Rampage","Run Through"],"picked":"mysticmod:ComboCaster","floor":56},{"not_picked":["Wild Strike","mysticmod:Riposte","mysticmod:EnchantedMoulinet"],"picked":"mysticmod:FiveFootStep","floor":58},{"not_picked":["Flex","mysticmod:VorpalThrust","Perfected Strike"],"picked":"mysticmod:Probe","floor":61},{"not_picked":["mysticmod:BladeMaster","Fiend Fire","ReplayTheSpireMod:LeadingStrike"],"picked":"mysticmod:ArcaneAccuracy","floor":64},{"not_picked":["mysticmod:DiviningBlow","Disarm","mysticmod:PowerSlash"],"picked":"Fire Breathing","floor":65},{"not_picked":["mysticmod:Haste","Immolate","mysticmod:Lunge"],"picked":"mysticmod:SpellRecall","floor":67},{"not_picked":["Body Slam","Wild Strike","mysticmod:DiviningBlow+1","Havoc+1"],"picked":"SKIP","floor":69},{"not_picked":["Wild Strike+1","Clothesline","mysticmod:DiviningBlow"],"picked":"mysticmod:BulkUp+1","floor":75},{"not_picked":["Wild Strike+1","Body Slam+1","Iron Wave"],"picked":"mysticmod:AllIn","floor":78},{"not_picked":["mysticmod:Feint","Defy Death","Thunderclap+1"],"picked":"Spot Weakness+1","floor":79},{"not_picked":["Twin Strike","Double Tap","Wild Strike"],"picked":"Uppercut","floor":80},{"not_picked":["Run Through","Havoc","Evolve"],"picked":"mysticmod:PowerSlash","floor":81}],"player_experience":35127,"relics_obtained":[{"floor":3.0,"key":"Ring of Fury"},{"floor":6.0,"key":"Pet Ghost"},{"floor":9.0,"key":"Darkstone Periapt"},{"floor":15.0,"key":"Bottled Lightning"},{"floor":26.0,"key":"Boot"},{"floor":41,"key":"ReplayTheSpireMod:TigerMarble"},{"floor":43,"key":"PreservedInsect"},{"floor":44,"key":"infinitespire:Bottled Soul"},{"floor":47,"key":"Dota2Spire:BladeMail"},{"floor":60,"key":"mysticmod:TrainingManual"},{"floor":64,"key":"aspiration:VileToxins"},{"floor":75,"key":"Red Mask"},{"floor":77,"key":"Bronze Scales"},{"floor":81,"key":"aspiration:ChemicalBlood"}],"event_choices":[{"damage_healed":0,"gold_gain":0,"player_choice":"Ignored","damage_taken":0,"max_hp_gain":0,"max_hp_loss":0,"event_name":"OrinTheCat","floor":39,"gold_loss":0},{"damage_healed":0,"gold_gain":0,"player_choice":"Memory 2","damage_taken":5,"max_hp_gain":0,"max_hp_loss":0,"event_name":"SensoryStone","floor":46,"gold_loss":0},{"damage_healed":0,"gold_gain":0,"player_choice":"Grow","damage_taken":0,"max_hp_gain":0,"max_hp_loss":0,"event_name":"Living Wall","floor":53,"gold_loss":0,"cards_upgraded":["ReplayReversal"]},{"damage_healed":0,"gold_gain":0,"player_choice":"Ignored","damage_taken":0,"max_hp_gain":0,"max_hp_loss":0,"event_name":"Vampires","floor":70,"gold_loss":0},{"damage_healed":0,"gold_gain":100,"player_choice":"Pray","damage_taken":0,"max_hp_gain":0,"max_hp_loss":0,"event_name":"Golden Shrine","floor":72,"gold_loss":0},{"damage_healed":0,"gold_gain":0,"player_choice":"Ignored","damage_taken":0,"max_hp_gain":0,"max_hp_loss":0,"event_name":"Beggar","floor":73,"gold_loss":0},{"damage_healed":0,"gold_gain":0,"player_choice":"Fought Bandits","damage_taken":0,"max_hp_gain":0,"max_hp_loss":0,"event_name":"Masked Bandits","floor":75,"gold_loss":0}],"is_beta":false,"boss_relics":[{"not_picked":["Replay:Grab Bag","Velvet Choker"],"picked":"ReplayTheSpireMod:SealedPack"},{"not_picked":["aspiration:ServantSkillbook","aspiration:SecretTechniqueScroll"],"picked":"Dota2Spire:RefresherOrb"},{"not_picked":["Empty Cage","Runic Pyramid"],"picked":"aspiration:IroncladSkillbook"},{"not_picked":["aspiration:RunicSpoon","Coffee Dripper"],"picked":"Empty Cage"}],"items_purged_floors":[27,30,38,71],"is_endless":true,"potions_floor_spawned":[1,7,18,28,41,50,52,61,65,78,79],"killed_by":"Collector","ascension_level":0}}