{"host":"86c6vgocyjlprmyx","time":1609117938,"event":{"mods":["BaseMod","Downfall","Hermit","Minty Spire (QoL Compilation)","Quick Restart","Replay The Spire","Shade Mod","StSLib","The Cursed","The Hierophant"],"gold_per_floor":[115,132,82,82,99,99,130,55,55,81,81,101,1,20,20,122,122,133,143,160,211,78,104,104,104,104,104,14,14,14,32,32,133,133,150,163,163,163,212,127,127,127,144,144,144,170,20,20,20,32,32,32],"floor_reached":53,"playtime":3817,"items_purged":["hermit:Strike_Hermit","hermit:Strike_Hermit","Guardian:Aged","hermit:Defend_Hermit"],"score":840,"play_id":"cb45f6b3-b72e-4a43-8349-930b9a31a473","local_time":"20201228021218","is_ascension_mode":false,"campfire_choices":[{"data":"hermit:Dive","floor":6.0,"key":"SMITH"},{"data":"hermit:Brawl","floor":11.0,"key":"SMITH"},{"floor":15.0,"key":"REST"},{"floor":24,"key":"REST"},{"data":"hermit:ItchyTrigger","floor":27,"key":"SMITH"},{"floor":32,"key":"REST"},{"floor":42,"key":"REST"},{"data":"hermit:FatalDesire","floor":44,"key":"SMITH"},{"data":"hermit:Quickdraw","floor":51,"key":"SMITH"}],"circlet_count":0,"master_deck":["hermit:Strike_Hermit","hermit:Defend_Hermit+1","hermit:Snapshot","hermit:Covet+1","hermit:CursedWeapon","hermit:GoldenBullet","hermit:Dive+1","hermit:Brawl+1","Pot Of Greed","Pot Of Greed","hermit:ItchyTrigger+1","hermit:Quickdraw+1","hermit:Snipe","hermit:Adapt","Pain","CommonCold","hermit:LowProfile+1","hermit:GoldenBullet","hermit:Quickdraw+1","hermit:Determination","hermit:Deadeye","Pot Of Greed","ReplayTheSpireMod:Splinters","hermit:FlashPowder","hermit:Ricochet+1","Necronomicurse","hermit:Headshot+1","hermit:Ricochet+1","hermit:FatalDesire+1","hermit:Misfire+1","hermit:WideOpen+1","hermit:Malice+1","Pot Of Greed","hermit:Ricochet+1","hermit:BigShot","ReplayTheSpireMod:IOU","ReplayTheSpireMod:IOU","ReplayTheSpireMod:IOU","Doubt","hermit:Quickdraw"],"relics":["hermit:Momento","Garlic","Grinning Jar","Ice Cream","Replay:Ancient Bell","Juzu Bracelet","Mirror","Prayer Wheel","Replay:Bottled Snecko","Replay:Wax Seal","War Paint","ReplayTheSpireMod:Lightbulb","Necronomicon","Bag of Marbles","Sozu","Torii","Chameleon Ring","Sundial","Du-Vu Doll"],"acts_visited":["Exordium","TheCity","TheBeyond"],"potions_floor_usage":[19,31,33,33,36,46],"damage_taken":[{"damage":0.0,"enemies":"2 Louse","floor":1.0,"turns":3.0},{"damage":2.0,"enemies":"Small Slimes","floor":2.0,"turns":3.0},{"damage":3.0,"enemies":"Jaw Worm","floor":5.0,"turns":4.0},{"damage":15.0,"enemies":"Lagavulin","floor":7.0,"turns":6.0},{"damage":41.0,"enemies":"Gremlin Nob","floor":10.0,"turns":5.0},{"damage":2.0,"enemies":"Exordium Wildlife","floor":12.0,"turns":2.0},{"damage":2.0,"enemies":"2 Fungi Beasts","floor":14.0,"turns":2.0},{"damage":31.0,"enemies":"Hexaghost","floor":16.0,"turns":10.0},{"damage":17.0,"enemies":"Spheric Guardian","floor":18.0,"turns":4.0},{"damage":2,"enemies":"Shell Parasite","floor":19,"turns":7},{"damage":18,"enemies":"Snake Plant","floor":20,"turns":8},{"damage":17,"enemies":"Book of Stabbing","floor":23,"turns":7},{"damage":3,"enemies":"Centurion and Healer","floor":28,"turns":5},{"damage":0,"enemies":"Shelled Parasite and Fungi","floor":31,"turns":4},{"damage":24,"enemies":"Collector","floor":33,"turns":11},{"damage":4,"enemies":"Orb Walker","floor":35,"turns":3},{"damage":2,"enemies":"3 Darklings","floor":36,"turns":4},{"damage":20,"enemies":"2 Orb Walkers","floor":39,"turns":3},{"damage":19,"enemies":"Jaw Worm Horde","floor":40,"turns":3},{"damage":3,"enemies":"Maw","floor":43,"turns":5},{"damage":38,"enemies":"Reptomancer","floor":46,"turns":5},{"damage":0,"enemies":"Spire Growth","floor":50,"turns":2},{"damage":16,"enemies":"Time Eater","floor":52,"turns":5}],"seed_played":"899552718504975338","potions_obtained":[{"floor":1.0,"key":"Fire Potion"},{"floor":10.0,"key":"champ:CounterPotion"},{"floor":14.0,"key":"Elixir"},{"floor":16.0,"key":"ColorlessPotion"},{"floor":19,"key":"Weak Potion"},{"floor":20,"key":"Explosive Potion"},{"floor":28,"key":"Block Potion"},{"floor":31,"key":"sneckomod:MuddlingPotion"},{"floor":33,"key":"Fire Potion"}],"is_trial":false,"path_per_floor":["M","M","?","?","M","R","E","$","T","E","R","M","$","M","R","B",null,"M","M","M","?","$","E","R","?","T","R","M","$","?","M","R","B",null,"M","M","PTL","PTL","?","M","?","R","M","R","T","E","$","?","?","M","R","B",null],"character_chosen":"HERMIT","items_purchased":["Replay:Wax Seal","War Paint","Du-Vu Doll"],"campfire_rested":4,"item_purchase_floors":[22,22,47],"current_hp_per_floor":[82,80,80,80,77,77,62,62,62,21,21,19,19,17,41,10,82,65,63,45,45,45,28,52,36,36,36,33,33,33,33,57,33,82,78,76,76,76,56,37,37,61,58,58,58,20,20,82,82,82,82,66],"gold":32,"neow_bonus":"TEN_PERCENT_HP_BONUS","is_daily":false,"chose_seed":false,"campfire_upgraded":5,"win_rate":0.0,"timestamp":1609117938,"path_taken":["M","M","?","?","M","R","E","$","T","E","R","M","$","M","R","BOSS","M","M","M","?","$","E","R","?","T","R","M","?","?","M","R","BOSS","M","M","PTL","PTL","?","M","?","R","M","R","T","E","$","?","?","M","R","BOSS"],"items_purchased_type":["Relic","Relic","Relic"],"build_version":"2020-12-22","purchased_purges":4,"victory":true,"max_hp_per_floor":[82,82,82,82,82,82,82,82,82,82,82,82,82,82,82,82,82,82,82,82,82,82,82,82,82,82,82,82,82,82,82,82,82,82,82,82,82,82,82,82,82,82,82,82,82,82,82,82,82,82,82,82],"card_choices":[{"not_picked":["hermit:Dive","hermit:Misfire"],"picked":"hermit:CursedWeapon","floor":1.0},{"not_picked":["hermit:CursedWeapon","hermit:CalledShot"],"picked":"hermit:GoldenBullet","floor":2.0},{"not_picked":["hermit:ItchyTrigger","hermit:HighCaliber"],"picked":"hermit:Dive","floor":5.0},{"not_picked":["hermit:GoldenBullet","hermit:Gambit"],"picked":"hermit:Brawl","floor":7.0},{"not_picked":["hermit:CursedWeapon","hermit:LowProfile"],"picked":"hermit:ItchyTrigger","floor":10.0},{"not_picked":["hermit:FullyLoaded","hermit:Showdown"],"picked":"hermit:Quickdraw","floor":12.0},{"not_picked":["hermit:Glare","hermit:Misfire"],"picked":"hermit:Snipe","floor":14.0},{"not_picked":["hermit:RoundhouseKick","hermit:OverwhelmingPower"],"picked":"hermit:Adapt","floor":16.0},{"not_picked":["Normality","AbeCurse"],"picked":"Pain","floor":17.0},{"not_picked":["AbeCurse","Voices"],"picked":"CommonCold","floor":17.0},{"not_picked":["AbeCurse","ReplayTheSpireMod:Doomed"],"picked":"Guardian:Aged","floor":17.0},{"not_picked":["hermit:Snipe","hermit:CalledShot"],"picked":"hermit:LowProfile+1","floor":18.0},{"not_picked":["hermit:TakeAim+1","hermit:Manifest"],"picked":"hermit:GoldenBullet","floor":18.0},{"not_picked":["hermit:Deadeye+1","hermit:Enervate+1"],"picked":"hermit:Quickdraw+1","floor":19},{"not_picked":["hermit:LuckOfTheDraw","hermit:Grudge","hermit:Virtue"],"picked":"SKIP","floor":19},{"not_picked":["hermit:HeroicBravado","hermit:Brawl"],"picked":"hermit:Determination","floor":20},{"not_picked":["hermit:CalledShot+1","hermit:GhostlyPresence"],"picked":"hermit:Deadeye","floor":20},{"not_picked":["hermit:Midnight","hermit:Vantage"],"picked":"hermit:FlashPowder","floor":21},{"not_picked":["hermit:Misfire","hermit:TrackingShot"],"picked":"hermit:Ricochet+1","floor":23},{"not_picked":["hermit:Ricochet+1","hermit:Determination+1"],"picked":"hermit:Headshot+1","floor":28},{"not_picked":["hermit:Dive","hermit:Vantage+1","hermit:FatalDesire"],"picked":"SKIP","floor":28},{"not_picked":["hermit:Virtue+1","hermit:ItchyTrigger"],"picked":"hermit:Ricochet+1","floor":31},{"not_picked":["hermit:BodyArmor+1","hermit:Deadeye","hermit:LoneWolf"],"picked":"SKIP","floor":31},{"not_picked":["hermit:Magnum","hermit:FinalCanter"],"picked":"hermit:FatalDesire","floor":33},{"not_picked":["hermit:CalledShot","hermit:BodyArmor"],"picked":"hermit:Misfire+1","floor":35},{"not_picked":["hermit:Grudge","hermit:HoleUp","hermit:Gestalt"],"picked":"SKIP","floor":35},{"not_picked":["hermit:Dive","hermit:Snipe"],"picked":"hermit:WideOpen+1","floor":36},{"not_picked":["hermit:Misfire+1","hermit:LowProfile+1","hermit:Roulette+1"],"picked":"SKIP","floor":36},{"not_picked":["hermit:Glare","hermit:Desperado"],"picked":"hermit:Malice+1","floor":39},{"not_picked":["hermit:ShadowCloak+1","hermit:Vantage"],"picked":"hermit:Ricochet+1","floor":40},{"not_picked":["hermit:TakeAim","hermit:FromBeyond","hermit:Combo"],"picked":"SKIP","floor":40},{"not_picked":["hermit:Spite+1","hermit:Shortfuse"],"picked":"hermit:BigShot","floor":43},{"not_picked":["hermit:Ricochet","hermit:FullyLoaded","hermit:Feint"],"picked":"SKIP","floor":43},{"not_picked":["hermit:ItchyTrigger+1","hermit:BigShot","hermit:WideOpen"],"picked":"SKIP","floor":46},{"not_picked":["hermit:Roulette+1","hermit:BodyArmor"],"picked":"hermit:Quickdraw","floor":50},{"not_picked":["hermit:Desperado","hermit:Feint","hermit:ItchyTrigger+1"],"picked":"SKIP","floor":50}],"player_experience":195860,"relics_obtained":[{"floor":7.0,"key":"Garlic"},{"floor":9.0,"key":"Grinning Jar"},{"floor":10.0,"key":"Ice Cream"},{"floor":21,"key":"Replay:Bottled Snecko"},{"floor":23,"key":"ReplayTheSpireMod:Lightbulb"},{"floor":25,"key":"Necronomicon"},{"floor":26,"key":"Bag of Marbles"},{"floor":39,"key":"Torii"},{"floor":45,"key":"Chameleon Ring"},{"floor":46,"key":"Sundial"}],"event_choices":[{"cards_removed":["hermit:Strike_Hermit"],"damage_healed":0.0,"max_hp_gain":0.0,"max_hp_loss":0.0,"gold_gain":0.0,"event_name":"The Cleric","player_choice":"Card Removal","floor":3.0,"gold_loss":50.0,"damage_taken":0.0},{"damage_healed":0.0,"max_hp_gain":0.0,"max_hp_loss":0.0,"gold_gain":0.0,"event_name":"Liars Game","player_choice":"Ignored","floor":4.0,"gold_loss":0.0,"damage_taken":0.0},{"damage_healed":0,"gold_gain":0,"player_choice":"Obtained Book","damage_taken":16,"max_hp_gain":0,"max_hp_loss":0,"event_name":"Cursed Tome","floor":25,"gold_loss":0},{"cards_removed":["hermit:Defend_Hermit"],"damage_healed":0,"gold_gain":0,"player_choice":"Elegance","damage_taken":0,"max_hp_gain":0,"max_hp_loss":0,"event_name":"Back to Basics","floor":30,"gold_loss":0},{"damage_healed":0,"gold_gain":0,"player_choice":"Fight","damage_taken":0,"max_hp_gain":0,"max_hp_loss":0,"event_name":"Mysterious Sphere","floor":39,"gold_loss":0},{"damage_healed":62,"gold_gain":0,"player_choice":"Heal","damage_taken":0,"max_hp_gain":0,"max_hp_loss":0,"event_name":"MindBloom","floor":48,"gold_loss":0,"cards_obtained":["Doubt"]},{"cards_removed":["hermit:Defend_Hermit"],"damage_healed":0,"gold_gain":0,"player_choice":"Removed Skill","damage_taken":0,"max_hp_gain":0,"max_hp_loss":0,"event_name":"Falling","floor":49,"gold_loss":0}],"is_beta":false,"boss_relics":[{"not_picked":["SlaversCollar","Runic Pyramid"],"picked":"Replay:Ancient Bell"},{"not_picked":["Dream Catcher","Strawberry"],"picked":"Juzu Bracelet"},{"not_picked":["HornCleat","Replay:Bottled Flurry"],"picked":"Mirror"},{"not_picked":["Mango","FossilizedHelix"],"picked":"Prayer Wheel"},{"not_picked":["Replay:Bronze Core","Cursed Key"],"picked":"Sozu"}],"items_purged_floors":[8,13,22,47],"is_endless":false,"potions_floor_spawned":[1,10,14,16,19,20,28,31,33,39,40,43],"ascension_level":0}}