{"host":"6pgtslebjnyv5xmi","time":1609162119,"event":{"mods":["AchievementEnabler","BaseMod","Colored Map","Minty Spire (QoL Compilation)","Rare Cards Sparkle","StSLib","SuperFastMode","The Dragon Tamer","everything is the same but u backflip on backflip"],"gold_per_floor":[116,116,116,191,36,36,36,36,36,36,36,70,70,35,35,35,35],"floor_reached":16,"playtime":368,"items_purged":["Defend_B"],"score":115,"play_id":"dda89c4e-0840-4f3c-824e-322131c89eef","local_time":"20201228222839","is_ascension_mode":true,"campfire_choices":[{"data":"Zap","floor":6,"key":"SMITH"},{"data":"Dualcast","floor":7,"key":"SMITH"},{"floor":8,"key":"REST"},{"floor":11,"key":"REST"},{"data":"Self Repair","floor":13,"key":"SMITH"},{"data":"Rip and Tear","floor":15,"key":"SMITH"}],"circlet_count":0,"master_deck":["Strike_B","Strike_B","Strike_B","Defend_B","Defend_B","Zap+1","Dualcast+1","Amplify","BootSequence","Self Repair+1","Rip and Tear+1"],"relics":["Cracked Core","WingedGreaves","Gambling Chip","Boot"],"acts_visited":["Exordium"],"potions_floor_usage":[16],"damage_taken":[{"damage":7.0,"enemies":"Small Slimes","floor":1.0,"turns":3.0},{"damage":55,"enemies":"3 Sentries","floor":12,"turns":8},{"damage":20,"enemies":"Slime Boss","floor":16,"turns":4}],"seed_played":"-6722629608398617694","potions_obtained":[{"floor":12,"key":"Strength Potion"}],"is_trial":false,"path_per_floor":["M","?","?","?","$","R","R","R","T","$","R","E","R","$","R","B"],"character_chosen":"DEFECT","items_purchased":["BootSequence","Rip and Tear"],"campfire_rested":2,"item_purchase_floors":[5,14],"current_hp_per_floor":[47,40,40,33,33,33,33,55,55,55,75,20,20,20,20,0,0],"gold":35,"neow_bonus":"ONE_RARE_RELIC","is_daily":false,"chose_seed":false,"campfire_upgraded":4,"win_rate":0.0,"timestamp":1609162119,"path_taken":["M","?","?","?","$","R","R","R","T","$","R","E","R","$","R","BOSS"],"items_purchased_type":["Card","Card"],"build_version":"2020-12-22","purchased_purges":1,"victory":false,"max_hp_per_floor":[75,75,75,75,75,75,75,75,75,75,75,75,75,75,75,75,75],"card_choices":[{"not_picked":["Barrage","Sweeping Beam","Redo"],"picked":"SKIP","floor":1.0},{"not_picked":["Go for the Eyes","Reprogram"],"picked":"Self Repair","floor":12}],"player_experience":562342,"relics_obtained":[{"floor":9,"key":"Gambling Chip"},{"floor":12,"key":"Boot"}],"event_choices":[{"cards_removed":["Strike_B"],"damage_healed":0.0,"max_hp_gain":0.0,"max_hp_loss":0.0,"gold_gain":0.0,"event_name":"Golden Wing","player_choice":"Card Removal","floor":2.0,"gold_loss":0.0,"damage_taken":7.0},{"damage_healed":0.0,"max_hp_gain":0.0,"max_hp_loss":0.0,"gold_gain":0.0,"cards_transformed":["Defend_B"],"event_name":"Living Wall","player_choice":"Change","floor":3.0,"gold_loss":0.0,"damage_taken":0.0,"cards_obtained":["Amplify"]},{"damage_healed":0,"gold_gain":75,"player_choice":"Touch","damage_taken":7,"max_hp_gain":0,"max_hp_loss":0,"event_name":"FaceTrader","floor":4,"gold_loss":0}],"is_beta":false,"boss_relics":[],"items_purged_floors":[5],"is_endless":false,"potions_floor_spawned":[12],"killed_by":"Slime Boss","ascension_level":5}}