{"host":"y89x8uui45kcjy42","time":1609168117,"event":{"mods":["2.2 Compatiblity","BaseMod","CapriCore","Colored Map","Colored Powertips","Custom Start","Friendly Minions","Highlight Path","Keyboard Shortcuts","Minty Spire (QoL Compilation)","Relic Stats","Slay the Relics Exporter","StSLib","SuperFastMode","Waifu the Spire"],"gold_per_floor":[417,110,110,121,141,141,141,141,164,195,212,119,22,22,22,96,96,116,39,53,27,27,27,27,27,27,61,61,61,61,88,88,163,163,181,181,43,62,116,116,0,30,30,59,59,86,11,186,186,186,186,186,186,3,31,31],"floor_reached":57,"playtime":2382,"items_purged":["Strike_G","Strike_G","Strike_G","Defend_G","Defend_G","Defend_G","Strike_G+1","Strike_G+1"],"score":3097,"play_id":"eea8189d-4a2f-4963-9c1c-5663c76c74c8","local_time":"20201229000837","is_ascension_mode":true,"campfire_choices":[{"data":"Prepared","floor":6,"key":"SMITH"},{"data":"Acrobatics","floor":7,"key":"SMITH"},{"data":"Underhanded Strike","floor":8,"key":"SMITH"},{"data":"Well Laid Plans","floor":15,"key":"SMITH"},{"data":"Neutralize","floor":23,"key":"SMITH"},{"data":"Noxious Fumes","floor":24,"key":"SMITH"},{"data":"Adrenaline","floor":25,"key":"SMITH"},{"data":"All Out Attack","floor":28,"key":"SMITH"},{"data":"PiercingWail","floor":30,"key":"SMITH"},{"floor":32,"key":"RECALL"},{"data":"Backstab","floor":40,"key":"SMITH"},{"data":"After Image","floor":45,"key":"SMITH"},{"data":"Infinite Blades","floor":49,"key":"SMITH"},{"floor":53,"key":"REST"}],"circlet_count":0,"master_deck":["AscendersBane","Survivor+1","Neutralize+1","Backstab+1","Infinite Blades+1","Acrobatics+1","Prepared+1","PiercingWail+1","Underhanded Strike+1","All Out Attack+1","Well Laid Plans+1","Noxious Fumes+1","Adrenaline+1","Reflex+1","Noxious Fumes+1","Adrenaline+1","After Image+1","Caltrops"],"relics":["Ring of the Snake","WristBlade","Tingsha","Paper Crane","Snake Skull","Membership Card","Toy Ornithopter","Whetstone","Incense Burner","TwistedFunnel","HoveringKite","OrangePellets","Oddly Smooth Stone","Letter Opener","Calipers","WingedGreaves","War Paint","Calling Bell","Strawberry","Darkstone Periapt","TungstenRod","Potion Belt","Kunai","Tough Bandages","Mummified Hand","Red Mask","Bag of Preparation","Lizard Tail","TheAbacus","Bag of Marbles","Anchor","Shuriken"],"acts_visited":["Exordium","TheCity","TheBeyond","TheEnding"],"potions_floor_usage":[31,31,51,51,56,56],"damage_taken":[{"damage":24,"enemies":"Jaw Worm","floor":1,"turns":8},{"damage":0,"enemies":"Cultist","floor":4,"turns":3},{"damage":1,"enemies":"Small Slimes","floor":5,"turns":2},{"damage":25,"enemies":"3 Sentries","floor":10,"turns":6},{"damage":0,"enemies":"Exordium Thugs","floor":11,"turns":3},{"damage":6,"enemies":"Hexaghost","floor":16,"turns":6},{"damage":4,"enemies":"Chosen","floor":18,"turns":4},{"damage":6,"enemies":"Spheric Guardian","floor":20,"turns":3},{"damage":0,"enemies":"Gremlin Leader","floor":27,"turns":4},{"damage":0,"enemies":"Book of Stabbing","floor":31,"turns":2},{"damage":2,"enemies":"Automaton","floor":33,"turns":4},{"damage":5,"enemies":"3 Darklings","floor":35,"turns":2},{"damage":1,"enemies":"Orb Walker","floor":38,"turns":2},{"damage":0,"enemies":"Giant Head","floor":42,"turns":2},{"damage":0,"enemies":"Reptomancer","floor":44,"turns":3},{"damage":4,"enemies":"Awakened One","floor":50,"turns":9},{"damage":6,"enemies":"Time Eater","floor":51,"turns":5},{"damage":0,"enemies":"Shield and Spear","floor":55,"turns":1},{"damage":0,"enemies":"The Heart","floor":56,"turns":5}],"seed_played":"5316494571397357001","potions_obtained":[{"floor":1,"key":"SteroidPotion"},{"floor":11,"key":"Energy Potion"},{"floor":31,"key":"PowerPotion"},{"floor":36,"key":"CunningPotion"},{"floor":36,"key":"GhostInAJar"},{"floor":38,"key":"Explosive Potion"}],"is_trial":false,"path_per_floor":["M","$","?","M","M","R","R","R","T","E","M","$","$","?","R","B",null,"M","$","M","$","?","R","R","R","T","E","R","$","R","E","R","B",null,"M","?","$","M","$","R","?","E","T","E","R","T","?","$","R","B","B",null,"R","$","E","B",null],"character_chosen":"THE_SILENT","items_purchased":["Omamori","Infinite Blades","Acrobatics","Prepared","Swift Potion","Toy Ornithopter","Well Laid Plans","TwistedFunnel","Noxious Fumes","OrangePellets","Noxious Fumes","Kunai","Mummified Hand","SteroidPotion","Caltrops","Block Potion","Bag of Marbles"],"campfire_rested":1,"item_purchase_floors":[2,2,2,2,2,2,12,13,13,19,21,37,39,54,54,54,54],"current_hp_per_floor":[41,41,41,41,40,40,40,40,40,15,15,15,15,15,15,9,56,52,52,46,46,46,46,46,46,46,46,46,46,46,56,56,54,75,70,70,70,69,69,69,69,69,69,69,69,69,69,69,69,65,69,77,79,79,79,79],"gold":31,"neow_bonus":"TEN_PERCENT_HP_BONUS","is_daily":false,"chose_seed":false,"campfire_upgraded":12,"win_rate":0.0,"timestamp":1609168117,"path_taken":["M","$","?","M","M","R","R","R","T","E","?","$","$","?","R","BOSS","M","$","M","$","?","R","R","R","T","E","R","$","R","E","R","BOSS","M","?","$","?","$","R","?","E","T","E","R","?","?","$","R","BOSS","BOSS","R","$","E","BOSS"],"items_purchased_type":["Relic","Card","Card","Card","Potion","Relic","Card","Relic","Card","Relic","Card","Relic","Relic","Potion","Card","Potion","Relic"],"build_version":"2020-12-22","purchased_purges":8,"victory":true,"max_hp_per_floor":[72,72,72,72,72,72,72,72,72,72,72,72,72,72,72,72,72,72,72,72,72,72,72,72,72,72,72,72,72,72,72,72,72,79,79,79,79,79,79,79,79,79,79,79,79,79,79,79,79,79,79,79,79,79,79,79],"relic_stats":{"Darkstone Periapt":0,"counters":[19,74],"HoveringKite":[42],"Tingsha":[647],"Snake Skull":[67],"Bag of Preparation":[10],"Whetstone":["Strike_G","Strike_G"],"Letter Opener":[198],"War Paint":["Survivor","Adrenaline"],"OrangePellets":[2],"Tough Bandages":[600],"Lizard Tail":0,"TheAbacus":[762],"Mummified Hand":[33],"Shuriken":[21],"Kunai":[52],"obtain_stats":[{"TwistedFunnel":13,"Darkstone Periapt":34,"Calipers":27,"HoveringKite":17,"Snake Skull":0,"Incense Burner":10,"Bag of Preparation":42,"Whetstone":9,"Tough Bandages":38,"Lizard Tail":43,"TheAbacus":54,"WristBlade":0,"Mummified Hand":39,"Strawberry":34,"WingedGreaves":5,"Red Mask":41,"Kunai":37,"Ring of the Snake":0,"Potion Belt":36,"Oddly Smooth Stone":21,"Tingsha":0,"Omamori":2,"Letter Opener":26,"Paper Crane":0,"War Paint":31,"Calling Bell":34,"OrangePellets":19,"Anchor":55,"Shuriken":55,"Bag of Marbles":54,"Membership Card":0,"Toy Ornithopter":2,"TungstenRod":34},{"TwistedFunnel":5,"Darkstone Periapt":11,"Calipers":9,"HoveringKite":6,"Snake Skull":0,"Incense Burner":4,"Bag of Preparation":14,"Whetstone":3,"Tough Bandages":13,"Lizard Tail":14,"TheAbacus":17,"WristBlade":0,"Mummified Hand":13,"Strawberry":11,"WingedGreaves":3,"Red Mask":13,"Kunai":12,"Ring of the Snake":0,"Potion Belt":12,"Oddly Smooth Stone":8,"Tingsha":0,"Omamori":1,"Letter Opener":8,"Paper Crane":0,"War Paint":10,"Calling Bell":11,"OrangePellets":7,"Anchor":18,"Shuriken":18,"Bag of Marbles":17,"Membership Card":0,"Toy Ornithopter":1,"TungstenRod":11},{"TwistedFunnel":22,"Darkstone Periapt":45,"Calipers":39,"HoveringKite":28,"Snake Skull":0,"Incense Burner":19,"Bag of Preparation":51,"Whetstone":13,"Tough Bandages":49,"Lizard Tail":51,"TheAbacus":68,"WristBlade":0,"Mummified Hand":49,"Strawberry":45,"WingedGreaves":13,"Red Mask":49,"Kunai":47,"Ring of the Snake":0,"Potion Belt":47,"Oddly Smooth Stone":35,"Tingsha":0,"Omamori":8,"Letter Opener":35,"Paper Crane":0,"War Paint":41,"Calling Bell":45,"OrangePellets":32,"Anchor":69,"Shuriken":69,"Bag of Marbles":68,"Membership Card":0,"Toy Ornithopter":8,"TungstenRod":45}],"Toy Ornithopter":20,"TungstenRod":6,"Ring of the Snake":[38]},"card_choices":[{"not_picked":["Prepared","Blade Dance"],"picked":"Backstab","floor":1},{"not_picked":["Prepared","Backstab"],"picked":"PiercingWail","floor":4},{"not_picked":["Backstab","Escape Plan"],"picked":"Underhanded Strike","floor":5},{"not_picked":["Cloak And Dagger","Escape Plan","Finisher"],"picked":"SKIP","floor":10},{"not_picked":["Deflect","Catalyst"],"picked":"All Out Attack","floor":11},{"not_picked":["Malaise","Corpse Explosion"],"picked":"Adrenaline","floor":16},{"not_picked":["PiercingWail","Cloak And Dagger","Outmaneuver"],"picked":"SKIP","floor":18},{"not_picked":["Calculated Gamble","PiercingWail"],"picked":"Reflex+1","floor":20},{"not_picked":["Prepared+1","Leg Sweep"],"picked":"Adrenaline","floor":27},{"not_picked":["Dodge and Roll","Deflect","Poisoned Stab+1"],"picked":"SKIP","floor":31},{"not_picked":["Wraith Form v2","Envenom"],"picked":"After Image","floor":33},{"not_picked":["Dagger Spray","Acrobatics","Masterful Stab"],"picked":"SKIP","floor":35},{"not_picked":["PiercingWail+1","Blade Dance","Cloak And Dagger"],"picked":"SKIP","floor":38},{"not_picked":["Endless Agony","Glass Knife","Finisher"],"picked":"SKIP","floor":42},{"not_picked":["Bane","Dagger Throw+1","Prepared"],"picked":"SKIP","floor":44},{"not_picked":["Quick Slash","Doppelganger","Bane"],"picked":"SKIP","floor":55}],"player_experience":518881,"relics_obtained":[{"floor":9,"key":"Whetstone"},{"floor":10,"key":"Incense Burner"},{"floor":26,"key":"Letter Opener"},{"floor":27,"key":"Calipers"},{"floor":31,"key":"War Paint"},{"floor":34,"key":"Strawberry"},{"floor":34,"key":"Darkstone Periapt"},{"floor":34,"key":"TungstenRod"},{"floor":42,"key":"Bag of Preparation"},{"floor":43,"key":"Lizard Tail"},{"floor":55,"key":"Anchor"}],"event_choices":[{"damage_healed":0,"gold_gain":0,"player_choice":"1 cards matched","damage_taken":0,"max_hp_gain":0,"max_hp_loss":0,"event_name":"Match and Keep!","floor":3,"gold_loss":0,"cards_obtained":["Injury"]},{"damage_healed":0,"gold_gain":0,"player_choice":"Upgraded","damage_taken":0,"max_hp_gain":0,"max_hp_loss":0,"event_name":"Upgrade Shrine","floor":14,"gold_loss":0,"cards_upgraded":["Noxious Fumes"]},{"cards_removed":["Defend_G"],"damage_healed":0,"gold_gain":0,"player_choice":"Elegance","damage_taken":0,"max_hp_gain":0,"max_hp_loss":0,"event_name":"Back to Basics","floor":22,"gold_loss":0},{"damage_healed":0,"gold_gain":0,"player_choice":"Got Potions","damage_taken":0,"max_hp_gain":0,"max_hp_loss":0,"event_name":"Lab","floor":36,"gold_loss":0},{"damage_healed":0,"gold_gain":0,"player_choice":"Paid","damage_taken":0,"relics_obtained":["Red Mask"],"max_hp_gain":0,"max_hp_loss":0,"event_name":"Tomb of Lord Red Mask","floor":41,"gold_loss":116},{"cards_removed":["Defend_G"],"damage_healed":0,"gold_gain":0,"player_choice":"Single Remove","damage_taken":0,"max_hp_gain":0,"max_hp_loss":0,"event_name":"Designer","floor":47,"gold_loss":75}],"is_beta":false,"boss_relics":[{"not_picked":["Pandora\u0027s Box","Runic Dome","Busted Crown"]},{"not_picked":["Runic Pyramid","Cursed Key"],"picked":"Calling Bell"}],"items_purged_floors":[2,12,13,19,21,37,39,48],"is_endless":false,"potions_floor_spawned":[1,4,11,18,31,38],"ascension_level":20}}