{"host":"wgmbtq7u7cgqo6r7","time":1609136844,"event":{"mods":["BaseMod","Minty Spire (QoL Compilation)","Rare Cards Sparkle","StSLib","The Jungle","everything is the same but u backflip on backflip"],"gold_per_floor":[116,133,144,157,177,177,210,135,135,85,103,103,103,103,103,207,207,225,239,257,272,272,302,302,334,334,334,361,371,384,384,384,479,479,499,499,514,131,148,148,173,173,197,197,247,264,264,275,275,275,275,275,21,51,51,51],"floor_reached":55,"playtime":2853,"items_purged":["Strike_R","Strike_R","Defend_R"],"score":872,"play_id":"9445f68b-4f2d-4258-8773-b313979aa266","local_time":"20201228012724","is_ascension_mode":true,"campfire_choices":[{"data":"Searing Blow","floor":6,"key":"SMITH"},{"data":"Searing Blow+2","floor":13,"key":"SMITH"},{"data":"Searing Blow+3","floor":15,"key":"SMITH"},{"floor":24,"key":"REST"},{"floor":27,"key":"REST"},{"floor":32,"key":"REST"},{"floor":40,"key":"DIG"},{"floor":42,"key":"REST"},{"floor":44,"key":"RECALL"},{"floor":49,"key":"REST"},{"floor":52,"key":"DIG"}],"circlet_count":0,"master_deck":["Defend_R","Bash","Flame Barrier","Searing Blow+4","Offering","Shrug It Off","Headbutt","Headbutt","Feed+1","Clash+1","Reaper","Fire Breathing+1","Blood for Blood+1","Disarm","Bludgeon+1","Power Through+1","Battle Trance+1","Evolve","Armaments+1"],"relics":["Burning Blood","NeowsBlessing","Ancient Tea Set","Letter Opener","SlaversCollar","Shovel","Kunai","Molten Egg 2","Self Forming Clay","theJungle:SpiritDisease","Philosopher\u0027s Stone","Membership Card","Orichalcum","Bag of Marbles","Sundial","Vajra","Spirit Poop","Pocketwatch","Gremlin Horn","Strawberry","Whetstone","Pen Nib"],"acts_visited":["Exordium","Exordium","TheBeyond","TheEnding"],"potions_floor_usage":[7,16,23,25,30,33,37,50,50,50],"damage_taken":[{"damage":0,"enemies":"2 Louse","floor":1,"turns":1},{"damage":0,"enemies":"Jaw Worm","floor":2,"turns":1},{"damage":0,"enemies":"Cultist","floor":3,"turns":1},{"damage":11,"enemies":"2 Fungi Beasts","floor":4,"turns":5},{"damage":7,"enemies":"3 Louse","floor":5,"turns":4},{"damage":19,"enemies":"3 Sentries","floor":7,"turns":9},{"damage":0,"enemies":"Looter","floor":11,"turns":4},{"damage":6,"enemies":"Slime Boss","floor":16,"turns":4},{"damage":8,"enemies":"Shell Parasite","floor":18,"turns":3},{"damage":5,"enemies":"theJungle:MUSHROOMGANG","floor":19,"turns":7},{"damage":15,"enemies":"theJungle:2_Snecko_Cultists","floor":20,"turns":3},{"damage":19,"enemies":"theJungle:JungleHuntersEncounter","floor":21,"turns":6},{"damage":23,"enemies":"theJungle:MamaSnecko","floor":23,"turns":4},{"damage":41,"enemies":"theJungle:2_Phrogs","floor":25,"turns":8},{"damage":6,"enemies":"theJungle:MamaSnecko","floor":28,"turns":2},{"damage":29,"enemies":"theJungle:Snecko_Cultist_And_Trap","floor":29,"turns":7},{"damage":21,"enemies":"theJungle:Lyon","floor":30,"turns":7},{"damage":7,"enemies":"theJungle:QueenSpyder","floor":33,"turns":8},{"damage":11,"enemies":"3 Shapes","floor":35,"turns":4},{"damage":31,"enemies":"3 Darklings","floor":37,"turns":6},{"damage":16,"enemies":"Jaw Worm Horde","floor":39,"turns":5},{"damage":35,"enemies":"Giant Head","floor":41,"turns":7},{"damage":6,"enemies":"Mind Bloom Boss Battle","floor":45,"turns":2},{"damage":8,"enemies":"4 Shapes","floor":46,"turns":5},{"damage":18,"enemies":"Spire Growth","floor":48,"turns":5},{"damage":44,"enemies":"Donu and Deca","floor":50,"turns":7},{"damage":28,"enemies":"Shield and Spear","floor":54,"turns":5},{"damage":106,"enemies":"The Heart","floor":55,"turns":6}],"seed_played":"8614553256339624381","potions_obtained":[{"floor":1,"key":"HeartOfIron"},{"floor":7,"key":"Swift Potion"},{"floor":11,"key":"Fire Potion"},{"floor":20,"key":"SteroidPotion"},{"floor":21,"key":"DuplicationPotion"},{"floor":23,"key":"Ancient Potion"},{"floor":28,"key":"SpeedPotion"},{"floor":30,"key":"Swift Potion"},{"floor":37,"key":"Energy Potion"},{"floor":39,"key":"Dexterity Potion"},{"floor":41,"key":"AttackPotion"}],"is_trial":false,"path_per_floor":["M","M","M","M","M","R","E","$","T","?","M","?","R","?","R","B",null,"M","M","M","M","?","E","R","E","T","R","E","M","M","?","R","B",null,"M","?","M","$","M","R","E","R","T","R","?","M","?","M","R","B",null,"R","$","E","B"],"character_chosen":"IRONCLAD","items_purchased":["Membership Card","Orichalcum","Bag of Marbles","PowerPotion","Strawberry","Whetstone","Evolve"],"campfire_rested":5,"item_purchase_floors":[38,38,38,38,53,53,53],"current_hp_per_floor":[80,80,80,75,74,74,61,61,61,61,67,67,67,67,67,67,80,81,86,80,67,57,58,84,49,49,75,78,55,40,40,67,69,92,90,90,68,68,61,61,35,65,65,65,68,69,69,57,89,61,110,110,117,98,0,0],"gold":51,"neow_bonus":"THREE_ENEMY_KILL","is_daily":false,"chose_seed":false,"campfire_upgraded":3,"win_rate":0.0,"timestamp":1609136844,"path_taken":["M","M","M","M","M","R","E","$","T","?","M","?","R","?","R","BOSS","M","?","M","M","?","E","R","E","T","R","E","M","M","?","R","BOSS","M","?","M","$","M","R","E","R","T","R","?","M","?","M","R","BOSS","R","$","E","BOSS"],"items_purchased_type":["Relic","Relic","Relic","Potion","Relic","Relic","Card"],"build_version":"2020-12-22","purchased_purges":3,"victory":false,"max_hp_per_floor":[80,80,80,80,80,80,80,80,80,80,80,80,80,80,80,80,80,83,86,89,89,89,89,89,89,89,89,92,92,92,92,92,92,92,92,92,95,95,98,98,101,101,101,101,104,107,107,107,107,110,110,110,117,117,117,117],"card_choices":[{"not_picked":["Wild Strike","Anger"],"picked":"Flame Barrier","floor":1},{"not_picked":["Iron Wave","Wild Strike"],"picked":"Searing Blow","floor":2},{"not_picked":["Sword Boomerang","Burning Pact"],"picked":"Offering","floor":3},{"not_picked":["Flex","Havoc"],"picked":"Shrug It Off","floor":4},{"not_picked":["Clothesline","Pummel"],"picked":"Headbutt","floor":5},{"not_picked":["Combust","Anger"],"picked":"Headbutt","floor":7},{"not_picked":["Heavy Blade","Burning Pact"],"picked":"Feed","floor":11},{"not_picked":["Offering","Barricade"],"picked":"Reaper","floor":16},{"not_picked":["Feel No Pain","Body Slam","Infernal Blade"],"picked":"SKIP","floor":18},{"not_picked":["Heavy Blade","Body Slam","Warcry+1"],"picked":"SKIP","floor":19},{"not_picked":["Metallicize","Pommel Strike","Warcry"],"picked":"SKIP","floor":20},{"not_picked":["Flex+1","Whirlwind","Cleave+1"],"picked":"SKIP","floor":21},{"not_picked":["Reaper","Cleave"],"picked":"Limit Break","floor":23},{"not_picked":["Anger+1","Wild Strike+1"],"picked":"Fire Breathing+1","floor":25},{"not_picked":["Seeing Red+1","Warcry+1","Sentinel+1"],"picked":"SKIP","floor":28},{"not_picked":["Sentinel","Sword Boomerang+1"],"picked":"Blood for Blood+1","floor":29},{"not_picked":["Pummel+1","Clash+1"],"picked":"Disarm","floor":30},{"not_picked":["Brutality","Corruption"],"picked":"Bludgeon+1","floor":33},{"not_picked":["Feel No Pain+1","Infernal Blade+1"],"picked":"Power Through+1","floor":35},{"not_picked":["Infernal Blade+1","Flame Barrier+1","Sword Boomerang+1"],"picked":"SKIP","floor":37},{"not_picked":["Flex","Wild Strike+1","Shrug It Off"],"picked":"SKIP","floor":39},{"not_picked":["Exhume","Headbutt+1","Dropkick+1"],"picked":"SKIP","floor":41},{"not_picked":["Havoc+1","Flex"],"picked":"Battle Trance+1","floor":46},{"not_picked":["Blood for Blood+1","Combust+1","Twin Strike+1"],"picked":"SKIP","floor":48},{"not_picked":["Havoc","Sword Boomerang+1"],"picked":"Armaments+1","floor":54}],"player_experience":111249,"relics_obtained":[{"floor":7,"key":"Ancient Tea Set"},{"floor":9,"key":"Letter Opener"},{"floor":23,"key":"Kunai"},{"floor":25,"key":"Molten Egg 2"},{"floor":28,"key":"Self Forming Clay"},{"floor":40,"key":"Sundial"},{"floor":41,"key":"Vajra"},{"floor":43,"key":"Spirit Poop"},{"floor":45,"key":"Pocketwatch"},{"floor":52,"key":"Gremlin Horn"},{"floor":54,"key":"Pen Nib"}],"event_choices":[{"cards_removed":["Strike_R"],"damage_healed":0,"gold_gain":0,"player_choice":"Card Removal","damage_taken":0,"max_hp_gain":0,"max_hp_loss":0,"event_name":"The Cleric","floor":10,"gold_loss":50},{"damage_healed":0,"gold_gain":0,"player_choice":"Grow","damage_taken":0,"max_hp_gain":0,"max_hp_loss":0,"event_name":"Living Wall","floor":12,"gold_loss":0,"cards_upgraded":["Searing Blow"]},{"damage_healed":0,"gold_gain":0,"cards_transformed":["Defend_R"],"player_choice":"Transformed","damage_taken":0,"max_hp_gain":0,"max_hp_loss":0,"event_name":"Transmorgrifier","floor":14,"gold_loss":0,"cards_obtained":["Clash"]},{"damage_healed":0,"gold_gain":0,"player_choice":"Ignored","damage_taken":0,"max_hp_gain":0,"max_hp_loss":0,"event_name":"Tomb of Lord Red Mask","floor":36,"gold_loss":0},{"damage_healed":0,"gold_gain":0,"player_choice":"Fight","damage_taken":0,"max_hp_gain":0,"max_hp_loss":0,"event_name":"MindBloom","floor":45,"gold_loss":0},{"cards_removed":["Limit Break"],"damage_healed":0,"gold_gain":0,"player_choice":"Removed Skill","damage_taken":0,"max_hp_gain":0,"max_hp_loss":0,"event_name":"Falling","floor":47,"gold_loss":0}],"is_beta":false,"boss_relics":[{"not_picked":["Cursed Key","Black Blood"],"picked":"SlaversCollar"},{"not_picked":["Fusion Hammer","Astrolabe"],"picked":"Philosopher\u0027s Stone"}],"items_purged_floors":[8,38,53],"is_endless":false,"potions_floor_spawned":[1,7,11,20,21,23,28,30,37,39,41],"killed_by":"The Heart","ascension_level":1}}