{"host":"3a1ypf1irl30q4k8","time":1609159447,"event":{"mods":["AchievementEnabler","BaseMod","Bestiary","Colored Map","Minty Spire (QoL Compilation)","Relic Stats"],"gold_per_floor":[117,32,52,7,17,17,48,48,48,48,65,65,65,79,79,157,157,171,171,171,171,171],"floor_reached":21,"playtime":884,"items_purged":[],"score":310,"play_id":"19ccbbee-5318-46d6-b3fb-c3b50ee951d3","local_time":"20201228124407","is_ascension_mode":true,"campfire_choices":[{"data":"Twin Strike","floor":6,"key":"SMITH"},{"floor":8,"key":"REST"},{"floor":10,"key":"REST"},{"data":"Inflame","floor":15,"key":"SMITH"}],"circlet_count":0,"master_deck":["AscendersBane","Strike_R","Strike_R","Strike_R","Strike_R","Strike_R","Defend_R","Defend_R","Defend_R","Bash","Inflame+1","Twin Strike+1","Dark Embrace","Dual Wield","Shrug It Off","Twin Strike","Uppercut","Evolve","Hemokinesis","Corruption","Clash","Clash"],"relics":["SlaversCollar","The Courier","Omamori","Runic Cube"],"acts_visited":["Exordium","TheCity"],"potions_floor_usage":[1,7,7,14,18],"damage_taken":[{"damage":11,"enemies":"Small Slimes","floor":1,"turns":5},{"damage":8,"enemies":"Jaw Worm","floor":3,"turns":4},{"damage":5,"enemies":"Cultist","floor":5,"turns":5},{"damage":32,"enemies":"Lagavulin","floor":7,"turns":6},{"damage":12,"enemies":"2 Fungi Beasts","floor":11,"turns":4},{"damage":12,"enemies":"Looter","floor":14,"turns":3},{"damage":58,"enemies":"Hexaghost","floor":16,"turns":10},{"damage":43,"enemies":"Shell Parasite","floor":18,"turns":6},{"damage":40,"enemies":"Spheric Guardian","floor":21,"turns":5}],"seed_played":"2842486114169234075","potions_obtained":[{"floor":1,"key":"EntropicBrew"},{"floor":7,"key":"FairyPotion"},{"floor":11,"key":"ElixirPotion"},{"floor":14,"key":"Regen Potion"}],"is_trial":false,"path_per_floor":["M","$","M","$","M","R","E","R","T","R","M","?","?","M","R","B",null,"M","?","?","M"],"character_chosen":"IRONCLAD","items_purchased":["Twin Strike","Dark Embrace","Shrug It Off"],"campfire_rested":2,"item_purchase_floors":[2,2,4],"current_hp_per_floor":[57,57,49,49,44,44,12,34,34,56,44,49,49,37,37,4,61,33,33,33,0,0],"gold":171,"neow_bonus":"BOSS_RELIC","is_daily":false,"chose_seed":false,"campfire_upgraded":2,"win_rate":0.0,"timestamp":1609159447,"path_taken":["M","$","M","$","M","R","E","R","T","R","M","?","?","?","R","BOSS","M","?","?","M"],"items_purchased_type":["Card","Card","Card"],"build_version":"2020-12-22","purchased_purges":0,"victory":false,"max_hp_per_floor":[75,75,75,75,75,75,75,75,75,75,75,80,80,80,80,80,80,80,80,80,80,80],"relic_stats":{"counters":[9,48],"obtain_stats":[{"SlaversCollar":0,"The Courier":7,"Omamori":9,"Burning Blood":0,"Runic Cube":17},{"SlaversCollar":0,"The Courier":4,"Omamori":4,"Burning Blood":0,"Runic Cube":7},{"SlaversCollar":0,"The Courier":20,"Omamori":20,"Burning Blood":0,"Runic Cube":37}],"Runic Cube":[15]},"card_choices":[{"not_picked":["Twin Strike","Sword Boomerang"],"picked":"Inflame","floor":1},{"not_picked":["Havoc","Armaments"],"picked":"Dual Wield","floor":3},{"not_picked":["Dropkick","Heavy Blade"],"picked":"Twin Strike","floor":5},{"not_picked":["Wild Strike","Heavy Blade"],"picked":"Uppercut","floor":7},{"not_picked":["Twin Strike","Second Wind"],"picked":"Evolve","floor":11},{"not_picked":["Searing Blow","Sword Boomerang"],"picked":"Hemokinesis","floor":14},{"not_picked":["Double Tap","Limit Break"],"picked":"Corruption","floor":16},{"not_picked":["Intimidate","Thunderclap"],"picked":"Clash","floor":18}],"player_experience":898829,"relics_obtained":[{"floor":7,"key":"The Courier"},{"floor":9,"key":"Omamori"}],"event_choices":[{"damage_healed":0,"gold_gain":0,"player_choice":"Donut","damage_taken":0,"max_hp_gain":5,"max_hp_loss":0,"event_name":"Big Fish","floor":12,"gold_loss":0},{"damage_healed":0,"gold_gain":0,"player_choice":"Ignored","damage_taken":0,"max_hp_gain":0,"max_hp_loss":0,"event_name":"Shining Light","floor":13,"gold_loss":0},{"cards_removed":["Defend_R"],"damage_healed":0,"gold_gain":0,"player_choice":"Elegance","damage_taken":0,"max_hp_gain":0,"max_hp_loss":0,"event_name":"Back to Basics","floor":19,"gold_loss":0},{"damage_healed":0,"gold_gain":0,"player_choice":"Copied","damage_taken":0,"max_hp_gain":0,"max_hp_loss":0,"event_name":"Duplicator","floor":20,"gold_loss":0,"cards_obtained":["Clash"]}],"is_beta":false,"boss_relics":[{"not_picked":["SacredBark","Ectoplasm"],"picked":"Runic Cube"}],"items_purged_floors":[],"is_endless":false,"potions_floor_spawned":[1,7,11,14],"killed_by":"Spheric Guardian","ascension_level":15}}