{"host":"5jasvlzwxjppxwo9","time":1609175866,"event":{"mods":["AchievementEnabler","BaseMod","Minty Spire (QoL Compilation)","StSLib"],"gold_per_floor":[110,123,198,373,392,424,440,455,455,455,38,68,79,79,79,178,178,197,216,73,73,73,105,105,204,204,237,187,187,198,198,198,198,198],"floor_reached":33,"playtime":1909,"items_purged":["Defend_B"],"score":308,"play_id":"67421ca4-6d20-4be6-9552-fa54f8744ed2","local_time":"20201228171746","is_ascension_mode":true,"campfire_choices":[{"floor":15,"key":"REST"},{"floor":24,"key":"REST"},{"floor":29,"key":"REST"},{"floor":32,"key":"REST"}],"circlet_count":0,"master_deck":["Strike_B","Strike_B","Strike_B","Strike_B","Defend_B","Defend_B","Defend_B","Zap","Dualcast","Streamline","Leap","Doubt","Sweeping Beam","Melter+1","Ball Lightning+1","Rebound+1","Good Instincts+1","Steam","HandOfGreed+1","Sunder+1","Barrage+1","Multi-Cast","Beam Cell+1","Leap","Writhe","Go for the Eyes+1","Steam","Streamline+1"],"relics":["Cracked Core","Molten Egg 2","Cables","Darkstone Periapt","Vajra","MutagenicStrength","Pen Nib","PreservedInsect","Frozen Egg 2","Juzu Bracelet"],"acts_visited":["Exordium","TheCity"],"potions_floor_usage":[6,8,13,23,27,33],"damage_taken":[{"damage":6,"enemies":"Jaw Worm","floor":1,"turns":4},{"damage":0,"enemies":"2 Louse","floor":2,"turns":2},{"damage":0,"enemies":"Small Slimes","floor":5,"turns":2},{"damage":37,"enemies":"Lagavulin","floor":6,"turns":8},{"damage":9,"enemies":"2 Fungi Beasts","floor":7,"turns":2},{"damage":8,"enemies":"3 Louse","floor":8,"turns":3},{"damage":4,"enemies":"3 Sentries","floor":12,"turns":4},{"damage":0,"enemies":"Exordium Thugs","floor":13,"turns":3},{"damage":6,"enemies":"Slime Boss","floor":16,"turns":7},{"damage":40,"enemies":"2 Thieves","floor":18,"turns":4},{"damage":12,"enemies":"Shell Parasite","floor":19,"turns":4},{"damage":56,"enemies":"Book of Stabbing","floor":23,"turns":6},{"damage":27,"enemies":"Slavers","floor":27,"turns":4},{"damage":27,"enemies":"Snake Plant","floor":30,"turns":4},{"damage":82,"enemies":"Automaton","floor":33,"turns":6}],"seed_played":"8408794245545994251","potions_obtained":[{"floor":1,"key":"SpeedPotion"},{"floor":6,"key":"Swift Potion"},{"floor":12,"key":"Ancient Potion"},{"floor":16,"key":"FairyPotion"},{"floor":19,"key":"Regen Potion"},{"floor":23,"key":"Energy Potion"},{"floor":30,"key":"LiquidMemories"}],"is_trial":false,"path_per_floor":["M","M","?","?","M","E","M","M","T","?","$","E","M","?","R","B",null,"M","M","$","?","?","E","R","?","T","E","?","R","M","?","R","B"],"character_chosen":"DEFECT","items_purchased":["Good Instincts","Steam","HandOfGreed+1","Vajra"],"campfire_rested":4,"item_purchase_floors":[11,11,11,20],"current_hp_per_floor":[76,76,65,65,65,28,19,11,11,11,11,7,7,34,58,52,82,42,30,30,30,36,26,52,52,52,25,25,51,24,24,50,0,0],"gold":198,"neow_bonus":"TEN_PERCENT_HP_BONUS","is_daily":false,"chose_seed":false,"campfire_upgraded":0,"win_rate":0.0,"timestamp":1609175866,"path_taken":["M","M","?","?","M","E","M","M","T","?","$","E","?","?","R","BOSS","M","M","$","?","?","E","R","?","T","E","?","R","M","?","R","BOSS"],"items_purchased_type":["Card","Card","Card","Relic"],"build_version":"2020-12-22","purchased_purges":1,"victory":false,"max_hp_per_floor":[82,82,82,82,82,82,82,82,82,82,82,82,82,82,82,82,82,82,82,82,82,88,88,88,88,88,88,88,88,88,88,88,88,88],"card_choices":[{"not_picked":["Chaos","FTL"],"picked":"Streamline","floor":1},{"not_picked":["Hologram","Barrage"],"picked":"Leap","floor":2},{"not_picked":["Coolheaded","Rip and Tear"],"picked":"Sweeping Beam","floor":5},{"not_picked":["Darkness","Beam Cell+1"],"picked":"Melter+1","floor":6},{"not_picked":["Coolheaded","Redo"],"picked":"Ball Lightning+1","floor":7},{"not_picked":["Rainbow","Static Discharge"],"picked":"Rebound+1","floor":8},{"not_picked":["Heatsinks","Consume"],"picked":"Sunder+1","floor":12},{"not_picked":["Beam Cell+1","Rebound+1"],"picked":"Barrage+1","floor":13},{"not_picked":["Creative AI","Reboot"],"picked":"Multi-Cast","floor":16},{"not_picked":["Turbo","Consume"],"picked":"Beam Cell+1","floor":18},{"not_picked":["Turbo","Consume+1"],"picked":"Leap","floor":19},{"not_picked":["Meteor Strike+1","Fission"],"picked":"Go for the Eyes+1","floor":23},{"not_picked":["Turbo","Recycle"],"picked":"Steam","floor":27},{"not_picked":["Beam Cell+1","Steam+1"],"picked":"Streamline+1","floor":30}],"player_experience":235959,"relics_obtained":[{"floor":6,"key":"Molten Egg 2"},{"floor":9,"key":"Cables"},{"floor":12,"key":"Darkstone Periapt"},{"floor":23,"key":"PreservedInsect"},{"floor":26,"key":"Frozen Egg 2"},{"floor":27,"key":"Juzu Bracelet"}],"event_choices":[{"damage_healed":0,"gold_gain":75,"player_choice":"Gather Gold","damage_taken":11,"max_hp_gain":0,"max_hp_loss":0,"event_name":"World of Goop","floor":3,"gold_loss":0},{"damage_healed":0,"gold_gain":175,"player_choice":"AGREE","damage_taken":0,"max_hp_gain":0,"max_hp_loss":0,"event_name":"Liars Game","floor":4,"gold_loss":0,"cards_obtained":["Doubt"]},{"damage_healed":0,"gold_gain":0,"player_choice":"Ignored","damage_taken":0,"max_hp_gain":0,"max_hp_loss":0,"event_name":"Shining Light","floor":10,"gold_loss":0},{"damage_healed":27,"gold_gain":0,"player_choice":"Banana","damage_taken":0,"max_hp_gain":0,"max_hp_loss":0,"event_name":"Big Fish","floor":14,"gold_loss":0},{"damage_healed":0,"gold_gain":0,"player_choice":"Inject Mutagens","damage_taken":0,"relics_obtained":["MutagenicStrength"],"max_hp_gain":0,"max_hp_loss":0,"event_name":"Drug Dealer","floor":21,"gold_loss":0},{"damage_healed":0,"gold_gain":0,"player_choice":"Opened","damage_taken":0,"relics_obtained":["Pen Nib"],"max_hp_gain":0,"max_hp_loss":0,"event_name":"The Mausoleum","floor":22,"gold_loss":0,"cards_obtained":["Writhe"]},{"damage_healed":0,"gold_gain":99,"player_choice":"Stole From Cult","damage_taken":0,"max_hp_gain":0,"max_hp_loss":0,"event_name":"Nest","floor":25,"gold_loss":0},{"damage_healed":0,"gold_gain":0,"player_choice":"Bet on Owner","damage_taken":0,"max_hp_gain":0,"max_hp_loss":0,"event_name":"The Joust","floor":28,"gold_loss":50},{"damage_healed":0,"gold_gain":0,"player_choice":"Forge","damage_taken":0,"max_hp_gain":0,"max_hp_loss":0,"event_name":"Accursed Blacksmith","floor":31,"gold_loss":0,"cards_upgraded":["Good Instincts"]}],"is_beta":false,"boss_relics":[{"not_picked":["FrozenCore","Runic Dome","Snecko Eye"]}],"items_purged_floors":[11],"is_endless":false,"potions_floor_spawned":[1,6,12,16,19,23,30],"killed_by":"Automaton","ascension_level":1}}