{"host":"naykp6d9ulahlwib","time":1609124561,"event":{"mods":["BaseMod","Hermit","Highlight Path","Minty Spire (QoL Compilation)","Shop Mod","StSLib"],"gold_per_floor":[115,115,40,50,50,50,77,88,88,105,105,117,129,79,79,182,182,171,188,188,199,124,124,124,138,138,156,56,56,56,66,66,170,170,182,182,209,235,265,265,278,95,95,124,0,0,348,348,348,348],"floor_reached":51,"playtime":5437,"items_purged":["hermit:Strike_Hermit","Pain"],"score":626,"play_id":"60b45785-1b1a-40f1-91ad-9e52222cbf95","local_time":"20201227210241","is_ascension_mode":false,"campfire_choices":[{"floor":6.0,"key":"REST"},{"data":"hermit:Strike_Hermit","floor":11.0,"key":"PURGE"},{"data":"hermit:Defend_Hermit","floor":15.0,"key":"PURGE"},{"data":"1","floor":23.0,"key":"LIFT"},{"data":"2","floor":29.0,"key":"LIFT"},{"floor":32.0,"key":"REST"},{"data":"3","floor":40.0,"key":"LIFT"},{"floor":46.0,"key":"REST"},{"floor":49.0,"key":"REST"}],"circlet_count":0,"master_deck":["hermit:Snapshot","hermit:Covet","hermit:BigShot","hermit:TrackingShot","hermit:FromBeyond","hermit:Coalescence","hermit:GhostlyPresence","hermit:FlashPowder","hermit:Roughhouse","CurseOfTheBell","hermit:Headshot","hermit:Malice","hermit:Dive","hermit:Deadeye","hermit:Determination","hermit:Vantage+1","hermit:Manifest+1","hermit:DeadOrAlive","hermit:NoHoldsBarred+1","hermit:EyeOfTheStorm+1","hermit:Brawl+1","hermit:EyeOfTheStorm+1","hermit:Glare","hermit:Combo+1"],"relics":["Fusion Hammer","hermit:Horseshoe","Peace Pipe","HornCleat","Calling Bell","Vajra","Shuriken","Girya","WarpedTongs","Singing Bowl","SlaversCollar","Anchor","Mummified Hand","Red Mask","Old Coin"],"acts_visited":["Exordium","TheCity","TheBeyond"],"potions_floor_usage":[50,50,50],"damage_taken":[{"damage":1.0,"enemies":"Jaw Worm","floor":1.0,"turns":3.0},{"damage":0.0,"enemies":"2 Louse","floor":4.0,"turns":3.0},{"damage":24.0,"enemies":"3 Sentries","floor":7.0,"turns":9.0},{"damage":5.0,"enemies":"Cultist","floor":8.0,"turns":4.0},{"damage":12.0,"enemies":"Blue Slaver","floor":10.0,"turns":3.0},{"damage":0.0,"enemies":"2 Fungi Beasts","floor":12.0,"turns":3.0},{"damage":0.0,"enemies":"Large Slime","floor":13.0,"turns":6.0},{"damage":9.0,"enemies":"Hexaghost","floor":16.0,"turns":11.0},{"damage":20.0,"enemies":"2 Thieves","floor":18.0,"turns":4.0},{"damage":8.0,"enemies":"Spheric Guardian","floor":19.0,"turns":4.0},{"damage":0.0,"enemies":"Chosen and Byrds","floor":21.0,"turns":5.0},{"damage":14.0,"enemies":"Sentry and Sphere","floor":25.0,"turns":6.0},{"damage":3.0,"enemies":"Snecko","floor":27.0,"turns":4.0},{"damage":0.0,"enemies":"3 Cultists","floor":31.0,"turns":4.0},{"damage":41.0,"enemies":"Collector","floor":33.0,"turns":12.0},{"damage":7.0,"enemies":"3 Darklings","floor":35.0,"turns":6.0},{"damage":0.0,"enemies":"Orb Walker","floor":37.0,"turns":3.0},{"damage":0.0,"enemies":"Spire Growth","floor":38.0,"turns":4.0},{"damage":13.0,"enemies":"Sphere and 2 Shapes","floor":39.0,"turns":6.0},{"damage":3.0,"enemies":"3 Darklings","floor":41.0,"turns":3.0},{"damage":5.0,"enemies":"Jaw Worm Horde","floor":44.0,"turns":3.0},{"damage":31.0,"enemies":"2 Orb Walkers","floor":47.0,"turns":5.0},{"damage":17,"enemies":"Awakened One","floor":50,"turns":12}],"seed_played":"449964526560957110","potions_obtained":[{"floor":4.0,"key":"Dexterity Potion"},{"floor":8.0,"key":"hermit:Eclipse"},{"floor":12.0,"key":"Weak Potion"},{"floor":16.0,"key":"Explosive Potion"},{"floor":19.0,"key":"hermit:BlackBile"},{"floor":31.0,"key":"Swift Potion"},{"floor":38.0,"key":"DistilledChaos"},{"floor":41.0,"key":"PowerPotion"}],"is_trial":false,"path_per_floor":["M","?","$","M","?","R","E","M","T","M","R","M","M","?","R","B",null,"M","M","?","M","?","R","?","M","T","M","$","R","?","M","R","B",null,"M","?","M","M","M","R","M","$","T","M","?","R","?","?","R","B",null],"character_chosen":"HERMIT","items_purchased":["Anchor","hermit:Glare"],"campfire_rested":4,"item_purchase_floors":[42,42],"current_hp_per_floor":[74,56,56,56,56,75,51,46,46,34,34,34,34,34,34,25,75,55,47,47,47,47,47,47,33,33,32,32,32,32,32,55,14,77,70,70,70,70,57,57,54,54,54,51,51,74,43,43,66,49],"gold":348,"neow_bonus":"BOSS_RELIC","is_daily":false,"chose_seed":false,"campfire_upgraded":0,"win_rate":0.0,"timestamp":1609124561,"path_taken":["M","?","$","M","?","R","E","M","T","?","R","M","M","?","R","BOSS","M","M","?","M","?","R","?","?","T","?","$","R","?","M","R","BOSS","M","?","?","M","M","R","M","$","T","M","?","R","?","?","R","BOSS"],"items_purchased_type":["Relic","Card"],"build_version":"2020-12-22","purchased_purges":2,"victory":true,"max_hp_per_floor":[75,75,75,75,75,75,75,75,75,75,75,75,75,75,75,75,75,75,75,75,75,75,75,75,75,75,77,77,77,77,77,77,77,77,77,77,77,77,77,77,77,77,77,79,79,79,79,79,79,79],"card_choices":[{"not_picked":["hermit:Manifest","hermit:Dive"],"picked":"hermit:BigShot","floor":1.0},{"not_picked":["hermit:Quickdraw","hermit:EyeOfTheStorm"],"picked":"hermit:TrackingShot","floor":4.0},{"not_picked":["hermit:BodyArmor","hermit:Quickdraw"],"picked":"hermit:FromBeyond","floor":7.0},{"not_picked":["hermit:HoleUp","hermit:Glare"],"picked":"hermit:Coalescence","floor":8.0},{"not_picked":["hermit:BodyArmor","hermit:Manifest","hermit:Spite"],"picked":"SKIP","floor":10.0},{"not_picked":["hermit:Grudge","hermit:FlashPowder"],"picked":"hermit:GhostlyPresence","floor":12.0},{"not_picked":["hermit:LowProfile","hermit:BodyArmor"],"picked":"hermit:FlashPowder","floor":13.0},{"not_picked":["hermit:HighNoon","hermit:FatalDesire"],"picked":"hermit:Roughhouse","floor":16.0},{"not_picked":["hermit:CalledShot+1","hermit:BodyArmor"],"picked":"hermit:Headshot","floor":18.0},{"not_picked":["hermit:PistolWhip","hermit:Feint"],"picked":"hermit:Malice","floor":19.0},{"not_picked":["hermit:Malice","hermit:TrackingShot+1"],"picked":"hermit:Determination","floor":21.0},{"not_picked":["hermit:TrackingShot","hermit:CalledShot"],"picked":"hermit:Vantage+1","floor":25.0},{"not_picked":["hermit:Coalescence+1","hermit:LuckOfTheDraw","hermit:GoldenBullet"],"picked":"Singing Bowl","floor":27.0},{"not_picked":["hermit:Glare","hermit:LowProfile"],"picked":"hermit:Manifest+1","floor":31.0},{"not_picked":["hermit:Purgatory","hermit:Dissolve"],"picked":"hermit:DeadOrAlive","floor":33.0},{"not_picked":["hermit:Glare","hermit:LowProfile+1"],"picked":"hermit:NoHoldsBarred+1","floor":35.0},{"not_picked":["hermit:SprayPray","hermit:PistolWhip"],"picked":"hermit:EyeOfTheStorm+1","floor":37.0},{"not_picked":["hermit:Reprieve","hermit:TrackingShot"],"picked":"hermit:Brawl+1","floor":38.0},{"not_picked":["hermit:WideOpen+1","hermit:Virtue+1"],"picked":"hermit:BigShot+1","floor":39.0},{"not_picked":["hermit:BodyArmor+1","hermit:SprayPray+1"],"picked":"hermit:EyeOfTheStorm+1","floor":41.0},{"not_picked":["hermit:Glare+1","hermit:HighCaliber+1","hermit:Shortfuse"],"picked":"Singing Bowl","floor":44.0},{"not_picked":["hermit:ItchyTrigger+1","hermit:Horror+1"],"picked":"hermit:Combo+1","floor":47.0}],"player_experience":919354,"relics_obtained":[{"floor":7.0,"key":"Peace Pipe"},{"floor":9.0,"key":"HornCleat"},{"floor":17.0,"key":"Vajra"},{"floor":17.0,"key":"Shuriken"},{"floor":17.0,"key":"Girya"},{"floor":26.0,"key":"Singing Bowl"},{"floor":43.0,"key":"Mummified Hand"},{"floor":47.0,"key":"Old Coin"}],"event_choices":[{"damage_healed":0.0,"max_hp_gain":0.0,"max_hp_loss":0.0,"gold_gain":0.0,"event_name":"Scrap Ooze","player_choice":"Success","floor":2.0,"gold_loss":0.0,"damage_taken":18.0,"relics_obtained":["hermit:Horseshoe"]},{"damage_healed":0.0,"max_hp_gain":0.0,"max_hp_loss":0.0,"gold_gain":0.0,"event_name":"NoteForYourself","player_choice":"Ignored","floor":5.0,"gold_loss":0.0,"damage_taken":0.0},{"cards_removed":["hermit:Defend_Hermit"],"damage_healed":0.0,"max_hp_gain":0.0,"max_hp_loss":0.0,"gold_gain":0.0,"event_name":"The Cleric","player_choice":"Card Removal","floor":14.0,"gold_loss":50.0,"damage_taken":0.0},{"damage_healed":0.0,"max_hp_gain":0.0,"max_hp_loss":0.0,"gold_gain":0.0,"cards_transformed":["hermit:Strike_Hermit","hermit:Defend_Hermit"],"event_name":"Drug Dealer","player_choice":"Became Test Subject","floor":20.0,"gold_loss":0.0,"damage_taken":0.0,"cards_obtained":["hermit:Dive","hermit:Deadeye"]},{"cards_removed":["hermit:Strike_Hermit"],"damage_healed":0.0,"max_hp_gain":0.0,"max_hp_loss":0.0,"gold_gain":0.0,"event_name":"Beggar","player_choice":"Gave Gold","floor":22.0,"gold_loss":75.0,"damage_taken":0.0},{"damage_healed":0.0,"max_hp_gain":0.0,"max_hp_loss":0.0,"gold_gain":0.0,"event_name":"Accursed Blacksmith","player_choice":"Rummage","floor":24.0,"gold_loss":0.0,"damage_taken":0.0,"relics_obtained":["WarpedTongs"],"cards_obtained":["Pain"]},{"cards_removed":["hermit:Defend_Hermit"],"damage_healed":0.0,"max_hp_gain":0.0,"max_hp_loss":0.0,"gold_gain":0.0,"event_name":"Back to Basics","player_choice":"Elegance","floor":30.0,"gold_loss":0.0,"damage_taken":0.0},{"damage_healed":0.0,"max_hp_gain":0.0,"max_hp_loss":0.0,"gold_gain":0.0,"event_name":"SecretPortal","player_choice":"Ignored","floor":36.0,"gold_loss":0.0,"damage_taken":0.0},{"damage_healed":0.0,"max_hp_gain":0.0,"max_hp_loss":0.0,"gold_gain":0.0,"event_name":"Tomb of Lord Red Mask","player_choice":"Paid","floor":45.0,"gold_loss":124.0,"damage_taken":0.0,"relics_obtained":["Red Mask"]},{"damage_healed":0.0,"max_hp_gain":0.0,"max_hp_loss":0.0,"gold_gain":0.0,"event_name":"Mysterious Sphere","player_choice":"Fight","floor":47.0,"gold_loss":0.0,"damage_taken":0.0},{"cards_removed":["hermit:BigShot"],"damage_healed":0.0,"max_hp_gain":0.0,"max_hp_loss":0.0,"gold_gain":0.0,"event_name":"Falling","player_choice":"Removed Power","floor":48.0,"gold_loss":0.0,"damage_taken":0.0}],"is_beta":false,"boss_relics":[{"not_picked":["hermit:BartenderGlass","hermit:DentedPlate"],"picked":"Calling Bell"},{"not_picked":["Busted Crown","Black Star"],"picked":"SlaversCollar"}],"items_purged_floors":[3,28],"is_endless":false,"potions_floor_spawned":[4,8,12,16,19,25,31,35,37,38,41],"ascension_level":0}}