{"host":"qlj7f7zro8kbedlv","time":1609148280,"event":{"mods":["2.2 Compatiblity","Astrologer","Bard","BaseMod","Better Note","BetterRewards","Colored Map","Colored Powertips","Conspire","Downfall","Energized Spire","Friendly Minions","Hermit","Highlight Path","Hubris","Infinite Spire","Jorbs\u0027s Wanderer Trilogy","Mimic Mod","Minty Spire (QoL Compilation)","Rare Cards Sparkle","Replay The Spire","StSLib","The Bladedancer","The Cursed","The Elementalist","The Runesmith"],"gold_per_floor":[116,21,38,38,52,82,82,102,136,149,149,149,149,188,188,208,208,306,306,326,326,326,85,125,125,156,156,180,180,199,231,245,262,262,378,378,421,421,468,510,7,32,47,47,47,67,103,125,125,153,153,153],"floor_reached":53,"playtime":2680,"items_purged":["Strike_R","Strike_R"],"score":1009,"play_id":"18ec22af-7c87-47c9-a15a-79fc9d95a3f9","local_time":"20201228033800","is_ascension_mode":false,"campfire_choices":[{"data":"Flex","floor":7,"key":"SMITH"},{"data":"Body Slam","floor":13,"key":"SMITH"},{"data":"Infernal Blade","floor":17,"key":"SMITH"},{"data":"Spot Weakness","floor":25,"key":"SMITH"},{"data":"Spot Weakness","floor":27,"key":"SMITH"},{"data":"Rampage","floor":29,"key":"SMITH"},{"floor":34,"key":"REST"},{"floor":44,"key":"REST"},{"data":"Barricade","floor":49,"key":"SMITH"},{"data":"Body Slam","floor":51,"key":"SMITH"}],"circlet_count":1,"master_deck":["hubris:Fate+1","Strike_R","Strike_R","Strike_R","Defend_R","Defend_R","Defend_R","Defend_R","Bash+1","Infernal Blade+1","Armaments+1","Flex+1","Body Slam+1","hubris:CleavingFinish","Flame Barrier","hubris:SharpeningStone+1","Flame Barrier","Reaper+1","Rampage+1","Dark Shackles","Battle Trance+1","Iron Wave","Replay:Undeath\u0027s Touch","Shrug It Off+1","Offering","hubris:ReadiedAction+1","Flash of Steel+1","Barricade+1","Metallicize","Body Slam+1","hubris:DuctTapeCard","Entrench+1","Heavy Blade+1"],"relics":["Burning Blood","Replay:Accelerometer","hubris:ToyBattleship","King of Hearts","ReplayTheSpireMod:DimensionalGlitch","hubris:Icosahedron","Champion Belt","hubris:SphereOfDissonance","infinitespire:CheckeredPen","Art of War","The Courier","Shuriken","infinitespire:EvilPickle","Sling","ReplayTheSpireMod:Spearhead","infinitespire:Beetle Shell","conspire:TopHat","Centennial Puzzle","Circlet","Bottled Tornado","hubris:DuctTape","Whetstone"],"acts_visited":["Exordium","TheCity","TheBeyond"],"potions_floor_usage":[8,9,14,18,18,31,35,35,48,52,52,52],"damage_taken":[{"damage":8,"enemies":"infinitespire:Voidling","floor":1,"turns":3},{"damage":5,"enemies":"Small Slimes","floor":3,"turns":3},{"damage":0,"enemies":"conspire:RoseBush","floor":5,"turns":2},{"damage":18,"enemies":"3 Sentries","floor":6,"turns":8},{"damage":11,"enemies":"3 Louse","floor":8,"turns":4},{"damage":12,"enemies":"Exordium Thugs","floor":9,"turns":11},{"damage":0,"enemies":"Exordium Thugs","floor":10,"turns":5},{"damage":14,"enemies":"conspire:MimicChest","floor":14,"turns":10},{"damage":0,"enemies":"Exordium Wildlife","floor":16,"turns":3},{"damage":43,"enemies":"Hexaghost","floor":18,"turns":11},{"damage":32,"enemies":"Chosen","floor":20,"turns":8},{"damage":3,"enemies":"2 Thieves","floor":24,"turns":5},{"damage":2,"enemies":"Replay:Snechameleon","floor":26,"turns":5},{"damage":10,"enemies":"2 Thieves","floor":30,"turns":5},{"damage":27,"enemies":"Slavers","floor":31,"turns":5},{"damage":1,"enemies":"Cultist and Chosen","floor":32,"turns":3},{"damage":19,"enemies":"Snecko","floor":33,"turns":6},{"damage":54,"enemies":"Pondfish","floor":35,"turns":10},{"damage":9,"enemies":"3 Darklings","floor":37,"turns":4},{"damage":9,"enemies":"Orb Walker","floor":39,"turns":3},{"damage":21,"enemies":"3 Darklings","floor":40,"turns":4},{"damage":29,"enemies":"R_Hoarder","floor":42,"turns":9},{"damage":11,"enemies":"Sphere and 2 Shapes","floor":43,"turns":5},{"damage":6,"enemies":"Writhing Mass","floor":46,"turns":4},{"damage":14,"enemies":"Reptomancer","floor":47,"turns":3},{"damage":0,"enemies":"Transient","floor":48,"turns":5},{"damage":9,"enemies":"Maw","floor":50,"turns":6},{"damage":25,"enemies":"Donu and Deca","floor":52,"turns":7}],"seed_played":"2519075034821032213","potions_obtained":[{"floor":3,"key":"Energy Potion"},{"floor":5,"key":"AttackPotion"},{"floor":8,"key":"EssenceOfSteel"},{"floor":14,"key":"champ:CounterPotion"},{"floor":16,"key":"SkillPotion"},{"floor":26,"key":"Strength Potion"},{"floor":30,"key":"AttackPotion"},{"floor":32,"key":"Doom Potion"},{"floor":33,"key":"SkillPotion"},{"floor":38,"key":"DistilledChaos"},{"floor":38,"key":"Languid Potion"},{"floor":39,"key":"Toxic Potion"},{"floor":47,"key":"BlessingOfTheForge"},{"floor":48,"key":"Explosive Potion"}],"is_trial":false,"path_per_floor":["M","$","M","?","M","E","R","M","MIM","M","PTL","PTL","R","?","?","M","R","B",null,"M","?","?","$","MIM","R","E","R","T","R","M","E","M","M","R","B",null,"M","?","M","M","$","E","M","R","T","M","E","M","R","M","R","B",null],"character_chosen":"IRONCLAD","items_purchased":["Armaments","Flex","Champion Belt","Rampage","Dark Shackles","Sling","ReplayTheSpireMod:Spearhead","Flash of Steel","Barricade","Metallicize","infinitespire:Beetle Shell","conspire:TopHat"],"campfire_rested":2,"item_purchase_floors":[2,2,23,23,23,41,41,41,41,41,41,41],"current_hp_per_floor":[78,78,79,79,80,68,68,63,57,63,63,63,63,55,55,61,61,24,80,51,51,51,51,67,67,74,74,74,74,68,62,64,48,72,29,80,80,80,74,71,71,50,42,66,66,66,55,58,58,63,63,54],"gold":153,"neow_bonus":"UPGRADE_CARD","is_daily":false,"chose_seed":false,"campfire_upgraded":8,"win_rate":0.0,"timestamp":1609148280,"path_taken":["M","$","?","?","M","E","R","M","MIM","M","PTL","PTL","R","?","?","?","R","BOSS","M","?","?","$","?","R","E","R","T","R","?","E","M","M","R","BOSS","M","?","M","M","$","E","M","R","T","?","E","M","R","M","R","BOSS"],"items_purchased_type":["Card","Card","Relic","Card","Card","Relic","Relic","Card","Card","Card","Relic","Relic"],"build_version":"2020-12-22","purchased_purges":2,"victory":true,"max_hp_per_floor":[80,80,80,80,80,80,80,80,80,80,80,80,80,80,80,80,80,80,80,80,80,80,80,80,80,80,80,80,80,80,80,80,80,80,80,80,80,80,80,80,80,80,80,80,80,80,80,80,80,80,80,80],"card_choices":[{"not_picked":["Run Through","ReplayTheSpireMod:Strike From Hell"],"picked":"Infernal Blade","floor":1},{"not_picked":["Rupture","Replay:Undeath\u0027s Touch"],"picked":"Body Slam","floor":3},{"not_picked":["Perfected Strike","Uppercut","Clash"],"picked":"SKIP","floor":5},{"not_picked":["Replay:Undeath\u0027s Touch","Headbutt"],"picked":"hubris:CleavingFinish","floor":6},{"not_picked":["Whirlwind","Thunderclap"],"picked":"Spot Weakness","floor":8},{"not_picked":["Clothesline","Anger"],"picked":"Flame Barrier","floor":9},{"not_picked":["Second Wind","Sword Boomerang"],"picked":"hubris:SharpeningStone","floor":10},{"not_picked":["Cleave","Anger"],"picked":"Flame Barrier","floor":14},{"not_picked":["ReplayTheSpireMod:Corrosion Curse","Corruption","ReplayTheSpireMod:Strike From Hell"],"picked":"SKIP","floor":16},{"not_picked":["conspire:HitWhereItHurts","Replay:Many Hands"],"picked":"Reaper","floor":18},{"not_picked":["Sword Boomerang","Clothesline"],"picked":"Spot Weakness","floor":20},{"not_picked":["Warcry+1","ReplayReversal+1"],"picked":"Battle Trance+1","floor":24},{"not_picked":["Life Link","ReplayTheSpireMod:Strike From Hell","True Grit"],"picked":"SKIP","floor":26},{"not_picked":["Shockwave","Replay:Undeath\u0027s Touch+1"],"picked":"Iron Wave","floor":30},{"not_picked":["Fiend Fire","Warcry+1"],"picked":"Replay:Undeath\u0027s Touch","floor":31},{"not_picked":["Whirlwind","Twin Strike"],"picked":"Shrug It Off+1","floor":32},{"not_picked":["Dropkick","Pommel Strike","Armaments"],"picked":"SKIP","floor":33},{"not_picked":["Juggernaut","Corruption"],"picked":"Offering","floor":35},{"not_picked":["Replay:Undeath\u0027s Touch+1","Iron Wave","Warcry"],"picked":"SKIP","floor":37},{"not_picked":["Shrug It Off","Twin Strike"],"picked":"hubris:ReadiedAction+1","floor":39},{"not_picked":["Anger","Run Through","Shrug It Off"],"picked":"SKIP","floor":40},{"not_picked":["Warcry+1","Berserk"],"picked":"Body Slam","floor":42},{"not_picked":["Life Link+1","hubris:SharpeningStone","Flex"],"picked":"SKIP","floor":43},{"not_picked":["Carnage","Dark Embrace"],"picked":"Entrench+1","floor":46},{"not_picked":["Double Tap","Life Link+1"],"picked":"Heavy Blade+1","floor":47},{"not_picked":["Anger","Iron Wave+1","Body Slam"],"picked":"SKIP","floor":48},{"not_picked":["Dark Embrace+1","Rage+1","Massacre"],"picked":"SKIP","floor":50}],"player_experience":105970,"relics_obtained":[{"floor":6,"key":"Replay:Accelerometer"},{"floor":9,"key":"hubris:ToyBattleship"},{"floor":14,"key":"King of Hearts"},{"floor":24,"key":"hubris:SphereOfDissonance"},{"floor":26,"key":"infinitespire:CheckeredPen"},{"floor":28,"key":"Art of War"},{"floor":31,"key":"The Courier"},{"floor":42,"key":"Centennial Puzzle"},{"floor":45,"key":"hubris:DuctTape"},{"floor":47,"key":"Whetstone"}],"event_choices":[{"damage_healed":0,"gold_gain":0,"player_choice":"Grow","damage_taken":0,"max_hp_gain":0,"max_hp_loss":0,"event_name":"Living Wall","floor":4,"gold_loss":0,"cards_upgraded":["Armaments"]},{"damage_healed":0,"gold_gain":0,"player_choice":"Forge","damage_taken":0,"max_hp_gain":0,"max_hp_loss":0,"event_name":"Accursed Blacksmith","floor":15,"gold_loss":0,"cards_upgraded":["hubris:SharpeningStone"]},{"damage_healed":0,"gold_gain":0,"player_choice":"Ignored","damage_taken":0,"max_hp_gain":0,"max_hp_loss":0,"event_name":"betterNote:BetterNote","floor":21,"gold_loss":0,"cards_obtained":["Strike_R"]},{"damage_healed":0,"gold_gain":0,"player_choice":"Got Potions","damage_taken":0,"max_hp_gain":0,"max_hp_loss":0,"event_name":"Lab","floor":38,"gold_loss":0}],"is_beta":false,"boss_relics":[{"not_picked":["Runic Dome","Ring of Chaos"],"picked":"ReplayTheSpireMod:DimensionalGlitch"},{"not_picked":["hubris:RunicObelisk","Mark of Pain","Fusion Hammer"]}],"items_purged_floors":[23,41],"is_endless":false,"potions_floor_spawned":[3,5,8,14,16,26,30,32,33,39,46,47,48],"ascension_level":0}}