{"host":"e9p60owc4sjzscoh","time":1609136917,"event":{"mods":["BaseMod","Downfall","Marisa????????","Minty Spire (QoL Compilation)","StSLib","The Animator","The Cursed","The Servant 0.9.4"],"gold_per_floor":[115,37,37,51,25,25,35,107,130,146,181,191,210,210,210,210,210],"floor_reached":16,"playtime":704,"items_purged":[],"score":102,"play_id":"82dc18b8-329c-47d4-9f99-7de1ca5cb1cc","local_time":"20201227222837","is_ascension_mode":false,"campfire_choices":[{"floor":6,"key":"RECALL"},{"floor":15,"key":"REST"}],"circlet_count":0,"master_deck":["Strike_MRS","Strike_MRS","Strike_MRS","Strike_MRS","Defend_MRS","Defend_MRS","Defend_MRS","Defend_MRS","MasterSpark","UpSweep","DoubleSpark","JA","GrandCross","NonDirectionalLaser","Acceleration","ShootingEcho","RefractionSpark"],"relics":["MiniHakkero","NeowsBlessing","Bag of Marbles"],"acts_visited":["Exordium"],"potions_floor_usage":[11,16],"damage_taken":[{"damage":0,"enemies":"Cultist","floor":1,"turns":1},{"damage":0,"enemies":"Small Slimes","floor":4,"turns":1},{"damage":0,"enemies":"2 Louse","floor":7,"turns":1},{"damage":6,"enemies":"Blue Slaver","floor":10,"turns":4},{"damage":21,"enemies":"Lagavulin","floor":11,"turns":5},{"damage":0,"enemies":"Looter","floor":12,"turns":2},{"damage":13,"enemies":"Lots of Slimes","floor":13,"turns":4},{"damage":72,"enemies":"Hexaghost","floor":16,"turns":8}],"seed_played":"-532335571981041064","potions_obtained":[{"floor":4,"key":"Fire Potion"},{"floor":12,"key":"Regen Potion"}],"is_trial":false,"path_per_floor":["M","$","T","M","$","R","M","?","T","M","E","M","M","?","R","B"],"character_chosen":"MARISA","items_purchased":["JA","NonDirectionalLaser"],"campfire_rested":1,"item_purchase_floors":[2,5],"current_hp_per_floor":[75,75,75,75,75,75,75,75,75,69,48,48,35,35,57,0,0],"gold":210,"neow_bonus":"THREE_ENEMY_KILL","is_daily":false,"chose_seed":false,"campfire_upgraded":0,"win_rate":0.0,"timestamp":1609136917,"path_taken":["M","$","?","M","$","R","M","?","T","M","E","M","M","?","R","BOSS"],"items_purchased_type":["Card","Card"],"build_version":"2020-12-22","purchased_purges":0,"victory":false,"max_hp_per_floor":[75,75,75,75,75,75,75,75,75,75,75,75,75,75,75,75,75],"card_choices":[{"not_picked":["DC","GravityBeat"],"picked":"DoubleSpark","floor":1},{"not_picked":["PropBag","GasGiant"],"picked":"GrandCross","floor":4},{"not_picked":["EnergyRecoil","FinalSpark"],"picked":"Acceleration","floor":7},{"not_picked":["Robbery","Acceleration","GravityBeat"],"picked":"SKIP","floor":10},{"not_picked":["StarlightTyphoon","EnergyFlow","MillisecondPulsars"],"picked":"SKIP","floor":11},{"not_picked":["6A","GalacticHalo"],"picked":"ShootingEcho","floor":12},{"not_picked":["ChargeUpSpray","MysteriousBeam"],"picked":"RefractionSpark","floor":13}],"player_experience":24318,"relics_obtained":[{"floor":11,"key":"Bag of Marbles"}],"event_choices":[{"damage_healed":0,"gold_gain":72,"player_choice":"Gained Gold","damage_taken":0,"max_hp_gain":0,"max_hp_loss":0,"event_name":"Golden Wing","floor":8,"gold_loss":0},{"damage_healed":0,"gold_gain":0,"player_choice":"Ignored","damage_taken":0,"max_hp_gain":0,"max_hp_loss":0,"event_name":"Liars Game","floor":14,"gold_loss":0}],"is_beta":false,"boss_relics":[],"items_purged_floors":[],"is_endless":false,"potions_floor_spawned":[4,12],"killed_by":"Hexaghost","ascension_level":0}}