{"host":"avq773cl9g5msfol","time":1609157476,"event":{"mods":["AchievementEnabler","Act Like it!","Ascension Unlocker","Aspiration","Astrologer","Bard","Bartender","BaseMod","Better Altar","Better Match","Better Note","Better Sensory Stone","Better Skull","Better Third Choice","BetterRewards","CapriCore","ChefMod","Colored Map","Colored Powertips","Conspire","Dio Mod","Downfall","Elementarium","Energized Spire","Gensokyo","GifTheSpireLib","GungeonMod","Hallownest","Hermit","Highlight Path","Hubris","Humility","Infinite Spire","Jorbs\u0027s Wanderer Trilogy","Koishi","Lobotomy","LobotomyExtend","Magitek Elite","Marisa????????","Marked Mod","Menagerie","Minty Spire (QoL Compilation)","Potionbrewer","Quarter Circle Forward PUNCH!","Rare Cards Sparkle","Reimu??????","Relic Stats","Remilia??????","Replay The Spire","SacredBarkPlus","Shade Mod","Somnambulant","Spicy Shops","StSLib","Synergy Search","The Administrix","The Blue Laboratory","The Bug Knight","The Construct","The Cursed","The Exalted","The Hayseed","The Hierophant","The Immortal","The Judge","The Marked","The Mystic","The Problem Sleuth","The Runesmith","The Senshi","The Vixen","The Wild Card","TheArtist","TheFirefly","Wandering Minibosses","vexMod"],"gold_per_floor":[121,46,46,57,57,57,77,156,180,214,226,250,275,311,323,434,446,469,481,408,420,432,444,483,508,545,587,599,1369,1398,1430,1442,1553,1565,1597,1624,1650,1662,1798,1810,1822,1834,1896,1361,1298,1310,1322,1334,1346,1358],"floor_reached":51,"playtime":4826,"items_purged":["AdministrixMod:Transition+1"],"score":985,"play_id":"198f5fd0-00d9-445e-b122-60f59bcf1c75","local_time":"20201228191116","is_ascension_mode":false,"campfire_choices":[{"data":"AdministrixMod:JustRewards","floor":6.0,"key":"SMITH"},{"data":"AdministrixMod:RedCloak","floor":11.0,"key":"SMITH"},{"data":"AdministrixMod:ChooseYourEnd","floor":15.0,"key":"SMITH"},{"data":"AdministrixMod:ImmortalPurity+1","floor":23.0,"key":"SMITH"},{"data":"AdministrixMod:ImmortalClarity+1","floor":32.0,"key":"SMITH"},{"data":"AdministrixMod:BloodBargain","floor":40,"key":"SMITH"},{"data":"AdministrixMod:ImmortalClarity+1","floor":42,"key":"SMITH"},{"data":"Gensokyo:TekeTeke","floor":49,"key":"SMITH"}],"circlet_count":0,"master_deck":["AdministrixMod:RedCloak+1","AdministrixMod:BlueCloak+1","AdministrixMod:ShadowPlay+1","AdministrixMod:ImmortalClarity+2","AdministrixMod:ImmortalClarity+2","AdministrixMod:FiendishCrimson+1","AdministrixMod:BrewingCloister+1","AdministrixMod:Transcension+1","AdministrixMod:BloodlessSapphire+1","AdministrixMod:Overdrive+1","AdministrixMod:LifeforceNet+1","AdministrixMod:NoblePath+1","AdministrixMod:FuneraryRites+1","AdministrixMod:ShadowPlay+1","AdministrixMod:Transition+1","AdministrixMod:GirlsDoItBetter+1","AdministrixMod:ImmortalPurity+2","AdministrixMod:CenturiesAscent+1","Panache+1","AdministrixMod:JustRewards+1","AdministrixMod:HarmonicReverence+1","AdministrixMod:ChooseYourEnd+1","AdministrixMod:Mastermind+1","AdministrixMod:ExtolVirtue+1","AdministrixMod:BattleforgedBonds+1","AdministrixMod:HopeInTheDark+1","AdministrixMod:CosmosControl+1","AdministrixMod:BloodBargain+1","AdministrixMod:TouchOfCinnabar+1","AdministrixMod:PassageOfAges+1","Gensokyo:TekeTeke+1","Gensokyo:LittleGreenMen","AdministrixMod:WifeLightning+1"],"relics":["AdministrixMod:ConductorRitualBaton","Golden Egg","Quantum Egg","DemoMod:WhiteGuonStone","Dead Branch","LetterFromLob","OrangePellets","PreservedInsect","MawBank","vexMod:EndlessSickness","DemoMod:LamentConfigurum","qcfpunch:Red_Headband","conspire:TopHat","Pen Nib","energizedSpire:MagnifyingGlass","InkBottle","wanderingMiniBosses:MasterThiefsPresence","DemoMod:RiddleOfLead","infinitespire:EvilPickle","Gensokyo:TheCrow","vexMod:MemoryStick"],"acts_visited":["Gensokyo:Gensokyo","TheCity","Gensokyo:Gensokyoest"],"potions_floor_usage":[36,46,51,51,51,51,51,51,51,51],"damage_taken":[{"damage":0.0,"enemies":"Gensokyo:Python","floor":1.0,"turns":1.0},{"damage":0.0,"enemies":"Gensokyo:3_Fairies","floor":4.0,"turns":3.0},{"damage":0.0,"enemies":"Gensokyo:2_Kodama","floor":7.0,"turns":2.0},{"damage":1.0,"enemies":"Gensokyo:Cirno","floor":10.0,"turns":5.0},{"damage":0.0,"enemies":"Gensokyo:Gryphon_and_Rabbit","floor":12.0,"turns":3.0},{"damage":0.0,"enemies":"Gensokyo:LivingMonolith","floor":13.0,"turns":2.0},{"damage":0.0,"enemies":"Gensokyo:Yukari","floor":16.0,"turns":7.0},{"damage":0.0,"enemies":"Chosen","floor":18.0,"turns":4.0},{"damage":17.0,"enemies":"Nightmare","floor":24.0,"turns":4.0},{"damage":18.0,"enemies":"conspire:FuzzyDice","floor":25.0,"turns":2.0},{"damage":8.0,"enemies":"HollowMod:Nosk","floor":27.0,"turns":5.0},{"damage":3.0,"enemies":"conspire:HollyBat","floor":29.0,"turns":6.0},{"damage":0.0,"enemies":"Snecko","floor":30.0,"turns":2.0},{"damage":0.0,"enemies":"Chosen and Byrds","floor":31.0,"turns":2.0},{"damage":1.0,"enemies":"Pondfish","floor":33.0,"turns":7.0},{"damage":3,"enemies":"Gensokyo:3_Bats","floor":35,"turns":2},{"damage":0,"enemies":"Gensokyo:3_Boulders","floor":36,"turns":3},{"damage":2,"enemies":"Gensokyo:Rafflesia","floor":37,"turns":3},{"damage":0,"enemies":"Gensokyo:Dusk_and_Dawn","floor":39,"turns":2},{"damage":0,"enemies":"Gensokyo:3_Boulders","floor":46,"turns":1},{"damage":12,"enemies":"Gensokyo:Yuyuko","floor":50,"turns":4},{"damage":13,"enemies":"Malkuth","floor":51,"turns":4},{"damage":31,"enemies":"Yesod","floor":51,"turns":5},{"damage":64,"enemies":"Chesed","floor":51,"turns":4}],"seed_played":"7248561709577730486","potions_obtained":[{"floor":12.0,"key":"blueLaboratory:FrostheartPotion"},{"floor":18.0,"key":"DemoMod:LeadSkinPotion"},{"floor":29.0,"key":"ZuzhouPotion:ReiMu"},{"floor":47,"key":"potionbrewer:CleansingPotion"},{"floor":47,"key":"SneckoOil"}],"is_trial":false,"path_per_floor":["M","?","?","M","?","R","M","$","T","E","R","M","M","T","R","B",null,"M","?","?","$","?","R","NM","M","T","E","AVR","M","M","M","R","B",null,"M","M","M","?","M","R","?","R","T","COS","?","M","?","?","R","B",null],"character_chosen":"TheAdministrix","items_purchased":["AdministrixMod:LifeforceNet","AdministrixMod:NoblePath","AdministrixMod:FuneraryRites","DemoMod:WhiteGuonStone","AdministrixMod:ShadowPlay","AdministrixMod:Transition","AdministrixMod:GirlsDoItBetter","Dead Branch","AdministrixMod:ImmortalPurity","AdministrixMod:CenturiesAscent","blueLaboratory:BubblePotion","DuplicationPotion","OrangePellets","AdministrixMod:HarmonicReverence"],"campfire_rested":0,"item_purchase_floors":[0,0,0,0,0,0,0,0,0,0,0,0,8,8],"current_hp_per_floor":[65,65,65,65,65,65,65,65,65,64,64,64,64,64,64,64,65,65,65,65,65,65,65,62,44,44,36,36,33,33,33,33,32,75,72,72,70,70,75,75,75,75,75,75,75,75,75,75,75,75],"gold":1370,"neow_bonus":"","is_daily":false,"chose_seed":false,"campfire_upgraded":8,"win_rate":0.0,"timestamp":1609157476,"path_taken":["M","?","?","M","?","R","M","$","T","E","R","M","M","?","R","BOSS","M","?","?","?","?","R","NM","?","T","E","AVR","M","M","M","R","BOSS","M","M","?","?","M","R","?","R","T","COS","?","?","?","?","R","BOSS"],"items_purchased_type":["Card","Card","Card","Relic","Card","Card","Card","Relic","Card","Card","Potion","Potion","Relic","Card"],"build_version":"2020-12-22","purchased_purges":1,"victory":true,"max_hp_per_floor":[65,65,65,65,65,65,65,65,65,65,65,65,65,65,65,65,65,65,65,65,65,65,65,65,65,65,65,65,65,65,65,65,65,75,75,75,75,75,75,75,75,75,75,75,75,75,75,75,75,75],"relic_stats":{"OrangePellets":[67],"counters":[78,264],"Dead Branch":[246],"PreservedInsect":87,"Pen Nib":[13],"MawBank":492,"obtain_stats":[{"DemoMod:GreenGuonStone":0,"Golden Egg":0,"infinitespire:BottledMercury":43,"vexMod:MemoryStick":43,"hubris:CrystalStatue":0,"Menagerie:HuntersKnife":5,"DemoMod:GlassGuonStoneRelic":11,"AdministrixMod:ConductorRitualBaton":0,"wanderingMiniBosses:OtherGremlinHorn":31,"vexMod:RockOfEvil":34,"DemoMod:RiddleOfLead":34,"Replay:Wanted Poster":34,"Replay:Ringing Soul":26,"conspire:GlowingRock":6,"vexMod:EndlessSickness":17,"DemoMod:MeltedRock":14,"DemoMod:LamentConfigurum":20,"qcfpunch:Red_Cyclone_Teachings":26,"vexMod:RetaliationKit":31,"Girya":9,"construct:RocketBooster":24,"Choco_Feather":8,"Dead Branch":0,"Gensokyo:TheCrow":41,"Oddly Smooth Stone":28,"wanderingMiniBosses:MasterThiefsPresence":22,"Pen Nib":27,"Guardian:PocketSentry":11,"aspiration:SeaSaltIceCream":4,"War Paint":29,"aspiration:FrozenJewel":0,"infinitespire:EvilPickle":37,"OrangePellets":42,"Bottled Flame":13,"ReplayTheSpireMod:Shallot":4,"Elementarium:ElementariumTrophy":33,"qcfpunch:Broken_Tusk":46,"Pandora\u0027s Box":0,"ReplayTheSpireMod:TigerMarble":9,"energizedSpire:MagnifyingGlass":28,"Mirror":40,"hermit:Momento":0,"Lantern":0,"StoneCalendar":40,"conspire:SpecialSausage":3,"Juzu Bracelet":0,"Hallownest:DreamNailRelic":3,"Mythril_Glove":38,"hubris:EmptyBottle":0,"Replay:Mystery Machine":13,"DemoMod:WhiteGuonStone":0,"White_Cape":0,"qcfpunch:Crimson_Sash":4,"conspire:TopHat":26,"ClockworkSouvenir":0,"DemoMod:SevenLeafClover":0,"Frozen Eye":29,"AntiCross":6,"hubris:CuriousFeather":0,"WingedGreaves":2,"DemoMod:GnawedKey":0,"qcfpunch:Cattail":44,"Cracked Core":0,"InkBottle":28,"Potion Belt":0,"Hallownest:SalubrasBlessingRelic":10,"Lee\u0027s Waffle":0,"ReplayTheSpireMod:Ninjato":3,"infinitespire:CursedDice":43,"hubris:64BitClover":9,"aspiration:RunicSpoon":0,"Quantum Egg":2,"Guardian:GemstoneGun":0,"PreservedInsect":0,"Protect_Vest":49,"aspiration:SecretTechniqueScroll":17,"infinitespire:CheckeredPen":6,"infinitespire:Lucky Rock":6,"MawBank":10,"PureWhite:ReiMu":26,"infinitespire:WardingShard":6,"vexMod:HeadHunter":0,"LetterFromLob":1,"qcfpunch:Red_Headband":24,"Membership Card":0,"DemoMod:VorpalBullet":24},{"DemoMod:GreenGuonStone":43,"Golden Egg":0,"infinitespire:BottledMercury":21,"vexMod:MemoryStick":72,"hubris:CrystalStatue":43,"Menagerie:HuntersKnife":45,"DemoMod:GlassGuonStoneRelic":4,"AdministrixMod:ConductorRitualBaton":53,"wanderingMiniBosses:OtherGremlinHorn":35,"vexMod:RockOfEvil":36,"DemoMod:RiddleOfLead":68,"Replay:Wanted Poster":17,"Replay:Ringing Soul":11,"conspire:GlowingRock":2,"vexMod:EndlessSickness":60,"DemoMod:MeltedRock":29,"DemoMod:LamentConfigurum":61,"qcfpunch:Red_Cyclone_Teachings":32,"vexMod:RetaliationKit":16,"Girya":3,"construct:RocketBooster":32,"Choco_Feather":3,"Dead Branch":53,"Gensokyo:TheCrow":72,"Oddly Smooth Stone":33,"wanderingMiniBosses:MasterThiefsPresence":10,"Pen Nib":64,"Guardian:PocketSentry":27,"aspiration:SeaSaltIceCream":25,"War Paint":14,"aspiration:FrozenJewel":43,"infinitespire:EvilPickle":71,"OrangePellets":39,"Bottled Flame":28,"ReplayTheSpireMod:Shallot":25,"Elementarium:ElementariumTrophy":36,"qcfpunch:Broken_Tusk":40,"Pandora\u0027s Box":24,"ReplayTheSpireMod:TigerMarble":26,"energizedSpire:MagnifyingGlass":64,"Mirror":39,"hermit:Momento":0,"Lantern":43,"StoneCalendar":20,"conspire:SpecialSausage":50,"Juzu Bracelet":0,"Hallownest:DreamNailRelic":1,"Mythril_Glove":19,"hubris:EmptyBottle":24,"Replay:Mystery Machine":28,"DemoMod:WhiteGuonStone":53,"White_Cape":43,"qcfpunch:Crimson_Sash":25,"conspire:TopHat":63,"ClockworkSouvenir":24,"DemoMod:SevenLeafClover":0,"Frozen Eye":13,"AntiCross":2,"hubris:CuriousFeather":24,"WingedGreaves":25,"DemoMod:GnawedKey":43,"qcfpunch:Cattail":72,"Cracked Core":43,"InkBottle":64,"Potion Belt":43,"Hallownest:SalubrasBlessingRelic":3,"Lee\u0027s Waffle":43,"ReplayTheSpireMod:Ninjato":50,"infinitespire:CursedDice":21,"hubris:64BitClover":53,"aspiration:RunicSpoon":0,"Quantum Egg":1,"Guardian:GemstoneGun":43,"PreservedInsect":24,"Protect_Vest":41,"aspiration:SecretTechniqueScroll":6,"infinitespire:CheckeredPen":26,"infinitespire:Lucky Rock":52,"MawBank":57,"PureWhite:ReiMu":11,"infinitespire:WardingShard":46,"vexMod:HeadHunter":0,"LetterFromLob":44,"qcfpunch:Red_Headband":62,"Membership Card":24,"DemoMod:VorpalBullet":11},{"DemoMod:GreenGuonStone":147,"Golden Egg":0,"infinitespire:BottledMercury":74,"vexMod:MemoryStick":236,"hubris:CrystalStatue":147,"Menagerie:HuntersKnife":152,"DemoMod:GlassGuonStoneRelic":10,"AdministrixMod:ConductorRitualBaton":171,"wanderingMiniBosses:OtherGremlinHorn":115,"vexMod:RockOfEvil":123,"DemoMod:RiddleOfLead":226,"Replay:Wanted Poster":52,"Replay:Ringing Soul":34,"conspire:GlowingRock":6,"vexMod:EndlessSickness":194,"DemoMod:MeltedRock":94,"DemoMod:LamentConfigurum":198,"qcfpunch:Red_Cyclone_Teachings":104,"vexMod:RetaliationKit":45,"Girya":9,"construct:RocketBooster":104,"Choco_Feather":9,"Dead Branch":171,"Gensokyo:TheCrow":236,"Oddly Smooth Stone":107,"wanderingMiniBosses:MasterThiefsPresence":29,"Pen Nib":209,"Guardian:PocketSentry":89,"aspiration:SeaSaltIceCream":85,"War Paint":39,"aspiration:FrozenJewel":147,"infinitespire:EvilPickle":234,"OrangePellets":127,"Bottled Flame":92,"ReplayTheSpireMod:Shallot":85,"Elementarium:ElementariumTrophy":123,"qcfpunch:Broken_Tusk":130,"Pandora\u0027s Box":83,"ReplayTheSpireMod:TigerMarble":87,"energizedSpire:MagnifyingGlass":209,"Mirror":127,"hermit:Momento":0,"Lantern":147,"StoneCalendar":71,"conspire:SpecialSausage":167,"Juzu Bracelet":0,"Hallownest:DreamNailRelic":1,"Mythril_Glove":60,"hubris:EmptyBottle":83,"Replay:Mystery Machine":92,"DemoMod:WhiteGuonStone":171,"White_Cape":147,"qcfpunch:Crimson_Sash":85,"conspire:TopHat":204,"ClockworkSouvenir":83,"DemoMod:SevenLeafClover":0,"Frozen Eye":37,"AntiCross":6,"hubris:CuriousFeather":83,"WingedGreaves":85,"DemoMod:GnawedKey":147,"qcfpunch:Cattail":236,"Cracked Core":147,"InkBottle":209,"Potion Belt":147,"Hallownest:SalubrasBlessingRelic":9,"Lee\u0027s Waffle":147,"ReplayTheSpireMod:Ninjato":167,"infinitespire:CursedDice":74,"hubris:64BitClover":171,"aspiration:RunicSpoon":0,"Quantum Egg":1,"Guardian:GemstoneGun":147,"PreservedInsect":83,"Protect_Vest":131,"aspiration:SecretTechniqueScroll":16,"infinitespire:CheckeredPen":87,"infinitespire:Lucky Rock":169,"MawBank":182,"PureWhite:ReiMu":34,"infinitespire:WardingShard":157,"vexMod:HeadHunter":0,"LetterFromLob":150,"qcfpunch:Red_Headband":202,"Membership Card":83,"DemoMod:VorpalBullet":34}],"InkBottle":[31]},"card_choices":[{"not_picked":["AdministrixMod:FuneraryRites","AdministrixMod:ShadowPlay","AdministrixMod:NewWardrobe"],"picked":"SKIP","floor":1.0},{"not_picked":["Secret Weapon+1","expansioncontent:DashGenerateEvil+1"],"picked":"Panache+1","floor":2.0},{"not_picked":["AdministrixMod:FeastOfDew","AdministrixMod:DiversionaryTactic"],"picked":"AdministrixMod:JustRewards","floor":4.0},{"not_picked":["AdministrixMod:QuietConspiracy","AdministrixMod:ImmortalGrace","AdministrixMod:Transition"],"picked":"SKIP","floor":7.0},{"not_picked":["AdministrixMod:ShadowPlay","AdministrixMod:DiversionaryTactic","AdministrixMod:QuietConspiracy"],"picked":"SKIP","floor":10.0},{"not_picked":["AdministrixMod:RisingSunPrince","AdministrixMod:SyncreticSurge"],"picked":"AdministrixMod:ChooseYourEnd","floor":12.0},{"not_picked":["AdministrixMod:Untouchable","AdministrixMod:NewWardrobe","AdministrixMod:CenturiesAscent"],"picked":"SKIP","floor":13.0},{"not_picked":["AdministrixMod:HopeInTheDark","AdministrixMod:TenDesires"],"picked":"AdministrixMod:Mastermind","floor":16.0},{"not_picked":["AdministrixMod:NewWardrobe","AdministrixMod:Transition"],"picked":"AdministrixMod:ExtolVirtue","floor":18.0},{"not_picked":["AdministrixMod:ExtolVirtue","AdministrixMod:QuietConspiracy","AdministrixMod:Transition+1"],"picked":"SKIP","floor":24.0},{"not_picked":["AdministrixMod:Transition","AdministrixMod:PlateOfAntiquity"],"picked":"AdministrixMod:BattleforgedBonds","floor":25.0},{"not_picked":["AdministrixMod:LightOfYourLife","AdministrixMod:WickedPunishment","AdministrixMod:PlateOfAntiquity+1"],"picked":"SKIP","floor":27.0},{"not_picked":["AdministrixMod:NoblePath+1","AdministrixMod:ImmortalGrace","AdministrixMod:Untouchable"],"picked":"SKIP","floor":29.0},{"not_picked":["AdministrixMod:ReachToHeaven","AdministrixMod:TrickOfTheLight"],"picked":"AdministrixMod:HopeInTheDark","floor":30.0},{"not_picked":["AdministrixMod:CrackingPangu","AdministrixMod:MixOfMercury","AdministrixMod:Overdrive"],"picked":"SKIP","floor":31.0},{"not_picked":["AdministrixMod:Mastermind","AdministrixMod:ImmortalClarity"],"picked":"AdministrixMod:CosmosControl","floor":33.0},{"not_picked":["AdministrixMod:PlateOfAntiquity+1","AdministrixMod:FuneraryRites+1"],"picked":"AdministrixMod:BloodBargain","floor":35},{"not_picked":["AdministrixMod:ImmortalGrace","AdministrixMod:Metempsychosis+1","AdministrixMod:BishamonBlessing+1"],"picked":"SKIP","floor":36},{"not_picked":["AdministrixMod:FuneraryRites","AdministrixMod:CrackingPangu"],"picked":"AdministrixMod:TouchOfCinnabar+1","floor":37},{"not_picked":["AdministrixMod:PlateOfAntiquity+1","AdministrixMod:BishamonBlessing"],"picked":"AdministrixMod:PassageOfAges+1","floor":39},{"not_picked":["AdministrixMod:LifeforceNet+1","AdministrixMod:HopeInTheDark+1"],"picked":"AdministrixMod:WifeLightning+1","floor":45}],"player_experience":1243803,"relics_obtained":[{"floor":1.0,"key":"LetterFromLob"},{"floor":9.0,"key":"PreservedInsect"},{"floor":10.0,"key":"MawBank"},{"floor":24.0,"key":"qcfpunch:Red_Headband"},{"floor":26.0,"key":"conspire:TopHat"},{"floor":27.0,"key":"Pen Nib"},{"floor":29.0,"key":"wanderingMiniBosses:MasterThiefsPresence"},{"floor":43,"key":"vexMod:MemoryStick"}],"event_choices":[{"damage_healed":0.0,"max_hp_gain":0.0,"max_hp_loss":0.0,"gold_gain":0.0,"event_name":"betterMatch:BetterMatch","player_choice":"2","floor":2.0,"gold_loss":0.0,"damage_taken":0.0,"cards_obtained":["betterMatch:ColorlessRareCard"]},{"damage_healed":0.0,"max_hp_gain":0.0,"max_hp_loss":0.0,"gold_gain":0.0,"event_name":"Addict","player_choice":"Obtained Relic","floor":20.0,"gold_loss":85.0,"damage_taken":0.0,"relics_obtained":["DemoMod:LamentConfigurum"]},{"damage_healed":0.0,"max_hp_gain":0.0,"max_hp_loss":0.0,"gold_gain":0.0,"event_name":"Upgrade Shrine","player_choice":"Upgraded","floor":22.0,"gold_loss":0.0,"damage_taken":0.0,"cards_upgraded":["AdministrixMod:BlueCloak"]},{"damage_healed":0,"gold_gain":0,"player_choice":"2","damage_taken":0,"max_hp_gain":0,"max_hp_loss":0,"event_name":"betterMatch:BetterMatch","floor":45,"gold_loss":0,"cards_obtained":["betterMatch:RareCard"]}],"is_beta":false,"boss_relics":[{"not_picked":["ChewingGum","vexMod:FluxCapacitor"],"picked":"vexMod:EndlessSickness"},{"not_picked":["Coffee Dripper","Replay:Grab Bag"],"picked":"DemoMod:RiddleOfLead"}],"items_purged_floors":[0],"is_endless":false,"potions_floor_spawned":[1,12,16,18,29,30,46],"ascension_level":0}}