{"host":"nox","time":1609161574,"event":{"mods":["Act Like it!","Aspiration","BaseMod","Better Altar","Better Match","Better Note","Better Sensory Stone","Better Skull","Better Third Choice","BetterRewards","Colored Powertips","Conspire","Energized Spire","GifTheSpireLib","Hubris","Infinite Spire","Minty Spire (QoL Compilation)","Pale of the Ancients","Quick Restart","Rare Cards Sparkle","Replay The Spire","Shop Mod","Spikes Relics","StSLib","Stuff the Spire","SuperFastMode","The Alterego","vexMod"],"gold_per_floor":[111,127,143,154,170,199,214,249,249,249,261,261,293,305,305,402,402,413,426,426,446,446,446],"floor_reached":22,"playtime":1160,"items_purged":[],"score":387,"play_id":"523e002e-2435-442c-b43a-93c37e04cfa1","local_time":"20201228201934","is_ascension_mode":true,"campfire_choices":[{"floor":10,"key":"REST"},{"floor":12,"key":"REST"},{"data":"Neutralize","floor":15,"key":"SMITH"}],"circlet_count":0,"master_deck":["Strike_G","Strike_G","Strike_G","Strike_G","Strike_G","Defend_G","Defend_G","Defend_G","Defend_G","Defend_G","Survivor","Neutralize+1","Masterful Stab","Dash","Quick Slash","Phantasmal Killer","StuffTheSpire:Shiver","Underhanded Strike","Backstab","Heel Hook","ReplayTheSpireMod:From All Sides","Blade Dance","Outmaneuver+1"],"relics":["Ring of the Snake","StuffTheSpire:DarkSteelAnvil","hubris:ToyBattleship","conspire:InfiniteJournal","infinitespire:Lychee Nut","hubris:ScarierMask","hubris:Towel","Bloody Idol"],"acts_visited":["Exordium","TheCity"],"potions_floor_usage":[8,13,13,19],"damage_taken":[{"damage":2.0,"enemies":"2 Louse","floor":1.0,"turns":5.0},{"damage":0.0,"enemies":"Small Slimes","floor":2.0,"turns":2.0},{"damage":2.0,"enemies":"conspire:RoseBush","floor":3.0,"turns":3.0},{"damage":12.0,"enemies":"Exordium Thugs","floor":4.0,"turns":5.0},{"damage":2.0,"enemies":"Large Slime","floor":5.0,"turns":6.0},{"damage":33.0,"enemies":"Lagavulin","floor":6.0,"turns":8.0},{"damage":4.0,"enemies":"Looter","floor":7.0,"turns":4.0},{"damage":12,"enemies":"3 Sentries","floor":8,"turns":4},{"damage":0,"enemies":"3 Louse","floor":11,"turns":3},{"damage":5,"enemies":"Lagavulin","floor":13,"turns":3},{"damage":0,"enemies":"Exordium Wildlife","floor":14,"turns":1},{"damage":0,"enemies":"Slime Boss","floor":16,"turns":6},{"damage":15,"enemies":"Spheric Guardian","floor":18,"turns":4},{"damage":10,"enemies":"Chosen","floor":19,"turns":5},{"damage":16,"enemies":"Centurion and Healer","floor":21,"turns":3}],"seed_played":"-607442796150726780","potions_obtained":[{"floor":2.0,"key":"Death Potion"},{"floor":7.0,"key":"SpeedPotion"},{"floor":8,"key":"BlessingOfTheForge"},{"floor":11,"key":"Fire Potion"},{"floor":13,"key":"GhostInAJar"},{"floor":14,"key":"Languid Potion"},{"floor":21,"key":"SpeedPotion"}],"is_trial":false,"path_per_floor":["M","M","M","M","M","E","M","E","T","R","M","R","E","M","R","B",null,"M","M","?","M","?"],"character_chosen":"THE_SILENT","items_purchased":[],"campfire_rested":2,"item_purchase_floors":[],"current_hp_per_floor":[68,68,66,54,52,19,15,3,3,26,26,49,44,44,44,50,55,43,39,39,28,0,0],"gold":446,"neow_bonus":"TEN_PERCENT_HP_BONUS","is_daily":false,"chose_seed":false,"campfire_upgraded":1,"win_rate":0.0,"timestamp":1609161574,"path_taken":["M","M","M","M","M","E","M","E","T","R","M","R","E","M","R","BOSS","M","M","?","M","?"],"items_purchased_type":[],"build_version":"2020-11-17","purchased_purges":0,"victory":false,"max_hp_per_floor":[77,77,77,77,77,77,77,77,77,77,77,77,57,57,57,57,57,57,57,57,57,57,57],"card_choices":[{"not_picked":["StuffTheSpire:Injection","Acrobatics"],"picked":"Masterful Stab","floor":1.0},{"not_picked":["hubris:Sniper","Toxin Wave","Blade Dance"],"picked":"SKIP","floor":2.0},{"not_picked":["Blur","Blade Dance"],"picked":"Dash","floor":3.0},{"not_picked":["StuffTheSpire:ClusterCrunch","Hidden Blade"],"picked":"Quick Slash","floor":4.0},{"not_picked":["Crippling Poison","Quick Slash"],"picked":"Phantasmal Killer","floor":5.0},{"not_picked":["Predator","Dagger Throw"],"picked":"StuffTheSpire:Shiver","floor":6.0},{"not_picked":["conspire:DoublingDagger","Bane"],"picked":"Underhanded Strike","floor":7.0},{"not_picked":["Acrobatics","Malaise"],"picked":"Backstab","floor":8},{"not_picked":["Reflex","Prepared","Dodge and Roll"],"picked":"SKIP","floor":11},{"not_picked":["Hidden Blade","Replay:Poison Smokescreen"],"picked":"Heel Hook","floor":13},{"not_picked":["hubris:SlightOfHand","Bane","Crippling Poison"],"picked":"SKIP","floor":14},{"not_picked":["Poison Darts","ReplayTheSpireMod:Necrosis"],"picked":"ReplayTheSpireMod:From All Sides","floor":16},{"not_picked":["StuffTheSpire:Python","Deflect"],"picked":"Blade Dance","floor":18},{"not_picked":["Deadly Poison","Dodge and Roll"],"picked":"Outmaneuver+1","floor":19},{"not_picked":["Prepared+1","Sneak Up","Dagger Throw"],"picked":"SKIP","floor":21}],"player_experience":272920,"relics_obtained":[{"floor":6.0,"key":"StuffTheSpire:DarkSteelAnvil"},{"floor":8,"key":"hubris:ToyBattleship"},{"floor":9,"key":"conspire:InfiniteJournal"},{"floor":13,"key":"infinitespire:Lychee Nut"}],"event_choices":[],"is_beta":true,"boss_relics":[{"not_picked":["energizedSpire:HighHeels","conspire:SlowCooker"],"picked":"hubris:ScarierMask"}],"items_purged_floors":[],"is_endless":false,"potions_floor_spawned":[2,7,8,11,13,14,16,18,21],"ascension_level":7}}