{"host":"at95bz2setwymaj7","time":1609189853,"event":{"mods":["BaseMod","Bestiary","Better Note","Better Third Choice","BetterRewards","Colored Map","Downfall","Energized Spire","Googly Eyes","Hermit","Jorbs\u0027s Wanderer Trilogy","Marisa????????","Minty Spire (QoL Compilation)","Rare Cards Sparkle","Relic Stats","Replay The Spire","Robot Space Explorer","StSLib","The Animator","The Cursed","The Dragon Tamer","The Hierophant","The Marked","The Problem Sleuth","The Runesmith","The Servant 0.9.4","Waifu the Spire"],"gold_per_floor":[111,22,42,59,59,59,59,86,99,99,124,299,309,327,327,168,168,270,270,290,290,290,4,33,33,61,36,36,36,71,71,90,15,15,112,112,132,57,57,88,98,133,133,160,160,173,173,173,184,184,198,209,209,209],"floor_reached":55,"playtime":6365,"items_purged":[],"score":649,"play_id":"f0342e0c-7292-4fc3-98b7-9058ac55bb1e","local_time":"20201228161053","is_ascension_mode":false,"campfire_choices":[{"data":"hermit:TakeAim","floor":10.0,"key":"SMITH"},{"floor":17.0,"key":"REST"},{"data":"Replay:SS_forest_2","floor":25.0,"key":"SMITH"},{"floor":29.0,"key":"REST"},{"floor":34.0,"key":"DIG"},{"data":"hermit:FatalDesire","floor":43,"key":"SMITH"},{"data":"hermit:EternalForm","floor":50,"key":"SMITH"},{"data":"hermit:DeadOrAlive","floor":53,"key":"PURGE"}],"circlet_count":0,"master_deck":["hermit:Snapshot","hermit:Snipe","hermit:Combo","hermit:Dive","hermit:Quickdraw","hermit:Grudge+1","hermit:Roulette","hermit:TakeAim+1","hermit:WideOpen","Pot Of Greed","Pot Of Greed","Doubt","hermit:Headshot","hermit:BigShot","Replay:SS_forest_2+1","hermit:FatalDesire+1","hermit:FatalDesire","hermit:FlashPowder","hermit:CalledShot","hermit:OverwhelmingPower","hermit:Horror","hermit:Reprieve","Pot Of Greed","hermit:TakeAim","hermit:BodyArmor","hermit:BodyArmor","hermit:CalledShot+1","hermit:Vantage","Pot Of Greed","hermit:HoleUp","hermit:Adapt","hermit:Vantage+1","hermit:Reprieve","hermit:Determination","hermit:Brawl","hermit:EternalForm+1","hermit:HoleUp+1","hermit:Determination+1","hermit:Cheat+1","hermit:Brawl+1"],"relics":["hermit:Momento","NeowsBlessing","Replay:Rubber Ducky","Grinning Jar","Pandora\u0027s Box","MutagenicStrength","Mummified Hand","Replay:Baseball","Durian","Bird Faced Urn","MealTicket","Philosopher\u0027s Stone","Pantograph","Toy Ornithopter","ReplayTheSpireMod:Ninjato"],"acts_visited":["Exordium","TheCity","TheBeyond"],"potions_floor_usage":[46],"damage_taken":[{"damage":0.0,"enemies":"Cultist","floor":1.0,"turns":1.0},{"damage":0.0,"enemies":"Jaw Worm","floor":3.0,"turns":1.0},{"damage":0.0,"enemies":"2 Louse","floor":4.0,"turns":1.0},{"damage":29.0,"enemies":"3 Sentries","floor":8.0,"turns":9.0},{"damage":2.0,"enemies":"Looter","floor":9.0,"turns":3.0},{"damage":0.0,"enemies":"2 Fungi Beasts","floor":13.0,"turns":3.0},{"damage":9.0,"enemies":"Large Slime","floor":14.0,"turns":8.0},{"damage":50.0,"enemies":"Slime Boss","floor":18.0,"turns":11.0},{"damage":21.0,"enemies":"Shell Parasite","floor":20.0,"turns":9.0},{"damage":9.0,"enemies":"3 Byrds","floor":24.0,"turns":7.0},{"damage":49.0,"enemies":"Slavers","floor":26.0,"turns":7.0},{"damage":0.0,"enemies":"Centurion and Healer","floor":30.0,"turns":8.0},{"damage":0.0,"enemies":"Sentry and Sphere","floor":32.0,"turns":6.0},{"damage":3.0,"enemies":"Champ","floor":35.0,"turns":13.0},{"damage":0.0,"enemies":"3 Darklings","floor":37.0,"turns":8.0},{"damage":0,"enemies":"Orb Walker","floor":40,"turns":4},{"damage":24,"enemies":"3 Darklings","floor":41,"turns":6},{"damage":6,"enemies":"Nemesis","floor":42,"turns":7},{"damage":43,"enemies":"Giant Head","floor":44,"turns":8},{"damage":19,"enemies":"Transient","floor":46,"turns":5},{"damage":47,"enemies":"Writhing Mass","floor":49,"turns":7},{"damage":30,"enemies":"Jaw Worm Horde","floor":51,"turns":6},{"damage":0,"enemies":"Maw","floor":52,"turns":6},{"damage":0,"enemies":"Replay:Hell Engine","floor":54,"turns":8}],"seed_played":"-9129493014092207251","potions_obtained":[{"floor":3.0,"key":"Toxic Potion"},{"floor":14.0,"key":"GamblersBrew"},{"floor":18.0,"key":"LifebloodPotion"},{"floor":24.0,"key":"hexamod:EctoCoolerPotion"},{"floor":32.0,"key":"Regen Potion"},{"floor":35.0,"key":"LiquidBronze"},{"floor":39,"key":"LiquidBronze"},{"floor":42,"key":"Death Potion"},{"floor":46,"key":"SteroidPotion"}],"is_trial":false,"path_per_floor":["M","$","M","M","PTL","PTL","?","E","M","R","T","?","M","M","?","$","R","B",null,"M","?","?","$","M","R","E","$","T","R","M","?","M","?","R_BF","B",null,"M","$","?","M","M","E","R","E","T","M","PTL","PTL","M","R","M","M","R_BF","B",null],"character_chosen":"HERMIT","items_purchased":["hermit:Combo","hermit:Dive","hermit:BigShot","Replay:SS_forest_2","Mummified Hand","hermit:BodyArmor","hermit:HoleUp","hermit:Determination"],"campfire_rested":2,"item_purchase_floors":[2,2,16,16,23,23,27,38],"current_hp_per_floor":[75,75,75,75,75,75,75,46,44,44,44,44,44,35,35,35,57,7,75,54,54,54,54,53,53,4,4,9,33,45,45,61,61,61,76,80,80,80,80,80,63,75,75,50,50,80,80,80,79,79,80,80,80,80],"gold":209,"neow_bonus":"THREE_ENEMY_KILL","is_daily":false,"chose_seed":false,"campfire_upgraded":4,"win_rate":0.0,"timestamp":1609189853,"path_taken":["M","?","?","M","PTL","PTL","?","E","M","R","T","?","M","M","?","$","R","BOSS","M","?","?","$","M","R","E","$","T","R","M","?","?","?","R_BF","BOSS","M","$","?","M","?","E","R","E","T","M","PTL","PTL","M","R","M","M","R_BF","BOSS"],"items_purchased_type":["Card","Card","Card","Card","Relic","Card","Card","Card"],"build_version":"2020-12-22","purchased_purges":0,"victory":true,"max_hp_per_floor":[75,75,75,75,75,75,75,75,75,75,75,75,75,75,75,75,75,75,75,75,75,75,75,75,75,75,75,80,80,80,80,80,80,80,80,80,80,80,80,80,80,80,80,80,80,80,80,80,80,80,80,80,80,80],"relic_stats":{"counters":[9,57],"Mummified Hand":[124],"Bird Faced Urn":[94],"Pantograph":0,"Pandora\u0027s Box":[],"MealTicket":0,"obtain_stats":[{"ReplayTheSpireMod:Ninjato":45,"NeowsBlessing":0,"Replay:Rubber Ducky":0,"Replay:Baseball":0,"Mummified Hand":0,"MutagenicStrength":0,"Bird Faced Urn":0,"Pantograph":42,"Pandora\u0027s Box":0,"MealTicket":0,"Philosopher\u0027s Stone":0,"Durian":0,"Grinning Jar":0,"hermit:Momento":0,"Toy Ornithopter":44},{"ReplayTheSpireMod:Ninjato":4,"NeowsBlessing":0,"Replay:Rubber Ducky":0,"Replay:Baseball":0,"Mummified Hand":0,"MutagenicStrength":0,"Bird Faced Urn":0,"Pantograph":3,"Pandora\u0027s Box":0,"MealTicket":0,"Philosopher\u0027s Stone":0,"Durian":0,"Grinning Jar":0,"hermit:Momento":0,"Toy Ornithopter":4},{"ReplayTheSpireMod:Ninjato":25,"NeowsBlessing":0,"Replay:Rubber Ducky":0,"Replay:Baseball":0,"Mummified Hand":0,"MutagenicStrength":0,"Bird Faced Urn":0,"Pantograph":17,"Pandora\u0027s Box":0,"MealTicket":0,"Philosopher\u0027s Stone":0,"Durian":0,"Grinning Jar":0,"hermit:Momento":0,"Toy Ornithopter":25}],"Toy Ornithopter":5},"card_choices":[{"not_picked":["hermit:WideOpen","hermit:TrackingShot"],"picked":"hermit:Snipe","floor":1.0},{"not_picked":["hermit:HoleUp","hermit:CalledShot"],"picked":"hermit:Quickdraw","floor":3.0},{"not_picked":["hermit:TakeCover","hermit:HighCaliber"],"picked":"hermit:Grudge","floor":4.0},{"not_picked":["hermit:Headshot","hermit:Snipe"],"picked":"hermit:TakeAim","floor":8.0},{"not_picked":["hermit:Feint","hermit:Coalescence"],"picked":"hermit:WideOpen","floor":9.0},{"not_picked":["hermit:Roulette","hermit:Desperado"],"picked":"hermit:Headshot","floor":13.0},{"not_picked":["hermit:Manifest","hermit:Gestalt"],"picked":"hermit:HighNoon","floor":14.0},{"not_picked":["hermit:HighNoon","hermit:FinalCanter"],"picked":"hermit:FatalDesire","floor":18.0},{"not_picked":["hermit:Glare+1","hermit:Manifest+1"],"picked":"hermit:TakeAim","floor":20.0},{"not_picked":["hermit:HoleUp+1","hermit:TrackingShot+1"],"picked":"hermit:CalledShot+1","floor":24.0},{"not_picked":["hermit:Showdown","hermit:FlashPowder"],"picked":"hermit:Vantage","floor":26.0},{"not_picked":["hermit:Midnight","hermit:HoleUp"],"picked":"hermit:Adapt","floor":30.0},{"not_picked":["hermit:Midnight","hermit:Snipe"],"picked":"hermit:Vantage+1","floor":32.0},{"not_picked":["hermit:FatalDesire","hermit:Purgatory"],"picked":"hermit:Reprieve","floor":35.0},{"not_picked":["hermit:HighCaliber","hermit:Gestalt","hermit:SprayPray"],"picked":"SKIP","floor":37.0},{"not_picked":["hermit:HighCaliber","hermit:Gestalt","hermit:SprayPray"],"picked":"SKIP","floor":37.0},{"not_picked":["hermit:LoneWolf","hermit:Headshot"],"picked":"hermit:Brawl","floor":40},{"not_picked":["hermit:Coalescence","hermit:Manifest"],"picked":"hermit:EternalForm","floor":41},{"not_picked":["hermit:Showdown","hermit:Feint+1"],"picked":"hermit:HoleUp+1","floor":42},{"not_picked":["hermit:PistolWhip+1","hermit:Snipe"],"picked":"hermit:Determination+1","floor":44},{"not_picked":["hermit:Snipe","hermit:Dive","hermit:TrackingShot"],"picked":"SKIP","floor":46},{"not_picked":["hermit:Manifest+1","hermit:Deadeye"],"picked":"hermit:Cheat+1","floor":49},{"not_picked":["hermit:LowProfile+1","hermit:Ricochet+1"],"picked":"hermit:Brawl+1","floor":51},{"not_picked":["hermit:HighCaliber","hermit:Snipe","hermit:Shortfuse+1"],"picked":"SKIP","floor":52}],"player_experience":334032,"relics_obtained":[{"floor":8.0,"key":"Replay:Rubber Ducky"},{"floor":11.0,"key":"Grinning Jar"},{"floor":26.0,"key":"Replay:Baseball"},{"floor":28.0,"key":"Durian"},{"floor":34.0,"key":"MealTicket"},{"floor":42,"key":"Pantograph"},{"floor":44,"key":"Toy Ornithopter"},{"floor":45,"key":"ReplayTheSpireMod:Ninjato"}],"event_choices":[{"damage_healed":0.0,"max_hp_gain":0.0,"max_hp_loss":0.0,"gold_gain":0.0,"cards_transformed":["hermit:Covet"],"event_name":"Living Wall","player_choice":"Change","floor":7.0,"gold_loss":0.0,"damage_taken":0.0,"cards_obtained":["hermit:Roulette"]},{"damage_healed":0.0,"max_hp_gain":0.0,"max_hp_loss":0.0,"gold_gain":175.0,"event_name":"Liars Game","player_choice":"AGREE","floor":12.0,"gold_loss":0.0,"damage_taken":0.0,"cards_obtained":["Doubt"]},{"damage_healed":0.0,"max_hp_gain":0.0,"max_hp_loss":0.0,"gold_gain":0.0,"event_name":"Drug Dealer","player_choice":"Inject Mutagens","floor":21.0,"gold_loss":0.0,"damage_taken":0.0,"relics_obtained":["MutagenicStrength"]},{"cards_removed":["hermit:Showdown"],"damage_healed":0.0,"max_hp_gain":0.0,"max_hp_loss":0.0,"gold_gain":0.0,"event_name":"Back to Basics","player_choice":"Elegance","floor":22.0,"gold_loss":0.0,"damage_taken":0.0},{"damage_healed":0.0,"max_hp_gain":0.0,"max_hp_loss":0.0,"gold_gain":0.0,"event_name":"WeMeetAgain","player_choice":"Gave Potion","floor":31.0,"gold_loss":0.0,"damage_taken":0.0,"relics_obtained":["Bird Faced Urn"]},{"cards_removed":["hermit:HighNoon"],"damage_healed":0.0,"max_hp_gain":0.0,"max_hp_loss":0.0,"gold_gain":0.0,"event_name":"Beggar","player_choice":"Gave Gold","floor":33.0,"gold_loss":75.0,"damage_taken":0.0},{"damage_healed":0,"gold_gain":0,"player_choice":"Got Potions","damage_taken":0,"max_hp_gain":0,"max_hp_loss":0,"event_name":"Lab","floor":39,"gold_loss":0}],"is_beta":false,"boss_relics":[{"not_picked":["hermit:DentedPlate","Kintsugi"],"picked":"Pandora\u0027s Box"},{"not_picked":["Empty Cage","Replay:Wanted Poster"],"picked":"Philosopher\u0027s Stone"}],"items_purged_floors":[],"is_endless":false,"potions_floor_spawned":[3,14,18,24,32,35,40,42,46],"ascension_level":0}}