{"host":"873t0y8ybyo38pfq","time":1609181679,"event":{"mods":["BaseMod","Bestiary","Colored Map","Colored Powertips","Highlight Path","Minty Spire (QoL Compilation)","Quick Restart","RNG Fix","Rare Cards Sparkle","Relic Stats","StSLib"],"gold_per_floor":[110,185,201,220,30,30,61,336,412,431,431,431,464,464,464,562,562,580,505,420,420,393,393,393,393],"floor_reached":24,"playtime":481,"items_purged":[],"score":453,"play_id":"1f072640-97d8-4abe-a45c-706c84536f2c","local_time":"20201228135439","is_ascension_mode":true,"campfire_choices":[{"data":"Blade Dance","floor":6,"key":"SMITH"},{"floor":12,"key":"REST"},{"data":"Noxious Fumes","floor":15,"key":"SMITH"},{"data":"Infinite Blades","floor":23,"key":"SMITH"}],"circlet_count":0,"master_deck":["AscendersBane","Strike_G","Strike_G","Defend_G","Defend_G","Defend_G","Defend_G","Defend_G","Survivor","Neutralize","Quick Slash","Quick Slash","Noxious Fumes+1","PiercingWail","Blade Dance+1","Corpse Explosion","Escape Plan","Venomology","Infinite Blades+1","Infinite Blades+1"],"relics":["Ring of the Snake","Bag of Marbles","Kunai","Mercury Hourglass","Spirit Poop","White Beast Statue","Bloody Idol","Empty Cage","Oddly Smooth Stone"],"acts_visited":["Exordium","TheCity"],"potions_floor_usage":[7,10,13,18,18,22,22,22,22,23,24],"damage_taken":[{"damage":1,"enemies":"Jaw Worm","floor":1,"turns":4},{"damage":0,"enemies":"2 Louse","floor":3,"turns":3},{"damage":12,"enemies":"Small Slimes","floor":4,"turns":4},{"damage":8,"enemies":"Gremlin Nob","floor":7,"turns":3},{"damage":7,"enemies":"Gremlin Gang","floor":10,"turns":2},{"damage":0,"enemies":"3 Sentries","floor":13,"turns":2},{"damage":32,"enemies":"Hexaghost","floor":16,"turns":9},{"damage":0,"enemies":"Spheric Guardian","floor":18,"turns":1},{"damage":0,"enemies":"2 Thieves","floor":22,"turns":4},{"damage":33,"enemies":"Slavers","floor":24,"turns":4}],"seed_played":"3281165440778290709","potions_obtained":[{"floor":1,"key":"CunningPotion"},{"floor":4,"key":"BlessingOfTheForge"},{"floor":7,"key":"Poison Potion"},{"floor":16,"key":"Energy Potion"},{"floor":18,"key":"Dexterity Potion"},{"floor":22,"key":"Fruit Juice"}],"is_trial":false,"path_per_floor":["M","?","M","M","$","R","E","?","T","M","?","R","E","?","R","B",null,"M","?","?","?","M","R","E"],"character_chosen":"THE_SILENT","items_purchased":["Blade Dance","Bag of Marbles"],"campfire_rested":1,"item_purchase_floors":[5,5],"current_hp_per_floor":[58,47,47,35,35,35,27,27,27,20,20,39,39,39,39,7,47,47,47,47,47,57,62,29,29],"gold":393,"neow_bonus":"THREE_CARDS","is_daily":false,"chose_seed":false,"campfire_upgraded":3,"win_rate":0.0,"timestamp":1609181679,"path_taken":["M","?","M","M","$","R","E","?","T","?","?","R","E","?","R","BOSS","M","?","?","?","M","R","E"],"items_purchased_type":["Card","Relic"],"build_version":"2020-12-22","purchased_purges":0,"victory":false,"max_hp_per_floor":[66,66,66,66,66,66,66,66,66,66,66,66,66,60,60,60,60,60,60,60,60,60,65,65,65],"relic_stats":{"counters":[10,36],"Bloody Idol":10,"Kunai":[15],"obtain_stats":[{"Golden Idol":14,"Bloody Idol":21,"Spirit Poop":11,"Oddly Smooth Stone":20,"Bag of Marbles":5,"Kunai":7,"Empty Cage":17,"White Beast Statue":13,"Ring of the Snake":0,"Mercury Hourglass":9},{"Golden Idol":6,"Bloody Idol":8,"Spirit Poop":5,"Oddly Smooth Stone":8,"Bag of Marbles":3,"Kunai":4,"Empty Cage":7,"White Beast Statue":6,"Ring of the Snake":0,"Mercury Hourglass":4},{"Golden Idol":18,"Bloody Idol":28,"Spirit Poop":16,"Oddly Smooth Stone":28,"Bag of Marbles":11,"Kunai":14,"Empty Cage":27,"White Beast Statue":18,"Ring of the Snake":0,"Mercury Hourglass":14}],"Ring of the Snake":[20],"Mercury Hourglass":[111]},"card_choices":[{"not_picked":["Deflect","Backflip"],"picked":"Quick Slash","floor":0},{"not_picked":["Deflect","PiercingWail"],"picked":"Quick Slash","floor":1},{"not_picked":["Setup","All Out Attack"],"picked":"Noxious Fumes","floor":3},{"not_picked":["Cloak And Dagger","Reflex"],"picked":"PiercingWail","floor":4},{"not_picked":["Poisoned Stab","Tactician","Eviscerate"],"picked":"SKIP","floor":7},{"not_picked":["Flying Knee","Cloak And Dagger"],"picked":"Corpse Explosion","floor":10},{"not_picked":["Choke","Flying Knee"],"picked":"Escape Plan","floor":13},{"not_picked":["Grand Finale","Corpse Explosion"],"picked":"Venomology","floor":16},{"not_picked":["Bane","Sucker Punch"],"picked":"Infinite Blades","floor":18},{"not_picked":["Bane","Blade Dance"],"picked":"Infinite Blades+1","floor":22}],"player_experience":1380572,"relics_obtained":[{"floor":7,"key":"Kunai"},{"floor":9,"key":"Mercury Hourglass"},{"floor":13,"key":"White Beast Statue"}],"event_choices":[{"damage_healed":0,"gold_gain":75,"player_choice":"Gather Gold","damage_taken":11,"max_hp_gain":0,"max_hp_loss":0,"event_name":"World of Goop","floor":2,"gold_loss":0},{"damage_healed":0,"gold_gain":275,"player_choice":"Desecrate","damage_taken":0,"max_hp_gain":0,"max_hp_loss":0,"event_name":"Golden Shrine","floor":8,"gold_loss":0,"cards_obtained":["Regret"]},{"cards_removed":["Regret"],"damage_healed":0,"gold_gain":0,"player_choice":"Offered Curse","damage_taken":0,"relics_obtained":["Spirit Poop"],"max_hp_gain":0,"max_hp_loss":0,"event_name":"Bonfire Elementals","floor":11,"gold_loss":0},{"damage_healed":0,"gold_gain":0,"player_choice":"Lose Max HP","damage_taken":0,"relics_obtained":["Golden Idol"],"max_hp_gain":0,"max_hp_loss":6,"event_name":"Golden Idol","floor":14,"gold_loss":0},{"cards_removed":["Strike_G"],"damage_healed":0,"gold_gain":0,"player_choice":"Gave Gold","damage_taken":0,"max_hp_gain":0,"max_hp_loss":0,"event_name":"Beggar","floor":19,"gold_loss":75},{"damage_healed":0,"gold_gain":0,"player_choice":"Obtained Relic","damage_taken":0,"relics_obtained":["Oddly Smooth Stone"],"max_hp_gain":0,"max_hp_loss":0,"event_name":"Addict","floor":20,"gold_loss":85},{"damage_healed":0,"gold_gain":0,"player_choice":"Gave Idol","damage_taken":0,"relics_obtained":["Bloody Idol"],"max_hp_gain":0,"max_hp_loss":0,"event_name":"Forgotten Altar","floor":21,"relics_lost":["Golden Idol"],"gold_loss":0}],"is_beta":false,"boss_relics":[{"not_picked":["Busted Crown","Snecko Eye"],"picked":"Empty Cage"}],"items_purged_floors":[],"is_endless":false,"potions_floor_spawned":[1,4,7,16,18,22],"killed_by":"Slavers","ascension_level":20}}