{"host":"7mrmd33mpx7q5wx9","time":1609146973,"event":{"mods":["AchievementEnabler","BaseMod","BetterRewards","Colored Map","Defuse TimeMaze Blight","Minty Spire (QoL Compilation)","Permanent Neow","Quick Restart","StSLib"],"gold_per_floor":[111,111,111,125,75,103,103,130,130,149,159,159,185,185,185,288,288,299,314,331,430,443,474,491,518,518,544,78,78,26,26,26,122,122,132,132,32,52,52,87,87,97,97,125,125,54,73,73,73,73,73,73,73,102,102],"floor_reached":56,"playtime":6779,"items_purged":["Weave","Pray+1"],"score":1800,"play_id":"a42d8328-cc08-4171-b8ea-51caf23ae753","local_time":"20201228031613","is_ascension_mode":true,"campfire_choices":[{"data":"FlurryOfBlows","floor":7,"key":"SMITH"},{"data":"Protect","floor":12,"key":"SMITH"},{"data":"Vault","floor":15,"key":"SMITH"},{"data":"BattleHymn","floor":29,"key":"SMITH"},{"data":"FlurryOfBlows","floor":32,"key":"SMITH"},{"data":"Tantrum","floor":41,"key":"SMITH"},{"floor":45,"key":"RECALL"},{"data":"FearNoEvil","floor":49,"key":"SMITH"},{"data":"LessonLearned","floor":52,"key":"SMITH"}],"circlet_count":0,"master_deck":["Eruption+1","Vigilance+1","BattleHymn+1","FlurryOfBlows+1","Tantrum+1","Protect+1","SashWhip+1","FearNoEvil+1","Vault+1","LessonLearned+1","Protect+1","Wish+1","Crescendo+1","PathToVictory+1","ClearTheMind+1","MentalFortress+1","EmptyMind+1","FlurryOfBlows+1","Wallop+1","Eruption+1","WheelKick+1","Wireheading+1","TalkToTheHand+1","TalkToTheHand+1","Omniscience+1"],"relics":["PureWater","Sling","Ice Cream","Nunchaku","White Beast Statue","Vajra","Juzu Bracelet","Darkstone Periapt","Toxic Egg 2","Pandora\u0027s Box","Bronze Scales","Art of War","Eternal Feather","Red Mask","Molten Egg 2","Sozu","Mummified Hand","Pocketwatch","Boot","HornCleat","Pen Nib"],"acts_visited":["Exordium","TheCity","TheBeyond","TheEnding"],"potions_floor_usage":[11,18,23,24,24,27,27,33,44,50,55],"damage_taken":[{"damage":1,"enemies":"Jaw Worm","floor":1,"turns":5},{"damage":9,"enemies":"Small Slimes","floor":4,"turns":3},{"damage":0,"enemies":"Lagavulin","floor":6,"turns":3},{"damage":0,"enemies":"3 Sentries","floor":8,"turns":2},{"damage":0,"enemies":"Cultist","floor":10,"turns":1},{"damage":0,"enemies":"Exordium Wildlife","floor":11,"turns":1},{"damage":0,"enemies":"Gremlin Nob","floor":13,"turns":2},{"damage":0,"enemies":"Slime Boss","floor":16,"turns":3},{"damage":0,"enemies":"3 Byrds","floor":18,"turns":4},{"damage":0,"enemies":"Shell Parasite","floor":19,"turns":3},{"damage":8,"enemies":"Snake Plant","floor":20,"turns":3},{"damage":0,"enemies":"Centurion and Healer","floor":22,"turns":3},{"damage":35,"enemies":"Slavers","floor":23,"turns":3},{"damage":0,"enemies":"Snecko","floor":24,"turns":4},{"damage":0,"enemies":"Gremlin Leader","floor":25,"turns":3},{"damage":4,"enemies":"Masked Bandits","floor":27,"turns":4},{"damage":18,"enemies":"Champ","floor":33,"turns":5},{"damage":0,"enemies":"3 Darklings","floor":35,"turns":3},{"damage":15,"enemies":"3 Shapes","floor":38,"turns":3},{"damage":0,"enemies":"Giant Head","floor":40,"turns":5},{"damage":22,"enemies":"Maw","floor":42,"turns":4},{"damage":1,"enemies":"Reptomancer","floor":44,"turns":3},{"damage":6,"enemies":"Sphere and 2 Shapes","floor":47,"turns":4},{"damage":8,"enemies":"Donu and Deca","floor":50,"turns":6},{"damage":0,"enemies":"Shield and Spear","floor":54,"turns":3},{"damage":26,"enemies":"The Heart","floor":55,"turns":7}],"seed_played":"-9089613751111500874","potions_obtained":[{"floor":1,"key":"SkillPotion"},{"floor":8,"key":"FearPotion"},{"floor":10,"key":"Fruit Juice"},{"floor":11,"key":"Fire Potion"},{"floor":19,"key":"DistilledChaos"},{"floor":20,"key":"BottledMiracle"},{"floor":22,"key":"CultistPotion"},{"floor":24,"key":"AttackPotion"},{"floor":25,"key":"ColorlessPotion"},{"floor":27,"key":"SpeedPotion"},{"floor":33,"key":"FearPotion"}],"is_trial":false,"path_per_floor":["M","?","?","M","?","E","R","E","T","M","M","R","E","T","R","B",null,"M","M","M","?","M","E","M","E","T","?","$","R","$","?","R","B",null,"M","?","$","M","T","E","R","M","T","E","R","$","M","T","R","B",null,"R","$","E","B",null],"character_chosen":"WATCHER","items_purchased":["Sling","Nunchaku","Wallop","Molten Egg 2","FearPotion","BottledMiracle","TalkToTheHand+1"],"campfire_rested":0,"item_purchase_floors":[0,0,28,28,28,30,46],"current_hp_per_floor":[57,50,50,41,41,41,41,41,41,41,41,41,41,41,41,41,72,77,77,69,69,69,34,34,34,34,30,30,42,42,42,54,36,77,77,87,87,72,72,72,84,62,62,61,73,73,67,67,79,71,87,87,87,87,61],"gold":102,"neow_bonus":"","is_daily":false,"chose_seed":false,"campfire_upgraded":8,"win_rate":0.0,"timestamp":1609146973,"path_taken":["M","?","?","?","?","E","R","E","T","M","M","R","E","?","R","BOSS","M","M","M","?","M","E","M","E","T","?","$","R","?","?","R","BOSS","M","?","$","M","?","E","R","M","T","E","R","?","M","?","R","BOSS","R","$","E","BOSS"],"items_purchased_type":["Relic","Relic","Card","Relic","Potion","Potion","Card"],"build_version":"2020-12-22","purchased_purges":2,"victory":true,"max_hp_per_floor":[72,72,72,72,72,72,72,72,72,72,72,72,72,72,72,72,72,77,77,77,77,77,77,77,77,77,77,77,77,77,77,77,77,77,77,87,87,87,87,87,87,87,87,87,87,87,87,87,87,87,87,87,87,87,87],"card_choices":[{"not_picked":["Conclude","Halt"],"picked":"BattleHymn","floor":1},{"not_picked":["ThirdEye","ClearTheMind"],"picked":"FlurryOfBlows","floor":4},{"not_picked":["WaveOfTheHand","FollowUp"],"picked":"Tantrum","floor":6},{"not_picked":["FollowUp","Wish"],"picked":"Protect","floor":8},{"not_picked":["Adaptation","Collect"],"picked":"SashWhip","floor":10},{"not_picked":["Evaluate","BowlingBash"],"picked":"FearNoEvil","floor":11},{"not_picked":["ReachHeaven","Halt"],"picked":"Vault","floor":13},{"not_picked":["Wish+1","MasterReality"],"picked":"LessonLearned","floor":16},{"not_picked":["Crescendo+1","CrushJoints","Prostrate+1"],"picked":"SKIP","floor":18},{"not_picked":["Worship+1","Collect+1"],"picked":"Pray+1","floor":19},{"not_picked":["WindmillStrike","PathToVictory+1"],"picked":"ClearTheMind+1","floor":20},{"not_picked":["WindmillStrike","CutThroughFate"],"picked":"MentalFortress+1","floor":22},{"not_picked":["PathToVictory+1","CutThroughFate+1"],"picked":"EmptyMind+1","floor":23},{"not_picked":["JustLucky","Study","SashWhip"],"picked":"SKIP","floor":24},{"not_picked":["DevaForm","JustLucky"],"picked":"FlurryOfBlows","floor":25},{"not_picked":["CarveReality+1","Study+1","PathToVictory+1"],"picked":"SKIP","floor":35},{"not_picked":["PathToVictory+1","FlyingSleeves+1"],"picked":"WheelKick+1","floor":38},{"not_picked":["EmptyBody+1","SignatureMove+1"],"picked":"Wireheading+1","floor":40},{"not_picked":["ReachHeaven+1","MentalFortress+1"],"picked":"TalkToTheHand+1","floor":42},{"not_picked":["ThirdEye+1","EmptyFist+1","PathToVictory+1"],"picked":"SKIP","floor":44},{"not_picked":["ClearTheMind+1","FlurryOfBlows+1","FollowUp+1"],"picked":"SKIP","floor":47},{"not_picked":["ThirdEye+1","BattleHymn"],"picked":"Omniscience+1","floor":54}],"player_experience":357221,"relics_obtained":[{"floor":6,"key":"White Beast Statue"},{"floor":8,"key":"Vajra"},{"floor":9,"key":"Juzu Bracelet"},{"floor":13,"key":"Darkstone Periapt"},{"floor":14,"key":"Toxic Egg 2"},{"floor":23,"key":"Bronze Scales"},{"floor":25,"key":"Art of War"},{"floor":26,"key":"Eternal Feather"},{"floor":27,"key":"Red Mask"},{"floor":39,"key":"Mummified Hand"},{"floor":40,"key":"Pocketwatch"},{"floor":44,"key":"Boot"},{"floor":48,"key":"HornCleat"},{"floor":54,"key":"Pen Nib"}],"event_choices":[{"cards_removed":["Strike_P"],"damage_healed":0,"gold_gain":0,"player_choice":"Card Removal","damage_taken":7,"max_hp_gain":0,"max_hp_loss":0,"event_name":"Golden Wing","floor":2,"gold_loss":0},{"damage_healed":0,"gold_gain":0,"player_choice":"Upgraded","damage_taken":0,"max_hp_gain":0,"max_hp_loss":0,"event_name":"Upgrade Shrine","floor":3,"gold_loss":0,"cards_upgraded":["Eruption"]},{"cards_removed":["Defend_P"],"damage_healed":0,"gold_gain":0,"player_choice":"Card Removal","damage_taken":0,"max_hp_gain":0,"max_hp_loss":0,"event_name":"The Cleric","floor":5,"gold_loss":50},{"damage_healed":0,"gold_gain":99,"player_choice":"Stole From Cult","damage_taken":0,"max_hp_gain":0,"max_hp_loss":0,"event_name":"Nest","floor":21,"gold_loss":0},{"damage_healed":0,"gold_gain":0,"player_choice":"Fought Bandits","damage_taken":0,"max_hp_gain":0,"max_hp_loss":0,"event_name":"Masked Bandits","floor":27,"gold_loss":0},{"damage_healed":0,"gold_gain":0,"player_choice":"1 cards matched","damage_taken":0,"max_hp_gain":0,"max_hp_loss":0,"event_name":"Match and Keep!","floor":31,"gold_loss":0,"cards_obtained":["Eruption"]},{"cards_removed":["Ragnarok"],"damage_healed":0,"gold_gain":0,"player_choice":"Offered Rare","damage_taken":0,"max_hp_gain":10,"max_hp_loss":0,"event_name":"Bonfire Elementals","floor":36,"gold_loss":0}],"is_beta":false,"boss_relics":[{"not_picked":["Tiny House","Philosopher\u0027s Stone"],"picked":"Pandora\u0027s Box"},{"not_picked":["Empty Cage","Runic Pyramid"],"picked":"Sozu"}],"items_purged_floors":[28,37],"is_endless":false,"potions_floor_spawned":[1,8,10,11,13,16,18,19,20,22,23,24,25,27,33,35,38,40,42,44,47,54],"ascension_level":2}}