{"host":"n4oa921u88t6jog9","time":1609132674,"event":{"mods":["AchievementEnabler","BaseMod","DeckTracker","Keyboard Shortcuts","Minty Spire (QoL Compilation)","Quick Restart","StSLib","SuperFastMode"],"gold_per_floor":[111,130,143,161,173,173,173,173,173,173,205,233,94,141,141,141,141],"floor_reached":16,"playtime":636,"items_purged":["Strike_G"],"score":182,"play_id":"2f3a5d37-efb5-408d-a218-adc2b4dfd30b","local_time":"20201228141754","is_ascension_mode":true,"campfire_choices":[{"data":"Footwork","floor":6,"key":"SMITH"},{"data":"Crippling Poison","floor":8,"key":"SMITH"},{"data":"Noxious Fumes","floor":10,"key":"SMITH"},{"floor":15,"key":"REST"}],"circlet_count":0,"master_deck":["AscendersBane","Strike_G","Strike_G","Strike_G","Defend_G","Defend_G","Defend_G","Defend_G","Survivor","Neutralize","Noxious Fumes+1","Blur","Footwork+1","Dodge and Roll","Crippling Poison+1","Well Laid Plans","Backstab","Dash","Bouncing Flask"],"relics":["Ring of the Snake","Golden Idol","CeramicFish","Happy Flower"],"acts_visited":["Exordium"],"potions_floor_usage":[16,16],"damage_taken":[{"damage":0,"enemies":"2 Louse","floor":1,"turns":4},{"damage":3,"enemies":"Jaw Worm","floor":2,"turns":6},{"damage":0,"enemies":"Cultist","floor":3,"turns":6},{"damage":0,"enemies":"2 Fungi Beasts","floor":4,"turns":6},{"damage":19,"enemies":"Exordium Thugs","floor":5,"turns":8},{"damage":0,"enemies":"3 Louse","floor":11,"turns":4},{"damage":3,"enemies":"2 Fungi Beasts","floor":12,"turns":4},{"damage":13,"enemies":"3 Sentries","floor":14,"turns":8},{"damage":33,"enemies":"Slime Boss","floor":16,"turns":9}],"seed_played":"-8107293161317446111","potions_obtained":[{"floor":1,"key":"SmokeBomb"},{"floor":11,"key":"Explosive Potion"},{"floor":12,"key":"Strength Potion"},{"floor":14,"key":"SneckoOil"}],"is_trial":false,"path_per_floor":["M","M","M","M","M","R","?","R","T","R","M","M","$","E","R","B"],"character_chosen":"THE_SILENT","items_purchased":["Dash"],"campfire_rested":1,"item_purchase_floors":[13],"current_hp_per_floor":[44,41,41,41,22,22,22,22,22,22,22,19,19,6,24,0,0],"gold":141,"neow_bonus":"REMOVE_TWO","is_daily":false,"chose_seed":false,"campfire_upgraded":3,"win_rate":0.0,"timestamp":1609132674,"path_taken":["M","M","M","M","M","R","?","R","T","R","M","M","$","E","R","BOSS"],"items_purchased_type":["Card"],"build_version":"2020-12-22","purchased_purges":1,"victory":false,"max_hp_per_floor":[66,66,66,66,66,66,60,60,60,60,60,60,60,60,60,60,60],"card_choices":[{"not_picked":["All Out Attack","Flying Knee"],"picked":"Noxious Fumes","floor":1},{"not_picked":["Blade Dance","Caltrops"],"picked":"Blur","floor":2},{"not_picked":["Prepared","Acrobatics"],"picked":"Footwork","floor":3},{"not_picked":["Flying Knee","Deflect"],"picked":"Dodge and Roll","floor":4},{"not_picked":["Outmaneuver","Deadly Poison"],"picked":"Crippling Poison","floor":5},{"not_picked":["Underhanded Strike","Reflex"],"picked":"Well Laid Plans","floor":11},{"not_picked":["Storm of Steel","Underhanded Strike"],"picked":"Backstab","floor":12},{"not_picked":["Slice","Bane"],"picked":"Bouncing Flask","floor":14}],"player_experience":364733,"relics_obtained":[{"floor":9,"key":"CeramicFish"},{"floor":14,"key":"Happy Flower"}],"event_choices":[{"damage_healed":0,"gold_gain":0,"player_choice":"Lose Max HP","damage_taken":0,"relics_obtained":["Golden Idol"],"max_hp_gain":0,"max_hp_loss":6,"event_name":"Golden Idol","floor":7,"gold_loss":0}],"is_beta":false,"boss_relics":[],"items_purged_floors":[13],"is_endless":false,"potions_floor_spawned":[1,11,12,14],"killed_by":"Slime Boss","ascension_level":15}}