{"host":"7nu0fnckee4tlfez","time":1609144394,"event":{"mods":["2.2 Compatiblity","AchievementEnabler","Astrologer","BaseMod","CapriCore","Colored Map","Downfall","Hermit","Lobotomy","Marisa£¨Ùöéë¡¡Øª×âÞÞ£©","Minty Spire (QoL Compilation)","Quick Restart","StSLib","SuperFastMode","The Cursed","The Hierophant","The Immortal"],"gold_per_floor":[117,130,80,91,110,110,122,152,164,193,205,252,264,288,300,414,426,451,378,390,420,443,234,234,234,234,234,266,128,128,144,144,144,144],"floor_reached":33,"playtime":1705,"items_purged":["Defend_B","Defend_B"],"score":279,"play_id":"871480f3-0a33-4bde-9587-acbbf6691e08","local_time":"20201228173314","is_ascension_mode":false,"campfire_choices":[{"data":"Zap","floor":6.0,"key":"SMITH"},{"floor":11.0,"key":"REST"},{"data":"Static Discharge","floor":15.0,"key":"SMITH"},{"data":"Storm","floor":24.0,"key":"SMITH"},{"data":"Glacier","floor":27.0,"key":"SMITH"},{"floor":32,"key":"REST"}],"circlet_count":0,"master_deck":["Defend_B","Zap+1","Dualcast","Ball Lightning+1","Cold Snap+1","Ball Lightning","Capacitor","Glacier+1","Chaos","Static Discharge+1","BootSequence","Self Repair","Seek","Go for the Eyes+1","Thunder Strike+1","Coolheaded+1","Capacitor","Redo+1","Storm+1","TalkToTheHand+1","Auto Shields","Warcry","Worship"],"relics":["Cracked Core","MawBank","Matryoshka","Molten Egg 2","Astrolabe","PreservedInsect","PrismaticShard","Anchor","Whetstone","Dream Catcher","Omamori"],"acts_visited":["Exordium","TheCity"],"potions_floor_usage":[30,33],"damage_taken":[{"damage":7.0,"enemies":"2 Louse","floor":1.0,"turns":2.0},{"damage":3.0,"enemies":"Small Slimes","floor":2.0,"turns":3.0},{"damage":0.0,"enemies":"Cultist","floor":4.0,"turns":3.0},{"damage":1.0,"enemies":"2 Fungi Beasts","floor":5.0,"turns":3.0},{"damage":23.0,"enemies":"Gremlin Gang","floor":7.0,"turns":4.0},{"damage":11.0,"enemies":"Lagavulin","floor":8.0,"turns":5.0},{"damage":8.0,"enemies":"Exordium Thugs","floor":10.0,"turns":5.0},{"damage":18.0,"enemies":"Gremlin Nob","floor":12.0,"turns":3.0},{"damage":3.0,"enemies":"Red Slaver","floor":14.0,"turns":4.0},{"damage":17.0,"enemies":"Hexaghost","floor":16.0,"turns":10.0},{"damage":11.0,"enemies":"Spheric Guardian","floor":18.0,"turns":4.0},{"damage":10.0,"enemies":"Chosen","floor":21.0,"turns":5.0},{"damage":10.0,"enemies":"Centurion and Healer","floor":22.0,"turns":5.0},{"damage":27.0,"enemies":"Slavers","floor":28.0,"turns":4.0},{"damage":0,"enemies":"Snecko","floor":30,"turns":1},{"damage":15,"enemies":"Snake Plant","floor":31,"turns":2},{"damage":56,"enemies":"Automaton","floor":33,"turns":6}],"seed_played":"-4589720529413475546","potions_obtained":[{"floor":1.0,"key":"Regen Potion"},{"floor":2.0,"key":"EssenceOfSteel"},{"floor":7.0,"key":"FearPotion"},{"floor":16.0,"key":"Strength Potion"},{"floor":18.0,"key":"SmokeBomb"},{"floor":20.0,"key":"Fire Potion"},{"floor":28.0,"key":"SkillPotion"}],"is_trial":false,"path_per_floor":["M","M","?","M","M","R","M","E","T","M","R","E","?","M","R","B",null,"M","?","?","M","M","$","R","?","T","R","E","$","M","M","R","B"],"character_chosen":"DEFECT","items_purchased":["PrismaticShard","Auto Shields"],"campfire_rested":2,"item_purchase_floors":[23,29],"current_hp_per_floor":[68,65,65,65,64,64,41,30,30,22,44,26,26,23,23,28,75,71,71,71,68,65,65,65,65,65,65,38,38,38,30,52,0,0],"gold":144,"neow_bonus":"THREE_CARDS","is_daily":false,"chose_seed":false,"campfire_upgraded":4,"win_rate":0.0,"timestamp":1609144394,"path_taken":["M","M","?","M","M","R","M","E","T","M","R","E","?","M","R","BOSS","M","?","?","?","M","$","R","?","T","R","E","?","M","?","R","BOSS"],"items_purchased_type":["Relic","Card"],"build_version":"2020-12-22","purchased_purges":2,"victory":false,"max_hp_per_floor":[75,75,75,75,75,75,75,75,75,75,75,75,75,75,75,75,75,75,75,75,75,75,75,75,75,75,75,75,75,75,75,75,75,75],"card_choices":[{"not_picked":["Skim","Steam"],"picked":"Ball Lightning","floor":0.0},{"not_picked":["Barrage","Steam"],"picked":"Cold Snap","floor":1.0},{"not_picked":["Barrage","Steam","Gash"],"picked":"SKIP","floor":2.0},{"not_picked":["Sweeping Beam","Auto Shields"],"picked":"Ball Lightning","floor":4.0},{"not_picked":["Loop","Redo"],"picked":"Capacitor","floor":5.0},{"not_picked":["Ball Lightning","Leap"],"picked":"Glacier","floor":7.0},{"not_picked":["Fusion","Streamline"],"picked":"Chaos","floor":8.0},{"not_picked":["Steam Power","Steam"],"picked":"Static Discharge","floor":10.0},{"not_picked":["All For One+1","Conserve Battery"],"picked":"BootSequence","floor":12.0},{"not_picked":["Beam Cell+1","Melter+1"],"picked":"Self Repair","floor":14.0},{"not_picked":["Fission","Biased Cognition"],"picked":"Seek","floor":16.0},{"not_picked":["Conserve Battery","Hello World"],"picked":"Capacitor","floor":18.0},{"not_picked":["Steam","Melter+1"],"picked":"Redo+1","floor":21.0},{"not_picked":["Cold Snap+1","Force Field"],"picked":"Storm","floor":22.0},{"not_picked":["MentalFortress","WreathOfFlame+1"],"picked":"TalkToTheHand+1","floor":28.0},{"not_picked":["FollowUp+1","sneckomod:DiceCrush+1"],"picked":"Warcry","floor":31},{"not_picked":["Seeing Red","hexamod:GhostflameBarrier"],"picked":"Worship","floor":32}],"player_experience":71791,"relics_obtained":[{"floor":8.0,"key":"MawBank"},{"floor":9.0,"key":"Matryoshka"},{"floor":12.0,"key":"Molten Egg 2"},{"floor":26.0,"key":"Whetstone"},{"floor":26.0,"key":"Dream Catcher"},{"floor":28.0,"key":"Omamori"}],"event_choices":[{"cards_removed":["Strike_B"],"damage_healed":0.0,"max_hp_gain":0.0,"max_hp_loss":0.0,"gold_gain":0.0,"event_name":"The Cleric","player_choice":"Card Removal","floor":3.0,"gold_loss":50.0,"damage_taken":0.0},{"cards_removed":["Strike_B"],"damage_healed":0.0,"max_hp_gain":0.0,"max_hp_loss":0.0,"gold_gain":0.0,"event_name":"Purifier","player_choice":"Purged","floor":13.0,"gold_loss":0.0,"damage_taken":0.0},{"damage_healed":0.0,"max_hp_gain":0.0,"max_hp_loss":0.0,"gold_gain":0.0,"event_name":"Addict","player_choice":"Obtained Relic","floor":19.0,"gold_loss":85.0,"damage_taken":0.0,"relics_obtained":["PreservedInsect"]},{"damage_healed":0.0,"max_hp_gain":0.0,"max_hp_loss":0.0,"gold_gain":0.0,"event_name":"Lab","player_choice":"Got Potions","floor":20.0,"gold_loss":0.0,"damage_taken":0.0},{"damage_healed":0.0,"max_hp_gain":0.0,"max_hp_loss":0.0,"gold_gain":0.0,"event_name":"WeMeetAgain","player_choice":"Gave Potion","floor":25.0,"gold_loss":0.0,"damage_taken":0.0,"relics_obtained":["Anchor"]}],"is_beta":false,"boss_relics":[{"not_picked":["Runic Dome","Tiny House"],"picked":"Astrolabe"}],"items_purged_floors":[23,29],"is_endless":false,"potions_floor_spawned":[1,2,7,10,14,16,18,28],"killed_by":"Automaton","ascension_level":0}}