{"host":"2lo6hma6kymb0g9i","time":1609147107,"event":{"mods":["BaseMod","Colored Map","DeckTracker","Minty Spire (QoL Compilation)"],"gold_per_floor":[113,133,20,30,30,63,63,98,143,143,158,158,158,158,158,258,258,274,274,274,23,43,43,63,63,63,81,108,108,108,108,108],"floor_reached":31,"playtime":2226,"items_purged":["Strike_B"],"score":277,"play_id":"9537ef76-ab3e-4e8e-96a5-c4c4a95eceda","local_time":"20201228181827","is_ascension_mode":true,"campfire_choices":[{"data":"Loop","floor":7,"key":"SMITH"},{"floor":10,"key":"REST"},{"data":"Dualcast","floor":13,"key":"SMITH"},{"data":"Melter","floor":15,"key":"SMITH"},{"data":"Core Surge","floor":23,"key":"SMITH"},{"data":"Zap","floor":29,"key":"SMITH"}],"circlet_count":0,"master_deck":["Strike_B","Strike_B","Defend_B","Defend_B","Defend_B","Defend_B","Zap+1","Dualcast+1","Melter+1","Doom and Gloom+1","Loop+1","Meteor Strike","Turbo+1","Auto Shields+1","Conserve Battery+1","Core Surge+1","Leap+1","Loop+1","Hologram+1","Capacitor","Hologram+1","RitualDagger"],"relics":["Cracked Core","NeowsBlessing","Toxic Egg 2","Regal Pillow","Lantern","Strawberry","SlaversCollar","Cables","Eternal Feather","MealTicket"],"acts_visited":["Exordium","TheCity"],"potions_floor_usage":[16,22,31],"damage_taken":[{"damage":0,"enemies":"Cultist","floor":1,"turns":1},{"damage":0,"enemies":"2 Louse","floor":2,"turns":1},{"damage":0,"enemies":"Small Slimes","floor":4,"turns":1},{"damage":30,"enemies":"Lagavulin","floor":6,"turns":6},{"damage":37,"enemies":"Gremlin Nob","floor":8,"turns":4},{"damage":6,"enemies":"Looter","floor":11,"turns":2},{"damage":1,"enemies":"Hexaghost","floor":16,"turns":9},{"damage":17,"enemies":"Shell Parasite","floor":18,"turns":6},{"damage":8,"enemies":"3 Byrds","floor":22,"turns":4},{"damage":20,"enemies":"Cultist and Chosen","floor":24,"turns":6},{"damage":13,"enemies":"Snecko","floor":27,"turns":3},{"damage":35,"enemies":"Centurion and Healer","floor":31,"turns":4}],"seed_played":"8092999092631289710","potions_obtained":[{"floor":1,"key":"Strength Potion"},{"floor":6,"key":"Fire Potion"},{"floor":11,"key":"EssenceOfSteel"},{"floor":18,"key":"Ancient Potion"},{"floor":24,"key":"FocusPotion"}],"is_trial":false,"path_per_floor":["M","M","$","M","?","E","R","E","T","R","M","?","R","?","R","B",null,"M","?","?","$","M","R","M","?","T","M","T","R","?","M"],"character_chosen":"DEFECT","items_purchased":["Loop","Cables"],"campfire_rested":1,"item_purchase_floors":[3,21],"current_hp_per_floor":[75,75,75,75,68,38,38,1,8,47,41,34,34,34,34,33,82,65,65,65,65,57,57,37,37,37,24,24,36,30,0,0],"gold":108,"neow_bonus":"THREE_ENEMY_KILL","is_daily":false,"chose_seed":false,"campfire_upgraded":5,"win_rate":0.0,"timestamp":1609147107,"path_taken":["M","M","?","?","?","E","R","E","T","R","M","?","R","?","R","BOSS","M","?","?","$","?","R","M","?","T","?","?","R","?","M"],"items_purchased_type":["Card","Relic"],"build_version":"2020-12-22","purchased_purges":1,"victory":false,"max_hp_per_floor":[75,75,75,75,75,75,75,75,82,82,82,82,82,82,82,82,82,82,82,82,82,82,82,82,82,82,82,82,82,82,82,82],"card_choices":[{"not_picked":["FTL","Stack"],"picked":"Melter","floor":1},{"not_picked":["Gash","Compile Driver"],"picked":"Doom and Gloom","floor":2},{"not_picked":["Beam Cell","Rebound"],"picked":"Meteor Strike","floor":4},{"not_picked":["Reprogram+1","Ball Lightning"],"picked":"Turbo+1","floor":6},{"not_picked":["Self Repair","Doom and Gloom"],"picked":"Auto Shields+1","floor":8},{"not_picked":["Go for the Eyes","Beam Cell"],"picked":"Conserve Battery+1","floor":11},{"not_picked":["Biased Cognition","Reboot+1"],"picked":"Core Surge","floor":16},{"not_picked":["Coolheaded+1","Genetic Algorithm+1"],"picked":"Leap+1","floor":18},{"not_picked":["Rebound+1","Reinforced Body+1"],"picked":"Hologram+1","floor":22},{"not_picked":["Coolheaded+1","Loop"],"picked":"Capacitor","floor":24},{"not_picked":["Compile Driver+1","Glacier+1"],"picked":"Hologram+1","floor":27}],"player_experience":904735,"relics_obtained":[{"floor":6,"key":"Regal Pillow"},{"floor":8,"key":"Lantern"},{"floor":9,"key":"Strawberry"},{"floor":26,"key":"Eternal Feather"},{"floor":28,"key":"MealTicket"}],"event_choices":[{"damage_healed":0,"gold_gain":0,"player_choice":"Success","damage_taken":7,"relics_obtained":["Toxic Egg 2"],"max_hp_gain":0,"max_hp_loss":0,"event_name":"Scrap Ooze","floor":5,"gold_loss":0},{"cards_removed":["Strike_B"],"damage_healed":0,"gold_gain":0,"player_choice":"Card Removal","damage_taken":7,"max_hp_gain":0,"max_hp_loss":0,"event_name":"Golden Wing","floor":12,"gold_loss":0},{"damage_healed":0,"gold_gain":0,"player_choice":"Ignored","damage_taken":0,"max_hp_gain":0,"max_hp_loss":0,"event_name":"Liars Game","floor":14,"gold_loss":0},{"damage_healed":0,"gold_gain":0,"player_choice":"Ignored","damage_taken":0,"max_hp_gain":0,"max_hp_loss":0,"event_name":"Ghosts","floor":19,"gold_loss":0},{"damage_healed":0,"gold_gain":0,"player_choice":"Copied","damage_taken":0,"max_hp_gain":0,"max_hp_loss":0,"event_name":"Duplicator","floor":20,"gold_loss":0,"cards_obtained":["Loop"]},{"damage_healed":0,"gold_gain":0,"player_choice":"Upgraded","damage_taken":0,"max_hp_gain":0,"max_hp_loss":0,"event_name":"Upgrade Shrine","floor":25,"gold_loss":0,"cards_upgraded":["Doom and Gloom"]},{"damage_healed":0,"gold_gain":0,"player_choice":"Joined the Cult","damage_taken":6,"max_hp_gain":0,"max_hp_loss":0,"event_name":"Nest","floor":30,"gold_loss":0,"cards_obtained":["RitualDagger"]}],"is_beta":false,"boss_relics":[{"not_picked":["Tiny House","Pandora\u0027s Box"],"picked":"SlaversCollar"}],"items_purged_floors":[3],"is_endless":false,"potions_floor_spawned":[1,6,11,18,24],"killed_by":"Centurion and Healer","ascension_level":3}}