{"host":"wbjiqg83duq292na","time":1609185835,"event":{"mods":["BaseMod","Minty Spire (QoL Compilation)"],"gold_per_floor":[114,127,145,161,174,208,208,224,248,273,290,69,69,84,84,187,187,207,207,218,231,231,231],"floor_reached":22,"playtime":1163,"items_purged":["Strike_G"],"score":237,"play_id":"7f67fad7-b2d6-4cf4-bd52-37293ea4aa05","local_time":"20201228180355","is_ascension_mode":true,"campfire_choices":[{"floor":7,"key":"REST"},{"floor":13,"key":"REST"},{"floor":15,"key":"REST"}],"circlet_count":0,"master_deck":["Strike_G","Strike_G","Strike_G","Strike_G","Defend_G","Defend_G","Defend_G","Defend_G","Defend_G","Survivor","Neutralize","Unload","Caltrops","Dagger Throw","Slice","Bouncing Flask","Noxious Fumes","Reflex","Tools of the Trade","Noxious Fumes","Predator","Noxious Fumes","Envenom","Slice+1","Noxious Fumes"],"relics":["Ring of the Snake","HornCleat","Akabeko","Bag of Preparation","Snake Skull","SacredBark"],"acts_visited":["Exordium","TheCity"],"potions_floor_usage":[22,22,22],"damage_taken":[{"damage":0,"enemies":"Cultist","floor":1,"turns":3},{"damage":0,"enemies":"2 Louse","floor":2,"turns":2},{"damage":0,"enemies":"Small Slimes","floor":3,"turns":2},{"damage":7,"enemies":"3 Louse","floor":4,"turns":3},{"damage":10,"enemies":"Looter","floor":5,"turns":2},{"damage":17,"enemies":"Gremlin Nob","floor":6,"turns":4},{"damage":14,"enemies":"2 Fungi Beasts","floor":8,"turns":3},{"damage":18,"enemies":"Lagavulin","floor":10,"turns":5},{"damage":4,"enemies":"Blue Slaver","floor":11,"turns":4},{"damage":3,"enemies":"Large Slime","floor":14,"turns":3},{"damage":30,"enemies":"Slime Boss","floor":16,"turns":7},{"damage":31,"enemies":"2 Thieves","floor":18,"turns":4},{"damage":12,"enemies":"Spheric Guardian","floor":20,"turns":5},{"damage":22,"enemies":"Snake Plant","floor":21,"turns":5},{"damage":31,"enemies":"Cultist and Chosen","floor":22,"turns":4}],"seed_played":"-5726418518266935717","potions_obtained":[{"floor":2,"key":"Explosive Potion"},{"floor":5,"key":"Swift Potion"},{"floor":8,"key":"SteroidPotion"},{"floor":16,"key":"LiquidBronze"},{"floor":20,"key":"CunningPotion"}],"is_trial":false,"path_per_floor":["M","M","M","M","M","E","R","M","T","E","M","$","R","M","R","B",null,"M","?","M","M","M"],"character_chosen":"THE_SILENT","items_purchased":["Snake Skull"],"campfire_rested":3,"item_purchase_floors":[12],"current_hp_per_floor":[70,70,70,63,53,36,57,43,43,25,21,21,42,39,60,30,70,39,62,50,28,0,0],"gold":231,"neow_bonus":"ONE_RANDOM_RARE_CARD","is_daily":false,"chose_seed":false,"campfire_upgraded":0,"win_rate":0.0,"timestamp":1609185835,"path_taken":["M","?","M","M","M","E","R","M","T","E","M","$","R","M","R","BOSS","M","?","M","M","M"],"items_purchased_type":["Relic"],"build_version":"2020-12-22","purchased_purges":1,"victory":false,"max_hp_per_floor":[70,70,70,70,70,70,70,70,70,70,70,70,70,70,70,70,70,70,70,70,70,70,70],"card_choices":[{"not_picked":["Backflip","Deflect"],"picked":"Caltrops","floor":1},{"not_picked":["PiercingWail","Bane"],"picked":"Dagger Throw","floor":2},{"not_picked":["Setup","Acrobatics"],"picked":"Slice","floor":3},{"not_picked":["Dagger Spray","Underhanded Strike"],"picked":"Bouncing Flask","floor":4},{"not_picked":["Deflect","Predator"],"picked":"Noxious Fumes","floor":5},{"not_picked":["Calculated Gamble","Skewer"],"picked":"Reflex","floor":6},{"not_picked":["Flying Knee","Bane"],"picked":"Tools of the Trade","floor":8},{"not_picked":["Envenom","Flying Knee"],"picked":"Noxious Fumes","floor":10},{"not_picked":["Concentrate","Flying Knee"],"picked":"Predator","floor":11},{"not_picked":["Eviscerate","Backflip"],"picked":"Noxious Fumes","floor":14},{"not_picked":["Night Terror","Burst"],"picked":"Envenom","floor":16},{"not_picked":["Slice","Caltrops","Predator"],"picked":"SKIP","floor":18},{"not_picked":["Prepared","Underhanded Strike"],"picked":"Slice+1","floor":20},{"not_picked":["Setup","Dodge and Roll"],"picked":"Noxious Fumes","floor":21}],"player_experience":246932,"relics_obtained":[{"floor":6,"key":"HornCleat"},{"floor":9,"key":"Akabeko"},{"floor":10,"key":"Bag of Preparation"}],"event_choices":[{"damage_healed":23,"gold_gain":0,"player_choice":"Heal","damage_taken":0,"max_hp_gain":0,"max_hp_loss":0,"event_name":"The Library","floor":19,"gold_loss":0}],"is_beta":false,"boss_relics":[{"not_picked":["Philosopher\u0027s Stone","Ectoplasm"],"picked":"SacredBark"}],"items_purged_floors":[12],"is_endless":false,"potions_floor_spawned":[2,5,8,16,20],"killed_by":"Cultist and Chosen","ascension_level":1}}