{"host":"640uue19m79c7wbt","time":1609185607,"event":{"mods":["BaseMod","Colored Map","Googly Eyes","Highlight Path","Minty Spire (QoL Compilation)","Quick Restart","StSLib"],"gold_per_floor":[113,113,113,125,178,178,24,24,24,38,38,72,91,91,91,190,190,205,205,217,217,217,217,217,217],"floor_reached":24,"playtime":645,"items_purged":["Strike_G"],"score":298,"play_id":"5cb10ff4-b569-4a06-b0db-d8a3a80fcb68","local_time":"20201228150007","is_ascension_mode":true,"campfire_choices":[{"data":"Terror","floor":6,"key":"SMITH"},{"data":"Distraction","floor":11,"key":"SMITH"},{"floor":15,"key":"REST"},{"floor":23,"key":"REST"}],"circlet_count":0,"master_deck":["AscendersBane","Strike_G","Defend_G","Defend_G","Defend_G","Defend_G","Survivor","Neutralize","Escape Plan+1","Terror+1","Backstab","Distraction+1","Backstab","Glass Knife","Bullet Time","Bane+1","Accuracy+1","Flechettes+1","Tactician","Backstab"],"relics":["Ring of the Snake","NeowsBlessing","Art of War","Tiny Chest","Sundial","Lizard Tail","Astrolabe","Lantern","Paper Crane"],"acts_visited":["Exordium","TheCity"],"potions_floor_usage":[16,16,18,20],"damage_taken":[{"damage":0,"enemies":"Small Slimes","floor":1,"turns":1},{"damage":0,"enemies":"Cultist","floor":4,"turns":1},{"damage":0,"enemies":"2 Louse","floor":10,"turns":1},{"damage":29,"enemies":"Gremlin Nob","floor":12,"turns":5},{"damage":2,"enemies":"Exordium Wildlife","floor":13,"turns":3},{"damage":48,"enemies":"The Guardian","floor":16,"turns":14},{"damage":20,"enemies":"Shell Parasite","floor":18,"turns":3},{"damage":15,"enemies":"Chosen","floor":20,"turns":5},{"damage":33,"enemies":"Slavers","floor":24,"turns":4}],"seed_played":"5441304385848157101","potions_obtained":[{"floor":10,"key":"FearPotion"},{"floor":12,"key":"Weak Potion"},{"floor":16,"key":"FearPotion"},{"floor":18,"key":"FearPotion"}],"is_trial":false,"path_per_floor":["M","?","?","M","T","R","$","?","T","M","R","E","M","?","R","B",null,"M","?","M","?","T","R","E"],"character_chosen":"THE_SILENT","items_purchased":["Backstab"],"campfire_rested":2,"item_purchase_floors":[7],"current_hp_per_floor":[63,68,68,68,68,68,68,61,61,61,61,32,30,23,45,37,66,46,46,31,31,31,53,20,20],"gold":217,"neow_bonus":"THREE_ENEMY_KILL","is_daily":false,"chose_seed":false,"campfire_upgraded":2,"win_rate":0.0,"timestamp":1609185607,"path_taken":["M","?","?","?","?","R","$","?","T","M","R","E","M","?","R","BOSS","M","?","M","?","?","R","E"],"items_purchased_type":["Card"],"build_version":"2020-12-22","purchased_purges":1,"victory":false,"max_hp_per_floor":[70,75,75,75,75,75,75,75,75,75,75,75,75,75,75,75,75,75,75,75,75,75,75,75,75],"card_choices":[{"not_picked":["Quick Slash","Dodge and Roll"],"picked":"Escape Plan","floor":1},{"not_picked":["Quick Slash","Outmaneuver"],"picked":"Terror","floor":4},{"not_picked":["Heel Hook","Poisoned Stab"],"picked":"Distraction","floor":10},{"not_picked":["Dagger Throw","Underhanded Strike"],"picked":"Backstab","floor":12},{"not_picked":["Expertise","Finisher"],"picked":"Glass Knife","floor":13},{"not_picked":["Malaise","Corpse Explosion"],"picked":"Bullet Time","floor":16},{"not_picked":["Prepared","Deflect"],"picked":"Tactician","floor":18},{"not_picked":["Deflect","Dash"],"picked":"Backstab","floor":20}],"player_experience":1243819,"relics_obtained":[{"floor":5,"key":"Art of War"},{"floor":9,"key":"Sundial"},{"floor":12,"key":"Lizard Tail"},{"floor":22,"key":"Paper Crane"}],"event_choices":[{"damage_healed":0,"gold_gain":0,"player_choice":"Donut","damage_taken":0,"max_hp_gain":5,"max_hp_loss":0,"event_name":"Big Fish","floor":2,"gold_loss":0},{"damage_healed":0,"gold_gain":0,"player_choice":"Upgraded","damage_taken":0,"max_hp_gain":0,"max_hp_loss":0,"event_name":"Upgrade Shrine","floor":3,"gold_loss":0,"cards_upgraded":["Escape Plan"]},{"damage_healed":0,"gold_gain":0,"player_choice":"Success","damage_taken":7,"relics_obtained":["Tiny Chest"],"max_hp_gain":0,"max_hp_loss":0,"event_name":"Scrap Ooze","floor":8,"gold_loss":0},{"cards_removed":["Strike_G"],"damage_healed":0,"gold_gain":0,"player_choice":"Card Removal","damage_taken":7,"max_hp_gain":0,"max_hp_loss":0,"event_name":"Golden Wing","floor":14,"gold_loss":0},{"damage_healed":0,"gold_gain":0,"player_choice":"Ignored","damage_taken":0,"max_hp_gain":0,"max_hp_loss":0,"event_name":"Ghosts","floor":19,"gold_loss":0},{"damage_healed":0,"gold_gain":0,"player_choice":"Opened","damage_taken":0,"relics_obtained":["Lantern"],"max_hp_gain":0,"max_hp_loss":0,"event_name":"The Mausoleum","floor":21,"gold_loss":0}],"is_beta":false,"boss_relics":[{"not_picked":["Philosopher\u0027s Stone","WristBlade"],"picked":"Astrolabe"}],"items_purged_floors":[7],"is_endless":false,"potions_floor_spawned":[10,12,16,18],"killed_by":"Slavers","ascension_level":11}}