{"host":"llpusn9usp8rznkj","time":1609115174,"event":{"mods":["2.2 Compatiblity","Aspiration","BaseMod","Colored Map","Colored Powertips","Conspire","Hubris","Minty Spire (QoL Compilation)","Quick Restart","Rare Cards Sparkle","Replay The Spire","StSLib","The Cursed"],"gold_per_floor":[109,9,9,25,25,25,25,55,80,130,130,149,179,190,190,266,266,277,230,275,275,275,275,302,318,318,318,318,10,22,22,22],"floor_reached":31,"playtime":969,"items_purged":["Sickly"],"score":575,"play_id":"bd85a45f-fa3d-49a8-a7a8-206dc4c8a9a7","local_time":"20201227192614","is_ascension_mode":true,"campfire_choices":[{"data":"1","floor":7,"key":"LIFT"},{"floor":15,"key":"DIG"},{"floor":23,"key":"DIG"}],"circlet_count":0,"master_deck":["AscendersBane","Strike_G","Strike_G","Strike_G","Strike_G","Strike_G","Defend_G","Defend_G","Defend_G","Defend_G","Defend_G","Survivor","Neutralize","Blade Dance","Ghostly","Corpse Explosion","Deadly Poison","Deadly Poison","Catalyst","Caltrops","Venomology","Poisoned Stab","Adrenaline","PiercingWail","Bouncing Flask","hubris:Disease","Prepared"],"relics":["Ring of the Snake","NeowsBlessing","Girya","conspire:Boomerang","ReplayTheSpireMod:Ring of Collecting","Ring of Greed","The Courier","Tiny Chest","Spirit Poop","Shovel","CaptainsWheel","SlaversCollar","Lantern","Ring of Peace","aspiration:Lifesprig","hubris:ToyBattleship","aspiration:SneckoTail","hubris:DisguiseKit","ReplayTheSpireMod:Ring of Exchange","Strawberry","MealTicket"],"acts_visited":["Exordium","TheCity"],"potions_floor_usage":[13,16,16,19,19,21,25,25,30],"damage_taken":[{"damage":0,"enemies":"2 Louse","floor":1,"turns":1},{"damage":0,"enemies":"Small Slimes","floor":4,"turns":1},{"damage":0,"enemies":"3 Sentries","floor":8,"turns":2},{"damage":0,"enemies":"Cultist","floor":12,"turns":3},{"damage":2,"enemies":"Gremlin Nob","floor":13,"turns":4},{"damage":14,"enemies":"Red Slaver","floor":14,"turns":3},{"damage":27,"enemies":"The Guardian","floor":16,"turns":8},{"damage":0,"enemies":"Chosen","floor":18,"turns":5},{"damage":19,"enemies":"2 Thieves","floor":19,"turns":5},{"damage":0,"enemies":"Snake Plant","floor":21,"turns":1},{"damage":3,"enemies":"Gremlin Leader","floor":24,"turns":5},{"damage":0,"enemies":"3 Cultists","floor":25,"turns":2},{"damage":1,"enemies":"conspire:HollyBat","floor":30,"turns":8},{"damage":6,"enemies":"Snake Plant","floor":31,"turns":2}],"seed_played":"-4016174482937427329","potions_obtained":[{"floor":4,"key":"Fire Potion"},{"floor":12,"key":"DuplicationPotion"},{"floor":13,"key":"Fire Potion"},{"floor":18,"key":"FearPotion"},{"floor":20,"key":"Ancient Potion"},{"floor":24,"key":"DuplicationPotion"}],"is_trial":false,"path_per_floor":["M","?","?","M","$","T","R","E","T","?","?","M","E","M","R","B",null,"M","M","?","M","T","R","E","M","PTL","PTL","T","$","M","M"],"character_chosen":"THE_SILENT","items_purchased":["Strawberry","MealTicket"],"campfire_rested":0,"item_purchase_floors":[29,29],"current_hp_per_floor":[59,59,59,59,59,59,59,59,59,59,59,59,57,43,43,16,54,54,35,9,9,9,9,6,6,6,6,6,13,12,6,6],"gold":22,"neow_bonus":"THREE_ENEMY_KILL","is_daily":false,"chose_seed":false,"campfire_upgraded":0,"win_rate":0.0,"timestamp":1609115174,"path_taken":["M","?","?","?","$","?","R","E","T","?","?","?","E","M","R","BOSS","M","M","?","M","?","R","E","M","PTL","PTL","T","$","M","?"],"items_purchased_type":["Relic","Relic"],"build_version":"2020-12-22","purchased_purges":1,"victory":false,"max_hp_per_floor":[66,66,66,66,66,66,66,66,66,66,66,66,66,66,66,66,66,66,66,66,66,66,66,66,66,66,66,66,73,73,73,73],"card_choices":[{"not_picked":["Dodge and Roll","Sucker Punch"],"picked":"Blade Dance","floor":1},{"not_picked":["hubris:Counter","Toxin Wave"],"picked":"Deadly Poison","floor":4},{"not_picked":["Deflect","Blade Dance"],"picked":"Deadly Poison","floor":8},{"not_picked":["Acrobatics","Quick Slash"],"picked":"Catalyst","floor":12},{"not_picked":["ReplayTheSpireMod:Tripwire","Hidden Blade","Dagger Throw"],"picked":"SKIP","floor":13},{"not_picked":["Deadly Poison","Dodge and Roll"],"picked":"Caltrops","floor":14},{"not_picked":["Phantasmal Killer","Glass Knife"],"picked":"Venomology","floor":16},{"not_picked":["Blade Dance","Dagger Throw","Hidden Blade"],"picked":"SKIP","floor":18},{"not_picked":["Outmaneuver","Flying Knee"],"picked":"Poisoned Stab","floor":19},{"not_picked":["Quick Slash","Bane"],"picked":"Adrenaline","floor":20},{"not_picked":["Dagger Throw","Outmaneuver"],"picked":"PiercingWail","floor":24},{"not_picked":["Backflip","Deflect"],"picked":"Bouncing Flask","floor":25},{"not_picked":["Fluid Movement","Concentrate+1","Anger"],"picked":"Prepared","floor":30}],"player_experience":1121856,"relics_obtained":[{"floor":6,"key":"Girya"},{"floor":8,"key":"conspire:Boomerang"},{"floor":10,"key":"ReplayTheSpireMod:Ring of Collecting"},{"floor":10,"key":"Ring of Greed"},{"floor":10,"key":"The Courier"},{"floor":10,"key":"Tiny Chest"},{"floor":13,"key":"Shovel"},{"floor":15,"key":"CaptainsWheel"},{"floor":20,"key":"Lantern"},{"floor":22,"key":"Ring of Peace"},{"floor":22,"key":"aspiration:Lifesprig"},{"floor":23,"key":"hubris:ToyBattleship"},{"floor":24,"key":"aspiration:SneckoTail"},{"floor":28,"key":"hubris:DisguiseKit"},{"floor":28,"key":"ReplayTheSpireMod:Ring of Exchange"}],"event_choices":[{"damage_healed":0,"gold_gain":0,"player_choice":"Argue","damage_taken":0,"max_hp_gain":0,"max_hp_loss":0,"event_name":"conspire:LoneGhost","floor":2,"gold_loss":0},{"damage_healed":0,"gold_gain":0,"player_choice":"1 cards matched","damage_taken":0,"max_hp_gain":0,"max_hp_loss":0,"event_name":"Match and Keep!","floor":3,"gold_loss":0,"cards_obtained":["Corpse Explosion"]},{"cards_removed":["Voices"],"damage_healed":0,"gold_gain":0,"player_choice":"Offered Curse","damage_taken":0,"relics_obtained":["Spirit Poop"],"max_hp_gain":0,"max_hp_loss":0,"event_name":"Bonfire Elementals","floor":11,"gold_loss":0}],"is_beta":false,"boss_relics":[{"not_picked":["SacredBark","Ring of the Serpent"],"picked":"SlaversCollar"}],"items_purged_floors":[29],"is_endless":false,"potions_floor_spawned":[4,12,13,14,18,24],"killed_by":"Snake Plant","ascension_level":20}}