{"host":"j0a1jfichhxu8b8p","time":1609134429,"event":{"mods":["BaseMod","Colored Map","DeckTracker","Keyboard Shortcuts","Minty Spire (QoL Compilation)","Permanent Neow","StSLib","The Dragon Tamer"],"gold_per_floor":[111,111,129,7,23,51,68,97,97,47,60,60,78,91,91,168,168,183,98,98,18,32,32,65,164,189,189,209,209,134,170,170,256,256,283,308,321,339,94,134,161,161,188,188,208,208,208,226,226,226,226],"floor_reached":50,"playtime":2420,"items_purged":["Strike_G","Prepared"],"score":991,"play_id":"f2b15e2e-1d01-4c17-9f34-d64cef87bede","local_time":"20201228144709","is_ascension_mode":true,"campfire_choices":[{"floor":12.0,"key":"REST"},{"data":"Envenom","floor":15.0,"key":"SMITH"},{"floor":23.0,"key":"DIG"},{"floor":27.0,"key":"DIG"},{"floor":29.0,"key":"DIG"},{"data":"Accuracy","floor":32.0,"key":"SMITH"},{"floor":42.0,"key":"REST"},{"data":"Apotheosis","floor":44.0,"key":"SMITH"},{"floor":47.0,"key":"REST"},{"floor":49.0,"key":"DIG"}],"circlet_count":0,"master_deck":["AscendersBane","Defend_G","Defend_G","Defend_G","Defend_G","Defend_G","Survivor","Neutralize","Envenom+1","PiercingWail","Neutralize","Die Die Die","Swift Strike","Well Laid Plans","Blade Dance","Accuracy+1","Cloak And Dagger","Choke","Backflip","Noxious Fumes","Backflip","A Thousand Cuts","Catalyst+1","Storm of Steel+1","Adrenaline+1","Prepared+1","Terror","Bane","Glass Knife","Glass Knife","Blade Dance","Trip","Apotheosis+1","Phantasmal Killer","Backflip+1","Bane+1","Backflip+1"],"relics":["Ring of the Snake","Regal Pillow","Shovel","TungstenRod","Astrolabe","Ninja Scroll","MutagenicStrength","Paper Crane","Bottled Tornado","Orichalcum","CeramicFish","Darkstone Periapt","Bronze Scales","SlaversCollar","Girya","Question Card","Ancient Tea Set","Ornamental Fan","Strawberry"],"acts_visited":["Exordium","TheCity","TheBeyond"],"potions_floor_usage":[50],"damage_taken":[{"damage":0.0,"enemies":"2 Louse","floor":1.0,"turns":6.0},{"damage":7.0,"enemies":"Cultist","floor":3.0,"turns":4.0},{"damage":0.0,"enemies":"Jaw Worm","floor":5.0,"turns":3.0},{"damage":22.0,"enemies":"3 Sentries","floor":6.0,"turns":8.0},{"damage":18.0,"enemies":"Exordium Wildlife","floor":7.0,"turns":5.0},{"damage":2.0,"enemies":"Lagavulin","floor":8.0,"turns":5.0},{"damage":20.0,"enemies":"Gremlin Gang","floor":11.0,"turns":6.0},{"damage":0.0,"enemies":"3 Louse","floor":13.0,"turns":1.0},{"damage":0.0,"enemies":"2 Fungi Beasts","floor":14.0,"turns":4.0},{"damage":22.0,"enemies":"The Guardian","floor":16.0,"turns":10.0},{"damage":12.0,"enemies":"Shell Parasite","floor":18.0,"turns":6.0},{"damage":0.0,"enemies":"Chosen","floor":22.0,"turns":2.0},{"damage":1.0,"enemies":"Slavers","floor":24.0,"turns":5.0},{"damage":4.0,"enemies":"Snake Plant","floor":28.0,"turns":3.0},{"damage":0.0,"enemies":"Gremlin Leader","floor":31.0,"turns":4.0},{"damage":30.0,"enemies":"Automaton","floor":33.0,"turns":7.0},{"damage":11.0,"enemies":"3 Shapes","floor":35.0,"turns":5.0},{"damage":1.0,"enemies":"Mind Bloom Boss Battle","floor":36.0,"turns":5.0},{"damage":0.0,"enemies":"Orb Walker","floor":37.0,"turns":1.0},{"damage":0.0,"enemies":"Reptomancer","floor":40.0,"turns":3.0},{"damage":26.0,"enemies":"Maw","floor":41.0,"turns":5.0},{"damage":16.0,"enemies":"3 Darklings","floor":45.0,"turns":3.0},{"damage":0.0,"enemies":"Jaw Worm Horde","floor":48.0,"turns":3.0},{"damage":98,"enemies":"Time Eater","floor":50,"turns":8}],"seed_played":"-8015957722954967609","potions_obtained":[{"floor":5.0,"key":"Regen Potion"},{"floor":6.0,"key":"BlessingOfTheForge"},{"floor":7.0,"key":"LiquidBronze"},{"floor":14.0,"key":"PowerPotion"},{"floor":28.0,"key":"SteroidPotion"},{"floor":31.0,"key":"CunningPotion"},{"floor":33.0,"key":"GhostInAJar"},{"floor":45.0,"key":"SkillPotion"}],"is_trial":false,"path_per_floor":["M","?","M","$","M","E","M","E","T","?","M","R","M","M","R","B",null,"M","?","?","$","M","R","E","?","T","R","M","R","$","E","R","B",null,"M","?","M","?","$","E","M","R","T","R","M","T","R","M","R","B"],"character_chosen":"THE_SILENT","items_purchased":["Accuracy","Cloak And Dagger","Terror","Phantasmal Killer"],"campfire_rested":3,"item_purchase_floors":[4,4,21,39],"current_hp_per_floor":[63,63,56,56,56,34,30,28,28,28,8,41,41,41,41,19,52,40,40,40,40,40,40,39,39,39,39,35,35,35,35,35,5,49,38,37,37,28,28,28,2,35,35,35,19,19,52,52,59,0,0],"gold":226,"neow_bonus":"THREE_RARE_CARDS","is_daily":false,"chose_seed":false,"campfire_upgraded":3,"win_rate":0.0,"timestamp":1609134429,"path_taken":["M","?","?","?","?","E","M","E","T","?","M","R","M","M","R","BOSS","M","?","?","?","?","R","E","?","T","R","M","R","$","E","R","BOSS","M","?","M","?","$","E","?","R","T","R","M","?","R","M","R","BOSS"],"items_purchased_type":["Card","Card","Card","Card"],"build_version":"2020-12-22","purchased_purges":2,"victory":false,"max_hp_per_floor":[63,63,63,63,63,63,63,63,63,63,63,63,63,63,63,63,63,63,63,63,63,63,63,63,63,63,63,63,63,63,63,63,63,63,63,63,63,63,63,63,63,63,63,63,63,63,63,63,70,70,70],"card_choices":[{"not_picked":["Wraith Form v2","Adrenaline"],"picked":"Envenom","floor":0.0},{"not_picked":["Flying Knee","Endless Agony"],"picked":"PiercingWail","floor":1.0},{"not_picked":["All Out Attack","Finisher"],"picked":"Blade Dance","floor":3.0},{"not_picked":["Underhanded Strike","Predator","Dagger Throw"],"picked":"SKIP","floor":5.0},{"not_picked":["Deadly Poison","Bouncing Flask","Sucker Punch"],"picked":"SKIP","floor":6.0},{"not_picked":["Underhanded Strike","Deadly Poison","Flying Knee"],"picked":"SKIP","floor":7.0},{"not_picked":["Well Laid Plans","Endless Agony"],"picked":"Choke","floor":8.0},{"not_picked":["Leg Sweep","Eviscerate"],"picked":"Backflip","floor":11.0},{"not_picked":["Unload","Dagger Spray"],"picked":"Noxious Fumes","floor":13.0},{"not_picked":["Deflect","Dash"],"picked":"Backflip","floor":14.0},{"not_picked":["Malaise","Storm of Steel"],"picked":"A Thousand Cuts","floor":16.0},{"not_picked":["Underhanded Strike","Sucker Punch"],"picked":"Prepared+1","floor":18.0},{"not_picked":["Distraction","Blur","Outmaneuver"],"picked":"SKIP","floor":22.0},{"not_picked":["Dagger Throw","Infinite Blades","Outmaneuver"],"picked":"SKIP","floor":24.0},{"not_picked":["Distraction","Dagger Throw"],"picked":"Bane","floor":28.0},{"not_picked":["Accuracy+1","Slice"],"picked":"Glass Knife","floor":31.0},{"not_picked":["Tools of the Trade","Burst"],"picked":"Glass Knife","floor":33.0},{"not_picked":["PiercingWail","Dagger Spray"],"picked":"Blade Dance","floor":35.0},{"not_picked":["Underhanded Strike","Deflect+1","Dagger Throw"],"picked":"SKIP","floor":37.0},{"not_picked":["Impatience","Enlightenment"],"picked":"Trip","floor":38.0},{"not_picked":["Bandage Up","Jack Of All Trades"],"picked":"Apotheosis","floor":38.0},{"not_picked":["Poisoned Stab","Acrobatics+1"],"picked":"Backflip+1","floor":40.0},{"not_picked":["Accuracy","Burst","Well Laid Plans"],"picked":"Bane+1","floor":41.0},{"not_picked":["Bane","Endless Agony+1","Deflect"],"picked":"Backflip+1","floor":45.0},{"not_picked":["Sucker Punch","Poisoned Stab","Prepared","Deadly Poison"],"picked":"SKIP","floor":48.0}],"player_experience":360063,"relics_obtained":[{"floor":6.0,"key":"Regal Pillow"},{"floor":8.0,"key":"Shovel"},{"floor":9.0,"key":"TungstenRod"},{"floor":23.0,"key":"Paper Crane"},{"floor":24.0,"key":"Bottled Tornado"},{"floor":26.0,"key":"Orichalcum"},{"floor":27.0,"key":"CeramicFish"},{"floor":29.0,"key":"Darkstone Periapt"},{"floor":31.0,"key":"Bronze Scales"},{"floor":36.0,"key":"Girya"},{"floor":40.0,"key":"Question Card"},{"floor":43.0,"key":"Ancient Tea Set"},{"floor":46.0,"key":"Ornamental Fan"},{"floor":49.0,"key":"Strawberry"}],"event_choices":[{"damage_healed":0.0,"max_hp_gain":0.0,"max_hp_loss":0.0,"gold_gain":0.0,"event_name":"Match and Keep!","player_choice":"5 cards matched","floor":2.0,"gold_loss":0.0,"damage_taken":0.0,"cards_obtained":["Neutralize","Die Die Die","Prepared","Swift Strike","Well Laid Plans"]},{"cards_removed":["Strike_G"],"damage_healed":0.0,"max_hp_gain":0.0,"max_hp_loss":0.0,"gold_gain":0.0,"event_name":"The Cleric","player_choice":"Card Removal","floor":10.0,"gold_loss":50.0,"damage_taken":0.0},{"damage_healed":0.0,"max_hp_gain":0.0,"max_hp_loss":0.0,"gold_gain":0.0,"event_name":"Addict","player_choice":"Obtained Relic","floor":19.0,"gold_loss":85.0,"damage_taken":0.0,"relics_obtained":["Ninja Scroll"]},{"damage_healed":0.0,"max_hp_gain":0.0,"max_hp_loss":0.0,"gold_gain":0.0,"event_name":"Drug Dealer","player_choice":"Inject Mutagens","floor":20.0,"gold_loss":0.0,"damage_taken":0.0,"relics_obtained":["MutagenicStrength"]},{"damage_healed":0.0,"max_hp_gain":0.0,"max_hp_loss":0.0,"gold_gain":99.0,"event_name":"Nest","player_choice":"Stole From Cult","floor":25.0,"gold_loss":0.0,"damage_taken":0.0},{"damage_healed":0.0,"max_hp_gain":0.0,"max_hp_loss":0.0,"gold_gain":0.0,"event_name":"MindBloom","player_choice":"Fight","floor":36.0,"gold_loss":0.0,"damage_taken":0.0},{"damage_healed":0.0,"max_hp_gain":0.0,"max_hp_loss":0.0,"gold_gain":0.0,"event_name":"SensoryStone","player_choice":"Memory 3","floor":38.0,"gold_loss":0.0,"damage_taken":10.0}],"is_beta":false,"boss_relics":[{"not_picked":["Coffee Dripper","SacredBark"],"picked":"Astrolabe"},{"not_picked":["Ring of the Serpent","Black Star"],"picked":"SlaversCollar"}],"items_purged_floors":[30,39],"is_endless":false,"potions_floor_spawned":[5,6,7,14,18,28,31,33,36,45],"killed_by":"Time Eater","ascension_level":13}}