{"host":"ibfpjm2kz059o009","time":1609123566,"event":{"mods":["AchievementEnabler","BaseMod","Block Reminder","Colored Powertips","DeckTracker","Googly Eyes","Key Reminder","Minty Spire (QoL Compilation)","Shop Mod","Unceasing Turn Reminder"],"gold_per_floor":[118,118,144,154,173,173,192,192,192,192,11,43,43,62,62,159,159,170,170,170,187,201,201,217,217,217,35,54,54,69,101,101,202,202,213,47,47,57,57,86,102,102,102,68,97,21,21,21],"floor_reached":47,"playtime":2112,"items_purged":[],"score":629,"play_id":"919210e0-f163-4d50-ae25-a52a731445a4","local_time":"20201227214606","is_ascension_mode":true,"campfire_choices":[{"floor":6,"key":"RECALL"},{"data":"Hello World","floor":8,"key":"SMITH"},{"data":"Loop","floor":13,"key":"SMITH"},{"floor":15,"key":"REST"},{"floor":23,"key":"REST"},{"data":"Electrodynamics","floor":25,"key":"SMITH"},{"floor":29,"key":"REST"},{"floor":32,"key":"REST"},{"floor":42,"key":"REST"}],"circlet_count":0,"master_deck":["Strike_B","Strike_B","Strike_B","Strike_B","Defend_B+1","Defend_B+1","Defend_B","Defend_B","Zap","Dualcast","Doom and Gloom+1","Tempest","Leap","Hello World+1","Loop+1","Turbo","Sweeping Beam","Electrodynamics+1","Static Discharge+1","Go for the Eyes","Multi-Cast","Loop+1","Aggregate+1","Go for the Eyes","Turbo+1","Self Repair","Core Surge","Barrage+1","Apotheosis","Bandage Up","Compile Driver+1","Darkness+1","FTL+1","Melter","Echo Form","Sunder"],"relics":["FrozenCore","NeowsBlessing","Du-Vu Doll","Toolbox","PreservedInsect","Nloth\u0027s Gift","MawBank","Bronze Scales","Thread and Needle","Nuclear Battery","StoneCalendar","Emotion Chip","Centennial Puzzle"],"acts_visited":["Exordium","TheCity","TheBeyond"],"potions_floor_usage":[12,21,21,22,31,33,33,35,41,45,47],"damage_taken":[{"damage":0,"enemies":"Cultist","floor":1,"turns":1},{"damage":0,"enemies":"Jaw Worm","floor":4,"turns":1},{"damage":0,"enemies":"Small Slimes","floor":5,"turns":1},{"damage":2,"enemies":"Looter","floor":7,"turns":4},{"damage":13,"enemies":"Gremlin Nob","floor":12,"turns":3},{"damage":5,"enemies":"Red Slaver","floor":14,"turns":3},{"damage":4,"enemies":"Slime Boss","floor":16,"turns":6},{"damage":7,"enemies":"Spheric Guardian","floor":18,"turns":5},{"damage":14,"enemies":"Shell Parasite","floor":21,"turns":4},{"damage":11,"enemies":"Snecko","floor":22,"turns":6},{"damage":11,"enemies":"3 Cultists","floor":24,"turns":3},{"damage":24,"enemies":"Centurion and Healer","floor":28,"turns":4},{"damage":17,"enemies":"Sentry and Sphere","floor":30,"turns":5},{"damage":16,"enemies":"Gremlin Leader","floor":31,"turns":3},{"damage":26,"enemies":"Champ","floor":33,"turns":10},{"damage":45,"enemies":"3 Darklings","floor":35,"turns":4},{"damage":4,"enemies":"Orb Walker","floor":38,"turns":5},{"damage":29,"enemies":"Nemesis","floor":40,"turns":6},{"damage":22,"enemies":"Spire Growth","floor":41,"turns":5},{"damage":49,"enemies":"Giant Head","floor":45,"turns":7},{"damage":24,"enemies":"Maw","floor":47,"turns":5}],"seed_played":"8124435218602388513","potions_obtained":[{"floor":4,"key":"Energy Potion"},{"floor":5,"key":"PotionOfCapacity"},{"floor":16,"key":"SneckoOil"},{"floor":18,"key":"EssenceOfDarkness"},{"floor":21,"key":"Ancient Potion"},{"floor":30,"key":"SkillPotion"},{"floor":31,"key":"SkillPotion"},{"floor":33,"key":"LiquidBronze"},{"floor":40,"key":"AttackPotion"},{"floor":41,"key":"Explosive Potion"},{"floor":45,"key":"Block Potion"}],"is_trial":false,"path_per_floor":["M","?","T","M","M","R","M","R","T","?","$","E","R","M","R","B",null,"M","?","?","M","M","R","M","R","T","$","M","R","M","E","R","B",null,"M","$","?","M","?","E","M","R","T","$","E","$","M"],"character_chosen":"DEFECT","items_purchased":["Loop","Toolbox","Bronze Scales","Aggregate","Apotheosis","Melter","Sunder"],"campfire_rested":5,"item_purchase_floors":[11,11,27,27,36,44,46],"current_hp_per_floor":[75,60,60,60,60,60,58,58,58,58,58,45,45,40,62,58,75,68,68,68,54,43,65,54,54,54,54,30,52,35,19,41,22,75,37,37,37,49,49,36,30,52,52,52,14,14,0,0],"gold":21,"neow_bonus":"THREE_ENEMY_KILL","is_daily":false,"chose_seed":false,"campfire_upgraded":3,"win_rate":0.0,"timestamp":1609123566,"path_taken":["M","?","?","M","M","R","M","R","T","?","$","E","R","M","R","BOSS","M","?","?","M","M","R","M","R","T","$","M","R","?","E","R","BOSS","M","$","?","M","?","E","?","R","T","$","E","?","M"],"items_purchased_type":["Card","Relic","Relic","Card","Card","Card","Card"],"build_version":"2020-12-22","purchased_purges":0,"victory":false,"max_hp_per_floor":[75,75,75,75,75,75,75,75,75,75,75,75,75,75,75,75,75,75,75,75,75,75,75,75,75,75,75,75,75,75,75,75,75,75,75,75,75,75,75,75,75,75,75,75,75,75,75,75],"card_choices":[{"not_picked":["Go for the Eyes","Defragment"],"picked":"Doom and Gloom","floor":1},{"not_picked":["Conserve Battery","Beam Cell"],"picked":"Tempest","floor":4},{"not_picked":["Steam","Ball Lightning"],"picked":"Leap","floor":5},{"not_picked":["Streamline","Skim"],"picked":"Hello World","floor":7},{"not_picked":["Cold Snap","Rebound"],"picked":"Turbo","floor":12},{"not_picked":["Cold Snap","Leap"],"picked":"Sweeping Beam","floor":14},{"not_picked":["Hyperbeam","Multi-Cast"],"picked":"Electrodynamics","floor":16},{"not_picked":["Beam Cell","Stack+1"],"picked":"Static Discharge+1","floor":18},{"not_picked":["Sweeping Beam","Heatsinks"],"picked":"Go for the Eyes","floor":21},{"not_picked":["Turbo","Hologram"],"picked":"Multi-Cast","floor":22},{"not_picked":["Go for the Eyes","Doom and Gloom"],"picked":"Loop+1","floor":24},{"not_picked":["Cold Snap","Skim"],"picked":"Go for the Eyes","floor":28},{"not_picked":["Rip and Tear","Redo"],"picked":"Turbo+1","floor":30},{"not_picked":["Reboot","BootSequence"],"picked":"Self Repair","floor":31},{"not_picked":["Hyperbeam","Reboot"],"picked":"Core Surge","floor":33},{"not_picked":["Genetic Algorithm","Redo"],"picked":"Barrage+1","floor":35},{"not_picked":["Panache","Enlightenment"],"picked":"Bandage Up","floor":37},{"not_picked":["Steam","Reinforced Body"],"picked":"Compile Driver+1","floor":38},{"not_picked":["Cold Snap+1","Force Field+1"],"picked":"Darkness+1","floor":40},{"not_picked":["Fusion+1","Hologram"],"picked":"FTL+1","floor":41},{"not_picked":["Streamline+1","Turbo"],"picked":"Echo Form","floor":45}],"player_experience":591876,"relics_obtained":[{"floor":9,"key":"Du-Vu Doll"},{"floor":12,"key":"Darkstone Periapt"},{"floor":26,"key":"MawBank"},{"floor":31,"key":"Thread and Needle"},{"floor":40,"key":"StoneCalendar"},{"floor":43,"key":"Emotion Chip"},{"floor":45,"key":"Centennial Puzzle"}],"event_choices":[{"damage_healed":0,"gold_gain":0,"player_choice":"Entered Light","damage_taken":15,"max_hp_gain":0,"max_hp_loss":0,"event_name":"Shining Light","floor":2,"gold_loss":0,"cards_upgraded":["Defend_B","Defend_B"]},{"damage_healed":0,"gold_gain":0,"player_choice":"Grow","damage_taken":0,"max_hp_gain":0,"max_hp_loss":0,"event_name":"Living Wall","floor":10,"gold_loss":0,"cards_upgraded":["Doom and Gloom"]},{"damage_healed":0,"gold_gain":0,"player_choice":"Opened","damage_taken":0,"relics_obtained":["PreservedInsect"],"max_hp_gain":0,"max_hp_loss":0,"event_name":"The Mausoleum","floor":19,"gold_loss":0},{"damage_healed":0,"gold_gain":0,"player_choice":"Traded Relic","damage_taken":0,"relics_obtained":["Nloth\u0027s Gift"],"max_hp_gain":0,"max_hp_loss":0,"event_name":"N\u0027loth","floor":20,"relics_lost":["Darkstone Periapt"],"gold_loss":0},{"damage_healed":0,"gold_gain":0,"player_choice":"Memory 1","damage_taken":0,"max_hp_gain":0,"max_hp_loss":0,"event_name":"SensoryStone","floor":37,"gold_loss":0},{"damage_healed":0,"gold_gain":0,"player_choice":"Upgraded","damage_taken":0,"max_hp_gain":0,"max_hp_loss":0,"event_name":"Upgrade Shrine","floor":39,"gold_loss":0,"cards_upgraded":["Aggregate"]}],"is_beta":false,"boss_relics":[{"not_picked":["SlaversCollar","Ectoplasm"],"picked":"FrozenCore"},{"not_picked":["Astrolabe","Tiny House"],"picked":"Nuclear Battery"}],"items_purged_floors":[],"is_endless":false,"potions_floor_spawned":[4,5,16,18,21,30,31,33,40,41,45],"killed_by":"Maw","ascension_level":4}}