{"host":"x1qj4d8ympd5jdqh","time":1609156802,"event":{"mods":["AchievementEnabler","AlwaysNeverKeys","BaseMod","Colored Map","Custom Start","DeckTracker","Highlight Path","Minty Spire (QoL Compilation)","StSLib","SuperFastMode"],"gold_per_floor":[110,125,125,50,69,69,99,126,206,206,222,237,312,341,341,341,341],"floor_reached":16,"playtime":401,"items_purged":["Strike_R"],"score":270,"play_id":"99c5faba-21d6-4e0a-9eff-3028f4e9ac82","local_time":"20201228210002","is_ascension_mode":true,"campfire_choices":[{"data":"Immolate","floor":6.0,"key":"SMITH"},{"data":"Inflame","floor":15.0,"key":"SMITH"}],"circlet_count":0,"master_deck":["AscendersBane","Strike_R","Strike_R","Strike_R","Strike_R","Defend_R","Defend_R","Defend_R","Defend_R","Bash","Immolate+1","Evolve","Seeing Red","Shrug It Off","Wild Strike","Shrug It Off","Inflame+1"],"relics":["Burning Blood","Odd Mushroom","PreservedInsect","InkBottle","StrikeDummy","Champion Belt"],"acts_visited":["Exordium"],"potions_floor_usage":[16],"damage_taken":[{"damage":1.0,"enemies":"Small Slimes","floor":1.0,"turns":4.0},{"damage":4.0,"enemies":"Jaw Worm","floor":2.0,"turns":4.0},{"damage":5.0,"enemies":"2 Louse","floor":5.0,"turns":2.0},{"damage":0.0,"enemies":"The Mushroom Lair","floor":7.0,"turns":1.0},{"damage":0.0,"enemies":"Gremlin Nob","floor":8.0,"turns":2.0},{"damage":0.0,"enemies":"2 Fungi Beasts","floor":11.0,"turns":1.0},{"damage":0.0,"enemies":"3 Louse","floor":12.0,"turns":3.0},{"damage":35.0,"enemies":"Lagavulin","floor":14.0,"turns":4.0},{"damage":18,"enemies":"Hexaghost","floor":16,"turns":7}],"seed_played":"3159002497792567383","potions_obtained":[{"floor":5.0,"key":"Weak Potion"},{"floor":7.0,"key":"ColorlessPotion"},{"floor":8.0,"key":"BloodPotion"}],"is_trial":false,"path_per_floor":["M","M","?","$","M","R","?","E","T","?","M","M","?","E","R","B"],"character_chosen":"IRONCLAD","items_purchased":[],"campfire_rested":0,"item_purchase_floors":[],"current_hp_per_floor":[68,68,68,68,68,68,68,68,68,33,39,45,34,18,18,0,0],"gold":341,"neow_bonus":"THREE_RARE_CARDS","is_daily":false,"chose_seed":false,"campfire_upgraded":2,"win_rate":0.0,"timestamp":1609156802,"path_taken":["M","M","?","$","M","R","?","E","T","?","M","M","?","E","R","BOSS"],"items_purchased_type":[],"build_version":"2020-12-22","purchased_purges":1,"victory":false,"max_hp_per_floor":[68,68,68,68,68,68,68,68,68,68,68,68,68,68,68,68,68],"card_choices":[{"not_picked":["Juggernaut","Impervious"],"picked":"Immolate","floor":0.0},{"not_picked":["Sword Boomerang","Heavy Blade","Cleave"],"picked":"SKIP","floor":1.0},{"not_picked":["Rampage","Iron Wave"],"picked":"Evolve","floor":2.0},{"not_picked":["Havoc","True Grit","Sword Boomerang"],"picked":"SKIP","floor":5.0},{"not_picked":["Berserk","Metallicize"],"picked":"Seeing Red","floor":7.0},{"not_picked":["Thunderclap","Feel No Pain"],"picked":"Shrug It Off","floor":8.0},{"not_picked":["Twin Strike","Clash"],"picked":"Wild Strike","floor":11.0},{"not_picked":["Iron Wave","Feel No Pain"],"picked":"Shrug It Off","floor":12.0},{"not_picked":["Ghostly Armor","Armaments"],"picked":"Inflame","floor":14.0}],"player_experience":1277865,"relics_obtained":[{"floor":7.0,"key":"Odd Mushroom"},{"floor":8.0,"key":"PreservedInsect"},{"floor":9.0,"key":"InkBottle"},{"floor":14.0,"key":"Champion Belt"}],"event_choices":[{"damage_healed":0.0,"max_hp_gain":0.0,"max_hp_loss":0.0,"gold_gain":0.0,"event_name":"Liars Game","player_choice":"Ignored","floor":3.0,"gold_loss":0.0,"damage_taken":0.0},{"damage_healed":0.0,"max_hp_gain":0.0,"max_hp_loss":0.0,"gold_gain":0.0,"event_name":"Mushrooms","player_choice":"Fought Mushrooms","floor":7.0,"gold_loss":0.0,"damage_taken":0.0},{"damage_healed":0.0,"max_hp_gain":0.0,"max_hp_loss":0.0,"gold_gain":0.0,"event_name":"Scrap Ooze","player_choice":"Success","floor":10.0,"gold_loss":0.0,"damage_taken":35.0,"relics_obtained":["StrikeDummy"]},{"damage_healed":0.0,"max_hp_gain":0.0,"max_hp_loss":0.0,"gold_gain":75.0,"event_name":"World of Goop","player_choice":"Gather Gold","floor":13.0,"gold_loss":0.0,"damage_taken":11.0}],"is_beta":false,"boss_relics":[],"items_purged_floors":[4],"is_endless":false,"potions_floor_spawned":[5,7,8],"killed_by":"Hexaghost","ascension_level":20}}