{"host":"cnluwb240fdd52tp","time":1609176081,"event":{"mods":["BaseMod","Colored Map","DeckTracker","Infinite Spire","Minty Spire (QoL Compilation)","Rare Cards Sparkle","StSLib"],"gold_per_floor":[114,114,114,128,148,174,193,228,228],"floor_reached":8,"playtime":788,"items_purged":[],"score":71,"play_id":"2ee76840-18e6-48da-b2ab-d2e9e009adf1","local_time":"20201228182121","is_ascension_mode":true,"campfire_choices":[],"circlet_count":0,"master_deck":["Strike_R","Strike_R","Strike_R","Strike_R","Strike_R","Defend_R","Defend_R","Defend_R","Defend_R","Bash","infinitespire:Menacing","Heavy Blade","Flex","Heavy Blade"],"relics":["Coffee Dripper","White Beast Statue","CaptainsWheel"],"acts_visited":["Exordium"],"potions_floor_usage":[8,8],"damage_taken":[{"damage":1,"enemies":"Jaw Worm","floor":1,"turns":3},{"damage":2,"enemies":"2 Louse","floor":4,"turns":3},{"damage":0,"enemies":"Cultist","floor":5,"turns":3},{"damage":10,"enemies":"Gremlin Nob","floor":6,"turns":4},{"damage":10,"enemies":"Gremlin Gang","floor":7,"turns":4},{"damage":18,"enemies":"Lagavulin","floor":8,"turns":4}],"seed_played":"-4555415606504193578","potions_obtained":[{"floor":1,"key":"LiquidBronze"},{"floor":5,"key":"Weak Potion"},{"floor":7,"key":"ElixirPotion"},{"floor":8,"key":"Dexterity Potion"}],"is_trial":false,"path_per_floor":["M","?","$","M","M","E","M","E"],"character_chosen":"IRONCLAD","items_purchased":[],"campfire_rested":0,"item_purchase_floors":[],"current_hp_per_floor":[79,58,58,56,56,46,36,18,18],"gold":228,"neow_bonus":"BOSS_RELIC","is_daily":false,"chose_seed":false,"campfire_upgraded":0,"win_rate":0.0,"timestamp":1609176081,"path_taken":["M","?","$","M","M","E","M","E"],"items_purchased_type":[],"build_version":"2020-12-22","purchased_purges":0,"victory":false,"max_hp_per_floor":[80,80,80,80,80,80,80,80,80],"card_choices":[{"not_picked":["Dual Wield","Flame Barrier","Power Through"],"picked":"SKIP","floor":1},{"not_picked":["infinitespire:UltimateForm","infinitespire:Gouge"],"picked":"infinitespire:Menacing","floor":2},{"not_picked":["Warcry","Power Through"],"picked":"Heavy Blade","floor":4},{"not_picked":["Iron Wave","Thunderclap","Evolve"],"picked":"SKIP","floor":5},{"not_picked":["Twin Strike","Armaments"],"picked":"Flex","floor":6},{"not_picked":["Sentinel","Flex"],"picked":"Heavy Blade","floor":7}],"player_experience":165228,"relics_obtained":[{"floor":6,"key":"White Beast Statue"},{"floor":8,"key":"CaptainsWheel"}],"event_choices":[],"is_beta":false,"boss_relics":[],"items_purged_floors":[],"is_endless":false,"potions_floor_spawned":[1,5,7,8],"killed_by":"Lagavulin","ascension_level":1}}