{"host":"ilxricga2547gmyy","time":1609195926,"event":{"mods":["AchievementEnabler","BaseMod","Minty Spire (QoL Compilation)","Quick Restart","StSLib"],"gold_per_floor":[19,31,43,56,74,105,105,137,137,137,197,197,229,245,245,347,347,364,289,323,323,4,4,37,49,49,80,94,108,108,135,135,238,238,254,254,270,270,121,121,121],"floor_reached":40,"playtime":1728,"items_purged":["Strike_R"],"score":696,"play_id":"d7f6a0e8-c58f-41fd-9178-7bf631834807","local_time":"20201228235206","is_ascension_mode":true,"campfire_choices":[{"floor":7,"key":"REST"},{"floor":10,"key":"REST"},{"data":"Offering","floor":15,"key":"SMITH"},{"data":"Demon Form","floor":23,"key":"SMITH"},{"floor":30,"key":"REST"},{"floor":32,"key":"REST"}],"circlet_count":0,"master_deck":["AscendersBane","Strike_R","Defend_R","Defend_R","Defend_R","Defend_R","Bash","Wild Strike","Thunderclap","Offering+1","Cleave","Anger","Flame Barrier+1","True Grit","Battle Trance","Demon Form+1","Clash","Body Slam+1","Offering","Headbutt","Whirlwind+1","Corruption","Enlightenment","Burning Pact+1"],"relics":["Burning Blood","CaptainsWheel","Pantograph","Orichalcum","Meat on the Bone","Ancient Tea Set","Bottled Flame","Empty Cage","Red Mask","Kunai","Pen Nib","Blood Vial","Singing Bowl","Toy Ornithopter","Runic Cube","Bag of Preparation"],"acts_visited":["Exordium","TheCity","TheBeyond"],"potions_floor_usage":[6,6,8,13,20,24,24,28,28,31,40,40],"damage_taken":[{"damage":2,"enemies":"2 Louse","floor":1,"turns":3},{"damage":19,"enemies":"Jaw Worm","floor":2,"turns":3},{"damage":20,"enemies":"Small Slimes","floor":3,"turns":3},{"damage":14,"enemies":"Exordium Wildlife","floor":4,"turns":4},{"damage":8,"enemies":"3 Louse","floor":5,"turns":4},{"damage":29,"enemies":"Gremlin Nob","floor":6,"turns":6},{"damage":26,"enemies":"3 Sentries","floor":8,"turns":6},{"damage":11,"enemies":"3 Sentries","floor":11,"turns":7},{"damage":22,"enemies":"Lagavulin","floor":13,"turns":6},{"damage":0,"enemies":"Red Slaver","floor":14,"turns":4},{"damage":57,"enemies":"The Guardian","floor":16,"turns":10},{"damage":0,"enemies":"3 Byrds","floor":18,"turns":3},{"damage":14,"enemies":"Masked Bandits","floor":20,"turns":4},{"damage":31,"enemies":"Book of Stabbing","floor":24,"turns":6},{"damage":6,"enemies":"Chosen","floor":25,"turns":4},{"damage":50,"enemies":"Gremlin Leader","floor":27,"turns":7},{"damage":28,"enemies":"Snake Plant","floor":28,"turns":3},{"damage":24,"enemies":"Shelled Parasite and Fungi","floor":29,"turns":3},{"damage":28,"enemies":"Book of Stabbing","floor":31,"turns":4},{"damage":62,"enemies":"Champ","floor":33,"turns":9},{"damage":21,"enemies":"3 Shapes","floor":35,"turns":3},{"damage":12,"enemies":"Orb Walker","floor":37,"turns":3},{"damage":110,"enemies":"Nemesis","floor":40,"turns":10}],"seed_played":"1087164064557003681","potions_obtained":[{"floor":2,"key":"PowerPotion"},{"floor":5,"key":"Block Potion"},{"floor":6,"key":"LiquidMemories"},{"floor":8,"key":"PowerPotion"},{"floor":13,"key":"GamblersBrew"},{"floor":14,"key":"BloodPotion"},{"floor":18,"key":"Energy Potion"},{"floor":20,"key":"LiquidMemories"},{"floor":24,"key":"BlessingOfTheForge"},{"floor":29,"key":"DuplicationPotion"},{"floor":33,"key":"LiquidBronze"},{"floor":37,"key":"Strength Potion"}],"is_trial":false,"path_per_floor":["M","M","M","M","M","E","R","E","T","R","?","?","E","M","R","B",null,"M","?","?","?","$","R","E","M","T","E","M","M","R","E","R","B",null,"M","?","M","?","$","E"],"character_chosen":"IRONCLAD","items_purchased":["Kunai","Bag of Preparation"],"campfire_rested":4,"item_purchase_floors":[22,39],"current_hp_per_floor":[76,63,49,41,39,16,40,20,20,44,51,51,47,53,53,39,70,76,76,68,68,68,68,55,55,55,27,35,33,58,52,77,42,75,64,64,60,60,60,0,0],"gold":121,"neow_bonus":"ONE_RARE_RELIC","is_daily":false,"chose_seed":false,"campfire_upgraded":2,"win_rate":0.0,"timestamp":1609195926,"path_taken":["M","M","M","M","M","E","R","E","T","R","?","?","E","M","R","BOSS","M","?","?","?","$","R","E","M","T","E","M","?","R","E","R","BOSS","M","?","M","?","$","E"],"items_purchased_type":["Relic","Relic"],"build_version":"2020-12-22","purchased_purges":1,"victory":false,"max_hp_per_floor":[80,80,80,80,80,80,80,80,80,80,80,80,80,80,80,80,80,80,80,80,80,80,80,80,80,80,82,82,84,84,86,86,86,86,88,88,88,88,88,88,88],"card_choices":[{"not_picked":["Thunderclap","Iron Wave"],"picked":"Wild Strike","floor":1},{"not_picked":["Sentinel","Twin Strike","Rage"],"picked":"SKIP","floor":2},{"not_picked":["Havoc","Sword Boomerang"],"picked":"Thunderclap","floor":3},{"not_picked":["Combust","Armaments"],"picked":"Offering","floor":4},{"not_picked":["Sentinel","Iron Wave"],"picked":"Cleave","floor":5},{"not_picked":["Flex","Dual Wield"],"picked":"Anger","floor":6},{"not_picked":["Brutality","Disarm"],"picked":"Flame Barrier","floor":8},{"not_picked":["Armaments","Pommel Strike"],"picked":"True Grit","floor":11},{"not_picked":["Armaments","Cleave","Flex"],"picked":"SKIP","floor":13},{"not_picked":["Cleave","True Grit"],"picked":"Battle Trance","floor":14},{"not_picked":["Barricade","Brutality"],"picked":"Demon Form","floor":16},{"not_picked":["Seeing Red","Shrug It Off"],"picked":"Clash","floor":18},{"not_picked":["Warcry","Headbutt"],"picked":"Body Slam+1","floor":20},{"not_picked":["Battle Trance+1","Combust+1"],"picked":"Offering","floor":24},{"not_picked":["Iron Wave","Twin Strike"],"picked":"Headbutt","floor":25},{"not_picked":["Clothesline","Sever Soul","Perfected Strike"],"picked":"Singing Bowl","floor":27},{"not_picked":["Infernal Blade","Flex"],"picked":"Whirlwind+1","floor":28},{"not_picked":["Blood for Blood","Thunderclap","True Grit"],"picked":"Singing Bowl","floor":29},{"not_picked":["Iron Wave","Clash","Fire Breathing"],"picked":"Singing Bowl","floor":31},{"not_picked":["Immolate","Impervious"],"picked":"Corruption","floor":33},{"not_picked":["Havoc","Wild Strike+1","Evolve"],"picked":"Singing Bowl","floor":35},{"not_picked":["Madness","Magnetism"],"picked":"Enlightenment","floor":36},{"not_picked":["Armaments","Entrench"],"picked":"Burning Pact+1","floor":37}],"player_experience":263152,"relics_obtained":[{"floor":6,"key":"Pantograph"},{"floor":8,"key":"Orichalcum"},{"floor":9,"key":"Meat on the Bone"},{"floor":11,"key":"Ancient Tea Set"},{"floor":13,"key":"Bottled Flame"},{"floor":20,"key":"Red Mask"},{"floor":24,"key":"Pen Nib"},{"floor":26,"key":"Blood Vial"},{"floor":27,"key":"Singing Bowl"},{"floor":31,"key":"Toy Ornithopter"}],"event_choices":[{"damage_healed":0,"gold_gain":30,"player_choice":"Searched \u00273\u0027 times","damage_taken":0,"max_hp_gain":0,"max_hp_loss":0,"event_name":"Dead Adventurer","floor":11,"gold_loss":0},{"damage_healed":0,"gold_gain":0,"player_choice":"Grow","damage_taken":0,"max_hp_gain":0,"max_hp_loss":0,"event_name":"Living Wall","floor":12,"gold_loss":0,"cards_upgraded":["Flame Barrier"]},{"cards_removed":["Strike_R"],"damage_healed":0,"gold_gain":0,"player_choice":"Gave Gold","damage_taken":0,"max_hp_gain":0,"max_hp_loss":0,"event_name":"Beggar","floor":19,"gold_loss":75},{"damage_healed":0,"gold_gain":0,"player_choice":"Fought Bandits","damage_taken":0,"max_hp_gain":0,"max_hp_loss":0,"event_name":"Masked Bandits","floor":20,"gold_loss":0},{"damage_healed":0,"gold_gain":0,"player_choice":"Ignored","damage_taken":0,"max_hp_gain":0,"max_hp_loss":0,"event_name":"The Mausoleum","floor":21,"gold_loss":0},{"damage_healed":0,"gold_gain":0,"player_choice":"Memory 1","damage_taken":0,"max_hp_gain":0,"max_hp_loss":0,"event_name":"SensoryStone","floor":36,"gold_loss":0},{"damage_healed":0,"gold_gain":0,"player_choice":"Ignored","damage_taken":0,"max_hp_gain":0,"max_hp_loss":0,"event_name":"SecretPortal","floor":38,"gold_loss":0}],"is_beta":false,"boss_relics":[{"not_picked":["Sozu","Runic Pyramid"],"picked":"Empty Cage"},{"not_picked":["Tiny House","Cursed Key"],"picked":"Runic Cube"}],"items_purged_floors":[22],"is_endless":false,"potions_floor_spawned":[2,5,6,8,13,14,18,20,24,29,33,37],"killed_by":"Nemesis","ascension_level":10}}