{"host":"8dslgxri5anf0td9","time":1609193933,"event":{"mods":["BaseMod","Colored Map","Colored Powertips","DeckTracker","Minty Spire (QoL Compilation)"],"gold_per_floor":[109,119,139,139,139,139,172,186,186,186,198,198,212,232,232,337,337,353,353,366,223,223,223,249,259,259,278,278,193,193,211,211,311,311,325,122,122,139,149,179,179,191,191,191,191,36,36,48,48,48],"floor_reached":51,"playtime":13302,"items_purged":["Defend_B","Strike_B"],"score":649,"play_id":"3794642f-6188-4372-b05c-5e171787cdb1","local_time":"20201228171853","is_ascension_mode":false,"campfire_choices":[{"data":"Hologram","floor":6.0,"key":"SMITH"},{"data":"Conserve Battery","floor":10.0,"key":"SMITH"},{"data":"Streamline","floor":12.0,"key":"SMITH"},{"floor":15.0,"key":"REST"},{"floor":23.0,"key":"REST"},{"data":"Coolheaded","floor":30.0,"key":"SMITH"},{"data":"1","floor":32.0,"key":"LIFT"},{"data":"2","floor":41.0,"key":"LIFT"},{"floor":45,"key":"REST"},{"data":"Creative AI","floor":49,"key":"SMITH"}],"circlet_count":0,"master_deck":["Strike_B","Strike_B","Defend_B","Defend_B","Zap","Dualcast","Streamline+1","Rebound","Hologram+1","Conserve Battery+1","Glacier","Hologram","Glacier","Creative AI+1","Steam","Barrage","Defragment","Coolheaded+1","Seek","Conserve Battery","Seek","Redo","Self Repair","Redo","Doom and Gloom+1","Compile Driver+1","Conserve Battery+1","Coolheaded+1"],"relics":["Cracked Core","Vajra","Bottled Lightning","Nuclear Battery","Girya","InkBottle","Pocketwatch","Velvet Choker","Question Card","Mercury Hourglass","Happy Flower","Kunai"],"acts_visited":["Exordium","TheCity","TheBeyond"],"potions_floor_usage":[50,50,50],"damage_taken":[{"damage":0.0,"enemies":"Small Slimes","floor":1.0,"turns":2.0},{"damage":0.0,"enemies":"2 Louse","floor":2.0,"turns":3.0},{"damage":1.0,"enemies":"Jaw Worm","floor":3.0,"turns":3.0},{"damage":20.0,"enemies":"Gremlin Nob","floor":7.0,"turns":4.0},{"damage":3.0,"enemies":"Large Slime","floor":8.0,"turns":6.0},{"damage":0.0,"enemies":"Looter","floor":11.0,"turns":2.0},{"damage":3.0,"enemies":"Red Slaver","floor":13.0,"turns":4.0},{"damage":3.0,"enemies":"Exordium Thugs","floor":14.0,"turns":4.0},{"damage":17.0,"enemies":"Slime Boss","floor":16.0,"turns":15.0},{"damage":21.0,"enemies":"3 Byrds","floor":18.0,"turns":9.0},{"damage":0.0,"enemies":"Shell Parasite","floor":20.0,"turns":9.0},{"damage":9.0,"enemies":"Book of Stabbing","floor":24.0,"turns":7.0},{"damage":4.0,"enemies":"Snake Plant","floor":25.0,"turns":3.0},{"damage":8.0,"enemies":"Cultist and Chosen","floor":27.0,"turns":7.0},{"damage":2.0,"enemies":"Centurion and Healer","floor":31.0,"turns":7.0},{"damage":49.0,"enemies":"Champ","floor":33.0,"turns":13.0},{"damage":3.0,"enemies":"3 Darklings","floor":35.0,"turns":5.0},{"damage":10.0,"enemies":"Orb Walker","floor":38.0,"turns":3.0},{"damage":3.0,"enemies":"Jaw Worm Horde","floor":39.0,"turns":6.0},{"damage":35.0,"enemies":"Nemesis","floor":40.0,"turns":13.0},{"damage":6,"enemies":"4 Shapes","floor":42,"turns":6},{"damage":0,"enemies":"Sphere and 2 Shapes","floor":48,"turns":6},{"damage":72,"enemies":"Donu and Deca","floor":50,"turns":13}],"seed_played":"-5921589742989811987","potions_obtained":[{"floor":7.0,"key":"FearPotion"},{"floor":13.0,"key":"Regen Potion"},{"floor":14.0,"key":"Dexterity Potion"},{"floor":24.0,"key":"Strength Potion"},{"floor":25.0,"key":"EssenceOfDarkness"},{"floor":33.0,"key":"EssenceOfSteel"},{"floor":38.0,"key":"Weak Potion"},{"floor":40.0,"key":"Dexterity Potion"}],"is_trial":false,"path_per_floor":["M","M","M","?","?","R","E","M","T","R","M","R","M","M","R","B",null,"M","$","M","$","?","R","E","M","T","M","?","?","R","M","R","B",null,"M","$","?","M","M","E","R","M","T","?","R","$","T","M","R","B",null],"character_chosen":"DEFECT","items_purchased":["Defragment","Self Repair","Redo","Happy Flower"],"campfire_rested":3,"item_purchase_floors":[21,36,36,46],"current_hp_per_floor":[75,75,74,74,74,74,54,51,51,51,51,51,48,45,67,50,75,54,54,54,54,54,75,66,62,62,54,54,54,54,52,52,18,75,72,72,72,69,73,45,45,46,46,46,68,68,68,75,75,3],"gold":48,"neow_bonus":"REMOVE_CARD","is_daily":false,"chose_seed":false,"campfire_upgraded":5,"win_rate":0.0,"timestamp":1609193933,"path_taken":["M","M","M","?","?","R","E","M","T","R","M","R","M","M","R","BOSS","M","$","M","$","?","R","E","M","T","M","?","?","R","M","R","BOSS","M","$","?","M","M","E","R","M","T","?","R","$","?","M","R","BOSS"],"items_purchased_type":["Card","Card","Card","Relic"],"build_version":"2020-12-22","purchased_purges":2,"victory":true,"max_hp_per_floor":[75,75,75,75,75,75,75,75,75,75,75,75,75,75,75,75,75,75,75,75,75,75,75,75,75,75,75,75,75,75,75,75,75,75,75,75,75,75,75,75,75,75,75,75,75,75,75,75,75,75],"card_choices":[{"not_picked":["Go for the Eyes","Leap"],"picked":"Streamline","floor":1.0},{"not_picked":["Streamline","Sweeping Beam"],"picked":"Rebound","floor":2.0},{"not_picked":["Compile Driver","Sweeping Beam"],"picked":"Hologram","floor":3.0},{"not_picked":["Chaos","Tempest"],"picked":"Conserve Battery","floor":7.0},{"not_picked":["Streamline","Doom and Gloom","Sweeping Beam"],"picked":"SKIP","floor":8.0},{"not_picked":["Aggregate","Stack"],"picked":"Glacier","floor":11.0},{"not_picked":["Darkness","Stack"],"picked":"Hologram","floor":13.0},{"not_picked":["Barrage","Chaos"],"picked":"Glacier","floor":14.0},{"not_picked":["Buffer","Thunder Strike"],"picked":"Creative AI","floor":16.0},{"not_picked":["Go for the Eyes","Beam Cell"],"picked":"Steam","floor":18.0},{"not_picked":["Go for the Eyes+1","Cold Snap"],"picked":"Barrage","floor":20.0},{"not_picked":["Chaos","Reprogram"],"picked":"Seek","floor":24.0},{"not_picked":["Hologram","Doom and Gloom","Gash"],"picked":"SKIP","floor":25.0},{"not_picked":["Stack+1","Skim"],"picked":"Conserve Battery","floor":27.0},{"not_picked":["Reinforced Body+1","Rebound","White Noise"],"picked":"SKIP","floor":31.0},{"not_picked":["Buffer","Creative AI"],"picked":"Seek","floor":33.0},{"not_picked":["Gash+1","Conserve Battery+1"],"picked":"Redo","floor":35.0},{"not_picked":["Barrage+1","Steam"],"picked":"Doom and Gloom+1","floor":38.0},{"not_picked":["All For One","Steam+1","Melter+1"],"picked":"SKIP","floor":39.0},{"not_picked":["Doom and Gloom","Auto Shields"],"picked":"Compile Driver+1","floor":40.0},{"not_picked":["Sweeping Beam","Leap+1","Steam+1"],"picked":"Conserve Battery+1","floor":42},{"not_picked":["Rebound","Conserve Battery","Steam+1"],"picked":"Coolheaded+1","floor":48}],"player_experience":72424,"relics_obtained":[{"floor":7.0,"key":"Vajra"},{"floor":9.0,"key":"Bottled Lightning"},{"floor":24.0,"key":"Girya"},{"floor":26.0,"key":"InkBottle"},{"floor":40.0,"key":"Question Card"},{"floor":43,"key":"Mercury Hourglass"},{"floor":47,"key":"Kunai"}],"event_choices":[{"damage_healed":0.0,"max_hp_gain":0.0,"max_hp_loss":0.0,"gold_gain":0.0,"event_name":"Scrap Ooze","player_choice":"Fled","floor":4.0,"gold_loss":0.0,"damage_taken":0.0},{"damage_healed":0.0,"max_hp_gain":0.0,"max_hp_loss":0.0,"gold_gain":0.0,"event_name":"Liars Game","player_choice":"Ignored","floor":5.0,"gold_loss":0.0,"damage_taken":0.0},{"damage_healed":0.0,"max_hp_gain":0.0,"max_hp_loss":0.0,"gold_gain":0.0,"event_name":"The Library","player_choice":"Read","floor":22.0,"gold_loss":0.0,"damage_taken":0.0,"cards_obtained":["Coolheaded"]},{"damage_healed":0.0,"max_hp_gain":0.0,"max_hp_loss":0.0,"gold_gain":0.0,"event_name":"Vampires","player_choice":"Ignored","floor":28.0,"gold_loss":0.0,"damage_taken":0.0},{"damage_healed":0.0,"max_hp_gain":0.0,"max_hp_loss":0.0,"gold_gain":0.0,"event_name":"Addict","player_choice":"Obtained Relic","floor":29.0,"gold_loss":85.0,"damage_taken":0.0,"relics_obtained":["Pocketwatch"]},{"cards_removed":["Defend_B"],"damage_healed":0.0,"max_hp_gain":0.0,"max_hp_loss":0.0,"gold_gain":0.0,"event_name":"Wheel of Change","player_choice":"Card Removal","floor":37.0,"gold_loss":0.0,"damage_taken":0.0},{"damage_healed":0,"gold_gain":0,"player_choice":"Ignored","damage_taken":0,"max_hp_gain":0,"max_hp_loss":0,"event_name":"SecretPortal","floor":44,"gold_loss":0}],"is_beta":false,"boss_relics":[{"not_picked":["Calling Bell","Runic Dome"],"picked":"Nuclear Battery"},{"not_picked":["Astrolabe","SacredBark"],"picked":"Velvet Choker"}],"items_purged_floors":[21,36],"is_endless":false,"potions_floor_spawned":[7,13,14,24,25,31,33,38,40,42],"ascension_level":0}}