{"host":"agbyy69nq62afhwx","time":1609172532,"event":{"mods":["BaseMod","Colored Map","DeckTracker","Highlight Path","Keyboard Shortcuts","Minty Spire (QoL Compilation)","Quick Restart","StSLib","SuperFastMode","everything is the same but u backflip on backflip"],"gold_per_floor":[115,133,144,161,161,161,178,208,234,254,329,329,339,359,359,359,359],"floor_reached":16,"playtime":273,"items_purged":[],"score":178,"play_id":"18004a65-7db7-4b88-a086-ed5616f8bdb5","local_time":"20201229012212","is_ascension_mode":true,"campfire_choices":[{"data":"Blade Dance","floor":6.0,"key":"SMITH"},{"data":"Calculated Gamble","floor":12.0,"key":"SMITH"},{"data":"Choke","floor":15.0,"key":"SMITH"}],"circlet_count":0,"master_deck":["AscendersBane","Strike_G","Strike_G","Strike_G","Strike_G","Strike_G","Defend_G","Defend_G","Defend_G","Defend_G","Defend_G","Survivor","Neutralize","PiercingWail","Blade Dance+1","Calculated Gamble+1","Dagger Spray","Choke+1"],"relics":["Ring of the Snake","NeowsBlessing","MealTicket"],"acts_visited":[],"potions_floor_usage":[16],"damage_taken":[{"damage":0.0,"enemies":"Small Slimes","floor":1.0,"turns":1.0},{"damage":0.0,"enemies":"Jaw Worm","floor":2.0,"turns":1.0},{"damage":0.0,"enemies":"2 Louse","floor":3.0,"turns":1.0},{"damage":7.0,"enemies":"Exordium Wildlife","floor":4.0,"turns":6.0},{"damage":8.0,"enemies":"Blue Slaver","floor":7.0,"turns":4.0},{"damage":0.0,"enemies":"Lots of Slimes","floor":10.0,"turns":1.0},{"damage":3.0,"enemies":"Looter","floor":13.0,"turns":3.0},{"damage":0.0,"enemies":"2 Fungi Beasts","floor":14.0,"turns":2.0},{"damage":32,"enemies":"Hexaghost","floor":16,"turns":11}],"seed_played":"2250494689552100364","potions_obtained":[{"floor":1.0,"key":"Fire Potion"},{"floor":2.0,"key":"PowerPotion"},{"floor":14.0,"key":"GhostInAJar"}],"is_trial":false,"path_per_floor":["M","M","M","M","?","R","M","?","T","M","?","R","M","M","R","B"],"character_chosen":"THE_SILENT","items_purchased":[],"campfire_rested":0,"item_purchase_floors":[],"current_hp_per_floor":[59,59,59,52,52,52,44,44,44,44,33,33,30,30,30,0,0],"gold":359,"neow_bonus":"THREE_ENEMY_KILL","is_daily":false,"chose_seed":false,"campfire_upgraded":3,"win_rate":0.0,"timestamp":1609172532,"path_taken":["M","M","M","M","?","R","M","?","T","M","?","R","?","M","R","BOSS"],"items_purchased_type":[],"build_version":"2020-12-22","purchased_purges":0,"victory":false,"max_hp_per_floor":[66,66,66,66,66,66,66,66,66,66,66,66,66,66,66,66,66],"card_choices":[{"not_picked":["Setup","Prepared"],"picked":"PiercingWail","floor":1.0},{"not_picked":["Bane","Choke"],"picked":"Blade Dance","floor":2.0},{"not_picked":["Slice","Dagger Throw","Bane"],"picked":"SKIP","floor":3.0},{"not_picked":["Setup","Expertise"],"picked":"Calculated Gamble","floor":4.0},{"not_picked":["Masterful Stab","All Out Attack"],"picked":"Dagger Spray","floor":7.0},{"not_picked":["Prepared","PiercingWail","Footwork"],"picked":"SKIP","floor":10.0},{"not_picked":["Footwork","Quick Slash","Sucker Punch"],"picked":"SKIP","floor":13.0},{"not_picked":["Dodge and Roll","Crippling Poison"],"picked":"Choke","floor":14.0}],"player_experience":396585,"relics_obtained":[{"floor":9.0,"key":"MealTicket"}],"event_choices":[{"damage_healed":0.0,"max_hp_gain":0.0,"max_hp_loss":0.0,"gold_gain":0.0,"event_name":"Liars Game","player_choice":"Ignored","floor":5.0,"gold_loss":0.0,"damage_taken":0.0},{"damage_healed":0.0,"max_hp_gain":0.0,"max_hp_loss":0.0,"gold_gain":30.0,"event_name":"Dead Adventurer","player_choice":"Searched \u00272\u0027 times","floor":8.0,"gold_loss":0.0,"damage_taken":0.0},{"damage_healed":0.0,"max_hp_gain":0.0,"max_hp_loss":0.0,"gold_gain":75.0,"event_name":"World of Goop","player_choice":"Gather Gold","floor":11.0,"gold_loss":0.0,"damage_taken":11.0}],"is_beta":false,"boss_relics":[],"items_purged_floors":[],"is_endless":false,"potions_floor_spawned":[1,2,14],"killed_by":"Hexaghost","ascension_level":17}}