{"host":"sh8ot41fo7a0kahq","time":1609124799,"event":{"mods":["ATMod(°¢èªMod)","BaseMod","Better Third Choice","Colored Powertips","Displayed Cursed Tome","Minty Spire (QoL Compilation)","Quick Restart","Spicy Shops","StSLib","UnlockEverythingMod","¡¾ÒÅÎï¿¨ÅÆ¡¿REMEMod"],"gold_per_floor":[117,117,127,144,160,173,173,186,233,276,288,350,451,528,540,552,552],"floor_reached":16,"playtime":501,"items_purged":[],"score":157,"play_id":"f480bbbf-f604-40d0-adf7-4b652667510c","local_time":"20201228110639","is_ascension_mode":true,"campfire_choices":[{"data":"AT_RightCognition","floor":7.0,"key":"SMITH"},{"floor":11.0,"key":"REST"},{"floor":15,"key":"REST"}],"circlet_count":0,"master_deck":["Strike_B","Strike_B","Strike_B","Strike_B","Defend_B","Defend_B","Defend_B","Defend_B","Zap","Dualcast","AT_RightCognition+1","Expertise","Turbo","AT_WarpDrive","Self Repair","Ball Lightning"],"relics":["Cracked Core","AT_ATBox","REME_ComplimentaryCards","NeowsBlessing","MawBank","AT_MibuBalloonWealth","Singing Bowl"],"acts_visited":["Exordium"],"potions_floor_usage":[14,14,14],"damage_taken":[{"damage":0.0,"enemies":"Small Slimes","floor":1.0,"turns":1.0},{"damage":0.0,"enemies":"Cultist","floor":3.0,"turns":1.0},{"damage":0.0,"enemies":"Jaw Worm","floor":4.0,"turns":1.0},{"damage":19.0,"enemies":"Blue Slaver","floor":5.0,"turns":5.0},{"damage":18.0,"enemies":"Large Slime","floor":6.0,"turns":7.0},{"damage":2.0,"enemies":"2 Fungi Beasts","floor":8.0,"turns":4.0},{"damage":15.0,"enemies":"Lagavulin","floor":10.0,"turns":5.0},{"damage":28.0,"enemies":"Gremlin Nob","floor":12.0,"turns":4.0},{"damage":24.0,"enemies":"3 Louse","floor":13.0,"turns":4.0},{"damage":15,"enemies":"Exordium Thugs","floor":14,"turns":5},{"damage":35,"enemies":"Hexaghost","floor":16,"turns":8}],"seed_played":"9021188134597657279","potions_obtained":[{"floor":1.0,"key":"SpeedPotion"},{"floor":4.0,"key":"FearPotion"},{"floor":5.0,"key":"LiquidMemories"}],"is_trial":false,"path_per_floor":["M","?","M","M","M","M","R","M","T","E","R","E","M","M","R","B"],"character_chosen":"DEFECT","items_purchased":[],"campfire_rested":2,"item_purchase_floors":[],"current_hp_per_floor":[68,68,68,68,49,38,38,36,36,28,50,31,16,10,34,0,0],"gold":552,"neow_bonus":"THREE_ENEMY_KILL","is_daily":false,"chose_seed":false,"campfire_upgraded":1,"win_rate":0.0,"timestamp":1609124799,"path_taken":["M","?","M","?","M","M","R","M","T","E","R","E","M","M","R","BOSS"],"items_purchased_type":[],"build_version":"2020-12-22","purchased_purges":0,"victory":false,"max_hp_per_floor":[75,75,75,75,75,75,75,75,75,75,75,77,79,81,81,81,81],"card_choices":[{"not_picked":["Conserve Battery","Force Field"],"picked":"Turbo","floor":1.0},{"not_picked":["Beam Cell","Hologram","Conserve Battery"],"picked":"SKIP","floor":3.0},{"not_picked":["Stack","Conserve Battery"],"picked":"AT_WarpDrive","floor":4.0},{"not_picked":["Go for the Eyes","Scrape"],"picked":"Self Repair","floor":5.0},{"not_picked":["Beam Cell","Loop"],"picked":"Ball Lightning","floor":6.0},{"not_picked":["Streamline","Conserve Battery","Stack"],"picked":"SKIP","floor":8.0},{"not_picked":["REME_Shoggoth","Compile Driver","Redo"],"picked":"SKIP","floor":10.0},{"not_picked":["White Noise","Fusion","Fission"],"picked":"Singing Bowl","floor":12.0},{"not_picked":["Steam","Go for the Eyes","Gash"],"picked":"Singing Bowl","floor":13.0},{"not_picked":["Genetic Algorithm","Reprogram","Hologram"],"picked":"Singing Bowl","floor":14}],"player_experience":305064,"relics_obtained":[{"floor":9.0,"key":"MawBank"},{"floor":10.0,"key":"AT_MibuBalloonWealth"},{"floor":12.0,"key":"Singing Bowl"}],"event_choices":[{"damage_healed":0.0,"max_hp_gain":0.0,"max_hp_loss":0.0,"gold_gain":0.0,"event_name":"Match and Keep!","player_choice":"0 cards matched","floor":2.0,"gold_loss":0.0,"damage_taken":0.0,"cards_obtained":[]}],"is_beta":false,"boss_relics":[],"items_purged_floors":[],"is_endless":false,"potions_floor_spawned":[1,4,5,10,12],"killed_by":"Hexaghost","ascension_level":7}}