{"host":"fdmexzkyss3ff9bv","time":1609167370,"event":{"mods":["BaseMod","Beaked The Cultist","BetterRewards","Downfall","Glutton Mod","Halation","Hubris","Infinite Spire","Minty Spire (QoL Compilation)","Replay The Spire","StSLib","The Animator","The Blackbeard","The Bug Knight","The Construct","The Mystic","The Servant 0.9.4","The Witch"],"gold_per_floor":[118,118,138,213,225,254,254,254,278,25,39,64,102,102,102,231,231,249,272,286,35,59,103,103,103,128,143,143,143,156,156,156,273,273,297,323,337,361,286,286,324,324,324,374,334,19,40,40,40,130,130,130,91,184,404],"floor_reached":56,"playtime":4690,"items_purged":[],"score":1782,"play_id":"1fdfaf72-0b2e-48e2-a0ed-42d192582ee4","local_time":"20201228155610","is_ascension_mode":false,"campfire_choices":[{"floor":7,"key":"RECALL"},{"floor":15,"key":"REST"},{"floor":29,"key":"REST"},{"floor":32,"key":"REST"},{"data":"Demon Form","floor":40,"key":"SMITH"},{"data":"Limit Break","floor":42,"key":"SMITH"},{"data":"infinitespire:Fortify","floor":49,"key":"SMITH"},{"data":"Whirlwind","floor":52,"key":"SMITH"}],"circlet_count":1,"master_deck":["Strike_R","Strike_R+1","Strike_R+1","Strike_R","Strike_R","Defend_R","Defend_R","Defend_R","Defend_R","Bash","Life Link","hubris:ReadiedAction","Intimidate","Anger","Metallicize","Life Link","Double Tap","hubris:ReadiedAction","Limit Break+1","Whirlwind+1","Anger","Flame Barrier","hubris:ReadiedAction+1","Flex","hubris:NaturalOne","Whirlwind+1","infinitespire:Fortify+1","Demon Form+1","Run Through+1","Cleave+1","True Grit","Combust","Combust","Headbutt+1","Iron Wave+1","Perfected Strike","ReplayTheSpireMod:Strike From Hell","Metallicize","Sadistic Nature","Cleave+1","Blood for Blood","Whirlwind"],"relics":["Burning Blood","Toolbox","halation:Trompette","HollowMod:PaleOreRelic","halation:YellowSoulGem","MutagenicStrength","hubris:Icosahedron","Blood Vial","Bloody Idol","Pet Ghost","halation:LostSnail","Whetstone","halation:Prosthetics","White Beast Statue","infinitespire:Beetle Shell","Circlet","Counterbalance","Replay:Mystery Machine","infinitespire:Midas Blood","halation:IllGainedPizza","infinitespire:EvilPickle","hubris:BottledRain","Anchor","Electric Blood","hubris:BundleOfHerbs"],"acts_visited":["Exordium","TheCity","TheBeyond","TheEnding"],"potions_floor_usage":[11,13,13,16,23,23,23,23,27,30,33,37,37,41,41,47,47,55,55,55],"damage_taken":[{"damage":0,"enemies":"2 Louse","floor":1,"turns":1},{"damage":11,"enemies":"Jaw Worm","floor":3,"turns":2},{"damage":10,"enemies":"Small Slimes","floor":5,"turns":3},{"damage":20,"enemies":"Gremlin Nob","floor":6,"turns":4},{"damage":13,"enemies":"Red Slaver","floor":11,"turns":2},{"damage":0,"enemies":"Exordium Wildlife","floor":12,"turns":4},{"damage":18,"enemies":"Lagavulin","floor":13,"turns":5},{"damage":41,"enemies":"Fading Forest","floor":16,"turns":11},{"damage":16,"enemies":"2 Thieves","floor":18,"turns":4},{"damage":13,"enemies":"Chosen","floor":20,"turns":3},{"damage":11,"enemies":"Snecko","floor":22,"turns":4},{"damage":33,"enemies":"Slavers","floor":23,"turns":4},{"damage":11,"enemies":"Centurion and Healer","floor":27,"turns":6},{"damage":6,"enemies":"Cultist and Chosen","floor":30,"turns":3},{"damage":16,"enemies":"Pondfish","floor":33,"turns":8},{"damage":17,"enemies":"3 Shapes","floor":35,"turns":2},{"damage":34,"enemies":"3 Darklings","floor":36,"turns":3},{"damage":0,"enemies":"Sphere and 2 Shapes","floor":37,"turns":1},{"damage":11,"enemies":"3 Darklings","floor":38,"turns":2},{"damage":39,"enemies":"Giant Head","floor":41,"turns":6},{"damage":62,"enemies":"Writhing Mass","floor":44,"turns":5},{"damage":21,"enemies":"Sphere and 2 Shapes","floor":47,"turns":3},{"damage":98,"enemies":"infinitespire:MassOfShapes","floor":50,"turns":6},{"damage":63,"enemies":"Shield and Spear","floor":54,"turns":4},{"damage":142,"enemies":"The Heart","floor":55,"turns":8}],"seed_played":"-337802553842163994","potions_obtained":[{"floor":1,"key":"Adrenaline Potion"},{"floor":3,"key":"ColorlessPotion"},{"floor":11,"key":"DistilledChaos"},{"floor":22,"key":"Weak Potion"},{"floor":23,"key":"Adrenaline Potion"},{"floor":27,"key":"Guardian:BlockOnCardUsePotion"},{"floor":30,"key":"LiquidMemories"},{"floor":33,"key":"SteroidPotion"},{"floor":35,"key":"Energy Potion"},{"floor":36,"key":"Death Potion"},{"floor":37,"key":"SkillPotion"},{"floor":38,"key":"DuplicationPotion"},{"floor":41,"key":"Strength Potion"},{"floor":44,"key":"Fire Potion"},{"floor":47,"key":"SpeedPotion"},{"floor":54,"key":"Regen Potion"}],"is_trial":false,"path_per_floor":["M","?","M","?","M","E","R","?","T","$","M","M","E","$","R","B",null,"M","T","M","$","M","E","?","?","T","M","?","R","M","AVR","R","B",null,"M","M","M","M","$","R","E","R","T","M","?","$","M","AVR","R","B",null,"R","$","E","B",null],"character_chosen":"IRONCLAD","items_purchased":["Toolbox","HollowMod:PaleOreRelic","halation:LostSnail","HeartOfIron","Metallicize","White Beast Statue","Combust","Perfected Strike","ReplayTheSpireMod:Strike From Hell","Metallicize","Sadistic Nature","Blood for Blood"],"campfire_rested":3,"item_purchase_floors":[0,0,10,10,10,21,39,46,46,46,46,53],"current_hp_per_floor":[69,69,74,63,69,55,55,35,35,35,40,48,38,38,62,39,45,35,35,30,30,27,11,11,11,11,8,8,21,28,28,41,45,45,45,37,45,45,45,45,34,34,34,32,32,32,45,45,45,45,45,45,45,45,45],"gold":404,"neow_bonus":"","is_daily":false,"chose_seed":false,"campfire_upgraded":4,"win_rate":0.0,"timestamp":1609167370,"path_taken":["M","?","M","?","M","E","R","?","T","$","M","M","E","?","R","BOSS","M","?","M","?","M","E","?","?","T","?","?","R","M","AVR","R","BOSS","M","M","M","M","$","R","E","R","T","M","?","$","?","AVR","R","BOSS","R","$","E","BOSS"],"items_purchased_type":["Relic","Relic","Relic","Potion","Card","Relic","Card","Card","Card","Card","Card","Card"],"build_version":"2020-12-13","purchased_purges":0,"victory":true,"max_hp_per_floor":[80,80,80,80,80,80,80,80,80,80,80,80,80,80,80,80,45,45,45,45,45,45,45,45,45,45,45,45,45,45,45,45,45,45,45,45,45,45,45,45,45,45,45,45,45,45,45,45,45,45,45,45,45,45,45],"card_choices":[{"not_picked":["Run Through","Body Slam"],"picked":"Life Link","floor":1},{"not_picked":["Clothesline","Entrench"],"picked":"hubris:ReadiedAction","floor":3},{"not_picked":["Dual Wield","Clash"],"picked":"Intimidate","floor":5},{"not_picked":["Body Slam","Abandon"],"picked":"Anger","floor":6},{"not_picked":["Uppercut","Blood for Blood"],"picked":"Life Link","floor":11},{"not_picked":["Headbutt","Armaments"],"picked":"Double Tap","floor":12},{"not_picked":["Searing Blow","Offering"],"picked":"hubris:ReadiedAction","floor":13},{"not_picked":["Feed","Replay:Many Hands"],"picked":"Limit Break","floor":16},{"not_picked":["hubris:ReadiedAction","Iron Wave"],"picked":"Whirlwind+1","floor":18},{"not_picked":["Replay:Undeath\u0027s Touch","Armaments"],"picked":"Anger","floor":20},{"not_picked":["hubris:SharpeningStone","Cleave+1"],"picked":"Flame Barrier","floor":22},{"not_picked":["Searing Blow","Replay:Undeath\u0027s Touch"],"picked":"hubris:ReadiedAction+1","floor":23},{"not_picked":["Replay:Undeath\u0027s Touch","Power Through+1"],"picked":"Flex","floor":27},{"not_picked":["Clothesline+1","Perfected Strike"],"picked":"Whirlwind","floor":30},{"not_picked":["Berserk","Offering"],"picked":"Demon Form","floor":33},{"not_picked":["Shrug It Off","Iron Wave"],"picked":"Run Through+1","floor":35},{"not_picked":["Pommel Strike","ReplayTheSpireMod:Limb From Limb"],"picked":"Cleave+1","floor":36},{"not_picked":["Eclipse","Clash"],"picked":"True Grit","floor":37},{"not_picked":["Flex+1","Armaments+1"],"picked":"Combust","floor":38},{"not_picked":["Burning Pact+1","Clash"],"picked":"Headbutt+1","floor":41},{"not_picked":["Clash+1","Headbutt+1"],"picked":"Iron Wave+1","floor":44},{"not_picked":["Perfected Strike","Dark Embrace"],"picked":"Cleave+1","floor":47},{"not_picked":["Pummel+1","Reckless Charge+1"],"picked":"Whirlwind","floor":54}],"player_experience":38279,"relics_obtained":[{"floor":6,"key":"Blood Vial"},{"floor":9,"key":"Pet Ghost"},{"floor":13,"key":"Whetstone"},{"floor":23,"key":"infinitespire:Beetle Shell"},{"floor":26,"key":"Replay:Mystery Machine"},{"floor":41,"key":"halation:IllGainedPizza"},{"floor":43,"key":"hubris:BottledRain"},{"floor":54,"key":"hubris:BundleOfHerbs"}],"event_choices":[{"damage_healed":0,"gold_gain":75,"player_choice":"Gather Gold","damage_taken":11,"max_hp_gain":0,"max_hp_loss":0,"event_name":"World of Goop","floor":4,"gold_loss":0},{"damage_healed":0,"gold_gain":0,"player_choice":"Take Damage","damage_taken":20,"relics_obtained":["Golden Idol"],"max_hp_gain":0,"max_hp_loss":0,"event_name":"Golden Idol","floor":8,"gold_loss":0},{"damage_healed":0,"gold_gain":0,"player_choice":"Inject Mutagens","damage_taken":0,"relics_obtained":["Circlet"],"max_hp_gain":0,"max_hp_loss":0,"event_name":"Drug Dealer","floor":24,"gold_loss":0},{"damage_healed":0,"gold_gain":0,"player_choice":"Gave Potion","damage_taken":0,"relics_obtained":["Counterbalance"],"max_hp_gain":0,"max_hp_loss":0,"event_name":"WeMeetAgain","floor":25,"gold_loss":0},{"damage_healed":0,"gold_gain":0,"player_choice":"Gave Idol","damage_taken":0,"relics_obtained":["Bloody Idol"],"max_hp_gain":0,"max_hp_loss":0,"event_name":"Forgotten Altar","floor":28,"relics_lost":["Golden Idol"],"gold_loss":0},{"damage_healed":0,"gold_gain":0,"player_choice":"Bought 3 Potions","damage_taken":0,"max_hp_gain":0,"max_hp_loss":0,"event_name":"The Woman in Blue","floor":45,"gold_loss":0}],"is_beta":false,"boss_relics":[{"not_picked":["Astrolabe","Ectoplasm"],"picked":"halation:Prosthetics"},{"not_picked":["halation:Yufonium","Sozu","halation:PlatinumPhoenix"]}],"items_purged_floors":[],"is_endless":false,"potions_floor_spawned":[1,3,11,22,23,27,30,33,35,36,37,38,41,44,47,54],"ascension_level":0}}