{"host":"ec09novo68szpe7d","time":1609184673,"event":{"mods":["AchievementEnabler","BaseMod","Bestiary","Minty Spire (QoL Compilation)","StSLib"],"gold_per_floor":[112,129,140,159,175,175,200,200,200,232,232,244,256,221,221,322,322,335,335,260,260,160,185,199,233,233,244,244,274,286,286,286,390,390,405,424,73,91,104,136,16,43,43,68,80,90,90,0,0,0,0,0,0,29,29],"floor_reached":56,"playtime":4157,"items_purged":["Strike_R","Strike_R","Writhe","Clumsy"],"score":1643,"play_id":"ad487011-7827-41ca-b955-82d8fa563521","local_time":"20201228204433","is_ascension_mode":true,"campfire_choices":[{"data":"Feed","floor":6,"key":"SMITH"},{"data":"Bash","floor":8,"key":"SMITH"},{"data":"Rage","floor":11,"key":"SMITH"},{"data":"Battle Trance","floor":15,"key":"SMITH"},{"floor":28,"key":"REST"},{"data":"Limit Break","floor":32,"key":"SMITH"},{"floor":47,"key":"REST"},{"floor":49,"key":"RECALL"},{"data":"Apotheosis","floor":52,"key":"SMITH"}],"circlet_count":0,"master_deck":["Bash+1","Ghostly Armor","Battle Trance+1","Sword Boomerang","Feed+1","Rage+1","Shrug It Off","Pommel Strike","Demon Form+1","Inflame","Heavy Blade","True Grit+1","Uppercut+1","Ghostly Armor","Limit Break+1","Berserk","Limit Break","Rage","Inflame","Offering","Second Wind","Fiend Fire","Infernal Blade","Flex+1","Apotheosis+1","Limit Break+1","Shame","Parasite"],"relics":["Black Star","Happy Flower","Centennial Puzzle","Toy Ornithopter","HornCleat","White Beast Statue","Cursed Key","Blood Vial","Bottled Flame","Orichalcum","Pen Nib","Paper Frog","Sundial","Kunai","The Courier","Pandora\u0027s Box","DollysMirror","Singing Bowl","Mummified Hand","Dream Catcher","Oddly Smooth Stone","Calipers","Toxic Egg 2","Red Mask","Bottled Tornado","InkBottle"],"acts_visited":["Exordium","TheCity","TheBeyond","TheEnding"],"potions_floor_usage":[7,10,16,18,23,23,25,29,29,29,36,39,40,42,44,50,50,55],"damage_taken":[{"damage":1,"enemies":"Cultist","floor":1,"turns":4},{"damage":2,"enemies":"2 Louse","floor":2,"turns":4},{"damage":8,"enemies":"Jaw Worm","floor":3,"turns":4},{"damage":15,"enemies":"Large Slime","floor":4,"turns":6},{"damage":6,"enemies":"Blue Slaver","floor":5,"turns":6},{"damage":20,"enemies":"3 Sentries","floor":7,"turns":9},{"damage":12,"enemies":"Gremlin Nob","floor":10,"turns":3},{"damage":4,"enemies":"Red Slaver","floor":12,"turns":4},{"damage":4,"enemies":"Large Slime","floor":13,"turns":7},{"damage":44,"enemies":"Hexaghost","floor":16,"turns":12},{"damage":5,"enemies":"2 Thieves","floor":18,"turns":5},{"damage":22,"enemies":"Book of Stabbing","floor":23,"turns":5},{"damage":8,"enemies":"Spheric Guardian","floor":24,"turns":4},{"damage":53,"enemies":"Slavers","floor":25,"turns":9},{"damage":18,"enemies":"3 Cultists","floor":27,"turns":5},{"damage":9,"enemies":"Book of Stabbing","floor":29,"turns":7},{"damage":30,"enemies":"Chosen and Byrds","floor":30,"turns":7},{"damage":6,"enemies":"Champ","floor":33,"turns":7},{"damage":17,"enemies":"3 Darklings","floor":35,"turns":5},{"damage":3,"enemies":"3 Shapes","floor":36,"turns":3},{"damage":12,"enemies":"Jaw Worm Horde","floor":38,"turns":5},{"damage":24,"enemies":"Sphere and 2 Shapes","floor":39,"turns":5},{"damage":0,"enemies":"Reptomancer","floor":40,"turns":3},{"damage":34,"enemies":"Nemesis","floor":42,"turns":5},{"damage":9,"enemies":"Giant Head","floor":44,"turns":6},{"damage":0,"enemies":"Spire Growth","floor":45,"turns":4},{"damage":0,"enemies":"Writhing Mass","floor":46,"turns":4},{"damage":18,"enemies":"Donu and Deca","floor":50,"turns":5},{"damage":15,"enemies":"Shield and Spear","floor":54,"turns":3},{"damage":118,"enemies":"The Heart","floor":55,"turns":7}],"seed_played":"-2311902707972976804","potions_obtained":[{"floor":3,"key":"Explosive Potion"},{"floor":4,"key":"SkillPotion"},{"floor":7,"key":"DistilledChaos"},{"floor":12,"key":"AttackPotion"},{"floor":13,"key":"Energy Potion"},{"floor":16,"key":"BlessingOfTheForge"},{"floor":18,"key":"Regen Potion"},{"floor":24,"key":"Swift Potion"},{"floor":25,"key":"AttackPotion"},{"floor":27,"key":"ColorlessPotion"},{"floor":29,"key":"Energy Potion"},{"floor":30,"key":"BloodPotion"},{"floor":33,"key":"Energy Potion"},{"floor":35,"key":"Swift Potion"},{"floor":36,"key":"SteroidPotion"},{"floor":39,"key":"SpeedPotion"},{"floor":40,"key":"DistilledChaos"},{"floor":42,"key":"ColorlessPotion"},{"floor":44,"key":"CultistPotion"},{"floor":46,"key":"DistilledChaos"},{"floor":54,"key":"Dexterity Potion"}],"is_trial":false,"path_per_floor":["M","M","M","M","M","R","E","R","T","E","R","M","M","?","R","B",null,"M","?","$","?","$","E","M","E","T","M","R","E","M","?","R","B",null,"M","M","$","M","M","E","$","E","T","E","M","M","R","?","R","B",null,"R","$","E","B",null],"character_chosen":"IRONCLAD","items_purchased":["Apotheosis","DollysMirror"],"campfire_rested":2,"item_purchase_floors":[37,37],"current_hp_per_floor":[79,77,69,54,51,51,35,35,35,32,32,32,32,56,56,17,79,83,83,83,83,83,83,77,35,35,23,56,64,40,40,40,40,99,84,116,116,110,97,106,106,81,81,81,85,93,138,138,138,132,143,143,143,132,21],"gold":29,"neow_bonus":"BOSS_RELIC","is_daily":false,"chose_seed":false,"campfire_upgraded":6,"win_rate":0.0,"timestamp":1609184673,"path_taken":["M","M","M","M","M","R","E","R","T","E","R","M","M","?","R","BOSS","M","?","$","?","$","E","M","E","T","M","R","E","?","?","R","BOSS","M","M","$","M","M","E","$","E","T","E","M","M","R","?","R","BOSS","R","$","E","BOSS"],"items_purchased_type":["Card","Relic"],"build_version":"2020-12-22","purchased_purges":4,"victory":true,"max_hp_per_floor":[80,80,80,80,83,83,87,87,87,91,91,95,99,99,99,99,99,103,103,103,103,103,103,103,107,107,111,111,111,115,115,115,119,119,119,123,123,127,131,133,133,135,135,137,139,145,147,147,147,147,147,147,147,149,149],"card_choices":[{"not_picked":["Perfected Strike","Combust"],"picked":"Ghostly Armor","floor":1},{"not_picked":["Metallicize","Pommel Strike"],"picked":"Battle Trance","floor":2},{"not_picked":["Wild Strike","Perfected Strike"],"picked":"Sword Boomerang","floor":3},{"not_picked":["Pommel Strike","Wild Strike"],"picked":"Feed","floor":4},{"not_picked":["Blood for Blood","Anger","Sword Boomerang"],"picked":"SKIP","floor":5},{"not_picked":["Warcry","Dark Embrace"],"picked":"Rage","floor":7},{"not_picked":["Anger","Heavy Blade"],"picked":"Shrug It Off","floor":10},{"not_picked":["Heavy Blade","Anger","Twin Strike"],"picked":"SKIP","floor":12},{"not_picked":["Twin Strike","Havoc"],"picked":"Pommel Strike","floor":13},{"not_picked":["Barricade","Bludgeon"],"picked":"Demon Form","floor":16},{"not_picked":["Bloodletting+1","Anger"],"picked":"Inflame","floor":18},{"not_picked":["Rage","True Grit","Thunderclap"],"picked":"SKIP","floor":23},{"not_picked":["Cleave","Flex"],"picked":"True Grit+1","floor":24},{"not_picked":["Offering","Corruption"],"picked":"Uppercut+1","floor":25},{"not_picked":["Anger+1","Cleave"],"picked":"Ghostly Armor","floor":27},{"not_picked":["Rage+1","Twin Strike+1"],"picked":"Limit Break","floor":29},{"not_picked":["Hemokinesis+1","Sword Boomerang","Wild Strike+1"],"picked":"SKIP","floor":30},{"not_picked":["Demon Form","Juggernaut"],"picked":"Berserk","floor":33},{"not_picked":["Seeing Red+1","Iron Wave+1"],"picked":"Flex+1","floor":35},{"not_picked":["Metallicize+1","Clothesline","Flex+1"],"picked":"SKIP","floor":36},{"not_picked":["Blood for Blood+1","True Grit+1","Power Through"],"picked":"SKIP","floor":38},{"not_picked":["Infernal Blade+1","Searing Blow+1","Shockwave"],"picked":"SKIP","floor":39},{"not_picked":["Pommel Strike+1","Perfected Strike+1","Havoc+1"],"picked":"Singing Bowl","floor":40},{"not_picked":["Bloodletting+1","Thunderclap+1","Combust+1"],"picked":"Singing Bowl","floor":42},{"not_picked":["Rampage","Body Slam+1","Feel No Pain+1"],"picked":"Singing Bowl","floor":44},{"not_picked":["Pommel Strike","Havoc+1","Flex+1"],"picked":"Singing Bowl","floor":45},{"not_picked":["Sever Soul+1","Bloodletting+1","Perfected Strike"],"picked":"Singing Bowl","floor":46},{"not_picked":["Bloodletting+1","Battle Trance+1","Iron Wave"],"picked":"Singing Bowl","floor":47},{"not_picked":["Fiend Fire","Sword Boomerang","Armaments+1"],"picked":"Singing Bowl","floor":54}],"player_experience":219461,"relics_obtained":[{"floor":7,"key":"Happy Flower"},{"floor":7,"key":"Centennial Puzzle"},{"floor":9,"key":"Toy Ornithopter"},{"floor":10,"key":"HornCleat"},{"floor":10,"key":"White Beast Statue"},{"floor":23,"key":"Blood Vial"},{"floor":23,"key":"Bottled Flame"},{"floor":25,"key":"Orichalcum"},{"floor":25,"key":"Pen Nib"},{"floor":26,"key":"Paper Frog"},{"floor":29,"key":"Sundial"},{"floor":29,"key":"Kunai"},{"floor":40,"key":"Singing Bowl"},{"floor":40,"key":"Mummified Hand"},{"floor":42,"key":"Dream Catcher"},{"floor":42,"key":"Oddly Smooth Stone"},{"floor":44,"key":"Calipers"},{"floor":44,"key":"Toxic Egg 2"},{"floor":54,"key":"Bottled Tornado"},{"floor":54,"key":"InkBottle"}],"event_choices":[{"damage_healed":24,"gold_gain":0,"player_choice":"Healed","damage_taken":0,"max_hp_gain":0,"max_hp_loss":0,"event_name":"The Cleric","floor":14,"gold_loss":35},{"damage_healed":0,"gold_gain":0,"player_choice":"Read","damage_taken":0,"max_hp_gain":0,"max_hp_loss":0,"event_name":"The Library","floor":19,"gold_loss":0,"cards_obtained":["Heavy Blade"]},{"damage_healed":0,"gold_gain":0,"player_choice":"Forge","damage_taken":0,"max_hp_gain":0,"max_hp_loss":0,"event_name":"Accursed Blacksmith","floor":21,"gold_loss":0,"cards_upgraded":["Demon Form"]},{"damage_healed":0,"gold_gain":0,"player_choice":"Opened","damage_taken":0,"relics_obtained":["The Courier"],"max_hp_gain":0,"max_hp_loss":0,"event_name":"The Mausoleum","floor":31,"gold_loss":0,"cards_obtained":["Writhe"]},{"damage_healed":0,"gold_gain":0,"player_choice":"Paid","damage_taken":0,"relics_obtained":["Red Mask"],"max_hp_gain":0,"max_hp_loss":0,"event_name":"Tomb of Lord Red Mask","floor":48,"gold_loss":90}],"is_beta":false,"boss_relics":[{"not_picked":["Sozu","Runic Cube"],"picked":"Cursed Key"},{"not_picked":["Mark of Pain","Astrolabe"],"picked":"Pandora\u0027s Box"}],"items_purged_floors":[20,22,37,41],"is_endless":false,"potions_floor_spawned":[3,4,7,12,13,16,18,24,25,27,29,30,33,35,36,38,39,40,42,44,45,46,54],"ascension_level":5}}