{"host":"q6ma3hi3lrvu4bic","time":1609150653,"event":{"mods":["AchievementEnabler","Bartender","BaseMod","Better Match","Better Sensory Stone","CapriCore","Dio Mod","Gold Saver","Hermit","Hero for Fun","Hunter ??","Jorbs\u0027s Wanderer Trilogy","Luminous","Mad Scientist","Marisa????????","Melee Mod","Minty Spire (QoL Compilation)","Potionbrewer","Replay The Spire","SOS???????","StSLib","The Alterego","The Blackbeard","The Bladedancer","The Bug Knight","The Cursed","The Dragon Tamer","The Exalted","The Hierophant","The Immortal","The Kombatant","The Marked","The Necromancer","The Saiyan","The Servant 0.9.4","The Vixen","The Wild Card","TheHero","TheSwordswoman"],"gold_per_floor":[472,482,482,482,168,168,201,211,211,226,239,2,2,177,177,276,276,287,287,287,303,321,321,355,370,394,0,0,26,26,56,56,155,205,223,223,15,33,46,81,100,115,115,128,178,212,212,232,232,232],"floor_reached":51,"playtime":1082,"items_purged":[],"score":1317,"play_id":"78702d39-995a-4aa1-8c3d-0ebc5372895e","local_time":"20201228051733","is_ascension_mode":false,"campfire_choices":[{"data":"Consecutive_Normal_Punch","floor":6,"key":"SMITH"},{"data":"Slap","floor":15,"key":"SMITH"},{"data":"Dramatic Entrance","floor":23,"key":"SMITH"},{"data":"theWildCard:Metatron","floor":30,"key":"SMITH"},{"data":"Secret Weapon","floor":32,"key":"SMITH"},{"data":"Get_Hopes_Up","floor":47,"key":"SMITH"},{"data":"Do_Nothing","floor":49,"key":"SMITH"}],"circlet_count":0,"master_deck":["Strike_Y+1","Strike_Y","Strike_Y","Strike_Y","Strike_Y","Defend_Y","Defend_Y","Defend_Y+1","Defend_Y","Defend_Y","Consecutive_Normal_Punch+1","Yawn+1","theWildCard:Metatron+1","Do_Nothing+1","Slap+1","Wear_Disguise","Hop","Consecutive_Normal_Punch","Slap+1","Ignore","Slap","Ignore","Do_Nothing","Finesse","ReplayTheSpireMod:Brewmster+1","Dramatic Entrance+1","Secret Weapon+1","Doubt","Get_Hopes_Up","Consecutive_Normal_Punch+1","Wear_Disguise+1","Do_Nothing","Get_Hopes_Up+1","Ignore","Slap+1","Mind Blast+1","Wear_Disguise+1","Slap+1","Terrifying_Presence+1","Toss_Stone","Side_Hop+1","Do_Nothing+1","Do_Nothing+1","Hop","Toss_Stone","Slap+1","Consecutive_Normal_Punch+1","Serious_Side_Hops+1","Normal_Punch+1"],"relics":["Cape","Replay:Bottled Snecko","Frozen Egg 2","ReplayTheSpireMod:ShopPack","Velvet Choker","Power_Wrist","Dream Catcher","Golden Egg","Calipers","Potion Belt","Tiny House","Ornamental Fan","Boot","Kunai","Pen Nib","Ginger","Gambling Chip"],"acts_visited":["Exordium","TheCity","TheBeyond"],"potions_floor_usage":[18,18],"damage_taken":[{"damage":0,"enemies":"2 Louse","floor":1,"turns":1},{"damage":0,"enemies":"Jaw Worm","floor":2,"turns":1},{"damage":0,"enemies":"HollowMod:MossKnight","floor":7,"turns":1},{"damage":0,"enemies":"Small Slimes","floor":8,"turns":1},{"damage":0,"enemies":"Blue Slaver","floor":10,"turns":1},{"damage":0,"enemies":"3 Louse","floor":11,"turns":2},{"damage":0,"enemies":"The Guardian","floor":16,"turns":1},{"damage":0,"enemies":"2 Thieves","floor":18,"turns":1},{"damage":0,"enemies":"Centurion and Healer","floor":21,"turns":1},{"damage":0,"enemies":"Snecko","floor":22,"turns":1},{"damage":0,"enemies":"Slavers","floor":24,"turns":1},{"damage":0,"enemies":"3 Cultists","floor":25,"turns":1},{"damage":0,"enemies":"Replay:Snechameleon","floor":29,"turns":1},{"damage":0,"enemies":"HollowMod:Nosk","floor":31,"turns":1},{"damage":0,"enemies":"Collector","floor":33,"turns":1},{"damage":0,"enemies":"3 Darklings","floor":35,"turns":1},{"damage":0,"enemies":"3 Shapes","floor":38,"turns":1},{"damage":0,"enemies":"Writhing Mass","floor":39,"turns":1},{"damage":0,"enemies":"Reptomancer","floor":40,"turns":1},{"damage":0,"enemies":"Spire Growth","floor":41,"turns":1},{"damage":0,"enemies":"Jaw Worm Horde","floor":42,"turns":1},{"damage":0,"enemies":"4 Shapes","floor":44,"turns":1},{"damage":0,"enemies":"Mind Bloom Boss Battle","floor":45,"turns":1},{"damage":0,"enemies":"Nemesis","floor":46,"turns":1},{"damage":0,"enemies":"Sphere and 2 Shapes","floor":48,"turns":1},{"damage":0,"enemies":"Jotaro","floor":50,"turns":1}],"seed_played":"4377488733692259402","potions_obtained":[{"floor":2,"key":"Dexterity Potion"},{"floor":8,"key":"SkillPotion"},{"floor":10,"key":"potionbrewer:MidasPotion"},{"floor":18,"key":"Death Potion"},{"floor":25,"key":"potionbrewer:MidasPotion"},{"floor":33,"key":"BlessingOfTheForge"},{"floor":34,"key":"potionbrewer:QuicksilverPotion"}],"is_trial":false,"path_per_floor":["M","M","?","?","$","R","E","M","T","M","M","$","?","?","R","B",null,"M","?","?","M","M","R","E","M","T","$","?","E","R","E","R","B",null,"M","T","$","M","M","E","M","M","T","M","?","E","R","M","R","B",null],"character_chosen":"OPM","items_purchased":["Do_Nothing","Slap+1","Wear_Disguise","Hop","Consecutive_Normal_Punch","Do_Nothing","ReplayTheSpireMod:ShopPack","Finesse","Golden Egg","Slap","Mind Blast","Do_Nothing","Boot"],"campfire_rested":0,"item_purchase_floors":[5,5,5,5,5,12,12,12,27,27,27,37,37],"current_hp_per_floor":[1098,1098,1098,1098,1098,1098,1098,1098,1098,1098,1098,1098,1098,1098,1098,1098,1098,1098,1098,1098,1098,1098,1098,1098,1098,1098,1098,1098,1098,1098,1098,1098,1098,1103,1103,1103,1103,1103,1103,1103,1103,1103,1103,1103,1103,1103,1103,1103,1103,1103],"gold":232,"neow_bonus":"TEN_PERCENT_HP_BONUS","is_daily":false,"chose_seed":false,"campfire_upgraded":7,"win_rate":0.0,"timestamp":1609150653,"path_taken":["M","M","?","?","$","R","E","M","T","M","M","?","?","?","R","BOSS","M","?","?","M","M","R","E","M","T","?","?","E","R","E","R","BOSS","M","?","$","M","M","E","M","?","T","M","?","E","R","M","R","BOSS"],"items_purchased_type":["Card","Card","Card","Card","Card","Card","Relic","Card","Relic","Card","Card","Card","Relic"],"build_version":"2020-12-22","purchased_purges":0,"victory":true,"max_hp_per_floor":[1098,1098,1098,1098,1098,1098,1098,1098,1098,1098,1098,1098,1098,1098,1098,1098,1098,1098,1098,1098,1098,1098,1098,1098,1098,1098,1098,1098,1098,1098,1098,1098,1098,1103,1103,1103,1103,1103,1103,1103,1103,1103,1103,1103,1103,1103,1103,1103,1103,1103],"card_choices":[{"not_picked":["Side_Hop","Do_Nothing"],"picked":"Consecutive_Normal_Punch","floor":1},{"not_picked":["Wear_Disguise","Normal_Punch"],"picked":"Yawn","floor":2},{"not_picked":["Side_Hop","Yawn"],"picked":"Slap","floor":7},{"not_picked":["Yawn","Normal_Punch"],"picked":"Ignore","floor":8},{"not_picked":["Side_Hop","Hop"],"picked":"Slap","floor":10},{"not_picked":["Normal_Punch","Yawn"],"picked":"Ignore","floor":11},{"not_picked":["ReplayUltimateDefense","Transmutation"],"picked":"ReplayTheSpireMod:Brewmster","floor":12},{"not_picked":["Flash of Steel","Dark Shackles"],"picked":"Dramatic Entrance","floor":12},{"not_picked":["Madness","Sadistic Nature"],"picked":"Secret Weapon","floor":12},{"not_picked":["Hip_Strike","Terrifying_Presence+1"],"picked":"Get_Hopes_Up","floor":16},{"not_picked":["Ignore","Hop"],"picked":"Consecutive_Normal_Punch+1","floor":18},{"not_picked":["Side_Hop","Consecutive_Normal_Punch"],"picked":"Wear_Disguise+1","floor":21},{"not_picked":["Hop+1","Ignore"],"picked":"Do_Nothing","floor":22},{"not_picked":["Wear_Disguise+1","Side_Hop"],"picked":"Get_Hopes_Up","floor":24},{"not_picked":["Wear_Disguise+1","Normal_Punch"],"picked":"Ignore","floor":25},{"not_picked":["Consecutive_Normal_Punch","Normal_Punch"],"picked":"Wear_Disguise+1","floor":29},{"not_picked":["Hop","Yawn"],"picked":"Slap+1","floor":31},{"not_picked":["Oh+1","Get_Hopes_Up"],"picked":"Terrifying_Presence+1","floor":33},{"not_picked":["Hop","Ignore"],"picked":"Toss_Stone","floor":34},{"not_picked":["Hop","Ignore"],"picked":"Side_Hop+1","floor":35},{"not_picked":["Side_Hop","Slap"],"picked":"Hop","floor":38},{"not_picked":["Ignore+1","Side_Hop+1","Slap+1"],"picked":"SKIP","floor":39},{"not_picked":["Toss_Stone+1","Slap+1","Wear_Disguise+1"],"picked":"SKIP","floor":40},{"not_picked":["Do_Nothing","Ignore","Side_Hop+1"],"picked":"SKIP","floor":41},{"not_picked":["Consecutive_Normal_Punch+1","Do_Nothing+1"],"picked":"Toss_Stone","floor":42},{"not_picked":["Hop+1","Ignore+1"],"picked":"Slap+1","floor":44},{"not_picked":["Yawn+1","Side_Hop+1"],"picked":"Consecutive_Normal_Punch+1","floor":45},{"not_picked":["Slap+1","Normal_Punch"],"picked":"Serious_Side_Hops","floor":46},{"not_picked":["Wear_Disguise+1","Slap+1"],"picked":"Normal_Punch+1","floor":48}],"player_experience":34916,"relics_obtained":[{"floor":7,"key":"Replay:Bottled Snecko"},{"floor":9,"key":"Frozen Egg 2"},{"floor":24,"key":"Power_Wrist"},{"floor":26,"key":"Dream Catcher"},{"floor":29,"key":"Calipers"},{"floor":31,"key":"Potion Belt"},{"floor":36,"key":"Ornamental Fan"},{"floor":40,"key":"Kunai"},{"floor":43,"key":"Pen Nib"},{"floor":45,"key":"Ginger"},{"floor":46,"key":"Gambling Chip"}],"event_choices":[{"damage_healed":0,"gold_gain":0,"player_choice":"Ignored","damage_taken":0,"max_hp_gain":0,"max_hp_loss":0,"event_name":"Golden Wing","floor":13,"gold_loss":0},{"damage_healed":0,"gold_gain":175,"player_choice":"AGREE","damage_taken":0,"max_hp_gain":0,"max_hp_loss":0,"event_name":"Liars Game","floor":14,"gold_loss":0,"cards_obtained":["Doubt"]},{"damage_healed":0,"gold_gain":0,"player_choice":"Ignored","damage_taken":0,"max_hp_gain":0,"max_hp_loss":0,"event_name":"Ghosts","floor":19,"gold_loss":0},{"damage_healed":0,"gold_gain":0,"player_choice":"Ignored","damage_taken":0,"max_hp_gain":0,"max_hp_loss":0,"event_name":"Beggar","floor":20,"gold_loss":0},{"damage_healed":0,"gold_gain":0,"player_choice":"Upgraded","damage_taken":0,"max_hp_gain":0,"max_hp_loss":0,"event_name":"Upgrade Shrine","floor":28,"gold_loss":0,"cards_upgraded":["Strike_Y"]},{"damage_healed":0,"gold_gain":0,"player_choice":"Fight","damage_taken":0,"max_hp_gain":0,"max_hp_loss":0,"event_name":"MindBloom","floor":45,"gold_loss":0}],"is_beta":false,"boss_relics":[{"not_picked":["Bromod:ArcaneEnergize","potionbrewer:BhaskarasWheel"],"picked":"Velvet Choker"},{"not_picked":["ReplayTheSpireMod:DimensionalGlitch","Silver_Glasses"],"picked":"Tiny House"}],"items_purged_floors":[],"is_endless":false,"potions_floor_spawned":[2,8,10,11,18,25,33,35,39,40,42,45],"ascension_level":0}}