{"host":"5t6h2siq57l98co3","time":1609137945,"event":{"mods":["AchievementEnabler","Act Like it!","Aspiration","BaseMod","Better Altar","Better Match","Better Note","Better Sensory Stone","Better Skull","Better Third Choice","BetterRewards","CCEM","CatGirl Mod","Clawfect","Colored Map","Colored Powertips","Conspire","Curses Come First","Displayed Cursed Tome","Downfall","Gold Saver","Googly Eyes","Hallownest","Highlight Path","Infinite Spire","Jedi Mod","Mimic Mod","Minty Spire (QoL Compilation)","Permanent Neow","Prisma Mod","RatMod","Replay The Spire","Spicy Shops","StSLib","The Alterego","The Jungle","Transform Curses","Virulent Crown","Yuri Mod","everything is the same but u backflip on backflip","vexMod"],"gold_per_floor":[5088,5100,5100,5100,5100,5130,5130,5156,5194,5194,5000,5018,5018,4365,4365,4463,4463,4478,4494,4494,4421,4434,4434,4450,3930,3956,3956,3973,2957,2989,3009,3009,3108,3108,3128,2678,2693,2710,2710,2710,2750,2783,2819,2819,2618,2618,2632,2667,2667,2667],"floor_reached":51,"playtime":5619,"items_purged":["PrismaMod:IllyaCommonDefend","PrismaMod:IllyaCommonDefend","PrismaMod:IllyaCommonDefend","PrismaMod:IllyaCommonDefend","PrismaMod:IllyaCommonDefend","PrismaMod:IllyaCommonAttack","PrismaMod:IllyaCommonAttack"],"score":1106,"play_id":"dc2df527-e7f9-4079-bd9e-0eda762ac0c2","local_time":"20201228004545","is_ascension_mode":false,"campfire_choices":[{"data":"PrismaMod:IllyaUncommonAOEAttack","floor":7,"key":"SMITH"},{"data":"PrismaMod:IllyaBoysLove","floor":10,"key":"SMITH"},{"data":"yuri:BookBlue","floor":15,"key":"SMITH"},{"data":"PrismaMod:IllyaBoysLove","floor":23,"key":"SMITH"},{"data":"yuri:BookRed","floor":32,"key":"SMITH"},{"data":"PrismaMod:IllyaSaphire","floor":40,"key":"SMITH"},{"data":"PrismaMod:IllyaCarnivalOrbs","floor":40,"key":"SMITH"},{"data":"PrismaMod:IllyaUncommonDefend","floor":44,"key":"SMITH"},{"data":"PrismaMod:IllyaAssassinRevenge","floor":44,"key":"SMITH"},{"data":"PrismaMod:IllyaBlindPoisonToss","floor":49,"key":"SMITH"},{"data":"PrismaMod:IllyaUncommonAttack","floor":49,"key":"SMITH"}],"circlet_count":0,"master_deck":["PrismaMod:IllyaCommonAttack","PrismaMod:IllyaCommonAttack","PrismaMod:IllyaCommonAttack","PrismaMod:IllyaUncommonAttack+1","PrismaMod:IllyaUncommonDefend+1","yuri:BookRed+1","PrismaMod:IllyaBride+1","PrismaMod:IllyaCarnivalDefend+1","yuri:MPose","yuri:Spin","Replay:SS_hec_2+1","PrismaMod:IllyaUncommonAOEAttack+1","PrismaMod:IllyaSaphire+1","PrismaMod:IllyaBoysLove+1","yuri:BookBlue+1","PrismaMod:IllyaAssassinRevenge+1","PrismaMod:IllyaCarnivalOrbs+1","PrismaMod:IllyaStunPoison+1","PrismaMod:IllyaBoysLove+1","PrismaMod:IllyaBlindPoisonToss+1","ReplayTheSpireMod:??????????????????????","PrismaMod:IllyaCheapDefend+1","Mayhem","PrismaMod:IllyaAssassinRevenge+1","yuri:BookRed+1","PrismaMod:IllyaInstallArcher","PrismaMod:IllyaBoysLove+1","PrismaMod:IllyaCheapChannelAttack+1","PrismaMod:IllyaBlindPoisonToss+1","PrismaMod:IllyaPoisonTippedWeapons+1","PrismaMod:IllyaBoysLove+1","Pot Of Greed+1","Pot Of Greed+1","Pot Of Greed+1","yuri:BookGreen+1"],"relics":["PrismaMod:PrismaZwei","Juzu Bracelet","jedi:cryingmask","conspire:GiftBox","Bottled Tornado","Anchor","Ancient Tea Set","Replay:Wax Seal","vexMod:PaidLearning","Iron Hammer","aspiration:Nostalgia","Slimebound:AbsorbEndCombat","Replay:Rubber Ducky","aspiration:TomeofQuesting","jedi:shrinkray","jedi:heavyjacket","Cursed Key","Toxic Egg 2","Omamori","conspire:TreasureMap","Membership Card","CCEMRelics:CocoNut","Gremlin Horn","aspiration:IroncladSkillbook","Replay:Arrowhead","Question Card","aspiration:VileToxins","theCatGirl:DriedFish","infinitespire:Golems Mask","Grinning Jar","CCEMRelics:GrindingGear"],"acts_visited":["Exordium","TheCity","TheBeyond"],"potions_floor_usage":[8,16,16,33,33,48,50],"damage_taken":[{"damage":0,"enemies":"2 Louse","floor":1,"turns":4},{"damage":0,"enemies":"Small Slimes","floor":2,"turns":4},{"damage":0,"enemies":"Lagavulin","floor":6,"turns":10},{"damage":0,"enemies":"3 Sentries","floor":8,"turns":10},{"damage":0,"enemies":"Cultist","floor":9,"turns":7},{"damage":0,"enemies":"Cultist","floor":12,"turns":4},{"damage":0,"enemies":"Fading Forest","floor":16,"turns":11},{"damage":0,"enemies":"2 Thieves","floor":18,"turns":5},{"damage":0,"enemies":"Chosen","floor":19,"turns":5},{"damage":0,"enemies":"Centurion and Healer","floor":22,"turns":6},{"damage":0,"enemies":"Snecko","floor":24,"turns":4},{"damage":0,"enemies":"Snake Plant","floor":28,"turns":3},{"damage":0,"enemies":"Replay:Snechameleon","floor":30,"turns":5},{"damage":0,"enemies":"Shelled Parasite and Fungi","floor":31,"turns":4},{"damage":0,"enemies":"conspire:MysteriousRune","floor":33,"turns":8},{"damage":0,"enemies":"3 Darklings","floor":35,"turns":4},{"damage":0,"enemies":"3 Shapes","floor":37,"turns":3},{"damage":0,"enemies":"Writhing Mass","floor":38,"turns":6},{"damage":0,"enemies":"R_Hoarder","floor":42,"turns":6},{"damage":0,"enemies":"Jaw Worm Horde","floor":43,"turns":6},{"damage":0,"enemies":"Jaw Worm Horde","floor":47,"turns":3},{"damage":0,"enemies":"Nemesis","floor":48,"turns":5},{"damage":0,"enemies":"Donu and Deca","floor":50,"turns":6}],"seed_played":"-8389363260380003840","potions_obtained":[{"floor":2,"key":"AttackPotion"},{"floor":8,"key":"jedi:StrikingPotion"},{"floor":12,"key":"Energy Potion"},{"floor":19,"key":"champ:CounterPotion"},{"floor":22,"key":"Reflective Coating"},{"floor":24,"key":"jedi:holywater"},{"floor":37,"key":"hexamod:EctoCoolerPotion"},{"floor":38,"key":"Guardian:BlockOnCardUsePotion"}],"is_trial":false,"path_per_floor":["M","M","?","?","?","E","R","E","MIM","R","$","M","?","$","R","B",null,"M","M","?","?","M","R","M","?","T","AVR","M","$","E","M","R","B",null,"M","$","M","M","?","R","?","E","MIM","R","$","?","M","E","R","B",null],"character_chosen":"ILLYA","items_purchased":["yuri:BookRed","PrismaMod:IllyaBride+1","Juzu Bracelet","jedi:cryingmask","Replay:Wax Seal","vexMod:PaidLearning","Iron Hammer","aspiration:Nostalgia","Replay:Rubber Ducky","PrismaMod:IllyaAssassinRevenge","Toxic Egg 2","Omamori","conspire:TreasureMap","Membership Card","CCEMRelics:CocoNut","PrismaMod:IllyaCheapDefend+1","Mayhem","Replay:Arrowhead","Question Card","aspiration:VileToxins","Grinning Jar"],"campfire_rested":0,"item_purchase_floors":[0,0,0,0,11,11,14,14,14,14,29,29,29,29,29,29,29,36,36,36,45],"current_hp_per_floor":[75,75,75,75,75,75,75,75,75,75,75,75,75,75,75,75,75,75,75,75,75,75,75,75,75,75,75,75,80,80,80,80,80,80,80,80,80,80,80,80,80,80,80,80,80,80,80,80,80,80],"gold":2667,"neow_bonus":"","is_daily":false,"chose_seed":false,"campfire_upgraded":11,"win_rate":0.0,"timestamp":1609137945,"path_taken":["M","M","?","?","?","E","R","E","MIM","R","$","M","?","?","R","BOSS","M","M","?","?","M","R","M","?","T","AVR","M","$","E","M","R","BOSS","M","$","M","M","?","R","?","E","MIM","R","$","?","M","E","R","BOSS"],"items_purchased_type":["Card","Card","Relic","Relic","Relic","Relic","Relic","Relic","Relic","Card","Relic","Relic","Relic","Relic","Relic","Card","Card","Relic","Relic","Relic","Relic"],"build_version":"2020-12-22","purchased_purges":7,"victory":true,"max_hp_per_floor":[75,75,75,75,75,75,75,75,75,75,75,75,75,75,75,75,75,75,75,75,75,75,75,75,75,75,75,75,80,80,80,80,80,80,80,80,80,80,80,80,80,80,80,80,80,80,80,80,80,80],"card_choices":[{"not_picked":["yuri:DisableStrike","yuri:MirrorInsanity"],"picked":"PrismaMod:IllyaCarnivalDefend","floor":0},{"not_picked":["PrismaMod:IllyaFeed","PrismaMod:IllyaPoisonTippedWeapons"],"picked":"yuri:MPose","floor":1},{"not_picked":["PrismaMod:IllyaMinorRapidFire","PrismaMod:IllyaRapidFire"],"picked":"yuri:Spin","floor":2},{"not_picked":["ReplayTheSpireMod:Necrogeddon","Panacea"],"picked":"Replay:SS_hec_2","floor":3},{"not_picked":["PrismaMod:IllyaBerserCAR","PrismaMod:IllyaUpgradeOrbs"],"picked":"PrismaMod:IllyaUncommonAOEAttack","floor":6},{"not_picked":["yuri:CalmingAura","yuri:Virus"],"picked":"PrismaMod:IllyaSaphire","floor":8},{"not_picked":["PrismaMod:IllyaMinorRapidFire","yuri:ThrowingKnives"],"picked":"PrismaMod:IllyaBoysLove","floor":9},{"not_picked":["PrismaMod:IllyaCheapChannelAttack","PrismaMod:IllyaBride"],"picked":"yuri:BookBlue","floor":12},{"not_picked":["PrismaMod:IllyaInstallBerserker","yuri:JumpScare"],"picked":"PrismaMod:IllyaCarnivalOrbs","floor":16},{"not_picked":["yuri:GlitchedStrike","PrismaMod:IllyaAOECommonAttack"],"picked":"PrismaMod:IllyaStunPoison+1","floor":18},{"not_picked":["yuri:HeavierStrike","PrismaMod:IllyaGun"],"picked":"PrismaMod:IllyaBoysLove","floor":19},{"not_picked":["PrismaMod:IllyaSaphire+1","PrismaMod:IllyaCommonEvoke","PrismaMod:IllyaHassanGift"],"picked":"SKIP","floor":22},{"not_picked":["PrismaMod:IllyaCommandSeal","PrismaMod:IllyaRubysPotion"],"picked":"PrismaMod:IllyaBlindPoisonToss","floor":24},{"not_picked":["ReplayTheSpireMod:Echoes of Time","ReplayTheSpireMod:Haul"],"picked":"ReplayTheSpireMod:??????????????????????","floor":25},{"not_picked":["yuri:ThrowBook","PrismaMod:IllyaPoisonTippedWeapons","PrismaMod:IllyaTestament"],"picked":"SKIP","floor":28},{"not_picked":["yuri:ThrowingKnives","PrismaMod:IllyaCheapDefend+1"],"picked":"PrismaMod:IllyaAssassinRevenge+1","floor":30},{"not_picked":["PrismaMod:IllyaTestament+1","yuri:AdaptiveAI"],"picked":"yuri:BookRed","floor":31},{"not_picked":["yuri:ExploitStrike","PrismaMod:IllyaCarnivalDefend+1"],"picked":"PrismaMod:IllyaInstallArcher","floor":33},{"not_picked":["yuri:UnstableStrike","yuri:WickedSlash","yuri:Spin+1"],"picked":"PrismaMod:IllyaBoysLove+1","floor":35},{"not_picked":["PrismaMod:IllyaCommonEvoke+1","yuri:MPose+1","PrismaMod:IllyaCheapChannelDefend+1","jedi:collectorstrike"],"picked":"PrismaMod:IllyaCheapChannelAttack+1","floor":37},{"not_picked":["Replay:Undeath\u0027s Touch+1","PrismaMod:IllyaCommonEvoke+1","PrismaMod:IllyaDualEvoke","PrismaMod:IllyaGun+1"],"picked":"PrismaMod:IllyaBlindPoisonToss+1","floor":38},{"not_picked":["Corruption","PrismaMod:IllyaGrailKun+1","yuri:SelfHarm+1","ReplayTheSpireMod:Corrosion Curse+1"],"picked":"PrismaMod:IllyaPoisonTippedWeapons+1","floor":41},{"not_picked":["PrismaMod:IllyaUncommonAOEAttack+1","PrismaMod:IllyaMaid+1","PrismaMod:IllyaPartialInstallAssassin+1","PrismaMod:IllyaUpgradeOrbs+1"],"picked":"PrismaMod:IllyaBoysLove+1","floor":42},{"not_picked":["Blood for Blood+1","PrismaMod:IllyaCarnivalOrbs+1","PrismaMod:IllyaCheapDefend+1","Sword Boomerang+1","yuri:GlitchedStrike"],"picked":"SKIP","floor":47},{"not_picked":["yuri:SelfHarm+1","PrismaMod:IllyaAssassinRevenge+1","PrismaMod:IllyaBoysLove+1","Battle Trance+1"],"picked":"yuri:BookGreen+1","floor":48}],"player_experience":916577,"relics_obtained":[{"floor":6,"key":"Bottled Tornado"},{"floor":8,"key":"Anchor"},{"floor":9,"key":"Ancient Tea Set"},{"floor":26,"key":"jedi:shrinkray"},{"floor":30,"key":"Gremlin Horn"},{"floor":42,"key":"theCatGirl:DriedFish"},{"floor":43,"key":"infinitespire:Golems Mask"},{"floor":48,"key":"CCEMRelics:GrindingGear"}],"event_choices":[{"damage_healed":0,"gold_gain":1,"player_choice":"1","damage_taken":0,"max_hp_gain":0,"max_hp_loss":0,"event_name":"betterStone:BetterStone","floor":3,"gold_loss":0},{"damage_healed":4,"gold_gain":0,"player_choice":"LEAVE ","damage_taken":0,"relics_obtained":[],"max_hp_gain":0,"max_hp_loss":0,"event_name":"betterSkull:BetterSkull","floor":4,"gold_loss":0,"cards_upgraded":[]},{"damage_healed":0,"gold_gain":0,"player_choice":"Grow","damage_taken":0,"max_hp_gain":0,"max_hp_loss":0,"event_name":"Living Wall","floor":5,"gold_loss":0,"cards_upgraded":["Replay:SS_hec_2"]},{"damage_healed":0,"gold_gain":0,"player_choice":"Ignored","damage_taken":5018,"max_hp_gain":0,"max_hp_loss":0,"event_name":"betterThird:BetterSerpent","floor":13,"gold_loss":0},{"cards_removed":["yuri:BookRed"],"damage_healed":0,"gold_gain":0,"player_choice":"Give","damage_taken":0,"max_hp_gain":0,"max_hp_loss":0,"event_name":"betterNote:BetterNote","floor":20,"gold_loss":0,"cards_obtained":["None"]},{"damage_healed":0,"gold_gain":0,"player_choice":"Paid Gold","damage_taken":0,"relics_obtained":["aspiration:TomeofQuesting"],"max_hp_gain":0,"max_hp_loss":0,"event_name":"WeMeetAgain","floor":21,"gold_loss":73},{"damage_healed":0,"gold_gain":0,"player_choice":"Leave","damage_taken":0,"max_hp_gain":0,"max_hp_loss":0,"event_name":"conspire:Investor","floor":39,"gold_loss":0},{"damage_healed":0,"gold_gain":0,"player_choice":"Got Potions","damage_taken":0,"max_hp_gain":0,"max_hp_loss":0,"event_name":"Lab","floor":46,"gold_loss":0}],"is_beta":false,"boss_relics":[{"not_picked":["conspire:RoyalGoblet","vexMod:ImprovementManual"],"picked":"PrismaMod:PrismaZwei"},{"not_picked":["Runic Dome","aspiration:RunicSpoon"],"picked":"aspiration:IroncladSkillbook"}],"items_purged_floors":[27,29,29,36,36,45,45],"is_endless":false,"potions_floor_spawned":[2,8,12,19,22,24,30,37,38,42],"ascension_level":0}}