{"host":"agbyy69nq62afhwx","time":1609169166,"event":{"mods":["BaseMod","Colored Map","DeckTracker","Highlight Path","Keyboard Shortcuts","Minty Spire (QoL Compilation)","Quick Restart","StSLib","SuperFastMode","everything is the same but u backflip on backflip"],"gold_per_floor":[116,131,148,148,47,47,57,57,57,70,70,70,100,117,117,117,117],"floor_reached":16,"playtime":419,"items_purged":["Strike_G"],"score":170,"play_id":"ecba3da1-f14c-4972-b0a8-a5e03d40098f","local_time":"20201229002606","is_ascension_mode":true,"campfire_choices":[{"data":"Tactician","floor":6,"key":"SMITH"},{"data":"Acrobatics","floor":8,"key":"SMITH"},{"data":"Backflip","floor":11,"key":"SMITH"},{"floor":15,"key":"REST"}],"circlet_count":0,"master_deck":["AscendersBane","Strike_G","Strike_G","Strike_G","Strike_G","Defend_G","Defend_G","Defend_G","Defend_G","Defend_G","Survivor","Neutralize","Malaise","Dagger Spray","Tactician+1","Acrobatics+1","Backflip+1","Dagger Throw","A Thousand Cuts"],"relics":["Ring of the Snake","Centennial Puzzle","InkBottle","Odd Mushroom"],"acts_visited":["Exordium"],"potions_floor_usage":[16,16],"damage_taken":[{"damage":8.0,"enemies":"Cultist","floor":1.0,"turns":5.0},{"damage":0,"enemies":"2 Louse","floor":2,"turns":3},{"damage":1,"enemies":"Jaw Worm","floor":3,"turns":6},{"damage":11,"enemies":"Exordium Thugs","floor":7,"turns":5},{"damage":4,"enemies":"Blue Slaver","floor":10,"turns":6},{"damage":8,"enemies":"The Mushroom Lair","floor":13,"turns":3},{"damage":6,"enemies":"3 Louse","floor":14,"turns":3},{"damage":23,"enemies":"Slime Boss","floor":16,"turns":10}],"seed_played":"-3258891272106148363","potions_obtained":[{"floor":1.0,"key":"DistilledChaos"},{"floor":3,"key":"GhostInAJar"}],"is_trial":false,"path_per_floor":["M","M","M","T","$","R","M","R","T","M","R","?","?","M","R","B"],"character_chosen":"THE_SILENT","items_purchased":["Backflip"],"campfire_rested":1,"item_purchase_floors":[5],"current_hp_per_floor":[51,51,50,50,50,50,39,39,39,35,35,35,27,21,40,17,17],"gold":117,"neow_bonus":"ONE_RANDOM_RARE_CARD","is_daily":false,"chose_seed":false,"campfire_upgraded":3,"win_rate":0.0,"timestamp":1609169166,"path_taken":["M","M","M","?","$","R","M","R","T","M","R","?","?","?","R","BOSS"],"items_purchased_type":["Card"],"build_version":"2020-12-22","purchased_purges":1,"victory":false,"max_hp_per_floor":[66,66,66,66,66,66,66,66,66,66,66,66,66,66,66,66,66],"card_choices":[{"not_picked":["Terror","Sucker Punch"],"picked":"Dagger Spray","floor":1.0},{"not_picked":["Dodge and Roll","Cloak And Dagger"],"picked":"Tactician","floor":2},{"not_picked":["Cloak And Dagger","Dagger Throw"],"picked":"Acrobatics","floor":3},{"not_picked":["Noxious Fumes","Flying Knee"],"picked":"Dagger Throw","floor":7},{"not_picked":["Choke","Dodge and Roll"],"picked":"A Thousand Cuts","floor":10},{"not_picked":["Dagger Throw","Bane","Deflect"],"picked":"SKIP","floor":14}],"player_experience":393497,"relics_obtained":[{"floor":4,"key":"Centennial Puzzle"},{"floor":9,"key":"InkBottle"},{"floor":13,"key":"Odd Mushroom"}],"event_choices":[{"damage_healed":0,"gold_gain":0,"player_choice":"Ignored","damage_taken":0,"max_hp_gain":0,"max_hp_loss":0,"event_name":"Shining Light","floor":12,"gold_loss":0},{"damage_healed":0,"gold_gain":0,"player_choice":"Fought Mushrooms","damage_taken":0,"max_hp_gain":0,"max_hp_loss":0,"event_name":"Mushrooms","floor":13,"gold_loss":0}],"is_beta":false,"boss_relics":[],"items_purged_floors":[5],"is_endless":false,"potions_floor_spawned":[1,3,13],"killed_by":"Slime Boss","ascension_level":17}}