{"host":"e87rn453naquue3h","time":1609196823,"event":{"mods":["AchievementEnabler","BaseMod","Downfall","Minty Spire (QoL Compilation)","StSLib"],"gold_per_floor":[99,110,127,127,145,158,158,158,174,174,188,199,199,224,241,341,341,341,351,451,451,33,33,33,33,49,63,63,63,63,78,96,198,198,198,212,212,231,231,231,231,248,248,276,276,303,321,354,279,279],"floor_reached":51,"playtime":4740,"items_purged":[],"score":840,"play_id":"946028b8-c4fb-4941-8b66-d29521c13994","local_time":"20201228180703","is_ascension_mode":true,"campfire_choices":[{"data":"Guardian:TwinSlam","floor":1,"key":"SMITH"},{"data":"Guardian:Clone","floor":10,"key":"SMITH"},{"data":"Guardian:Orbwalk","floor":13,"key":"SMITH"},{"data":"Guardian:GatlingBeam","floor":18,"key":"SMITH"},{"data":"Guardian:FuturePlans","floor":25,"key":"SMITH"},{"floor":28,"key":"REST"},{"data":"Guardian:CompilePackage","floor":35,"key":"SMITH"},{"data":"Guardian:TimeCapacitor","floor":40,"key":"SMITH"},{"data":"Guardian:TimeBomb","floor":43,"key":"SMITH"},{"data":"Guardian:BaubleBeam","floor":49,"key":"SMITH"}],"circlet_count":0,"master_deck":["Guardian:Strike_Guardian+1","Guardian:Strike_Guardian+1","Guardian:Strike_Guardian+1","Guardian:Defend_Guardian+1","Guardian:Defend_Guardian+1","Guardian:Defend_Guardian+1","Guardian:Defend_Guardian+1","Guardian:CurlUp+1","Guardian:TwinSlam+1","Guardian:BronzeArmor+1","Guardian:TemporalShield","Regret","Guardian:ShieldCharger","Guardian:TimeBomb+1","Guardian:Clone+1","Guardian:Orbwalk+1","Guardian:TimeCapacitor+1","Guardian:Suspension","Guardian:GatlingBeam+1","Guardian:FuturePlans+1","Guardian:PrismaticBarrier","Guardian:Emergency","Guardian:CompilePackage+1","Guardian:Harden+1","Guardian:BaubleBeam+1","Guardian:Incinerate+1","Guardian:TemporalShield+1"],"relics":["Guardian:ModeShifter","Toy Ornithopter","Blue Candle","Gambling Chip","Philosopher\u0027s Stone","Dead Branch","Darkstone Periapt","Guardian:DefensiveModeMoreBlock","Meat on the Bone","Omamori","Unceasing Top","Cursed Key","White Beast Statue","Kunai","Smiling Mask","Ice Cream","downfall:HeartBlessingGreen"],"acts_visited":["Exordium","TheCity","TheBeyond"],"potions_floor_usage":[15,20,20,33,33,44,44,50,50],"damage_taken":[{"damage":2,"enemies":"Jaw Worm","floor":2,"turns":4},{"damage":0,"enemies":"2 Louse","floor":3,"turns":2},{"damage":2,"enemies":"Cultist","floor":5,"turns":4},{"damage":3,"enemies":"2 Fungi Beasts","floor":6,"turns":5},{"damage":12,"enemies":"Large Slime","floor":9,"turns":6},{"damage":5,"enemies":"Exordium Wildlife","floor":11,"turns":6},{"damage":1,"enemies":"2 Fungi Beasts","floor":12,"turns":4},{"damage":11,"enemies":"3 Sentries","floor":14,"turns":6},{"damage":9,"enemies":"Lots of Slimes","floor":15,"turns":3},{"damage":34,"enemies":"downfall:Ironclad","floor":16,"turns":13},{"damage":13,"enemies":"3 Byrds","floor":19,"turns":4},{"damage":50,"enemies":"Colosseum Nobs","floor":20,"turns":6},{"damage":2,"enemies":"downfall:FleeingMerchant","floor":22,"turns":4},{"damage":9,"enemies":"Shelled Parasite and Fungi","floor":26,"turns":4},{"damage":8,"enemies":"Snecko","floor":27,"turns":5},{"damage":0,"enemies":"3 Cultists","floor":31,"turns":4},{"damage":9,"enemies":"Cultist and Chosen","floor":32,"turns":5},{"damage":13,"enemies":"downfall:Silent","floor":33,"turns":6},{"damage":14,"enemies":"3 Darklings","floor":36,"turns":5},{"damage":0,"enemies":"3 Shapes","floor":38,"turns":3},{"damage":1,"enemies":"Maw","floor":42,"turns":7},{"damage":10,"enemies":"Reptomancer","floor":44,"turns":5},{"damage":1,"enemies":"Giant Head","floor":46,"turns":7},{"damage":1,"enemies":"Transient","floor":47,"turns":5},{"damage":6,"enemies":"Reptomancer","floor":48,"turns":7},{"damage":1,"enemies":"downfall:Watcher","floor":50,"turns":5}],"seed_played":"3542938629683236682","potions_obtained":[{"floor":2,"key":"Weak Potion"},{"floor":6,"key":"LiquidMemories"},{"floor":11,"key":"Block Potion"},{"floor":19,"key":"Dexterity Potion"},{"floor":23,"key":"CultistPotion"},{"floor":26,"key":"DistilledChaos"},{"floor":33,"key":"Explosive Potion"},{"floor":38,"key":"Explosive Potion"},{"floor":42,"key":"Guardian:BlockOnCardUsePotion"},{"floor":44,"key":"Ancient Potion"},{"floor":46,"key":"Fire Potion"},{"floor":47,"key":"SkillPotion"},{"floor":48,"key":"LiquidMemories"}],"is_trial":false,"path_per_floor":["R","M","M","?","M","M","T","?","M","R","M","M","R","E","M","B",null,"R","M","?","?","$","?","T","R","M","M","R","?","?","M","M","B",null,"R","M","?","M","?","R","T","M","R","E","?","E","M","E","R","B",null],"character_chosen":"GUARDIAN","items_purchased":["Guardian:DefensiveModeMoreBlock","Meat on the Bone"],"campfire_rested":1,"item_purchase_floors":[22,22],"current_hp_per_floor":[80,78,78,78,76,73,73,80,68,68,63,62,62,51,47,13,80,80,67,27,27,25,25,25,25,28,32,56,56,56,56,47,44,80,80,66,66,66,66,66,66,65,65,65,65,64,63,57,57,66],"gold":279,"neow_bonus":"RANDOM_COMMON_RELIC","is_daily":false,"chose_seed":false,"campfire_upgraded":9,"win_rate":0.0,"timestamp":1609196823,"path_taken":["R","M","M","?","M","M","T","?","M","R","?","M","R","E","M","BOSS","R","M","?","?","$","?","T","R","M","?","R","?","?","M","M","BOSS","R","M","?","M","?","R","T","?","R","E","?","E","M","E","R","BOSS"],"items_purchased_type":["Relic","Relic"],"build_version":"2020-12-22","purchased_purges":0,"victory":true,"max_hp_per_floor":[80,80,80,80,80,80,80,80,80,80,80,80,80,80,80,80,80,80,80,80,80,80,80,80,80,80,80,80,80,80,80,80,80,80,80,80,80,80,80,80,80,80,80,80,80,80,80,80,80,80],"card_choices":[{"not_picked":["Guardian:PolyBeam","Guardian:PrimingBeam"],"picked":"Guardian:BronzeArmor","floor":2},{"not_picked":["Guardian:Reroute","Guardian:RollAttack"],"picked":"Guardian:TemporalShield","floor":3},{"not_picked":["Guardian:PrismaticBeam","Guardian:Emergency"],"picked":"Guardian:ShieldCharger","floor":5},{"not_picked":["Guardian:PolyBeam","Guardian:Reroute"],"picked":"Guardian:TimeBomb","floor":6},{"not_picked":["Guardian:Suspension","Guardian:Incinerate"],"picked":"Guardian:Clone","floor":9},{"not_picked":["Guardian:Gem_Lightblue","Guardian:PiercingHide"],"picked":"Guardian:Gem_Yellow","floor":11},{"not_picked":["Guardian:ChargeCore","Guardian:ExploitGems"],"picked":"Guardian:Orbwalk","floor":12},{"not_picked":["Guardian:Gem_Cyan","Guardian:ShieldCharger"],"picked":"Guardian:TimeCapacitor","floor":14},{"not_picked":["Guardian:FloatingOrbs","Guardian:Gem_Cyan"],"picked":"Guardian:Suspension","floor":15},{"not_picked":["Guardian:TimeSifter","Guardian:HyperBeam_Guardian"],"picked":"Guardian:GatlingBeam","floor":16},{"not_picked":["Guardian:VentSteam","Guardian:CrystalBeam"],"picked":"Guardian:Gem_Blue","floor":19},{"not_picked":["Guardian:Gem_Red","Guardian:Gem_Blue"],"picked":"Guardian:FuturePlans","floor":20},{"not_picked":["Guardian:TemporalStrike","Guardian:PrismaticBeam+1","Guardian:Gem_Cyan"],"picked":"SKIP","floor":22},{"not_picked":["Guardian:Gem_Purple","Guardian:Reroute"],"picked":"Guardian:PrismaticBarrier","floor":26},{"not_picked":["Guardian:WalkerClaw","Guardian:ShieldSpikes"],"picked":"Guardian:Emergency","floor":27},{"not_picked":["Guardian:Incinerate","Guardian:Suspension+1"],"picked":"Guardian:CompilePackage","floor":31},{"not_picked":["Guardian:Gem_Cyan","Guardian:ChargeCore"],"picked":"Guardian:Harden+1","floor":32},{"not_picked":["Guardian:StasisField","Guardian:GemFinder"],"picked":"Guardian:BaubleBeam","floor":33},{"not_picked":["Guardian:PiercingHide+1","Guardian:RollAttack+1","Guardian:Reroute"],"picked":"SKIP","floor":36},{"not_picked":["Guardian:SphericShield","Guardian:PrimingBeam","Guardian:ShieldSpikes+1"],"picked":"SKIP","floor":38},{"not_picked":["Guardian:TemporalStrike+1","Guardian:TemporalShield","Guardian:Gem_Cyan"],"picked":"SKIP","floor":42},{"not_picked":["Guardian:BaubleBeam","Guardian:PiercingHide+1"],"picked":"Guardian:Gem_Cyan","floor":44},{"not_picked":["Guardian:Gem_Cyan","Guardian:TemporalStrike"],"picked":"Guardian:Incinerate+1","floor":46},{"not_picked":["Guardian:Gem_Red","Guardian:TemporalStrike"],"picked":"Guardian:TemporalShield+1","floor":47},{"not_picked":["Guardian:TemporalShield","Guardian:Gem_Purple","Guardian:RollAttack"],"picked":"SKIP","floor":48}],"player_experience":2432369,"relics_obtained":[{"floor":7,"key":"Blue Candle"},{"floor":14,"key":"Gambling Chip"},{"floor":20,"key":"Dead Branch"},{"floor":20,"key":"Darkstone Periapt"},{"floor":24,"key":"Omamori"},{"floor":41,"key":"White Beast Statue"},{"floor":44,"key":"Kunai"},{"floor":46,"key":"Smiling Mask"},{"floor":48,"key":"Ice Cream"}],"event_choices":[{"damage_healed":7,"gold_gain":0,"player_choice":"Full Heal","damage_taken":0,"max_hp_gain":0,"max_hp_loss":0,"event_name":"Wheel of Change","floor":8,"gold_loss":0},{"damage_healed":0,"gold_gain":0,"player_choice":"Simplicity","damage_taken":0,"max_hp_gain":0,"max_hp_loss":0,"event_name":"Back to Basics","floor":21,"gold_loss":0,"cards_upgraded":["Guardian:Strike_Guardian","Guardian:Strike_Guardian","Guardian:Strike_Guardian","Guardian:Defend_Guardian","Guardian:Defend_Guardian","Guardian:Defend_Guardian","Guardian:Defend_Guardian"]},{"damage_healed":0,"gold_gain":0,"player_choice":"Ignored","damage_taken":0,"max_hp_gain":0,"max_hp_loss":0,"event_name":"Ghosts","floor":29,"gold_loss":0},{"cards_removed":["Guardian:Strike_Guardian"],"damage_healed":0,"gold_gain":0,"player_choice":"Removed Attack","damage_taken":0,"max_hp_gain":0,"max_hp_loss":0,"event_name":"Falling","floor":45,"gold_loss":0}],"is_beta":false,"boss_relics":[{"not_picked":["downfall:Hecktoplasm","Guardian:StasisSlotReductionRelic"],"picked":"Philosopher\u0027s Stone"},{"not_picked":["Empty Cage","Velvet Choker"],"picked":"Cursed Key"}],"items_purged_floors":[],"is_endless":false,"potions_floor_spawned":[2,6,11,19,26,31,33,38,42,44,46,47,48],"ascension_level":2}}