{"host":"dcj2yvrgcvh5dl2s","time":1609141127,"event":{"mods":["BaseMod","Better Note","Block Reminder","Colored Powertips","DeckTracker","Minty Spire (QoL Compilation)","Quick Restart","Rare Cards Sparkle","Relic Stats","StSLib"],"gold_per_floor":[118,5,19,19,31,61,61,89,89,89,106,122,122,133,133,228,228,243,21,21,21,21,55,55,55,80,107,7,7,25,59,59,155,155,173,183,183,58,106,132,132,132,132,132,6,35,35,103,103,103],"floor_reached":51,"playtime":1727,"items_purged":["Shame","Doubt","Pain"],"score":988,"play_id":"852c225c-586d-4e82-bf37-91261364aa57","local_time":"20201228173847","is_ascension_mode":true,"campfire_choices":[{"data":"Distraction","floor":7,"key":"SMITH"},{"floor":10,"key":"REST"},{"data":"Distraction","floor":13,"key":"SMITH"},{"floor":15,"key":"REST"},{"data":"Neutralize","floor":24,"key":"SMITH"},{"floor":29,"key":"REST"},{"floor":32,"key":"REST"},{"floor":42,"key":"REST"},{"data":"A Thousand Cuts","floor":44,"key":"SMITH"},{"floor":49,"key":"REST"}],"circlet_count":0,"master_deck":["Strike_G","Strike_G+1","Strike_G+1","Strike_G","Defend_G","Defend_G","Defend_G","Defend_G","Defend_G","Survivor","Neutralize+1","Bouncing Flask","Distraction+1","Blade Dance","Flying Knee","Cloak And Dagger","Catalyst","Distraction+1","Catalyst","Deflect","A Thousand Cuts+1","Footwork","Backflip","Catalyst","Cloak And Dagger+1","Writhe","Bouncing Flask","Blade Dance","Blade Dance","Corpse Explosion","Prepared+1","Dash+1","Backflip","Good Instincts","Jack Of All Trades","Parasite","Backflip","Noxious Fumes","Noxious Fumes","Pain"],"relics":["Ring of the Snake","Anchor","Singing Bowl","Strawberry","Cursed Key","ClockworkSouvenir","MutagenicStrength","Tiny Chest","PreservedInsect","Whetstone","Ornamental Fan","Shuriken","Philosopher\u0027s Stone","Sundial","Ice Cream","Juzu Bracelet","Prayer Wheel","Lantern","Letter Opener"],"acts_visited":["Exordium","TheCity","TheBeyond"],"potions_floor_usage":[6,18,33,36,40,40,50,50],"damage_taken":[{"damage":3,"enemies":"2 Louse","floor":1,"turns":3},{"damage":4,"enemies":"Cultist","floor":3,"turns":3},{"damage":4,"enemies":"Jaw Worm","floor":5,"turns":3},{"damage":18,"enemies":"Gremlin Nob","floor":6,"turns":3},{"damage":30,"enemies":"Lagavulin","floor":8,"turns":6},{"damage":8,"enemies":"3 Louse","floor":11,"turns":3},{"damage":4,"enemies":"Blue Slaver","floor":12,"turns":4},{"damage":2,"enemies":"Exordium Wildlife","floor":14,"turns":3},{"damage":25,"enemies":"The Guardian","floor":16,"turns":8},{"damage":10,"enemies":"3 Byrds","floor":18,"turns":3},{"damage":39,"enemies":"Gremlin Leader","floor":23,"turns":8},{"damage":18,"enemies":"Book of Stabbing","floor":27,"turns":5},{"damage":12,"enemies":"2 Thieves","floor":30,"turns":4},{"damage":3,"enemies":"Gremlin Leader","floor":31,"turns":5},{"damage":55,"enemies":"Automaton","floor":33,"turns":9},{"damage":0,"enemies":"3 Shapes","floor":35,"turns":3},{"damage":31,"enemies":"3 Darklings","floor":36,"turns":4},{"damage":22,"enemies":"2 Orb Walkers","floor":39,"turns":3},{"damage":10,"enemies":"Reptomancer","floor":40,"turns":4},{"damage":5,"enemies":"Giant Head","floor":46,"turns":5},{"damage":52,"enemies":"Donu and Deca","floor":50,"turns":5}],"seed_played":"350331457585370703","potions_obtained":[{"floor":5,"key":"SkillPotion"},{"floor":8,"key":"GamblersBrew"},{"floor":11,"key":"CunningPotion"},{"floor":30,"key":"FearPotion"},{"floor":33,"key":"AttackPotion"},{"floor":36,"key":"FearPotion"},{"floor":39,"key":"SteroidPotion"},{"floor":46,"key":"Block Potion"}],"is_trial":false,"path_per_floor":["M","$","M","?","M","E","R","E","T","R","M","M","R","M","R","B",null,"M","$","?","?","$","E","R","?","T","E","$","R","M","E","R","B",null,"M","M","T","$","?","E","?","R","T","R","$","E","?","T","R","B",null],"character_chosen":"THE_SILENT","items_purchased":["Distraction","Footwork","ClockworkSouvenir","Backflip","Backflip","Noxious Fumes"],"campfire_rested":6,"item_purchase_floors":[2,19,19,19,45,45],"current_hp_per_floor":[81,81,77,77,73,55,55,25,32,59,51,47,47,45,72,47,91,83,83,83,83,83,44,44,44,44,26,26,53,41,38,65,10,93,95,64,64,64,42,32,24,53,53,53,53,48,48,48,77,25],"gold":103,"neow_bonus":"TWENTY_PERCENT_HP_BONUS","is_daily":false,"chose_seed":false,"campfire_upgraded":4,"win_rate":0.0,"timestamp":1609141127,"path_taken":["M","$","M","?","M","E","R","E","T","R","M","?","R","M","R","BOSS","M","$","?","?","$","E","R","?","T","E","?","R","?","E","R","BOSS","M","M","?","$","?","E","?","R","T","R","$","E","?","?","R","BOSS"],"items_purchased_type":["Card","Card","Relic","Card","Card","Card"],"build_version":"2020-12-22","purchased_purges":3,"victory":true,"max_hp_per_floor":[84,84,84,84,84,84,84,84,91,91,91,91,91,91,91,91,91,93,93,93,93,93,93,93,93,93,93,93,93,93,93,93,93,93,95,95,95,95,95,95,97,97,97,97,97,97,97,97,97,97],"relic_stats":{"Singing Bowl":6,"counters":[21,94],"PreservedInsect":273,"Juzu Bracelet":0,"Whetstone":["Strike_G","Strike_G"],"Letter Opener":[40],"Cursed Key":4,"Ornamental Fan":[116],"Shuriken":[23],"Sundial":[0],"Tiny Chest":2,"Prayer Wheel":0,"obtain_stats":[{"Ice Cream":39,"Lantern":46,"Singing Bowl":8,"PreservedInsect":25,"Juzu Bracelet":40,"Whetstone":26,"Letter Opener":48,"Cursed Key":17,"ClockworkSouvenir":19,"Anchor":6,"Ornamental Fan":27,"Shuriken":31,"Sundial":37,"Strawberry":9,"MutagenicStrength":20,"Tiny Chest":23,"Philosopher\u0027s Stone":34,"Prayer Wheel":43,"Ring of the Snake":0},{"Ice Cream":18,"Lantern":20,"Singing Bowl":5,"PreservedInsect":11,"Juzu Bracelet":19,"Whetstone":11,"Letter Opener":20,"Cursed Key":9,"ClockworkSouvenir":10,"Anchor":4,"Ornamental Fan":12,"Shuriken":14,"Sundial":17,"Strawberry":5,"MutagenicStrength":10,"Tiny Chest":11,"Philosopher\u0027s Stone":15,"Prayer Wheel":19,"Ring of the Snake":0},{"Ice Cream":80,"Lantern":89,"Singing Bowl":18,"PreservedInsect":47,"Juzu Bracelet":84,"Whetstone":47,"Letter Opener":89,"Cursed Key":36,"ClockworkSouvenir":39,"Anchor":12,"Ornamental Fan":52,"Shuriken":61,"Sundial":77,"Strawberry":18,"MutagenicStrength":39,"Tiny Chest":47,"Philosopher\u0027s Stone":70,"Prayer Wheel":84,"Ring of the Snake":0}],"Ring of the Snake":[42]},"card_choices":[{"not_picked":["Tactician","Leg Sweep"],"picked":"Bouncing Flask","floor":1},{"not_picked":["Outmaneuver","Dagger Spray"],"picked":"Blade Dance","floor":3},{"not_picked":["Deflect","Predator"],"picked":"Sucker Punch","floor":5},{"not_picked":["Infinite Blades","Poisoned Stab"],"picked":"Cloak And Dagger","floor":6},{"not_picked":["Footwork","Die Die Die"],"picked":"Catalyst","floor":8},{"not_picked":["Bane","Outmaneuver"],"picked":"Distraction","floor":11},{"not_picked":["Eviscerate","Noxious Fumes"],"picked":"Catalyst","floor":12},{"not_picked":["Poisoned Stab","Reflex"],"picked":"Deflect","floor":14},{"not_picked":["Doppelganger","Bullet Time"],"picked":"A Thousand Cuts","floor":16},{"not_picked":["Poisoned Stab+1","Flying Knee","PiercingWail+1"],"picked":"Singing Bowl","floor":18},{"not_picked":["Backstab","Dagger Spray+1"],"picked":"Cloak And Dagger+1","floor":23},{"not_picked":["Backflip","Noxious Fumes+1"],"picked":"Bouncing Flask","floor":27},{"not_picked":["Unload","Predator"],"picked":"Blade Dance","floor":30},{"not_picked":["Endless Agony+1","Eviscerate"],"picked":"Blade Dance","floor":31},{"not_picked":["Grand Finale","Phantasmal Killer"],"picked":"Corpse Explosion","floor":33},{"not_picked":["Quick Slash","Setup+1","Flying Knee"],"picked":"Singing Bowl","floor":35},{"not_picked":["Concentrate","Quick Slash"],"picked":"Prepared+1","floor":36},{"not_picked":["Outmaneuver","Dagger Throw+1"],"picked":"Dash+1","floor":39},{"not_picked":["Dagger Throw+1","Underhanded Strike"],"picked":"Backflip","floor":40},{"not_picked":["Dark Shackles","PanicButton"],"picked":"Good Instincts","floor":41},{"not_picked":["Deep Breath","Forethought","Mind Blast"],"picked":"Singing Bowl","floor":41},{"not_picked":["Madness","Metamorphosis"],"picked":"Jack Of All Trades","floor":41},{"not_picked":["Choke+1","Predator"],"picked":"Noxious Fumes","floor":46}],"player_experience":2097793,"relics_obtained":[{"floor":6,"key":"Anchor"},{"floor":8,"key":"Singing Bowl"},{"floor":9,"key":"Strawberry"},{"floor":23,"key":"Tiny Chest"},{"floor":26,"key":"Whetstone"},{"floor":27,"key":"Ornamental Fan"},{"floor":31,"key":"Shuriken"},{"floor":37,"key":"Sundial"},{"floor":39,"key":"Ice Cream"},{"floor":40,"key":"Juzu Bracelet"},{"floor":43,"key":"Prayer Wheel"},{"floor":46,"key":"Lantern"},{"floor":48,"key":"Letter Opener"}],"event_choices":[{"damage_healed":0,"gold_gain":0,"cards_transformed":["Strike_G"],"player_choice":"Transformed","damage_taken":0,"max_hp_gain":0,"max_hp_loss":0,"event_name":"Transmorgrifier","floor":4,"gold_loss":0,"cards_obtained":["Flying Knee"]},{"damage_healed":0,"gold_gain":0,"player_choice":"Inject Mutagens","damage_taken":0,"relics_obtained":["MutagenicStrength"],"max_hp_gain":0,"max_hp_loss":0,"event_name":"Drug Dealer","floor":20,"gold_loss":0},{"damage_healed":0,"gold_gain":0,"player_choice":"Read","damage_taken":0,"max_hp_gain":0,"max_hp_loss":0,"event_name":"The Library","floor":21,"gold_loss":0,"cards_obtained":["Catalyst"]},{"damage_healed":0,"gold_gain":0,"player_choice":"Opened","damage_taken":0,"relics_obtained":["PreservedInsect"],"max_hp_gain":0,"max_hp_loss":0,"event_name":"The Mausoleum","floor":25,"gold_loss":0,"cards_obtained":["Writhe"]},{"damage_healed":0,"gold_gain":0,"player_choice":"Fight","damage_taken":0,"max_hp_gain":0,"max_hp_loss":0,"event_name":"Mysterious Sphere","floor":39,"gold_loss":0},{"damage_healed":0,"gold_gain":0,"player_choice":"Memory 3","damage_taken":10,"max_hp_gain":0,"max_hp_loss":0,"event_name":"SensoryStone","floor":41,"gold_loss":0},{"cards_removed":["Sucker Punch"],"damage_healed":0,"gold_gain":0,"player_choice":"Removed Attack","damage_taken":0,"max_hp_gain":0,"max_hp_loss":0,"event_name":"Falling","floor":47,"gold_loss":0}],"is_beta":false,"boss_relics":[{"not_picked":["Snecko Eye","WristBlade"],"picked":"Cursed Key"},{"not_picked":["Tiny House","Empty Cage"],"picked":"Philosopher\u0027s Stone"}],"items_purged_floors":[2,28,38],"is_endless":false,"potions_floor_spawned":[5,8,11,30,33,36,39,46],"ascension_level":4}}