{"host":"Jedit","time":1609168901,"event":{"mods":["BaseMod","Minty Spire (QoL Compilation)","Relic Stats","StSLib"],"gold_per_floor":[99,99,99,99,99,99,24,24,24,24,24,24,24,24,24,24,24,24,24,24,24,24,24,24,24,24,24,24,24,24,24,24,24,24,24,24,24,24,0,0,0],"floor_reached":40,"playtime":2264,"items_purged":["Pain"],"score":1158,"play_id":"d0d6b6cd-126c-46af-b0e3-08ddb366d909","local_time":"20201228152141","is_ascension_mode":true,"campfire_choices":[{"data":"Crippling Poison","floor":8.0,"key":"SMITH"},{"data":"Eviscerate","floor":13.0,"key":"SMITH"},{"data":"Blur","floor":15.0,"key":"SMITH"},{"data":"Night Terror","floor":23,"key":"SMITH"},{"data":"Deadly Poison","floor":27,"key":"SMITH"},{"floor":32,"key":"REST"}],"circlet_count":0,"master_deck":["AscendersBane","Strike_G","Strike_G","Strike_G","Strike_G","Defend_G","Defend_G","Defend_G","Defend_G","Survivor","Neutralize","Backflip","Eviscerate+1","Crippling Poison+1","Blur+1","After Image+1","Deadly Poison+1","Dagger Throw","Night Terror+1","Caltrops+1","Poisoned Stab","PiercingWail","Acrobatics+1","Acrobatics","Deflect+1","Escape Plan","Deadly Poison","Burst","Dash+1","Bouncing Flask","Tactician"],"relics":["Ectoplasm","WarpedTongs","Meat on the Bone","Frozen Egg 2","Bottled Lightning","Runic Pyramid","Oddly Smooth Stone","Question Card","WingedGreaves","MealTicket","StrikeDummy","SlaversCollar","Calipers","Red Mask"],"acts_visited":["Exordium","TheCity","TheBeyond"],"potions_floor_usage":[20,21,21,24,24,24,28,33,40],"damage_taken":[{"damage":0.0,"enemies":"2 Louse","floor":1.0,"turns":3.0},{"damage":0.0,"enemies":"Jaw Worm","floor":4.0,"turns":5.0},{"damage":30.0,"enemies":"Gremlin Nob","floor":6.0,"turns":4.0},{"damage":0.0,"enemies":"Cultist","floor":10.0,"turns":3.0},{"damage":13.0,"enemies":"3 Sentries","floor":11.0,"turns":10.0},{"damage":0.0,"enemies":"3 Louse","floor":12.0,"turns":3.0},{"damage":0.0,"enemies":"Red Slaver","floor":14.0,"turns":3.0},{"damage":0.0,"enemies":"Hexaghost","floor":16.0,"turns":9.0},{"damage":0,"enemies":"Chosen","floor":18,"turns":7},{"damage":5,"enemies":"Shell Parasite","floor":20,"turns":5},{"damage":6,"enemies":"Shelled Parasite and Fungi","floor":21,"turns":5},{"damage":1,"enemies":"Gremlin Leader","floor":24,"turns":6},{"damage":1,"enemies":"Sentry and Sphere","floor":25,"turns":6},{"damage":7,"enemies":"Book of Stabbing","floor":28,"turns":4},{"damage":15,"enemies":"Snake Plant","floor":29,"turns":4},{"damage":0,"enemies":"Gremlin Leader","floor":30,"turns":6},{"damage":0,"enemies":"Automaton","floor":33,"turns":12},{"damage":5,"enemies":"Orb Walker","floor":35,"turns":5},{"damage":0,"enemies":"Mind Bloom Boss Battle","floor":37,"turns":7},{"damage":8,"enemies":"3 Darklings","floor":38,"turns":5},{"damage":56,"enemies":"Giant Head","floor":40,"turns":7}],"seed_played":"-5406985914866766177","potions_obtained":[{"floor":1.0,"key":"AttackPotion"},{"floor":4.0,"key":"LiquidBronze"},{"floor":10.0,"key":"Poison Potion"},{"floor":12.0,"key":"EntropicBrew"},{"floor":16.0,"key":"Regen Potion"},{"floor":20,"key":"EntropicBrew"},{"floor":21,"key":"EssenceOfSteel"},{"floor":22,"key":"EntropicBrew"},{"floor":24,"key":"AttackPotion"},{"floor":28,"key":"LiquidMemories"},{"floor":35,"key":"Poison Potion"}],"is_trial":false,"path_per_floor":["M","?","?","M","?","E","$","R","T","M","E","M","R","M","R","B",null,"M","?","M","M","?","R","E","M","T","R","E","M","E","?","R","B",null,"M","T","?","M","?","E"],"character_chosen":"THE_SILENT","items_purchased":[],"campfire_rested":1,"item_purchase_floors":[],"current_hp_per_floor":[59,52,52,52,52,22,22,22,22,34,33,45,45,45,45,45,61,61,61,66,60,60,60,59,58,58,58,51,36,36,36,55,55,63,58,58,58,50,50,0,0],"gold":0,"neow_bonus":"BOSS_RELIC","is_daily":false,"chose_seed":false,"campfire_upgraded":5,"win_rate":0.0,"timestamp":1609168901,"path_taken":["M","?","?","M","?","E","$","R","T","M","E","?","R","M","R","BOSS","M","?","?","M","?","R","E","M","T","R","E","?","E","?","R","BOSS","M","?","?","M","?","E"],"items_purchased_type":[],"build_version":"2020-12-18","purchased_purges":1,"victory":false,"max_hp_per_floor":[66,66,66,66,66,66,66,66,66,66,66,66,66,66,66,66,66,66,66,66,66,66,66,66,66,66,66,66,66,66,66,66,66,66,66,66,66,66,66,66,66],"relic_stats":{"counters":[21,119],"MealTicket":0,"Ectoplasm":497,"Question Card":7,"obtain_stats":[{"Calipers":37,"Oddly Smooth Stone":24,"Frozen Egg 2":9,"Question Card":26,"WarpedTongs":5,"SlaversCollar":34,"MealTicket":30,"Ectoplasm":0,"WingedGreaves":28,"Red Mask":39,"Bottled Lightning":11,"StrikeDummy":31,"Ring of the Snake":0,"Meat on the Bone":6,"Runic Pyramid":17},{"Calipers":19,"Oddly Smooth Stone":12,"Frozen Egg 2":3,"Question Card":13,"WarpedTongs":2,"SlaversCollar":17,"MealTicket":16,"Ectoplasm":0,"WingedGreaves":14,"Red Mask":20,"Bottled Lightning":5,"StrikeDummy":16,"Ring of the Snake":0,"Meat on the Bone":3,"Runic Pyramid":8},{"Calipers":107,"Oddly Smooth Stone":63,"Frozen Egg 2":12,"Question Card":69,"WarpedTongs":8,"SlaversCollar":95,"MealTicket":83,"Ectoplasm":0,"WingedGreaves":73,"Red Mask":112,"Bottled Lightning":25,"StrikeDummy":83,"Ring of the Snake":0,"Meat on the Bone":12,"Runic Pyramid":40}],"WarpedTongs":[111],"Meat on the Bone":36},"card_choices":[{"not_picked":["Tactician","Cloak And Dagger"],"picked":"Backflip","floor":1.0},{"not_picked":["Blade Dance","Reflex"],"picked":"Eviscerate","floor":4.0},{"not_picked":["Storm of Steel","Flying Knee"],"picked":"Crippling Poison","floor":6.0},{"not_picked":["Deflect","Dodge and Roll"],"picked":"Blur","floor":10.0},{"not_picked":["PiercingWail","Slice"],"picked":"After Image+1","floor":11.0},{"not_picked":["Quick Slash","Sucker Punch"],"picked":"Deadly Poison","floor":12.0},{"not_picked":["Infinite Blades+1","Cloak And Dagger"],"picked":"Dagger Throw","floor":14.0},{"not_picked":["A Thousand Cuts+1","Doppelganger"],"picked":"Night Terror","floor":16.0},{"not_picked":["Reflex","Underhanded Strike+1"],"picked":"Caltrops+1","floor":18},{"not_picked":["Predator","Bane"],"picked":"PiercingWail","floor":20},{"not_picked":["Accuracy+1","Quick Slash"],"picked":"Acrobatics+1","floor":21},{"not_picked":["Blade Dance","Quick Slash"],"picked":"Acrobatics","floor":24},{"not_picked":["Dodge and Roll","Bane","Outmaneuver"],"picked":"SKIP","floor":25},{"not_picked":["Die Die Die","Underhanded Strike","Expertise"],"picked":"Deflect+1","floor":28},{"not_picked":["Accuracy+1","Slice","Finisher"],"picked":"Escape Plan","floor":29},{"not_picked":["Outmaneuver","Cloak And Dagger","Underhanded Strike"],"picked":"Deadly Poison","floor":30},{"not_picked":["Envenom+1","Glass Knife","Bullet Time"],"picked":"Burst","floor":33},{"not_picked":["Dagger Spray","Deadly Poison","PiercingWail"],"picked":"Dash+1","floor":35},{"not_picked":["Deadly Poison","Dagger Spray","Acrobatics+1"],"picked":"Bouncing Flask","floor":37},{"not_picked":["Masterful Stab","Dodge and Roll","Escape Plan+1"],"picked":"Tactician","floor":38}],"player_experience":3414851,"relics_obtained":[{"floor":6.0,"key":"Meat on the Bone"},{"floor":9.0,"key":"Frozen Egg 2"},{"floor":11.0,"key":"Bottled Lightning"},{"floor":24,"key":"Oddly Smooth Stone"},{"floor":26,"key":"Question Card"},{"floor":28,"key":"WingedGreaves"},{"floor":30,"key":"MealTicket"},{"floor":37,"key":"Calipers"}],"event_choices":[{"cards_removed":["Defend_G"],"damage_healed":0.0,"max_hp_gain":0.0,"max_hp_loss":0.0,"gold_gain":0.0,"event_name":"Golden Wing","player_choice":"Card Removal","floor":2.0,"gold_loss":0.0,"damage_taken":7.0},{"damage_healed":0.0,"max_hp_gain":0.0,"max_hp_loss":0.0,"gold_gain":0.0,"event_name":"Golden Idol","player_choice":"Ignored","floor":3.0,"gold_loss":0.0,"damage_taken":0.0},{"damage_healed":0.0,"max_hp_gain":0.0,"max_hp_loss":0.0,"gold_gain":0.0,"event_name":"Accursed Blacksmith","player_choice":"Rummage","floor":5.0,"gold_loss":0.0,"damage_taken":0.0,"relics_obtained":["WarpedTongs"],"cards_obtained":["Pain"]},{"damage_healed":0,"gold_gain":0,"cards_transformed":["Strike_G"],"player_choice":"Transformed","damage_taken":0,"max_hp_gain":0,"max_hp_loss":0,"event_name":"Transmorgrifier","floor":19,"gold_loss":0,"cards_obtained":["Poisoned Stab"]},{"damage_healed":0,"gold_gain":0,"player_choice":"Got Potions","damage_taken":0,"max_hp_gain":0,"max_hp_loss":0,"event_name":"Lab","floor":22,"gold_loss":0},{"damage_healed":0,"gold_gain":0,"player_choice":"Gave Potion","damage_taken":0,"relics_obtained":["StrikeDummy"],"max_hp_gain":0,"max_hp_loss":0,"event_name":"WeMeetAgain","floor":31,"gold_loss":0},{"damage_healed":0,"gold_gain":0,"player_choice":"Fight","damage_taken":0,"max_hp_gain":0,"max_hp_loss":0,"event_name":"MindBloom","floor":37,"gold_loss":0},{"damage_healed":0,"gold_gain":0,"player_choice":"Paid","damage_taken":0,"relics_obtained":["Red Mask"],"max_hp_gain":0,"max_hp_loss":0,"event_name":"Tomb of Lord Red Mask","floor":39,"gold_loss":24}],"is_beta":true,"boss_relics":[{"not_picked":["Runic Dome","Sozu"],"picked":"Runic Pyramid"},{"not_picked":["Velvet Choker","WristBlade"],"picked":"SlaversCollar"}],"items_purged_floors":[7],"is_endless":false,"potions_floor_spawned":[1,4,10,12,16,20,21,24,28,35],"killed_by":"Giant Head","ascension_level":20}}