{"host":"ff0k6g9g9j8o52vm","time":1609140708,"event":{"mods":["AchievementEnabler","Aspiration","Astrologer","BaseMod","Beaked The Cultist","Better Altar","Better Note","Better Sensory Stone","Better Skull","Better Third Choice","Colored Map","Colored Powertips","Curses Come First","Downfall","Duelist Mod","Energized Spire","GifTheSpireLib","Gremlin Mod","Hermit","Highlight Path","Hubris","Infinite Spire","Jorbs\u0027s Wanderer Trilogy","Koishi","Marisa????????","Minty Spire (QoL Compilation)","Quick Restart","Random Character Button","Replay The Spire","Robot Space Explorer","Shade Mod","Somnambulant","StSLib","The Animator","The Bug Knight","The Clintock","The Construct","The Cursed","The Disciple","The Dragon Tamer","The Forsaken","The Gatherer","The Hayseed","The Hierophant","The Judge","The Jungle","The Marked","The Mystic","The Necromancer","The Poker Player","The Runesmith","The Sage","The Saiyan","The Senshi","The Servant 0.9.4","The Wild Card","TheArtist","Wandering Minibosses","Yuri Mod","vexMod"],"gold_per_floor":[112,112,130,147,147,172,182,182,182,194,194,194,228,245,245,245,245],"floor_reached":16,"playtime":970,"items_purged":[],"score":112,"play_id":"ba073495-3bb5-47c3-9b96-ff536be8ebda","local_time":"20201227233148","is_ascension_mode":false,"campfire_choices":[{"data":"clintock:Epidemic","floor":8,"key":"SMITH"},{"data":"clintock:BaseSynthesis","floor":11,"key":"SMITH"},{"data":"clintock:Polymerize","floor":15,"key":"SMITH"}],"circlet_count":0,"master_deck":["clintock:ClintockStrike","clintock:ClintockStrike","clintock:ClintockStrike","clintock:ClintockDefend","clintock:ClintockDefend","clintock:ClintockDefend","clintock:ClintockDefend","clintock:BaseSynthesis+1","clintock:Replenish","clintock:Thymidine+1","clintock:Epidemic+1","clintock:Excavate","clintock:Outbreak","clintock:Deoxycytidine","clintock:Immunodeficiency","theForsaken:PlagueCurse","clintock:Polymerize+1"],"relics":["clintock:BiomoleculePool","infinitespire:Lychee Nut","Bag of Marbles","theForsaken:PlagueMask","sagemod:Red_Beast_Statue"],"acts_visited":["Exordium"],"potions_floor_usage":[7,13],"damage_taken":[{"damage":1,"enemies":"Jaw Worm","floor":1,"turns":6},{"damage":6,"enemies":"infinitespire:Voidling","floor":3,"turns":5},{"damage":4,"enemies":"2 Louse","floor":4,"turns":2},{"damage":9,"enemies":"HollowMod:MossKnight","floor":6,"turns":10},{"damage":7,"enemies":"Exordium Wildlife","floor":7,"turns":3},{"damage":10,"enemies":"Looter","floor":10,"turns":3},{"damage":34,"enemies":"Lagavulin","floor":13,"turns":4},{"damage":6,"enemies":"2 Fungi Beasts","floor":14,"turns":2},{"damage":31,"enemies":"Hexaghost","floor":16,"turns":7}],"seed_played":"-5226722198032937068","potions_obtained":[{"floor":1,"key":"Ancient Potion"},{"floor":3,"key":"Block Potion"},{"floor":6,"key":"Adrenaline Potion"},{"floor":7,"key":"Milkshake"},{"floor":14,"key":"Explosive Potion"}],"is_trial":false,"path_per_floor":["M","?","M","M","?","E","M","R","T","M","R","?","E","M","R","B"],"character_chosen":"CLINTOCK_CLASS","items_purchased":[],"campfire_rested":0,"item_purchase_floors":[],"current_hp_per_floor":[87,87,81,77,77,66,61,61,61,56,56,56,28,25,25,0,0],"gold":245,"neow_bonus":"TEN_PERCENT_HP_BONUS","is_daily":false,"chose_seed":false,"campfire_upgraded":3,"win_rate":0.0,"timestamp":1609140708,"path_taken":["M","?","M","M","?","E","?","R","T","M","R","?","E","M","R","BOSS"],"items_purchased_type":[],"build_version":"2020-12-22","purchased_purges":0,"victory":false,"max_hp_per_floor":[88,88,88,88,88,66,66,66,66,66,66,66,66,66,66,66,66],"card_choices":[{"not_picked":["clintock:DegradedPrimer","clintock:VectorFlow"],"picked":"clintock:Thymidine","floor":1},{"not_picked":["clintock:Immunodeficiency","clintock:Obstruct"],"picked":"clintock:Epidemic","floor":3},{"not_picked":["clintock:Obstruct","clintock:DealersLuck"],"picked":"clintock:Excavate","floor":4},{"not_picked":["clintock:GeneAmplification","clintock:Centrifuge"],"picked":"clintock:Deoxycytidine","floor":6},{"not_picked":["clintock:Deoxyadenosine","clintock:TelomereErosion"],"picked":"clintock:Immunodeficiency","floor":7},{"not_picked":["clintock:Immunodeficiency","clintock:Obstruct","clintock:DegradedPrimer"],"picked":"SKIP","floor":10},{"not_picked":["clintock:SuperSeqX1","clintock:Thymidine"],"picked":"clintock:Polymerize","floor":13},{"not_picked":["clintock:SampleSwap","clintock:EnergyDrink","clintock:VectorFlow"],"picked":"SKIP","floor":14}],"player_experience":897941,"relics_obtained":[{"floor":6,"key":"infinitespire:Lychee Nut"},{"floor":9,"key":"Bag of Marbles"},{"floor":13,"key":"sagemod:Red_Beast_Statue"}],"event_choices":[{"damage_healed":0,"gold_gain":0,"cards_transformed":["clintock:ClintockStrike"],"player_choice":"Transformed","damage_taken":0,"max_hp_gain":0,"max_hp_loss":0,"event_name":"Transmorgrifier","floor":5,"gold_loss":0,"cards_obtained":["clintock:Outbreak"]},{"damage_healed":0,"gold_gain":0,"player_choice":"Obtain Plague Curse","damage_taken":0,"max_hp_gain":0,"max_hp_loss":0,"event_name":"Plague Doctor","floor":12,"gold_loss":0,"cards_obtained":["theForsaken:PlagueCurse"]}],"is_beta":false,"boss_relics":[],"items_purged_floors":[],"is_endless":false,"potions_floor_spawned":[1,3,6,7,14],"killed_by":"Hexaghost","ascension_level":0}}