{"host":"u9e3a5f5jx77r6og","time":1609181545,"event":{"mods":["BaseMod","Colored Map","Colored Powertips","Downfall","Minty Spire (QoL Compilation)","Quick Restart","Shop Mod","StSLib","Unceasing Turn Reminder","everything is the same but u backflip on backflip"],"gold_per_floor":[361,361,2,12,24,24,38,3,28,62,62,62,97,110,110,208,208,244,259,298,298,94,94,121,121,121],"floor_reached":25,"playtime":2793,"items_purged":["Slimebound:Icky"],"score":289,"play_id":"b5d5546c-4cf9-4357-bec9-6b9b2216ce9d","local_time":"20201228135225","is_ascension_mode":true,"campfire_choices":[{"floor":6.0,"key":"REST"},{"data":"LikeWater","floor":11.0,"key":"SMITH"},{"data":"ClearTheMind","floor":15.0,"key":"SMITH"},{"data":"Ragnarok","floor":23,"key":"SMITH"}],"circlet_count":0,"master_deck":["Strike_P","Strike_P","Strike_P","Strike_P","Defend_P+1","Defend_P","Defend_P","Defend_P+1","Eruption","Vigilance","Vengeance","LikeWater+1","LikeWater+1","Impatience","WreathOfFlame","Meditate","Crescendo","ClearTheMind+1","Wish","WindmillStrike+1","Protect+1","Ragnarok+1","Dramatic Entrance","Alpha"],"relics":["PureWater","DollysMirror","Strawberry","Centennial Puzzle","Oddly Smooth Stone","Coffee Dripper","MutagenicStrength","InkBottle"],"acts_visited":["Exordium","TheCity"],"potions_floor_usage":[16,16,24],"damage_taken":[{"damage":15.0,"enemies":"Small Slimes","floor":1.0,"turns":8.0},{"damage":0.0,"enemies":"Jaw Worm","floor":4.0,"turns":4.0},{"damage":0.0,"enemies":"Cultist","floor":5.0,"turns":4.0},{"damage":15.0,"enemies":"2 Fungi Beasts","floor":7.0,"turns":6.0},{"damage":8.0,"enemies":"Gremlin Nob","floor":10.0,"turns":5.0},{"damage":6.0,"enemies":"Lagavulin","floor":13.0,"turns":9.0},{"damage":3.0,"enemies":"Large Slime","floor":14.0,"turns":7.0},{"damage":20,"enemies":"Slime Boss","floor":16,"turns":10},{"damage":13,"enemies":"3 Byrds","floor":18,"turns":10},{"damage":2,"enemies":"Spheric Guardian","floor":19,"turns":3},{"damage":21,"enemies":"Snake Plant","floor":20,"turns":4},{"damage":4,"enemies":"Book of Stabbing","floor":24,"turns":7},{"damage":9,"enemies":"Shelled Parasite and Fungi","floor":25,"turns":2}],"seed_played":"1581116849940138419","potions_obtained":[{"floor":7.0,"key":"Fire Potion"},{"floor":13.0,"key":"CultistPotion"},{"floor":16,"key":"sneckomod:MuddlingPotion"},{"floor":18,"key":"SneckoOil"}],"is_trial":false,"path_per_floor":["M","?","$","M","M","R","M","?","T","E","R","?","E","M","R","B",null,"M","M","M","?","$","R","E","M"],"character_chosen":"WATCHER","items_purchased":["LikeWater","DollysMirror","Impatience","Ragnarok","Dramatic Entrance","Strength Potion"],"campfire_rested":1,"item_purchase_floors":[3,3,3,22,22,22],"current_hp_per_floor":[57,43,43,43,43,64,49,67,74,66,66,66,60,57,57,37,69,56,54,33,33,33,33,29,20,20],"gold":121,"neow_bonus":"TWO_FIFTY_GOLD","is_daily":false,"chose_seed":false,"campfire_upgraded":3,"win_rate":0.0,"timestamp":1609181545,"path_taken":["M","?","$","M","M","R","M","?","T","E","R","?","E","M","R","BOSS","M","?","M","?","$","R","E","M"],"items_purchased_type":["Card","Relic","Card","Card","Card","Potion"],"build_version":"2020-12-22","purchased_purges":1,"victory":false,"max_hp_per_floor":[72,72,72,72,72,72,72,72,79,79,79,79,79,79,79,79,79,79,79,79,79,79,79,79,79,79],"card_choices":[{"not_picked":["Protect","Prostrate"],"picked":"Vengeance","floor":1.0},{"not_picked":["SandsOfTime","ReachHeaven"],"picked":"WreathOfFlame","floor":4.0},{"not_picked":["EmptyMind","SashWhip"],"picked":"Meditate","floor":5.0},{"not_picked":["Scrawl","SignatureMove"],"picked":"Crescendo","floor":7.0},{"not_picked":["BattleHymn","FlurryOfBlows","Fasting2"],"picked":"SKIP","floor":10.0},{"not_picked":["FlurryOfBlows","EmptyFist"],"picked":"ClearTheMind","floor":13.0},{"not_picked":["EmptyBody","SandsOfTime","ThirdEye"],"picked":"SKIP","floor":14.0},{"not_picked":["Vault","Ragnarok"],"picked":"Wish","floor":16},{"not_picked":["JustLucky","EmptyBody"],"picked":"WindmillStrike+1","floor":18},{"not_picked":["Halt","EmptyBody","Crescendo"],"picked":"SKIP","floor":19},{"not_picked":["WheelKick","EmptyMind"],"picked":"Protect+1","floor":20},{"not_picked":["Halt+1","Prostrate+1"],"picked":"Alpha","floor":24}],"player_experience":262199,"relics_obtained":[{"floor":9.0,"key":"Strawberry"},{"floor":10.0,"key":"Centennial Puzzle"},{"floor":13.0,"key":"Oddly Smooth Stone"},{"floor":24,"key":"InkBottle"}],"event_choices":[{"damage_healed":0.0,"max_hp_gain":0.0,"max_hp_loss":0.0,"gold_gain":0.0,"event_name":"Shining Light","player_choice":"Entered Light","floor":2.0,"gold_loss":0.0,"damage_taken":14.0,"cards_upgraded":["Defend_P","Defend_P"]},{"damage_healed":18.0,"max_hp_gain":0.0,"max_hp_loss":0.0,"gold_gain":0.0,"event_name":"The Cleric","player_choice":"Healed","floor":8.0,"gold_loss":35.0,"damage_taken":0.0},{"damage_healed":0.0,"max_hp_gain":0.0,"max_hp_loss":0.0,"gold_gain":0.0,"event_name":"Accursed Blacksmith","player_choice":"Forge","floor":12.0,"gold_loss":0.0,"damage_taken":0.0,"cards_upgraded":["LikeWater"]},{"damage_healed":0,"gold_gain":0,"player_choice":"Inject Mutagens","damage_taken":0,"relics_obtained":["MutagenicStrength"],"max_hp_gain":0,"max_hp_loss":0,"event_name":"Drug Dealer","floor":21,"gold_loss":0}],"is_beta":false,"boss_relics":[{"not_picked":["Snecko Eye","Runic Pyramid"],"picked":"Coffee Dripper"}],"items_purged_floors":[3],"is_endless":false,"potions_floor_spawned":[7,13,16,18],"killed_by":"Shelled Parasite and Fungi","ascension_level":5}}