{"host":"6xsbn6ynqlzwllfm","time":1609166127,"event":{"mods":["2.2 Compatiblity","BaseMod","Bestiary","Colored Map","Colored Powertips","Curses Come First","Highlight Path","Keyboard Shortcuts","Minty Spire (QoL Compilation)","Quick Restart","Relic Stats","Slay the Relics Exporter","StSLib","SuperFastMode"],"gold_per_floor":[115,115,126,23,35,67,67,99,148,148,164,183,199,199,199,276,276,294,294,305,305,220,249,264,264,344,344,344],"floor_reached":27,"playtime":397,"items_purged":["Strike_R"],"score":586,"play_id":"f3ac29c7-3306-4123-9705-4b39e7326db1","local_time":"20201228093527","is_ascension_mode":true,"campfire_choices":[{"data":"Bludgeon","floor":7.0,"key":"SMITH"},{"data":"Cleave","floor":10.0,"key":"SMITH"},{"data":"Sword Boomerang","floor":15.0,"key":"SMITH"}],"circlet_count":0,"master_deck":["AscendersBane","Strike_R","Strike_R","Strike_R","Strike_R","Defend_R","Defend_R","Defend_R","Bash","Hemokinesis","Cleave","Bludgeon+1","Thunderclap","Cleave+1","Spot Weakness","Metallicize","Sword Boomerang+1","Limit Break","Writhe","Hemokinesis+1","Pommel Strike+1","True Grit+1"],"relics":["Burning Blood","NeowsBlessing","Gremlin Horn","Red Skull","Regal Pillow","Velvet Choker","Anchor","MutagenicStrength","PreservedInsect","Eternal Feather","Mercury Hourglass","Ornamental Fan"],"acts_visited":["Exordium","TheCity"],"potions_floor_usage":[16,23,23],"damage_taken":[{"damage":0.0,"enemies":"2 Louse","floor":1.0,"turns":1.0},{"damage":0.0,"enemies":"Cultist","floor":3.0,"turns":1.0},{"damage":0.0,"enemies":"Jaw Worm","floor":5.0,"turns":1.0},{"damage":42.0,"enemies":"Lagavulin","floor":6.0,"turns":4.0},{"damage":8.0,"enemies":"Gremlin Nob","floor":8.0,"turns":3.0},{"damage":10.0,"enemies":"Blue Slaver","floor":11.0,"turns":3.0},{"damage":11.0,"enemies":"Looter","floor":12.0,"turns":2.0},{"damage":16.0,"enemies":"Red Slaver","floor":13.0,"turns":2.0},{"damage":0,"enemies":"Slime Boss","floor":16,"turns":4},{"damage":25,"enemies":"Shell Parasite","floor":18,"turns":3},{"damage":24,"enemies":"Spheric Guardian","floor":20,"turns":4},{"damage":6,"enemies":"Book of Stabbing","floor":23,"turns":2},{"damage":9,"enemies":"Snecko","floor":24,"turns":3},{"damage":25,"enemies":"Slavers","floor":27,"turns":2}],"seed_played":"2624464355422062071","potions_obtained":[{"floor":1.0,"key":"BlessingOfTheForge"},{"floor":2.0,"key":"BlessingOfTheForge"},{"floor":8.0,"key":"ColorlessPotion"},{"floor":20,"key":"AttackPotion"},{"floor":24,"key":"BloodPotion"}],"is_trial":false,"path_per_floor":["M","?","M","$","M","E","R","E","T","R","M","M","M","?","R","B",null,"M","?","M","?","?","E","M","T","T","E"],"character_chosen":"IRONCLAD","items_purchased":["Cleave"],"campfire_rested":0,"item_purchase_floors":[4],"current_hp_per_floor":[74,74,75,75,75,39,39,37,37,37,33,28,18,18,18,24,62,43,43,25,25,25,25,22,22,22,0,0],"gold":344,"neow_bonus":"THREE_ENEMY_KILL","is_daily":false,"chose_seed":false,"campfire_upgraded":3,"win_rate":0.0,"timestamp":1609166127,"path_taken":["M","?","M","$","?","E","R","E","T","R","M","M","M","?","R","BOSS","M","?","M","?","?","E","M","?","T","E"],"items_purchased_type":["Card"],"build_version":"2020-12-22","purchased_purges":1,"victory":false,"max_hp_per_floor":[75,75,75,75,75,75,75,75,75,75,75,75,75,75,75,75,75,75,75,75,75,75,75,75,75,75,75,75],"relic_stats":{"Regal Pillow":0,"Gremlin Horn":[2,2],"counters":[14,35],"Ornamental Fan":[4],"Eternal Feather":0,"PreservedInsect":83,"obtain_stats":[{"Regal Pillow":9,"Anchor":19,"NeowsBlessing":0,"Gremlin Horn":6,"Ornamental Fan":26,"MutagenicStrength":21,"Velvet Choker":17,"Eternal Feather":23,"PreservedInsect":22,"Burning Blood":0,"Red Skull":8,"Mercury Hourglass":25},{"Regal Pillow":5,"Anchor":10,"NeowsBlessing":0,"Gremlin Horn":4,"Ornamental Fan":13,"MutagenicStrength":11,"Velvet Choker":9,"Eternal Feather":12,"PreservedInsect":11,"Burning Blood":0,"Red Skull":5,"Mercury Hourglass":13},{"Regal Pillow":10,"Anchor":24,"NeowsBlessing":0,"Gremlin Horn":7,"Ornamental Fan":33,"MutagenicStrength":28,"Velvet Choker":21,"Eternal Feather":30,"PreservedInsect":28,"Burning Blood":0,"Red Skull":10,"Mercury Hourglass":33}],"Burning Blood":67,"Mercury Hourglass":[18]},"card_choices":[{"not_picked":["Dark Embrace","Warcry"],"picked":"Hemokinesis","floor":1.0},{"not_picked":["Twin Strike","Heavy Blade"],"picked":"Bludgeon","floor":5.0},{"not_picked":["Combust","Sword Boomerang"],"picked":"Thunderclap","floor":6.0},{"not_picked":["Body Slam","Clash"],"picked":"Cleave","floor":8.0},{"not_picked":["Iron Wave","Perfected Strike"],"picked":"Spot Weakness","floor":11.0},{"not_picked":["Twin Strike","Sword Boomerang"],"picked":"Metallicize","floor":12.0},{"not_picked":["Body Slam","Entrench"],"picked":"Sword Boomerang","floor":13.0},{"not_picked":["Demon Form","Barricade"],"picked":"Limit Break","floor":16},{"not_picked":["Shrug It Off","Headbutt+1"],"picked":"Hemokinesis+1","floor":20},{"not_picked":["Wild Strike","Headbutt"],"picked":"Pommel Strike+1","floor":23},{"not_picked":["Shrug It Off","Sever Soul+1"],"picked":"True Grit+1","floor":24}],"player_experience":1064813,"relics_obtained":[{"floor":6.0,"key":"Gremlin Horn"},{"floor":8.0,"key":"Red Skull"},{"floor":9.0,"key":"Regal Pillow"},{"floor":23,"key":"Eternal Feather"},{"floor":25,"key":"Mercury Hourglass"},{"floor":26,"key":"Ornamental Fan"}],"event_choices":[{"damage_healed":0.0,"max_hp_gain":0.0,"max_hp_loss":0.0,"gold_gain":0.0,"event_name":"Lab","player_choice":"Got Potions","floor":2.0,"gold_loss":0.0,"damage_taken":0.0},{"cards_removed":["Defend_R"],"damage_healed":0.0,"max_hp_gain":0.0,"max_hp_loss":0.0,"gold_gain":0.0,"event_name":"Living Wall","player_choice":"Forget","floor":14.0,"gold_loss":0.0,"damage_taken":0.0},{"damage_healed":0,"gold_gain":0,"player_choice":"Opened","damage_taken":0,"relics_obtained":["Anchor"],"max_hp_gain":0,"max_hp_loss":0,"event_name":"The Mausoleum","floor":19,"gold_loss":0,"cards_obtained":["Writhe"]},{"damage_healed":0,"gold_gain":0,"player_choice":"Inject Mutagens","damage_taken":0,"relics_obtained":["MutagenicStrength"],"max_hp_gain":0,"max_hp_loss":0,"event_name":"Drug Dealer","floor":21,"gold_loss":0},{"damage_healed":0,"gold_gain":0,"player_choice":"Obtained Relic","damage_taken":0,"relics_obtained":["PreservedInsect"],"max_hp_gain":0,"max_hp_loss":0,"event_name":"Addict","floor":22,"gold_loss":85}],"is_beta":false,"boss_relics":[{"not_picked":["Runic Cube","Runic Pyramid"],"picked":"Velvet Choker"}],"items_purged_floors":[4],"is_endless":false,"potions_floor_spawned":[1,8,13,20,24],"killed_by":"Slavers","ascension_level":20}}