{"host":"cxvb37eaaiijvrl4","time":1609136826,"event":{"mods":["ATMod(阿瑾Mod)","BaseMod","Better Third Choice","Minty Spire (QoL Compilation)","MostiFishMod","Quick Restart","Rare Cards Sparkle","Shop Mod","Spicy Shops","StSLib","TestMod","Uncapped","残留之物"],"gold_per_floor":[110,110,110,120,138,169,185,185,230,230,243,254,254,285,285,362,362,374,171,171,182,6,33,33,66,66,101,118,118,118,34,34,108,108,128,138,18,18,29,29,43,43,43,77,93,103,118,136,136,136,136,136,136,34,69,69],"floor_reached":57,"playtime":1324,"items_purged":["Strike_R","Strike_R","Strike_R","AT_FalsePromise+1","Bash"],"score":3408,"play_id":"ba7e0b4d-28c3-4691-b7c6-a4a2e334edac","local_time":"20201227222706","is_ascension_mode":true,"campfire_choices":[{"data":"Barricade","floor":8.0,"key":"SMITH"},{"data":"Entrench","floor":10.0,"key":"SMITH"},{"data":"Body Slam","floor":13.0,"key":"SMITH"},{"data":"AT_BodySlamDance","floor":15.0,"key":"SMITH"},{"data":"MostiFishMod:RacingGame","floor":24.0,"key":"SMITH"},{"data":"Dark Embrace","floor":29.0,"key":"SMITH"},{"data":"Seeing Red","floor":32.0,"key":"SMITH"},{"data":"MostiFishMod:404NotFound","floor":40.0,"key":"SMITH"},{"data":"Shrug It Off","floor":42.0,"key":"SMITH"},{"floor":49.0,"key":"RECALL"},{"data":"Burning Pact","floor":53.0,"key":"SMITH"}],"circlet_count":0,"master_deck":["AscendersBane","Defend_R","Defend_R","Defend_R+1","Defend_R","MostiFishMod:WingOfPhoenix","AT_BodySlamDance+1","Barricade+1","Entrench+1","Body Slam+1","Dark Embrace+1","Shrug It Off+1","Seeing Red+1","MostiFishMod:RacingGame+1","MostiFishMod:404NotFound+1","Carnage","Burning Pact+1"],"relics":["Burning Blood","testmod-TestBox","AT_ATBox","Transparent","testmod-TimeTraveler","SynthV:TestCard","AT_ArcaneBoots","MerchantsRug","Blood Vial","PlaceholderMod:DeVermisMysteriis","Centennial Puzzle","Bird Faced Urn","DaveBox","The Courier","Philosopher\u0027s Stone","testmod-HeartOfStrike","Lantern"],"acts_visited":["Exordium","TheCity","TheBeyond","TheEnding"],"potions_floor_usage":[56,56],"damage_taken":[{"damage":16.0,"enemies":"Jaw Worm","floor":1.0,"turns":2.0},{"damage":7.0,"enemies":"Small Slimes","floor":4.0,"turns":2.0},{"damage":7.0,"enemies":"Cultist","floor":5.0,"turns":1.0},{"damage":59.0,"enemies":"3 Sentries","floor":6.0,"turns":7.0},{"damage":14.0,"enemies":"2 Fungi Beasts","floor":7.0,"turns":2.0},{"damage":14.0,"enemies":"Exordium Thugs","floor":11.0,"turns":2.0},{"damage":14.0,"enemies":"Large Slime","floor":12.0,"turns":2.0},{"damage":21.0,"enemies":"Gremlin Nob","floor":14.0,"turns":3.0},{"damage":21.0,"enemies":"Slime Boss","floor":16.0,"turns":3.0},{"damage":21.0,"enemies":"Chosen","floor":18.0,"turns":3.0},{"damage":7.0,"enemies":"3 Byrds","floor":21.0,"turns":1.0},{"damage":22.0,"enemies":"Book of Stabbing","floor":23.0,"turns":3.0},{"damage":14.0,"enemies":"Gremlin Leader","floor":25.0,"turns":2.0},{"damage":39.0,"enemies":"Slavers","floor":27.0,"turns":3.0},{"damage":14.0,"enemies":"Snecko","floor":28.0,"turns":2.0},{"damage":14.0,"enemies":"Champ","floor":33.0,"turns":2.0},{"damage":7.0,"enemies":"Orb Walker","floor":35.0,"turns":1.0},{"damage":7.0,"enemies":"3 Darklings","floor":36.0,"turns":1.0},{"damage":14.0,"enemies":"Transient","floor":39.0,"turns":2.0},{"damage":7.0,"enemies":"Jaw Worm Horde","floor":41.0,"turns":1.0},{"damage":7.0,"enemies":"Reptomancer","floor":44.0,"turns":1.0},{"damage":14.0,"enemies":"Sphere and 2 Shapes","floor":45.0,"turns":2.0},{"damage":7.0,"enemies":"3 Darklings","floor":46.0,"turns":1.0},{"damage":15.0,"enemies":"4 Shapes","floor":47.0,"turns":2.0},{"damage":7.0,"enemies":"Spire Growth","floor":48.0,"turns":1.0},{"damage":14.0,"enemies":"Awakened One","floor":50.0,"turns":2.0},{"damage":7.0,"enemies":"Donu and Deca","floor":51.0,"turns":1.0},{"damage":7.0,"enemies":"Shield and Spear","floor":55.0,"turns":1.0},{"damage":31,"enemies":"The Heart","floor":56,"turns":4}],"seed_played":"-4682107061754414897","potions_obtained":[{"floor":6.0,"key":"DuplicationPotion"},{"floor":11.0,"key":"SkillPotion"},{"floor":33.0,"key":"BloodPotion"},{"floor":41.0,"key":"Energy Potion"}],"is_trial":false,"path_per_floor":["M","?","?","M","M","E","M","R","T","R","M","M","R","E","R","B",null,"M","$","?","M","$","E","R","E","T","E","M","R","?","$","R","B",null,"M","M","$","?","M","R","M","R","T","E","M","M","M","M","R","B","B",null,"R","$","E","B",null],"character_chosen":"IRONCLAD","items_purchased":["MerchantsRug","MostiFishMod:RacingGame"],"campfire_rested":0,"item_purchase_floors":[19,22],"current_hp_per_floor":[52,29,29,22,73,72,75,75,75,75,75,75,75,75,75,75,75,75,75,71,75,75,75,75,75,75,75,75,75,75,75,75,75,75,75,75,75,75,75,75,75,75,75,75,75,75,75,75,75,75,75,75,75,75,75,75],"gold":69,"neow_bonus":"TRANSFORM_CARD","is_daily":false,"chose_seed":false,"campfire_upgraded":10,"win_rate":0.0,"timestamp":1609136826,"path_taken":["M","?","?","M","M","E","M","R","T","R","M","?","R","E","R","BOSS","M","$","?","M","?","E","R","E","T","E","M","R","?","$","R","BOSS","M","M","$","?","M","R","M","R","T","E","M","M","?","M","R","BOSS","BOSS","R","$","E","BOSS"],"items_purchased_type":["Relic","Card"],"build_version":"2020-12-22","purchased_purges":5,"victory":true,"max_hp_per_floor":[75,75,75,75,75,75,75,75,75,75,75,75,75,75,75,75,75,75,75,75,75,75,75,75,75,75,75,75,75,75,75,75,75,75,75,75,75,75,75,75,75,75,75,75,75,75,75,75,75,75,75,75,75,75,75,75],"card_choices":[{"not_picked":["Anger","Armaments","Heavy Blade"],"picked":"SKIP","floor":1.0},{"not_picked":["Pommel Strike","Disarm","Clothesline","Sever Soul"],"picked":"AT_BodySlamDance","floor":4.0},{"not_picked":["Wild Strike","Sword Boomerang","Whirlwind","Iron Wave"],"picked":"Barricade","floor":5.0},{"not_picked":["Intimidate","Flame Barrier","Hemokinesis","AT_DiedThrough"],"picked":"Entrench","floor":6.0},{"not_picked":["Sword Boomerang","Flex","Ghostly Armor","Combust"],"picked":"Body Slam","floor":7.0},{"not_picked":["AT_IchimonjiDouble","Intimidate","Clothesline","Body Slam","Sever Soul"],"picked":"SKIP","floor":11.0},{"not_picked":["Reckless Charge","Bludgeon","Heavy Blade","Twin Strike"],"picked":"Dark Embrace","floor":12.0},{"not_picked":["True Grit","Heavy Blade","AT_BodySlamDance","Spot Weakness","MostiFishMod:DarkDeal"],"picked":"SKIP","floor":14.0},{"not_picked":["Armaments","Cleave","Warcry+1","Havoc+1"],"picked":"Shrug It Off","floor":18.0},{"not_picked":["Cleave","Ghostly Armor","Headbutt","Sword Boomerang"],"picked":"Seeing Red","floor":21.0},{"not_picked":["Thunderclap","Shrug It Off","Hemokinesis+1","Infernal Blade","MostiFishMod:CullingBlade"],"picked":"SKIP","floor":23.0},{"not_picked":["Clothesline","Sword Boomerang","Dropkick","Iron Wave","Pommel Strike"],"picked":"SKIP","floor":25.0},{"not_picked":["Perfected Strike+1","MostiFishMod:Mania","Havoc","Shrug It Off","Warcry"],"picked":"SKIP","floor":27.0},{"not_picked":["AT_ShrugMaster","Reckless Charge","Cleave","Dropkick","Intimidate+1"],"picked":"SKIP","floor":28.0},{"not_picked":["Exhume","Feed","Barricade","Juggernaut"],"picked":"MostiFishMod:404NotFound","floor":33.0},{"not_picked":["Flex+1","Iron Wave","Rupture","Fire Breathing","Entrench+1"],"picked":"SKIP","floor":35.0},{"not_picked":["Anger","Thunderclap","Havoc+1","AT_ShrugMaster","Shrug It Off"],"picked":"SKIP","floor":36.0},{"not_picked":["Anger","Body Slam","Flex","AT_ShrugMaster","Headbutt"],"picked":"SKIP","floor":39.0},{"not_picked":["Flame Barrier","AT_BodySlamDance","Dual Wield","Havoc","Immolate"],"picked":"SKIP","floor":41.0},{"not_picked":["Sword Boomerang","Cleave","AT_BodySlamDance+1","Clothesline","Clash+1"],"picked":"SKIP","floor":44.0},{"not_picked":["Iron Wave","Sword Boomerang","Flame Barrier","AT_IchimonjiDouble","Dark Embrace+1"],"picked":"SKIP","floor":45.0},{"not_picked":["Whirlwind","Burning Pact","AT_ManFootWork","Warcry","Clothesline"],"picked":"SKIP","floor":46.0},{"not_picked":["Anger","Blood for Blood","Armaments+1","Heavy Blade+1","Havoc"],"picked":"SKIP","floor":47.0},{"not_picked":["Warcry+1","Entrench","Headbutt+1","Sever Soul"],"picked":"Burning Pact","floor":48.0},{"not_picked":["Reckless Charge","True Grit","AT_DiedThrough","MostiFishMod:DarkDeal","Entrench+1"],"picked":"SKIP","floor":55.0}],"player_experience":673950,"relics_obtained":[{"floor":1.0,"key":"SynthV:TestCard"},{"floor":14.0,"key":"AT_SpeedBoots"},{"floor":23.0,"key":"Blood Vial"},{"floor":25.0,"key":"PlaceholderMod:DeVermisMysteriis"},{"floor":26.0,"key":"Centennial Puzzle"},{"floor":27.0,"key":"Bird Faced Urn"},{"floor":43.0,"key":"testmod-HeartOfStrike"},{"floor":44.0,"key":"Dream Catcher"},{"floor":55.0,"key":"Lantern"}],"event_choices":[{"damage_healed":52.0,"max_hp_gain":0.0,"max_hp_loss":75.0,"gold_gain":0.0,"event_name":"betterThird:BetterShining","player_choice":"Upgrade","floor":2.0,"gold_loss":0.0,"damage_taken":23.0,"cards_upgraded":["Strike_R","Defend_R"]},{"damage_healed":0.0,"max_hp_gain":0.0,"max_hp_loss":0.0,"gold_gain":0.0,"event_name":"Upgrade Shrine","player_choice":"Upgraded","floor":3.0,"gold_loss":0.0,"damage_taken":0.0,"cards_upgraded":["AT_FalsePromise"]},{"damage_healed":0.0,"max_hp_gain":0.0,"max_hp_loss":0.0,"gold_gain":0.0,"event_name":"The Woman in Blue","player_choice":"Bought 0 Potions","floor":20.0,"gold_loss":0.0,"damage_taken":0.0},{"damage_healed":0.0,"max_hp_gain":0.0,"max_hp_loss":0.0,"gold_gain":0.0,"event_name":"给自己的盒子","player_choice":"Swap Relic","floor":30.0,"relics_lost":["DaveBox"],"gold_loss":0.0,"damage_taken":0.0,"relics_obtained":["DaveBox"]},{"damage_healed":0.0,"max_hp_gain":0.0,"max_hp_loss":0.0,"gold_gain":0.0,"cards_transformed":["Strike_R"],"event_name":"Transmorgrifier","player_choice":"Transformed","floor":38.0,"gold_loss":0.0,"damage_taken":0.0,"cards_obtained":["Carnage"]}],"is_beta":false,"boss_relics":[{"not_picked":["EE1DDrone","Velvet Choker"],"picked":"Mark of Pain"},{"not_picked":["testmod-SaigiyounoYou","HereWithMe"],"picked":"Philosopher\u0027s Stone"}],"items_purged_floors":[19,19,31,37,54],"is_endless":false,"potions_floor_spawned":[6,7,11,12,23,25,33,35,41,44,46,47],"ascension_level":20}}