{"host":"ktoxvvst1mwxww91","time":1609141196,"event":{"mods":["BaseMod","Hermit","Minty Spire (QoL Compilation)","StSLib","The Hierophant","The Mystic","The Necromancer"],"gold_per_floor":[113,113,113,138,159,192,216,259,284,284,284,302,321,359,359,359,359],"floor_reached":16,"playtime":896,"items_purged":[],"score":177,"play_id":"742d0b26-bad1-40f4-af8b-b94b9aa6136b","local_time":"20201228083956","is_ascension_mode":true,"campfire_choices":[{"data":"Limit Break","floor":11,"key":"SMITH"},{"floor":15,"key":"REST"}],"circlet_count":0,"master_deck":["Strike_R","Strike_R","Strike_R","Strike_R","Defend_R","Defend_R","Defend_R","Defend_R","Bash","Clothesline","Shrug It Off","Shrug It Off","Spot Weakness","Fire Breathing","Limit Break+1","Thunderclap","Inflame","Whirlwind"],"relics":["Burning Blood","NeowsBlessing","Golden Idol","Paper Frog","Strawberry","Blood Vial","Red Skull"],"acts_visited":["Exordium"],"potions_floor_usage":[6,8,12,14],"damage_taken":[{"damage":0,"enemies":"2 Louse","floor":1,"turns":1},{"damage":0,"enemies":"Small Slimes","floor":4,"turns":1},{"damage":0,"enemies":"Cultist","floor":5,"turns":1},{"damage":34,"enemies":"Gremlin Nob","floor":6,"turns":5},{"damage":0,"enemies":"Looter","floor":7,"turns":3},{"damage":29,"enemies":"3 Sentries","floor":8,"turns":7},{"damage":1,"enemies":"Large Slime","floor":12,"turns":8},{"damage":11,"enemies":"2 Fungi Beasts","floor":13,"turns":4},{"damage":49,"enemies":"Lagavulin","floor":14,"turns":7},{"damage":40,"enemies":"Hexaghost","floor":16,"turns":9}],"seed_played":"-8071920148417576242","potions_obtained":[{"floor":4,"key":"Ancient Potion"},{"floor":6,"key":"Swift Potion"},{"floor":8,"key":"Regen Potion"},{"floor":13,"key":"DuplicationPotion"},{"floor":14,"key":"Fire Potion"}],"is_trial":false,"path_per_floor":["M","?","?","M","M","E","M","E","T","?","R","M","M","E","R","B"],"character_chosen":"IRONCLAD","items_purchased":[],"campfire_rested":1,"item_purchase_floors":[],"current_hp_per_floor":[78,74,74,74,74,46,52,36,36,36,36,58,55,14,38,0,0],"gold":359,"neow_bonus":"THREE_ENEMY_KILL","is_daily":false,"chose_seed":false,"campfire_upgraded":1,"win_rate":0.0,"timestamp":1609141196,"path_taken":["M","?","?","?","M","E","M","E","T","?","R","M","M","E","R","BOSS"],"items_purchased_type":[],"build_version":"2020-12-22","purchased_purges":0,"victory":false,"max_hp_per_floor":[80,74,74,74,74,74,74,81,81,81,81,81,81,81,81,81,81],"card_choices":[{"not_picked":["Flex","Thunderclap"],"picked":"Clothesline","floor":1},{"not_picked":["Iron Wave","Armaments"],"picked":"Shrug It Off","floor":4},{"not_picked":["Dark Embrace","Havoc"],"picked":"Shrug It Off","floor":5},{"not_picked":["Body Slam","Dropkick"],"picked":"Spot Weakness","floor":6},{"not_picked":["Evolve","Flex"],"picked":"Fire Breathing","floor":7},{"not_picked":["Dual Wield","Disarm"],"picked":"Limit Break","floor":8},{"not_picked":["Perfected Strike","Headbutt"],"picked":"Thunderclap","floor":12},{"not_picked":["Cleave","Havoc"],"picked":"Inflame","floor":13},{"not_picked":["Anger","Thunderclap"],"picked":"Whirlwind","floor":14}],"player_experience":936072,"relics_obtained":[{"floor":6,"key":"Paper Frog"},{"floor":8,"key":"Strawberry"},{"floor":9,"key":"Blood Vial"},{"floor":14,"key":"Red Skull"}],"event_choices":[{"damage_healed":0,"gold_gain":0,"player_choice":"Lose Max HP","damage_taken":0,"relics_obtained":["Golden Idol"],"max_hp_gain":0,"max_hp_loss":6,"event_name":"Golden Idol","floor":2,"gold_loss":0},{"cards_removed":["Strike_R"],"damage_healed":0,"gold_gain":0,"player_choice":"Purged","damage_taken":0,"max_hp_gain":0,"max_hp_loss":0,"event_name":"Purifier","floor":3,"gold_loss":0},{"damage_healed":0,"gold_gain":0,"player_choice":"Fled","damage_taken":0,"max_hp_gain":0,"max_hp_loss":0,"event_name":"Scrap Ooze","floor":10,"gold_loss":0}],"is_beta":false,"boss_relics":[],"items_purged_floors":[],"is_endless":false,"potions_floor_spawned":[4,6,8,13,14],"killed_by":"Hexaghost","ascension_level":9}}