{"host":"raaimkojny05jekw","time":1609116956,"event":{"mods":["AchievementEnabler","BaseMod","Colored Map","Colored Powertips","DeckTracker","Minty Spire (QoL Compilation)","Quick Restart","Rare Cards Sparkle","everything is the same but u backflip on backflip"],"gold_per_floor":[118,136,156,167,167,167,201,224,224,239,239,239],"floor_reached":11,"playtime":442,"items_purged":[],"score":77,"play_id":"75797ae4-a1d7-4955-a559-f3ff04829570","local_time":"20201228095556","is_ascension_mode":false,"campfire_choices":[{"data":"Bash","floor":6,"key":"SMITH"}],"circlet_count":0,"master_deck":["Strike_R","Strike_R","Strike_R","Strike_R","Strike_R","Defend_R","Defend_R","Defend_R","Defend_R","Bash+1","Forethought","Wild Strike","Cleave","Ghostly Armor","Evolve","Shrug It Off","Shrug It Off","Armaments"],"relics":["Burning Blood","Golden Idol","Smiling Mask","Mummified Hand"],"acts_visited":["Exordium"],"potions_floor_usage":[7,7],"damage_taken":[{"damage":7,"enemies":"2 Louse","floor":1,"turns":3},{"damage":6,"enemies":"Jaw Worm","floor":2,"turns":4},{"damage":5,"enemies":"Small Slimes","floor":3,"turns":3},{"damage":12,"enemies":"Looter","floor":4,"turns":4},{"damage":22,"enemies":"3 Sentries","floor":7,"turns":7},{"damage":6,"enemies":"Exordium Thugs","floor":8,"turns":4},{"damage":8,"enemies":"Blue Slaver","floor":10,"turns":4},{"damage":39,"enemies":"Lagavulin","floor":11,"turns":8}],"seed_played":"-3790301189368131197","potions_obtained":[{"floor":1,"key":"ColorlessPotion"},{"floor":3,"key":"EssenceOfSteel"}],"is_trial":false,"path_per_floor":["M","M","M","M","?","R","E","M","T","M","E"],"character_chosen":"IRONCLAD","items_purchased":[],"campfire_rested":0,"item_purchase_floors":[],"current_hp_per_floor":[79,79,80,74,54,54,38,38,38,36,0,0],"gold":239,"neow_bonus":"RANDOM_COLORLESS","is_daily":false,"chose_seed":false,"campfire_upgraded":1,"win_rate":0.0,"timestamp":1609116956,"path_taken":["M","M","M","M","?","R","E","M","T","M","E"],"items_purchased_type":[],"build_version":"2020-12-22","purchased_purges":0,"victory":false,"max_hp_per_floor":[80,80,80,80,80,80,80,80,80,80,80,80],"card_choices":[{"not_picked":["PanicButton","Discovery"],"picked":"Forethought","floor":0},{"not_picked":["Dual Wield","Anger"],"picked":"Wild Strike","floor":1},{"not_picked":["Sword Boomerang","Clothesline"],"picked":"Cleave","floor":2},{"not_picked":["True Grit","Twin Strike"],"picked":"Ghostly Armor","floor":3},{"not_picked":["Pommel Strike","Entrench"],"picked":"Evolve","floor":4},{"not_picked":["True Grit","Clothesline"],"picked":"Shrug It Off","floor":7},{"not_picked":["Dark Embrace","Dropkick"],"picked":"Shrug It Off","floor":8},{"not_picked":["Rupture","Cleave"],"picked":"Armaments","floor":10}],"player_experience":695648,"relics_obtained":[{"floor":7,"key":"Smiling Mask"},{"floor":9,"key":"Mummified Hand"}],"event_choices":[{"damage_healed":0,"gold_gain":0,"player_choice":"Take Damage","damage_taken":20,"relics_obtained":["Golden Idol"],"max_hp_gain":0,"max_hp_loss":0,"event_name":"Golden Idol","floor":5,"gold_loss":0}],"is_beta":false,"boss_relics":[],"items_purged_floors":[],"is_endless":false,"potions_floor_spawned":[1,3],"killed_by":"Lagavulin","ascension_level":0}}