{"host":"u2grshebrc5rdzdn","time":1609183636,"event":{"mods":["AchievementEnabler","BaseMod","Minty Spire (QoL Compilation)","StSLib"],"gold_per_floor":[117,135,135,6,6,40,40,52,52,381,130,130,130,150,150,251,251,268,284,199,219,52,79,99,99,99,51,51,51,69,81,81,203,203,218,218,231,9,60,60,60,60,60,160,160,172,197,3,3,3],"floor_reached":51,"playtime":3410,"items_purged":["Injury","Strike_G","Writhe"],"score":1037,"play_id":"1db32d38-a8c1-41fc-961b-4155de4e07d1","local_time":"20201228202716","is_ascension_mode":true,"campfire_choices":[{"floor":7,"key":"REST"},{"data":"Caltrops","floor":12,"key":"SMITH"},{"data":"Caltrops","floor":15,"key":"SMITH"},{"floor":32,"key":"REST"},{"data":"Footwork","floor":40,"key":"SMITH"},{"data":"Corpse Explosion","floor":42,"key":"SMITH"},{"data":"Dodge and Roll","floor":49,"key":"SMITH"}],"circlet_count":0,"master_deck":["Strike_G","Strike_G","Strike_G","Strike_G","Defend_G","Defend_G","Defend_G","Defend_G","Defend_G","Survivor+1","Neutralize","Corpse Explosion+1","Leg Sweep+1","Bane","Well Laid Plans","Die Die Die","Caltrops+1","Backflip","Dodge and Roll+1","Caltrops+1","Envenom","Eviscerate","Backstab+1","Acrobatics","Eviscerate","Prepared","Acrobatics","Cloak And Dagger","Backflip","Unload","Footwork+1","Caltrops","Writhe","Master of Strategy","Reflex"],"relics":["Ring of the Snake","Blue Candle","PreservedInsect","Bronze Scales","Old Coin","Lizard Tail","HoveringKite","Matryoshka","Snake Skull","Paper Crane","Blood Vial","Oddly Smooth Stone","War Paint","Juzu Bracelet","Busted Crown","Lantern","Turnip","Dream Catcher","Regal Pillow","Bag of Preparation"],"acts_visited":["Exordium","TheCity","TheBeyond"],"potions_floor_usage":[6,19,30,33,35,46,50,50],"damage_taken":[{"damage":0,"enemies":"Small Slimes","floor":1,"turns":4},{"damage":10,"enemies":"Jaw Worm","floor":2,"turns":5},{"damage":29,"enemies":"3 Sentries","floor":6,"turns":5},{"damage":0,"enemies":"2 Louse","floor":8,"turns":4},{"damage":6,"enemies":"Lagavulin","floor":10,"turns":6},{"damage":15,"enemies":"Exordium Thugs","floor":14,"turns":4},{"damage":25,"enemies":"The Guardian","floor":16,"turns":11},{"damage":0,"enemies":"3 Byrds","floor":18,"turns":2},{"damage":9,"enemies":"Spheric Guardian","floor":19,"turns":5},{"damage":17,"enemies":"Centurion and Healer","floor":21,"turns":7},{"damage":28,"enemies":"Slavers","floor":23,"turns":4},{"damage":15,"enemies":"Cultist and Chosen","floor":24,"turns":6},{"damage":1,"enemies":"Chosen and Byrds","floor":30,"turns":5},{"damage":0,"enemies":"Shelled Parasite and Fungi","floor":31,"turns":5},{"damage":32,"enemies":"Automaton","floor":33,"turns":10},{"damage":12,"enemies":"3 Shapes","floor":35,"turns":2},{"damage":0,"enemies":"3 Darklings","floor":37,"turns":4},{"damage":8,"enemies":"2 Orb Walkers","floor":39,"turns":3},{"damage":7,"enemies":"Jaw Worm Horde","floor":46,"turns":2},{"damage":20,"enemies":"Donu and Deca","floor":50,"turns":9}],"seed_played":"-8252722435385434096","potions_obtained":[{"floor":2,"key":"FearPotion"},{"floor":10,"key":"Fire Potion"},{"floor":16,"key":"Swift Potion"},{"floor":21,"key":"ColorlessPotion"},{"floor":23,"key":"Block Potion"},{"floor":30,"key":"Fruit Juice"},{"floor":31,"key":"DuplicationPotion"},{"floor":33,"key":"Swift Potion"},{"floor":46,"key":"Fruit Juice"}],"is_trial":false,"path_per_floor":["M","M","?","$","?","E","R","M","T","E","$","R","T","M","R","B",null,"M","M","?","M","$","E","M","?","T","$","?","?","M","M","R","B",null,"M","?","M","$","?","R","?","R","T","?","?","M","T","$","R","B",null],"character_chosen":"THE_SILENT","items_purchased":["Bane","Caltrops","Backflip","Dodge and Roll","Snake Skull","Acrobatics","Acrobatics","Lantern","Caltrops","Reflex"],"campfire_rested":2,"item_purchase_floors":[4,11,11,11,22,22,27,38,38,48],"current_hp_per_floor":[63,53,50,50,55,26,48,48,48,42,42,42,42,27,27,2,57,57,48,48,31,31,3,28,14,14,14,14,14,15,17,41,11,63,58,58,60,60,54,54,75,75,75,75,75,75,75,75,75,57],"gold":3,"neow_bonus":"THREE_RARE_CARDS","is_daily":false,"chose_seed":false,"campfire_upgraded":5,"win_rate":0.0,"timestamp":1609183636,"path_taken":["M","M","?","$","?","E","R","M","T","E","$","R","?","M","R","BOSS","M","M","?","M","$","E","M","?","T","$","?","?","M","M","R","BOSS","M","?","M","$","?","R","?","R","T","?","?","M","?","$","R","BOSS"],"items_purchased_type":["Card","Card","Card","Card","Relic","Card","Card","Relic","Card","Card"],"build_version":"2020-12-22","purchased_purges":3,"victory":true,"max_hp_per_floor":[70,70,70,70,75,75,75,75,75,75,75,75,75,75,75,75,75,75,75,75,75,75,75,75,80,80,80,80,80,80,80,80,80,80,85,85,85,85,85,85,85,85,85,85,85,90,90,90,90,90],"card_choices":[{"not_picked":["Malaise","Adrenaline"],"picked":"Corpse Explosion","floor":0},{"not_picked":["All Out Attack","Deflect","Sucker Punch"],"picked":"SKIP","floor":1},{"not_picked":["Heel Hook","Catalyst"],"picked":"Leg Sweep","floor":2},{"not_picked":["Slice","Reflex","Choke"],"picked":"SKIP","floor":6},{"not_picked":["Crippling Poison","Blade Dance"],"picked":"Well Laid Plans","floor":8},{"not_picked":["Underhanded Strike","Quick Slash"],"picked":"Die Die Die","floor":10},{"not_picked":["Well Laid Plans","Blade Dance"],"picked":"Caltrops","floor":14},{"not_picked":["Die Die Die","Corpse Explosion"],"picked":"Envenom","floor":16},{"not_picked":["Well Laid Plans","Dagger Spray","Bane+1"],"picked":"SKIP","floor":18},{"not_picked":["Outmaneuver","Tactician"],"picked":"Eviscerate","floor":19},{"not_picked":["Outmaneuver","Blade Dance+1"],"picked":"Backstab+1","floor":21},{"not_picked":["Quick Slash","Poisoned Stab"],"picked":"Eviscerate","floor":23},{"not_picked":["Backflip","Flechettes+1"],"picked":"Prepared","floor":24},{"not_picked":["Flying Knee","Well Laid Plans"],"picked":"Cloak And Dagger","floor":30},{"not_picked":["Skewer","Slice+1"],"picked":"Backflip","floor":31},{"not_picked":["Grand Finale","Phantasmal Killer"],"picked":"Unload","floor":33},{"not_picked":["Acrobatics"],"picked":"SKIP","floor":35},{"not_picked":[],"picked":"Footwork","floor":37},{"not_picked":[],"picked":"Master of Strategy","floor":45},{"not_picked":["Deflect"],"picked":"SKIP","floor":46}],"player_experience":400990,"relics_obtained":[{"floor":6,"key":"PreservedInsect"},{"floor":9,"key":"Bronze Scales"},{"floor":10,"key":"Old Coin"},{"floor":13,"key":"Lizard Tail"},{"floor":23,"key":"Paper Crane"},{"floor":26,"key":"Blood Vial"},{"floor":26,"key":"Oddly Smooth Stone"},{"floor":39,"key":"Turnip"},{"floor":43,"key":"Dream Catcher"},{"floor":43,"key":"Regal Pillow"},{"floor":47,"key":"Bag of Preparation"}],"event_choices":[{"damage_healed":0,"gold_gain":0,"player_choice":"Success","damage_taken":3,"relics_obtained":["Blue Candle"],"max_hp_gain":0,"max_hp_loss":0,"event_name":"Scrap Ooze","floor":3,"gold_loss":0},{"damage_healed":0,"gold_gain":0,"player_choice":"Donut","damage_taken":0,"max_hp_gain":5,"max_hp_loss":0,"event_name":"Big Fish","floor":5,"gold_loss":0},{"damage_healed":0,"gold_gain":0,"player_choice":"Obtained Relic","damage_taken":0,"relics_obtained":["Matryoshka"],"max_hp_gain":0,"max_hp_loss":0,"event_name":"Addict","floor":20,"gold_loss":85},{"damage_healed":0,"gold_gain":0,"player_choice":"Shed Blood","damage_taken":19,"max_hp_gain":5,"max_hp_loss":0,"event_name":"Forgotten Altar","floor":25,"gold_loss":0},{"damage_healed":0,"gold_gain":0,"player_choice":"Opened","damage_taken":0,"relics_obtained":["War Paint"],"max_hp_gain":0,"max_hp_loss":0,"event_name":"The Mausoleum","floor":28,"gold_loss":0,"cards_obtained":["Writhe"]},{"damage_healed":0,"gold_gain":0,"player_choice":"Gave Potion","damage_taken":0,"relics_obtained":["Juzu Bracelet"],"max_hp_gain":0,"max_hp_loss":0,"event_name":"WeMeetAgain","floor":29,"gold_loss":0},{"damage_healed":0,"gold_gain":0,"player_choice":"Ignored","damage_taken":0,"max_hp_gain":0,"max_hp_loss":0,"event_name":"Tomb of Lord Red Mask","floor":36,"gold_loss":0},{"damage_healed":0,"gold_gain":0,"player_choice":"Fight","damage_taken":0,"max_hp_gain":0,"max_hp_loss":0,"event_name":"Mysterious Sphere","floor":39,"gold_loss":0},{"damage_healed":21,"gold_gain":0,"player_choice":"Writhe","damage_taken":0,"max_hp_gain":0,"max_hp_loss":0,"event_name":"Winding Halls","floor":41,"gold_loss":0,"cards_obtained":["Writhe"]},{"damage_healed":0,"gold_gain":100,"player_choice":"Pray","damage_taken":0,"max_hp_gain":0,"max_hp_loss":0,"event_name":"Golden Shrine","floor":44,"gold_loss":0},{"damage_healed":0,"gold_gain":0,"player_choice":"Memory 1","damage_taken":0,"max_hp_gain":0,"max_hp_loss":0,"event_name":"SensoryStone","floor":45,"gold_loss":0}],"is_beta":false,"boss_relics":[{"not_picked":["SacredBark","Coffee Dripper"],"picked":"HoveringKite"},{"not_picked":["Black Star","Tiny House"],"picked":"Busted Crown"}],"items_purged_floors":[4,11,48],"is_endless":false,"potions_floor_spawned":[2,10,16,21,23,24,30,31,33,46],"ascension_level":9}}