{"host":"raai0vtvcfkt8csp","time":1609195291,"event":{"mods":["2.2 Compatiblity","AchievementEnabler","BaseMod","Block Reminder","DeckTracker","Defective Defect","GifTheSpireLib","Minty Spire (QoL Compilation)","Quick Restart","Random Character Button","Rare Cards Sparkle","StSLib","Unceasing Turn Reminder"],"gold_per_floor":[116,116,116,133,148,148,178,12,12,26,54,31,47,47,47,146,146,166,186,200,220,73,73,73],"floor_reached":23,"playtime":26919,"items_purged":[],"score":213,"play_id":"f3e86fed-ba81-4885-aab1-45c19d728eee","local_time":"20201228234131","is_ascension_mode":true,"campfire_choices":[{"data":"Carnage","floor":6,"key":"SMITH"},{"floor":15,"key":"REST"}],"circlet_count":0,"master_deck":["Strike_R","Strike_R","Strike_R","Strike_R","Strike_R","Defend_R","Defend_R","Defend_R","Defend_R","Bash","Searing Blow","Shockwave","Carnage+1","Dual Wield","Apotheosis+1","Disarm+1","Inflame","Heavy Blade","Whirlwind","Reaper","Shrug It Off+1","Second Wind+1","Disarm+1","Ghostly Armor+1"],"relics":["Black Blood","Pantograph","Toxic Egg 2","Potion Belt"],"acts_visited":["Exordium","TheCity"],"potions_floor_usage":[10,11,11,21],"damage_taken":[{"damage":8,"enemies":"Jaw Worm","floor":1,"turns":4},{"damage":1,"enemies":"Cultist","floor":4,"turns":4},{"damage":5,"enemies":"Small Slimes","floor":5,"turns":4},{"damage":27,"enemies":"Gremlin Nob","floor":7,"turns":4},{"damage":16,"enemies":"Gremlin Gang","floor":10,"turns":6},{"damage":25,"enemies":"3 Sentries","floor":11,"turns":8},{"damage":22,"enemies":"Lots of Slimes","floor":13,"turns":7},{"damage":47,"enemies":"Hexaghost","floor":16,"turns":10},{"damage":3,"enemies":"3 Byrds","floor":18,"turns":6},{"damage":13,"enemies":"Chosen","floor":19,"turns":5},{"damage":26,"enemies":"Snake Plant","floor":20,"turns":5},{"damage":28,"enemies":"Sentry and Sphere","floor":21,"turns":9},{"damage":0,"enemies":"Book of Stabbing","floor":23,"turns":2}],"seed_played":"5594373418317164728","potions_obtained":[{"floor":1,"key":"Energy Potion"},{"floor":3,"key":"CultistPotion"},{"floor":3,"key":"Block Potion"},{"floor":10,"key":"LiquidBronze"},{"floor":13,"key":"FearPotion"},{"floor":18,"key":"FearPotion"},{"floor":20,"key":"GamblersBrew"},{"floor":21,"key":"Dexterity Potion"}],"is_trial":false,"path_per_floor":["M","?","?","M","M","R","E","$","T","M","E","$","M","?","R","B",null,"M","M","M","M","$","E"],"character_chosen":"IRONCLAD","items_purchased":["Apotheosis","Heavy Blade","Disarm+1","Ghostly Armor+1"],"campfire_rested":1,"item_purchase_floors":[8,12,22,22],"current_hp_per_floor":[78,78,78,80,80,80,59,59,59,49,30,30,14,14,38,22,80,80,79,65,49,49,49,49],"gold":73,"neow_bonus":"THREE_CARDS","is_daily":false,"chose_seed":false,"campfire_upgraded":1,"win_rate":0.0,"timestamp":1609195291,"path_taken":["M","?","?","?","M","R","E","$","T","M","E","?","M","?","R","BOSS","M","M","M","?","?","E"],"items_purchased_type":["Card","Card","Card","Card"],"build_version":"2020-12-22","purchased_purges":0,"victory":false,"max_hp_per_floor":[80,80,80,80,80,80,80,80,80,80,80,80,80,80,80,80,80,80,80,80,80,80,80,80],"card_choices":[{"not_picked":["Iron Wave","Feel No Pain"],"picked":"Searing Blow","floor":0},{"not_picked":["Twin Strike","Cleave"],"picked":"Shockwave","floor":1},{"not_picked":["Heavy Blade","Iron Wave"],"picked":"Carnage","floor":4},{"not_picked":["Havoc","True Grit","Headbutt"],"picked":"SKIP","floor":5},{"not_picked":["Rupture","Wild Strike"],"picked":"Dual Wield","floor":7},{"not_picked":["Clash","Impervious+1"],"picked":"Disarm+1","floor":10},{"not_picked":["Iron Wave","Juggernaut"],"picked":"Inflame","floor":11},{"not_picked":["Infernal Blade+1","Wild Strike"],"picked":"Whirlwind","floor":13},{"not_picked":["Feed","Berserk"],"picked":"Reaper","floor":16},{"not_picked":["Clothesline+1","Iron Wave+1"],"picked":"Shrug It Off+1","floor":18},{"not_picked":["Wild Strike","Iron Wave","Feel No Pain"],"picked":"SKIP","floor":19},{"not_picked":["Havoc+1","Iron Wave"],"picked":"Second Wind+1","floor":20},{"not_picked":["Perfected Strike","Pommel Strike","Headbutt"],"picked":"SKIP","floor":21}],"player_experience":475937,"relics_obtained":[{"floor":7,"key":"Pantograph"},{"floor":9,"key":"Toxic Egg 2"},{"floor":11,"key":"Potion Belt"}],"event_choices":[{"damage_healed":0,"gold_gain":0,"player_choice":"Ignored","damage_taken":0,"max_hp_gain":0,"max_hp_loss":0,"event_name":"Liars Game","floor":2,"gold_loss":0},{"damage_healed":0,"gold_gain":0,"player_choice":"Got Potions","damage_taken":0,"max_hp_gain":0,"max_hp_loss":0,"event_name":"Lab","floor":3,"gold_loss":0},{"damage_healed":0,"gold_gain":0,"player_choice":"Upgraded","damage_taken":0,"max_hp_gain":0,"max_hp_loss":0,"event_name":"Upgrade Shrine","floor":14,"gold_loss":0,"cards_upgraded":["Apotheosis"]}],"is_beta":false,"boss_relics":[{"not_picked":["Busted Crown","SlaversCollar"],"picked":"Black Blood"}],"items_purged_floors":[],"is_endless":false,"potions_floor_spawned":[1,5,10,13,18,20,21],"killed_by":"Book of Stabbing","ascension_level":1}}