{"host":"adv1uqz3812gqgbw","time":1609198037,"event":{"mods":["BaseMod","Better Note","Colored Powertips","Custom Start","Dio Mod","GifTheSpireLib","Hermit","Minty Spire (QoL Compilation)","StSLib","The Runesmith","Uncapped"],"gold_per_floor":[129,129,180,180,210,297,297,342,397,448,535,535,634,676,676,889,889,940,910,910,955,1000,1093,1093,1192,1192,1297,1309,1366,1426,1498,1510,1741,1753,1816,1882,2029,0,12,24,111,165,177,270,315,327,339,441,453,465,477],"floor_reached":52,"playtime":3965,"items_purged":[],"score":3044,"play_id":"190efb0c-2948-497f-ba8c-cb999b1504ac","local_time":"20201228212717","daily_mods":["Diverse","Colorless Cards","Time Dilation","DeadlyEvents","Binary","Elite Swarm","Lethality","Midas","Night Terrors","Uncertain Future"],"is_ascension_mode":true,"campfire_choices":[{"data":"1","floor":7.0,"key":"LIFT"},{"data":"2","floor":12.0,"key":"LIFT"},{"data":"3","floor":15,"key":"LIFT"}],"circlet_count":0,"master_deck":["dioMod:TheWalk+1","dioMod:TheWalk+1","dioMod:TheWalk+1","Dramatic Entrance+1","Crescendo+1","Adaptation+1","Adrenaline+1","Adrenaline+1","Flex+1","Inflame+1","Inflame+1","Limit Break+1","Limit Break+1","Double Energy+1"],"relics":["Black Blood","Runesmith:AutoHammer","Bag of Marbles","Bag of Preparation","Akabeko","Ring of the Snake","WristBlade","Strawberry","Paper Frog","Lee\u0027s Waffle","Pear","Frozen Eye","hermit:DentedPlate","Ginger","Turnip","Fusion Hammer","Coffee Dripper","Bottled Lightning","Bottled Tornado","Anchor","Pen Nib","Runesmith:Nanobots","Singing Bowl","Unceasing Top","Vajra","Mango","Mummified Hand","Ice Cream","Girya","Brimstone","Sundial","Philosopher\u0027s Stone","Lantern","Self Forming Clay","Potion Belt","PreservedInsect","Mercury Hourglass","Boot","Runic Cube","Molten Egg 2","Matryoshka","MawBank","Pantograph","Tiny Chest","Red Mask","Blood Vial","Incense Burner","Dream Catcher","Ornamental Fan","CaptainsWheel"],"acts_visited":["Exordium","TheCity","TheBeyond"],"potions_floor_usage":[16],"damage_taken":[{"damage":0.0,"enemies":"Jaw Worm","floor":1.0,"turns":1.0},{"damage":0.0,"enemies":"Cultist","floor":3.0,"turns":1.0},{"damage":0.0,"enemies":"Small Slimes","floor":5.0,"turns":1.0},{"damage":0.0,"enemies":"3 Sentries","floor":6.0,"turns":1.0},{"damage":0.0,"enemies":"2 Fungi Beasts","floor":8.0,"turns":1.0},{"damage":0.0,"enemies":"Looter","floor":10.0,"turns":1.0},{"damage":0.0,"enemies":"Gremlin Nob","floor":11.0,"turns":1.0},{"damage":0.0,"enemies":"3 Sentries","floor":13.0,"turns":1.0},{"damage":0.0,"enemies":"3 Louse","floor":14.0,"turns":1.0},{"damage":0,"enemies":"Slime Boss","floor":16,"turns":1},{"damage":0,"enemies":"Spheric Guardian","floor":18,"turns":1},{"damage":0,"enemies":"Chosen","floor":21,"turns":1},{"damage":0,"enemies":"Centurion and Healer","floor":22,"turns":1},{"damage":0,"enemies":"Slavers","floor":23,"turns":1},{"damage":0,"enemies":"Book of Stabbing","floor":25,"turns":1},{"damage":0,"enemies":"Slavers","floor":27,"turns":1},{"damage":0,"enemies":"Snake Plant","floor":29,"turns":1},{"damage":0,"enemies":"3 Cultists","floor":30,"turns":1},{"damage":0,"enemies":"Shelled Parasite and Fungi","floor":31,"turns":1},{"damage":0,"enemies":"Collector","floor":33,"turns":1},{"damage":0,"enemies":"3 Shapes","floor":35,"turns":1},{"damage":0,"enemies":"3 Darklings","floor":36,"turns":1},{"damage":0,"enemies":"2 Orb Walkers","floor":37,"turns":1},{"damage":0,"enemies":"Nemesis","floor":41,"turns":1},{"damage":0,"enemies":"Maw","floor":42,"turns":1},{"damage":0,"enemies":"Giant Head","floor":44,"turns":1},{"damage":0,"enemies":"Writhing Mass","floor":45,"turns":1},{"damage":0,"enemies":"Nemesis","floor":48,"turns":1},{"damage":0,"enemies":"Jotaro","floor":50,"turns":1},{"damage":0,"enemies":"Time Eater","floor":51,"turns":1}],"seed_played":"893306768031004024","potions_obtained":[{"floor":8.0,"key":"BloodPotion"},{"floor":11.0,"key":"Explosive Potion"},{"floor":14.0,"key":"ColorlessPotion"},{"floor":16,"key":"EntropicBrew"},{"floor":19,"key":"Swift Potion"},{"floor":19,"key":"EssenceOfSteel"},{"floor":23,"key":"AttackPotion"},{"floor":41,"key":"FearPotion"}],"is_trial":true,"path_per_floor":["M","?","M","$","M","E","R","M","T","M","E","R","E","M","R","B",null,"M","?","$","M","M","E","R","E","T","E","?","M","M","M","R","B",null,"M","M","?","?","$","R","E","M","T","E","M","T","R","E","R","B","B",null],"character_chosen":"IRONCLAD","items_purchased":[],"campfire_rested":0,"item_purchase_floors":[],"current_hp_per_floor":[73,73,75,75,77,79,79,81,81,83,85,85,87,89,89,91,91,93,93,93,95,97,99,99,101,101,103,97,105,107,109,109,111,111,113,115,117,117,117,117,119,121,121,123,125,125,125,127,127,127,127],"gold":489,"neow_bonus":"","is_daily":false,"chose_seed":false,"campfire_upgraded":0,"win_rate":0.0,"timestamp":1609198037,"path_taken":["M","?","M","$","?","E","R","M","T","?","E","R","E","M","R","BOSS","M","?","$","?","M","E","R","E","T","E","?","M","M","M","R","BOSS","M","M","?","?","$","R","E","M","T","E","M","?","R","E","R","BOSS","BOSS"],"items_purchased_type":[],"build_version":"2020-12-22","purchased_purges":0,"victory":true,"max_hp_per_floor":[73,73,75,75,77,79,79,81,81,83,85,85,87,89,89,91,91,93,93,93,95,97,99,99,101,101,103,103,105,107,109,109,111,111,113,115,117,117,117,117,119,121,121,123,125,125,125,127,127,127,127],"card_choices":[{"not_picked":["Runesmith:StaticCage","Runesmith:EarthShield"],"picked":"Singing Bowl","floor":1.0},{"not_picked":["SandsOfTime","Runesmith:Accelerate"],"picked":"Singing Bowl","floor":3.0},{"not_picked":["Runesmith:CraftVitae","dioMod:SlashThroughTime"],"picked":"Singing Bowl","floor":5.0},{"not_picked":["Magnetism","dioMod:PathToHeaven"],"picked":"Singing Bowl","floor":6.0},{"not_picked":["Anger","True Grit"],"picked":"Singing Bowl","floor":8.0},{"not_picked":["hermit:Roulette","Sword Boomerang"],"picked":"Singing Bowl","floor":10.0},{"not_picked":["Judgement","dioMod:ZaWarudo"],"picked":"Singing Bowl","floor":11.0},{"not_picked":["After Image","Runesmith:UnlimitedPower"],"picked":"Singing Bowl","floor":13.0},{"not_picked":["Outmaneuver","Acrobatics"],"picked":"Singing Bowl","floor":14.0},{"not_picked":["Meteor Strike","hermit:DeadOrAlive"],"picked":"Singing Bowl","floor":16},{"not_picked":["CrushJoints","hermit:Coalescence"],"picked":"Singing Bowl","floor":18},{"not_picked":["dioMod:WRYYY","Bane"],"picked":"Singing Bowl","floor":21},{"not_picked":["dioMod:CautiousMuda","TalkToTheHand"],"picked":"Singing Bowl","floor":22},{"not_picked":["Biased Cognition","Chrysalis"],"picked":"Singing Bowl","floor":23},{"not_picked":["Juggernaut","Seek"],"picked":"Singing Bowl","floor":25},{"not_picked":["Mayhem","Thunder Strike+1"],"picked":"Singing Bowl","floor":27},{"not_picked":["Bloodletting","Runesmith:Empowerment"],"picked":"Singing Bowl","floor":29},{"not_picked":["Gash+1","dioMod:ComposedMuda+1"],"picked":"Singing Bowl","floor":30},{"not_picked":["hermit:Snipe","hermit:BigShot"],"picked":"Singing Bowl","floor":31},{"not_picked":["DeusExMachina","dioMod:UltimateSacrifice"],"picked":"Singing Bowl","floor":33},{"not_picked":["hermit:Ricochet+1","Discovery+1"],"picked":"Singing Bowl","floor":35},{"not_picked":["hermit:Midnight","Glacier"],"picked":"Singing Bowl","floor":36},{"not_picked":["ThirdEye","hermit:HighCaliber+1"],"picked":"Singing Bowl","floor":37},{"not_picked":["MasterReality","hermit:EternalForm"],"picked":"Singing Bowl","floor":41},{"not_picked":["Dagger Spray+1","Hologram+1"],"picked":"Singing Bowl","floor":42},{"not_picked":["hermit:FinalCanter+1","hermit:Purgatory+1"],"picked":"Singing Bowl","floor":44},{"not_picked":["hermit:Misfire+1","dioMod:VengefulMuda+1"],"picked":"Singing Bowl","floor":45},{"not_picked":["Fission","Transmutation"],"picked":"Singing Bowl","floor":48}],"player_experience":339890,"relics_obtained":[{"floor":2.0,"key":"Self Forming Clay"},{"floor":6.0,"key":"Potion Belt"},{"floor":9.0,"key":"PreservedInsect"},{"floor":11.0,"key":"Mercury Hourglass"},{"floor":13.0,"key":"Boot"},{"floor":23,"key":"Molten Egg 2"},{"floor":25,"key":"Matryoshka"},{"floor":26,"key":"MawBank"},{"floor":26,"key":"Pantograph"},{"floor":27,"key":"Tiny Chest"},{"floor":43,"key":"Blood Vial"},{"floor":43,"key":"Incense Burner"},{"floor":44,"key":"Dream Catcher"},{"floor":46,"key":"Ornamental Fan"},{"floor":48,"key":"CaptainsWheel"}],"event_choices":[{"damage_healed":0.0,"max_hp_gain":0.0,"max_hp_loss":0.0,"gold_gain":0.0,"event_name":"Wheel of Change","player_choice":"Relic","floor":2.0,"gold_loss":0.0,"damage_taken":0.0},{"damage_healed":0,"gold_gain":0,"player_choice":"Bought 2 Potions","damage_taken":0,"max_hp_gain":0,"max_hp_loss":0,"event_name":"The Woman in Blue","floor":19,"gold_loss":0},{"damage_healed":0,"gold_gain":0,"player_choice":"","damage_taken":6,"max_hp_gain":0,"max_hp_loss":0,"event_name":"Knowing Skull","floor":28,"potions_obtained":[],"gold_loss":0,"cards_obtained":[]},{"damage_healed":0,"gold_gain":0,"player_choice":"Fight","damage_taken":0,"max_hp_gain":0,"max_hp_loss":0,"event_name":"Mysterious Sphere","floor":37,"gold_loss":0},{"damage_healed":0,"gold_gain":0,"player_choice":"Paid","damage_taken":0,"relics_obtained":["Red Mask"],"max_hp_gain":0,"max_hp_loss":0,"event_name":"Tomb of Lord Red Mask","floor":38,"gold_loss":2041}],"is_beta":false,"boss_relics":[{"not_picked":["Astrolabe","Cursed Key"],"picked":"Runic Cube"},{"not_picked":["Runesmith:UraniumAnvil","Runic Pyramid"],"picked":"Black Blood"}],"items_purged_floors":[],"is_endless":false,"potions_floor_spawned":[8,11,14,16,22,23,25,27,41,42,44,45,48],"ascension_level":20}}