{"host":"6to0pdz5g3mubtyg","time":1609126489,"event":{"mods":["Act Like it!","Aspiration","BaseMod","BetterRewards","Colored Map","Energized Spire","Hallownest","Highlight Path","Infinite Spire","Jorbs\u0027s Wanderer Trilogy","Minty Spire (QoL Compilation)","Shade Mod","StSLib","The Animator","The Blue Laboratory","The Bug Knight"],"gold_per_floor":[214,289,289,299,28,57,23,23,23,23,41,41,82,105,105,216,216,236,259,209,209,237,237,263,287,360,384,384,384],"floor_reached":28,"playtime":1487,"items_purged":["Shade:Defend_Shade","Shade:Defend_Shade"],"score":230,"play_id":"8f17a35a-0eab-491a-a166-623ac1b95a96","local_time":"20201227203449","is_ascension_mode":false,"campfire_choices":[{"data":"Mayhem","floor":8,"key":"SMITH"},{"data":"Shade:CallWraith","floor":12,"key":"SMITH"},{"data":"Shade:StitchTogether","floor":15,"key":"SMITH"},{"data":"Shade:Putrefaction","floor":23,"key":"SMITH"}],"circlet_count":0,"master_deck":["Shade:Strike_Shade","Shade:Strike_Shade","Shade:Strike_Shade","Shade:Strike_Shade","Shade:Defend_Shade","Shade:Defend_Shade","Shade:AnimateDead","Shade:CarefulCut","Shade:FleshToFlesh","Shade:FeralStrike","Mayhem+1","Shade:ClawBack","Shade:StitchTogether+1","Pain","Shade:CallWraith+1","Shade:FleshOffering","Shade:FreshBones","Shade:Putrefaction+1","Shade:CallWraith+1","Shade:SpectralStrikes+1","Shade:DangerousRitual","Shade:Asphyxiate","Shade:TouchOfTheGrave","Shade:FreshBones"],"relics":["Shade:YorickSkull","infinitespire:Joker Card","Smiling Mask","WarpedTongs","CeramicFish","energizedSpire:DeadBattery","InkBottle"],"acts_visited":["Exordium","TheCity"],"potions_floor_usage":[6],"damage_taken":[{"damage":12,"enemies":"Jaw Worm","floor":1,"turns":4},{"damage":0,"enemies":"2 Louse","floor":4,"turns":2},{"damage":14,"enemies":"HollowMod:MossKnight","floor":6,"turns":21},{"damage":6,"enemies":"Small Slimes","floor":11,"turns":2},{"damage":18,"enemies":"Gremlin Nob","floor":13,"turns":4},{"damage":1,"enemies":"Red Slaver","floor":14,"turns":3},{"damage":24,"enemies":"The Guardian","floor":16,"turns":11},{"damage":14,"enemies":"2 Thieves","floor":18,"turns":4},{"damage":6,"enemies":"Chosen","floor":19,"turns":5},{"damage":10,"enemies":"Centurion and Healer","floor":22,"turns":5},{"damage":7,"enemies":"3 Cultists","floor":24,"turns":3},{"damage":12,"enemies":"Snecko","floor":25,"turns":3},{"damage":19,"enemies":"Centurion and Healer","floor":27,"turns":4},{"damage":17,"enemies":"Gremlin Leader","floor":28,"turns":2}],"seed_played":"3575326042642814117","potions_obtained":[{"floor":1,"key":"blueLaboratory:NullPotion"},{"floor":14,"key":"blueLaboratory:FruitPunch"},{"floor":16,"key":"DistilledChaos"},{"floor":19,"key":"Block Potion"}],"is_trial":false,"path_per_floor":["M","?","?","M","$","E","$","R","T","?","M","R","E","M","R","B",null,"M","M","$","?","M","R","M","M","T","M","E"],"character_chosen":"SHADE","items_purchased":["Mayhem","Shade:StitchTogether"],"campfire_rested":0,"item_purchase_floors":[5,7],"current_hp_per_floor":[53,42,63,63,63,49,49,49,49,49,43,43,32,31,31,17,65,51,55,55,55,55,55,48,36,36,17,0,0],"gold":384,"neow_bonus":"HUNDRED_GOLD","is_daily":false,"chose_seed":false,"campfire_upgraded":4,"win_rate":0.0,"timestamp":1609126489,"path_taken":["M","?","?","M","$","E","$","R","T","?","M","R","E","M","R","BOSS","M","M","$","?","M","R","M","?","T","M","E"],"items_purchased_type":["Card","Card"],"build_version":"2020-12-22","purchased_purges":2,"victory":false,"max_hp_per_floor":[65,65,65,65,65,65,65,65,65,65,65,65,65,65,65,65,65,65,65,65,65,65,65,65,65,65,65,65,65],"card_choices":[{"not_picked":["Shade:RavenousHorde","Shade:Bite_Shade"],"picked":"Shade:FleshToFlesh","floor":1},{"not_picked":["Shade:BoneShards","Shade:Excise"],"picked":"Shade:FeralStrike","floor":4},{"not_picked":["Shade:GraveStillness","Shade:CommandSoldier"],"picked":"Shade:ClawBack","floor":6},{"not_picked":["Shade:CoffinDance","Shade:Patience"],"picked":"Shade:CallWraith","floor":11},{"not_picked":["Shade:AncientSpear","Shade:Asphyxiate"],"picked":"Shade:FleshOffering","floor":13},{"not_picked":["Shade:TouchOfTheGrave","Shade:SkeletonHug"],"picked":"Shade:FreshBones","floor":14},{"not_picked":["Shade:OfferingToTheBeyond","Shade:GreaterAnimation"],"picked":"Shade:Putrefaction","floor":16},{"not_picked":["Shade:PressTheAttack+1","Shade:SpontaneousRitual"],"picked":"Shade:CallWraith+1","floor":18},{"not_picked":["Shade:ClawBack","Shade:RavenousHorde+1"],"picked":"Shade:SpectralStrikes","floor":19},{"not_picked":["Shade:LyeBath","Shade:Patience"],"picked":"Shade:DangerousRitual","floor":22},{"not_picked":["Shade:GraveStillness","Shade:ClawBack+1"],"picked":"Shade:Asphyxiate","floor":24},{"not_picked":["Shade:FingerOfDeath","Shade:AncientSpear"],"picked":"Shade:TouchOfTheGrave","floor":25},{"not_picked":["Shade:CoffinDance","Shade:OneIsEnough"],"picked":"Shade:FreshBones","floor":27}],"player_experience":243246,"relics_obtained":[{"floor":6,"key":"infinitespire:Joker Card"},{"floor":9,"key":"Smiling Mask"},{"floor":13,"key":"CeramicFish"},{"floor":26,"key":"InkBottle"}],"event_choices":[{"damage_healed":0,"gold_gain":75,"player_choice":"Gather Gold","damage_taken":11,"max_hp_gain":0,"max_hp_loss":0,"event_name":"World of Goop","floor":2,"gold_loss":0},{"damage_healed":21,"gold_gain":0,"player_choice":"Banana","damage_taken":0,"max_hp_gain":0,"max_hp_loss":0,"event_name":"Big Fish","floor":3,"gold_loss":0},{"damage_healed":0,"gold_gain":0,"player_choice":"Rummage","damage_taken":0,"relics_obtained":["WarpedTongs"],"max_hp_gain":0,"max_hp_loss":0,"event_name":"Accursed Blacksmith","floor":10,"gold_loss":0,"cards_obtained":["Pain"]},{"damage_healed":0,"gold_gain":0,"player_choice":"Upgraded","damage_taken":0,"max_hp_gain":0,"max_hp_loss":0,"event_name":"Upgrade Shrine","floor":21,"gold_loss":0,"cards_upgraded":["Shade:SpectralStrikes"]}],"is_beta":false,"boss_relics":[{"not_picked":["energizedSpire:NeverEndingSparkler","energizedSpire:RedRose"],"picked":"energizedSpire:DeadBattery"}],"items_purged_floors":[5,20],"is_endless":false,"potions_floor_spawned":[1,14,16,19,27],"killed_by":"Gremlin Leader","ascension_level":0}}