{"host":"id3qf6v2yl1bmj05","time":1609132516,"event":{"mods":["Act Like it!","Aspiration","Bard","BaseMod","BetterRewards","Dio Mod","Downfall","Hallownest","Hermit","Jorbs\u0027s Wanderer Trilogy","Lobotomy","Marisa????????","Minty Spire (QoL Compilation)","READ ME - Guardian Mod","READ ME - Snecko Mod","Random Character Mod","Shop Mod","StSLib","The Bug Knight","The Cursed","The Disciple","The Dragon Tamer","The Judge","The Marked","The Necromancer","The Runesmith","The Servant 0.9.4","The Wild Card","TheArtist","TheBandit","TheFirefly","TheHero"],"gold_per_floor":[99,99,99,99,99,130,177,27,39,65,80,93,3,13,32,132,132,132,143,143,28,28,28,28],"floor_reached":22,"playtime":2123,"items_purged":["Guardian:Gem_Synthetic","Guardian:Defend_Guardian"],"score":217,"play_id":"3efbe85f-e564-4a1e-a995-b90428d084ff","local_time":"20201228001516","is_ascension_mode":false,"campfire_choices":[{"floor":1,"key":"RECALL"},{"data":"Guardian:TwinSlam","floor":18,"key":"SMITH"}],"circlet_count":0,"master_deck":["Guardian:Strike_Guardian","Guardian:Strike_Guardian","Guardian:Strike_Guardian","Guardian:Strike_Guardian","Guardian:Defend_Guardian","Guardian:Defend_Guardian","Guardian:Defend_Guardian","Guardian:CurlUp","Guardian:TwinSlam+1","Guardian:Gem_Green","Guardian:ShieldCharger","Guardian:Gem_Crimson","Guardian:Gem_Red","Guardian:ShieldCharger","Guardian:TemporalShield","Guardian:ChargeCore","Guardian:ShieldCharger","Guardian:Suspension","Guardian:Planning","Guardian:ConstructionForm","Guardian:SentryBeam+1","Guardian:EvasiveProtocol"],"relics":["Guardian:ModeShifter","downfall:HeartsMalice","Guardian:PickAxe","MealTicket","downfall:HeartBlessingRed","downfall:HeartBlessingBlue","Ice Cream","Velvet Choker","aspiration:FetidBarrel"],"acts_visited":["Exordium","TheCity"],"potions_floor_usage":[10,16,16,16],"damage_taken":[{"damage":0,"enemies":"Small Slimes","floor":2,"turns":1},{"damage":0,"enemies":"2 Louse","floor":3,"turns":1},{"damage":0,"enemies":"HollowMod:MossKnight","floor":6,"turns":1},{"damage":0,"enemies":"Cultist","floor":9,"turns":4},{"damage":27,"enemies":"Lagavulin","floor":10,"turns":9},{"damage":11,"enemies":"Red Slaver","floor":11,"turns":4},{"damage":13,"enemies":"Lots of Slimes","floor":12,"turns":5},{"damage":0,"enemies":"downfall:FleeingMerchant","floor":13,"turns":4},{"damage":7,"enemies":"Large Slime","floor":14,"turns":4},{"damage":8,"enemies":"2 Fungi Beasts","floor":15,"turns":5},{"damage":21,"enemies":"downfall:Ironclad","floor":16,"turns":13},{"damage":18,"enemies":"Chosen","floor":19,"turns":13},{"damage":0,"enemies":"downfall:FleeingMerchant","floor":21,"turns":4},{"damage":89,"enemies":"Colosseum Nobs","floor":22,"turns":8}],"seed_played":"1212927745464231125","potions_obtained":[{"floor":6,"key":"EssenceOfSteel"},{"floor":9,"key":"champ:CounterPotion"},{"floor":10,"key":"Ancient Potion"},{"floor":14,"key":"Fire Potion"}],"is_trial":false,"path_per_floor":["R","M","M","?","?","E","T","R","M","E","M","M","$","M","M","B",null,"R","M","T","$","?"],"character_chosen":"GUARDIAN","items_purchased":[],"campfire_rested":0,"item_purchase_floors":[],"current_hp_per_floor":[80,80,80,68,80,80,80,90,90,63,52,39,54,47,39,18,90,90,72,72,87,0,0,0],"gold":28,"neow_bonus":"THREE_ENEMY_KILL","is_daily":false,"chose_seed":false,"campfire_upgraded":1,"win_rate":0.0,"timestamp":1609132516,"path_taken":["R","M","M","?","?","E","T","R","M","E","?","M","?","M","M","BOSS","R","M","?","$","?"],"items_purchased_type":[],"build_version":"2020-12-22","purchased_purges":2,"victory":false,"max_hp_per_floor":[80,80,80,80,80,80,80,90,90,90,90,90,90,90,90,90,90,90,90,90,90,90,90,90],"card_choices":[{"not_picked":["Guardian:WalkerClaw","Guardian:Preprogram"],"picked":"Guardian:Gem_White","floor":2},{"not_picked":["Guardian:Suspension","Guardian:PrismaticBarrier"],"picked":"Guardian:Gem_Green","floor":3},{"not_picked":["Guardian:FastForward","Guardian:Gem_Purple"],"picked":"Guardian:ShieldCharger","floor":6},{"not_picked":["Guardian:Gem_Lightblue","Guardian:Emergency"],"picked":"Guardian:ShieldCharger","floor":9},{"not_picked":["Guardian:MultiBeam","Guardian:RefractedBeam"],"picked":"Guardian:TemporalShield","floor":10},{"not_picked":["Guardian:VentSteam","Guardian:TemporalStrike"],"picked":"Guardian:ChargeCore","floor":11},{"not_picked":["Guardian:GuardianWhirl","Guardian:Clone"],"picked":"Guardian:Gem_Orange","floor":12},{"not_picked":["Guardian:DecasProtection","Guardian:VentSteam"],"picked":"Guardian:ShieldCharger","floor":13},{"not_picked":["Guardian:Incinerate","Guardian:ShieldSpikes"],"picked":"Guardian:Suspension","floor":14},{"not_picked":["Guardian:Gem_Cyan","Guardian:Recover"],"picked":"Guardian:Planning","floor":15},{"not_picked":["Guardian:BaubleBeam","Guardian:HyperBeam_Guardian"],"picked":"Guardian:ConstructionForm","floor":16},{"not_picked":["Guardian:Repulse+1","Guardian:PiercingHide"],"picked":"Guardian:SentryBeam+1","floor":19},{"not_picked":["Guardian:Gem_Green","Guardian:WalkerClaw"],"picked":"Guardian:EvasiveProtocol","floor":21}],"player_experience":89898,"relics_obtained":[{"floor":6,"key":"MealTicket"},{"floor":10,"key":"Ice Cream"},{"floor":20,"key":"aspiration:FetidBarrel"}],"event_choices":[{"cards_removed":["Guardian:Gem_White"],"damage_healed":12,"gold_gain":0,"player_choice":"Offered Uncommon","damage_taken":0,"max_hp_gain":0,"max_hp_loss":0,"event_name":"Bonfire Elementals","floor":5,"gold_loss":0}],"is_beta":false,"boss_relics":[{"not_picked":["SacredBark","aspiration:SecretTechniqueScroll"],"picked":"Velvet Choker"}],"items_purged_floors":[13,21],"is_endless":false,"potions_floor_spawned":[6,9,10,14],"killed_by":"Colosseum Nobs","ascension_level":0}}