{"host":"qdfumeom6htv8yxl","time":1609115808,"event":{"mods":["AchievementEnabler","BaseMod","Block Reminder","Minty Spire (QoL Compilation)","Quick Restart","Relic Stats"],"gold_per_floor":[362,185,185,203,203,203,230,230,256,273,273,305,325,325,325,399,399,416,435,451,451,466,498,498,532,532,632,648,78,78,98,98,175,175,195,195,215,233,108,108,140,140,140,171,216,249,249,249,249,249],"floor_reached":51,"playtime":4002,"items_purged":["Strike_G","Strike_G","Writhe"],"score":1608,"play_id":"0f6eec05-76ec-4e6f-a4bf-7460d7ab460a","local_time":"20201227183648","is_ascension_mode":true,"campfire_choices":[{"data":"Cloak And Dagger","floor":6.0,"key":"SMITH"},{"data":"Blade Dance","floor":8.0,"key":"SMITH"},{"data":"Neutralize","floor":11.0,"key":"SMITH"},{"floor":15.0,"key":"REST"},{"data":"1","floor":24.0,"key":"LIFT"},{"data":"Noxious Fumes","floor":30.0,"key":"SMITH"},{"data":"2","floor":32.0,"key":"LIFT"},{"floor":40,"key":"REST"},{"data":"3","floor":42,"key":"LIFT"},{"floor":49,"key":"REST"}],"circlet_count":0,"master_deck":["AscendersBane","Strike_G+1","Strike_G+1","Defend_G+1","Defend_G+1","Defend_G+1","Defend_G+1","Survivor+1","Neutralize+1","Cloak And Dagger+1","Accuracy+1","Blade Dance+1","PiercingWail+1","Dodge and Roll+1","Cloak And Dagger+1","Well Laid Plans+1","Escape Plan+1","Blade Dance+1","Backstab+1","Crippling Poison+1","Backflip+1","Accuracy+1","Noxious Fumes+1","Adrenaline+1","Cloak And Dagger+1","Escape Plan+1","Caltrops+1","Footwork+1"],"relics":["Ring of the Snake","Toxic Egg 2","Oddly Smooth Stone","Anchor","Snake Skull","WristBlade","Girya","Singing Bowl","Turnip","Du-Vu Doll","Darkstone Periapt","Shuriken","DollysMirror","Empty Cage","Mummified Hand","HornCleat","Potion Belt","Bird Faced Urn","Juzu Bracelet","Mark of the Bloom"],"acts_visited":["TheCity","TheBeyond"],"potions_floor_usage":[50,50],"damage_taken":[{"damage":1.0,"enemies":"Jaw Worm","floor":1.0,"turns":5.0},{"damage":0.0,"enemies":"2 Louse","floor":4.0,"turns":3.0},{"damage":10.0,"enemies":"3 Sentries","floor":7.0,"turns":7.0},{"damage":0.0,"enemies":"Small Slimes","floor":10.0,"turns":3.0},{"damage":0.0,"enemies":"Lagavulin","floor":12.0,"turns":7.0},{"damage":0.0,"enemies":"2 Fungi Beasts","floor":13.0,"turns":3.0},{"damage":0.0,"enemies":"The Guardian","floor":16.0,"turns":10.0},{"damage":0.0,"enemies":"Shell Parasite","floor":18.0,"turns":4.0},{"damage":0.0,"enemies":"Spheric Guardian","floor":19.0,"turns":2.0},{"damage":0.0,"enemies":"Centurion and Healer","floor":20.0,"turns":4.0},{"damage":5.0,"enemies":"Snecko","floor":22.0,"turns":3.0},{"damage":0.0,"enemies":"Book of Stabbing","floor":23.0,"turns":3.0},{"damage":2.0,"enemies":"Gremlin Leader","floor":25.0,"turns":4.0},{"damage":0.0,"enemies":"Colosseum Slavers","floor":27.0,"turns":3.0},{"damage":1.0,"enemies":"Colosseum Nobs","floor":27.0,"turns":3.0},{"damage":0.0,"enemies":"Cultist and Chosen","floor":28.0,"turns":3.0},{"damage":0.0,"enemies":"Shelled Parasite and Fungi","floor":31.0,"turns":2.0},{"damage":43.0,"enemies":"Automaton","floor":33.0,"turns":7.0},{"damage":0.0,"enemies":"3 Darklings","floor":35.0,"turns":3.0},{"damage":0.0,"enemies":"3 Shapes","floor":37.0,"turns":2.0},{"damage":43.0,"enemies":"Spire Growth","floor":38.0,"turns":4.0},{"damage":0,"enemies":"Reptomancer","floor":41,"turns":3},{"damage":0,"enemies":"Giant Head","floor":44,"turns":4},{"damage":14,"enemies":"2 Orb Walkers","floor":45,"turns":4},{"damage":19,"enemies":"Nemesis","floor":46,"turns":3},{"damage":0,"enemies":"Donu and Deca","floor":50,"turns":6}],"seed_played":"-6943470022482988783","potions_obtained":[{"floor":10.0,"key":"Fire Potion"},{"floor":13.0,"key":"CultistPotion"},{"floor":18.0,"key":"LiquidMemories"},{"floor":23.0,"key":"Block Potion"},{"floor":33.0,"key":"Dexterity Potion"}],"is_trial":false,"path_per_floor":["M","$","?","M","?","R","E","R","T","M","R","E","M","?","R","B",null,"M","M","M","?","M","E","R","E","T","?","M","$","R","M","R","B",null,"M","?","M","M","$","R","E","R","T","E","?","E","?","?","R","B",null],"character_chosen":"THE_SILENT","items_purchased":["Accuracy","Blade Dance","Shuriken","DollysMirror","Noxious Fumes"],"campfire_rested":3,"item_purchase_floors":[2,2,29,29,29],"current_hp_per_floor":[43,43,43,43,65,65,55,55,55,55,55,55,55,43,62,62,65,65,65,65,65,60,60,60,60,60,59,59,59,59,61,61,18,57,59,78,78,35,35,58,58,58,58,60,48,39,72,72,72,72],"gold":249,"neow_bonus":"TWO_FIFTY_GOLD","is_daily":false,"chose_seed":false,"campfire_upgraded":4,"win_rate":0.0,"timestamp":1609115808,"path_taken":["M","$","?","M","?","R","E","R","T","M","R","E","M","?","R","BOSS","M","M","M","?","M","E","R","E","T","?","M","$","R","M","R","BOSS","M","?","M","M","$","R","E","R","T","E","?","E","?","?","R","BOSS"],"items_purchased_type":["Card","Card","Relic","Relic","Card"],"build_version":"2020-12-22","purchased_purges":3,"victory":true,"max_hp_per_floor":[66,66,66,66,66,66,66,66,66,66,66,66,66,66,66,66,66,66,66,66,66,66,66,66,68,68,68,68,68,68,70,70,70,70,72,78,78,78,78,78,78,78,78,80,82,82,72,72,72,72],"relic_stats":{"Darkstone Periapt":6,"Mark of the Bloom":33,"Singing Bowl":10,"counters":[22,87],"Shuriken":[33],"Mummified Hand":[22],"Bird Faced Urn":[10],"Snake Skull":[37],"Turnip":[0],"Juzu Bracelet":0,"obtain_stats":[{"Darkstone Periapt":27,"Potion Belt":44,"Girya":23,"Mark of the Bloom":48,"Singing Bowl":25,"Oddly Smooth Stone":0,"Snake Skull":14,"Juzu Bracelet":46,"Empty Cage":34,"Du-Vu Doll":27,"Anchor":12,"HornCleat":43,"WristBlade":17,"Shuriken":29,"DollysMirror":29,"Mummified Hand":41,"Bird Faced Urn":45,"Turnip":26,"Toxic Egg 2":0,"Ring of the Snake":0},{"Darkstone Periapt":11,"Potion Belt":19,"Girya":8,"Mark of the Bloom":21,"Singing Bowl":9,"Oddly Smooth Stone":0,"Snake Skull":2,"Juzu Bracelet":21,"Empty Cage":14,"Du-Vu Doll":11,"Anchor":1,"HornCleat":18,"WristBlade":3,"Shuriken":12,"DollysMirror":12,"Mummified Hand":18,"Bird Faced Urn":20,"Turnip":9,"Toxic Egg 2":0,"Ring of the Snake":0},{"Darkstone Periapt":46,"Potion Belt":74,"Girya":36,"Mark of the Bloom":81,"Singing Bowl":40,"Oddly Smooth Stone":0,"Snake Skull":10,"Juzu Bracelet":81,"Empty Cage":58,"Du-Vu Doll":46,"Anchor":7,"HornCleat":70,"WristBlade":20,"Shuriken":49,"DollysMirror":49,"Mummified Hand":70,"Bird Faced Urn":78,"Turnip":40,"Toxic Egg 2":0,"Ring of the Snake":0}],"Ring of the Snake":[44]},"card_choices":[{"not_picked":["Blade Dance","Calculated Gamble"],"picked":"Cloak And Dagger","floor":1.0},{"not_picked":["Flechettes","Sucker Punch"],"picked":"PiercingWail","floor":4.0},{"not_picked":["Bane","Quick Slash"],"picked":"Dodge and Roll+1","floor":7.0},{"not_picked":["Poisoned Stab","Quick Slash"],"picked":"Cloak And Dagger+1","floor":10.0},{"not_picked":["Dagger Spray","Reflex+1"],"picked":"Well Laid Plans","floor":12.0},{"not_picked":["Dagger Throw","Flying Knee","Outmaneuver+1"],"picked":"SKIP","floor":13.0},{"not_picked":["Flying Knee","Concentrate+1"],"picked":"Escape Plan+1","floor":18.0},{"not_picked":["Catalyst+1","Quick Slash"],"picked":"Blade Dance+1","floor":19.0},{"not_picked":["Sucker Punch","Reflex+1"],"picked":"Backstab","floor":20.0},{"not_picked":["Skewer","Underhanded Strike+1","Dodge and Roll+1"],"picked":"SKIP","floor":22.0},{"not_picked":["Terror+1","Flying Knee","Concentrate+1"],"picked":"SKIP","floor":23.0},{"not_picked":["Terror+1","Distraction+1","Well Laid Plans"],"picked":"Singing Bowl","floor":25.0},{"not_picked":["Setup+1","Unload"],"picked":"Crippling Poison+1","floor":27.0},{"not_picked":["All Out Attack","Quick Slash"],"picked":"Backflip+1","floor":28.0},{"not_picked":["Bane","Slice","Blur+1"],"picked":"Singing Bowl","floor":31.0},{"not_picked":["Phantasmal Killer+1","Tools of the Trade"],"picked":"Adrenaline+1","floor":33.0},{"not_picked":["Bouncing Flask+1","Acrobatics+1","PiercingWail+1"],"picked":"Singing Bowl","floor":35.0},{"not_picked":["Acrobatics+1","Expertise+1"],"picked":"Cloak And Dagger+1","floor":37.0},{"not_picked":["Sucker Punch","Acrobatics+1"],"picked":"Escape Plan+1","floor":38.0},{"not_picked":["Deadly Poison+1","Sucker Punch+1"],"picked":"Caltrops","floor":41},{"not_picked":["Backstab","Expertise+1","Terror+1"],"picked":"Singing Bowl","floor":44},{"not_picked":["Sucker Punch","Tools of the Trade","Infinite Blades"],"picked":"Singing Bowl","floor":45},{"not_picked":["Slice","Masterful Stab"],"picked":"Footwork","floor":46}],"player_experience":1532568,"relics_obtained":[{"floor":7.0,"key":"Toxic Egg 2"},{"floor":9.0,"key":"Oddly Smooth Stone"},{"floor":12.0,"key":"Anchor"},{"floor":23.0,"key":"Girya"},{"floor":25.0,"key":"Singing Bowl"},{"floor":26.0,"key":"Turnip"},{"floor":27.0,"key":"Du-Vu Doll"},{"floor":27.0,"key":"Darkstone Periapt"},{"floor":41,"key":"Mummified Hand"},{"floor":43,"key":"HornCleat"},{"floor":44,"key":"Potion Belt"},{"floor":45,"key":"Bird Faced Urn"},{"floor":46,"key":"Juzu Bracelet"}],"event_choices":[{"damage_healed":0.0,"max_hp_gain":0.0,"max_hp_loss":0.0,"gold_gain":0.0,"event_name":"Living Wall","player_choice":"Grow","floor":3.0,"gold_loss":0.0,"damage_taken":0.0,"cards_upgraded":["Accuracy"]},{"damage_healed":22.0,"max_hp_gain":0.0,"max_hp_loss":0.0,"gold_gain":0.0,"event_name":"Big Fish","player_choice":"Banana","floor":5.0,"gold_loss":0.0,"damage_taken":0.0},{"damage_healed":0.0,"max_hp_gain":0.0,"max_hp_loss":0.0,"gold_gain":0.0,"event_name":"Scrap Ooze","player_choice":"Success","floor":14.0,"gold_loss":0.0,"damage_taken":12.0,"relics_obtained":["Snake Skull"]},{"damage_healed":0.0,"max_hp_gain":0.0,"max_hp_loss":0.0,"gold_gain":0.0,"event_name":"Cursed Tome","player_choice":"Ignored","floor":21.0,"gold_loss":0.0,"damage_taken":0.0},{"damage_healed":0.0,"max_hp_gain":0.0,"max_hp_loss":0.0,"gold_gain":0.0,"event_name":"Colosseum","player_choice":"Fight","floor":27.0,"gold_loss":0.0,"damage_taken":0.0},{"damage_healed":0.0,"max_hp_gain":0.0,"max_hp_loss":0.0,"gold_gain":0.0,"event_name":"Colosseum","player_choice":"Fought Nobs","floor":27.0,"gold_loss":0.0,"damage_taken":0.0},{"damage_healed":18.0,"max_hp_gain":0.0,"max_hp_loss":0.0,"gold_gain":0.0,"event_name":"Winding Halls","player_choice":"Writhe","floor":36.0,"gold_loss":0.0,"damage_taken":0.0,"cards_obtained":["Writhe"]},{"damage_healed":0,"gold_gain":0,"player_choice":"Fight","damage_taken":0,"max_hp_gain":0,"max_hp_loss":0,"event_name":"Mysterious Sphere","floor":45,"gold_loss":0},{"damage_healed":72,"gold_gain":0,"player_choice":"Heal","damage_taken":0,"max_hp_gain":0,"max_hp_loss":10,"event_name":"The Moai Head","floor":47,"gold_loss":0},{"damage_healed":0,"gold_gain":0,"player_choice":"Upgrade","damage_taken":0,"relics_obtained":["Mark of the Bloom"],"max_hp_gain":0,"max_hp_loss":0,"event_name":"MindBloom","floor":48,"gold_loss":0,"cards_upgraded":["Strike_G","Strike_G","Defend_G","Defend_G","Defend_G","Defend_G","Survivor","PiercingWail","Well Laid Plans","Backstab","Caltrops","Footwork"]}],"is_beta":false,"boss_relics":[{"not_picked":["Coffee Dripper","Ectoplasm"],"picked":"WristBlade"},{"not_picked":["SlaversCollar","Velvet Choker"],"picked":"Empty Cage"}],"items_purged_floors":[2,29,39],"is_endless":false,"potions_floor_spawned":[10,13,18,23,27,33,35,38,41],"ascension_level":14}}