{"host":"2461dio7vetlq1z3","time":1609164948,"event":{"mods":["2.2 Compatiblity","AchievementEnabler","Aspiration","BaseMod","Better Third Choice","Friendly Minions","Hermit","Marisa????????","Minty Spire (QoL Compilation)","Relic Stats","Spicy Shops","StSLib","Waifu the Spire"],"gold_per_floor":[118,133,133,133,149,149,178,178,225,237,284,296,323,351,363,375,375],"floor_reached":16,"playtime":481,"items_purged":[],"score":220,"play_id":"32e892e6-4505-4b6e-a1f4-518b006d8bf6","local_time":"20201228151548","is_ascension_mode":true,"campfire_choices":[{"data":"Anger","floor":6,"key":"SMITH"},{"data":"Rage","floor":8,"key":"SMITH"},{"floor":12,"key":"REST"},{"data":"Clothesline","floor":15,"key":"SMITH"}],"circlet_count":0,"master_deck":["AscendersBane","Strike_R","Strike_R","Strike_R","Strike_R","Strike_R","Defend_R","Defend_R","Defend_R","Defend_R","Bash+1","Disarm+1","Feel No Pain","Anger+1","Rage+1","Limit Break","Clothesline+1"],"relics":["Burning Blood","aspiration:HiddenCompartment","MawBank","aspiration:Lifesprig"],"acts_visited":["Exordium"],"potions_floor_usage":[7,7,11,16,16],"damage_taken":[{"damage":1,"enemies":"Cultist","floor":1,"turns":3},{"damage":9,"enemies":"Jaw Worm","floor":2,"turns":5},{"damage":4,"enemies":"2 Louse","floor":5,"turns":4},{"damage":32,"enemies":"3 Sentries","floor":7,"turns":11},{"damage":30,"enemies":"Gremlin Nob","floor":11,"turns":5},{"damage":0,"enemies":"Looter","floor":13,"turns":3},{"damage":10,"enemies":"Exordium Thugs","floor":14,"turns":5},{"damage":57,"enemies":"Slime Boss","floor":16,"turns":8}],"seed_played":"-6077180438948351918","potions_obtained":[{"floor":2,"key":"ColorlessPotion"},{"floor":4,"key":"DistilledChaos"},{"floor":4,"key":"Weak Potion"},{"floor":7,"key":"Block Potion"},{"floor":11,"key":"Weak Potion"},{"floor":14,"key":"ElixirPotion"}],"is_trial":false,"path_per_floor":["M","M","?","?","M","R","E","R","T","$","E","R","M","M","R","B"],"character_chosen":"IRONCLAD","items_purchased":[],"campfire_rested":1,"item_purchase_floors":[],"current_hp_per_floor":[73,70,70,70,72,72,46,46,46,46,22,44,50,46,46,0,0],"gold":375,"neow_bonus":"UPGRADE_CARD","is_daily":false,"chose_seed":false,"campfire_upgraded":3,"win_rate":0.0,"timestamp":1609164948,"path_taken":["M","M","?","?","M","R","E","R","T","$","E","R","M","?","R","BOSS"],"items_purchased_type":[],"build_version":"2020-12-22","purchased_purges":0,"victory":false,"max_hp_per_floor":[75,75,75,75,75,75,75,75,75,75,75,75,75,75,75,75,75],"relic_stats":{"counters":[8,44],"MawBank":84,"obtain_stats":[{"aspiration:Lifesprig":11,"aspiration:HiddenCompartment":7,"MawBank":9,"Burning Blood":0},{"aspiration:Lifesprig":5,"aspiration:HiddenCompartment":4,"MawBank":4,"Burning Blood":0},{"aspiration:Lifesprig":28,"aspiration:HiddenCompartment":23,"MawBank":23,"Burning Blood":0}],"Burning Blood":42},"card_choices":[{"not_picked":["Shrug It Off","Cleave"],"picked":"Disarm","floor":1},{"not_picked":["Shockwave","Clash"],"picked":"Feel No Pain","floor":2},{"not_picked":["Pommel Strike","Fire Breathing"],"picked":"Anger","floor":5},{"not_picked":["Anger","True Grit"],"picked":"Rage","floor":7},{"not_picked":["Flex","Thunderclap","Wild Strike"],"picked":"SKIP","floor":11},{"not_picked":["Shrug It Off","Clothesline"],"picked":"Limit Break","floor":13},{"not_picked":["Seeing Red","Perfected Strike"],"picked":"Clothesline","floor":14}],"player_experience":1073094,"relics_obtained":[{"floor":7,"key":"aspiration:HiddenCompartment"},{"floor":9,"key":"MawBank"},{"floor":11,"key":"aspiration:Lifesprig"}],"event_choices":[{"damage_healed":0,"gold_gain":0,"player_choice":"Grow","damage_taken":0,"max_hp_gain":0,"max_hp_loss":0,"event_name":"Living Wall","floor":3,"gold_loss":0,"cards_upgraded":["Disarm"]},{"damage_healed":0,"gold_gain":0,"player_choice":"Got Potions","damage_taken":0,"max_hp_gain":0,"max_hp_loss":0,"event_name":"Lab","floor":4,"gold_loss":0}],"is_beta":false,"boss_relics":[],"items_purged_floors":[],"is_endless":false,"potions_floor_spawned":[2,7,11,14],"killed_by":"Slime Boss","ascension_level":20}}