{"host":"o54aw4mfims5m8ve","time":1609132833,"event":{"mods":["BaseMod","Downfall","Minty Spire (QoL Compilation)","StSLib","The Cursed","The Saiyan","The Senshi"],"gold_per_floor":[99,117,135,155,167,182,234,246,96,112,112,126,159,30,42,143,143,143,156,156,156,156],"floor_reached":20,"playtime":2523,"items_purged":["hexamod:Defend"],"score":205,"play_id":"6242aa28-3fe0-4770-be17-cffa8efb489b","local_time":"20201228052033","is_ascension_mode":false,"campfire_choices":[{"floor":1,"key":"RECALL"},{"data":"hexamod:EmpoweredFlame","floor":9,"key":"SMITH"},{"data":"hexamod:Float","floor":11,"key":"SMITH"},{"data":"hexamod:GhostShield","floor":18,"key":"SMITH"}],"circlet_count":0,"master_deck":["hexamod:Strike","hexamod:Strike","hexamod:Strike","hexamod:Strike+1","hexamod:Defend+1","hexamod:Defend","hexamod:Defend+1","hexamod:Sear","hexamod:Float+1","hexamod:EmpoweredFlame+1","hexamod:GhostflameBarrier+1","hexamod:ShieldOfDarkness","hexamod:FastForward+1","hexamod:GhostShield+1","hexamod:SixthSeal","hexamod:HauntingEcho+1","hexamod:ThermalTransfer","hexamod:ThirdSeal","hexamod:GhostOfSpirePast+1","hexamod:FirstSeal","hexamod:InspiringFlames","hexamod:VolcanoVisage+1","hexamod:FifthSeal","hexamod:WildfireWeapon+1","hexamod:SecondSeal","hexamod:BurningTouch+1","hexamod:Hexaguard+1"],"relics":["hexamod:SpiritBrand","downfall:HeartBlessingRed","downfall:HeartBlessingBlue","Frozen Egg 2","theSenshi:MoonKaleidoScopeRelic"],"acts_visited":["Exordium","TheCity"],"potions_floor_usage":[14,14],"damage_taken":[{"damage":0,"enemies":"2 Louse","floor":2,"turns":4},{"damage":1,"enemies":"Jaw Worm","floor":3,"turns":3},{"damage":0,"enemies":"Small Slimes","floor":4,"turns":3},{"damage":3,"enemies":"Red Slaver","floor":5,"turns":7},{"damage":4,"enemies":"Lots of Slimes","floor":6,"turns":7},{"damage":3,"enemies":"Exordium Thugs","floor":8,"turns":6},{"damage":2,"enemies":"Large Slime","floor":10,"turns":8},{"damage":0,"enemies":"3 Louse","floor":12,"turns":4},{"damage":11,"enemies":"3 Sentries","floor":13,"turns":10},{"damage":0,"enemies":"downfall:FleeingMerchant","floor":14,"turns":4},{"damage":40,"enemies":"Gremlin Gang","floor":15,"turns":8},{"damage":9,"enemies":"downfall:Watcher","floor":16,"turns":9},{"damage":32,"enemies":"Spheric Guardian","floor":19,"turns":8},{"damage":69,"enemies":"Cultist and Chosen","floor":20,"turns":7}],"seed_played":"-3689203252925502216","potions_obtained":[{"floor":2,"key":"LiquidBronze"},{"floor":3,"key":"FearPotion"},{"floor":6,"key":"FairyPotion"},{"floor":13,"key":"Strength Potion"},{"floor":15,"key":"Guardian:BlockOnCardUsePotion"},{"floor":19,"key":"Guardian:BlockOnCardUsePotion"}],"is_trial":false,"path_per_floor":["R","M","M","M","M","M","T","M","R","M","R","M","E","$","M","B",null,"R","M","M"],"character_chosen":"THE_SPIRIT","items_purchased":["hexamod:FirstSeal"],"campfire_rested":0,"item_purchase_floors":[14],"current_hp_per_floor":[77,77,76,76,73,69,69,66,76,74,74,74,63,63,30,28,87,87,62,0,0,0],"gold":156,"neow_bonus":"TEN_PERCENT_HP_BONUS","is_daily":false,"chose_seed":false,"campfire_upgraded":3,"win_rate":0.0,"timestamp":1609132833,"path_taken":["R","M","M","M","M","M","T","M","R","M","R","M","E","$","M","BOSS","R","M","M"],"items_purchased_type":["Card"],"build_version":"2020-12-22","purchased_purges":1,"victory":false,"max_hp_per_floor":[77,77,77,77,77,77,77,77,87,87,87,87,87,87,87,87,87,87,87,87,87,87],"card_choices":[{"not_picked":["hexamod:SpectersWail","hexamod:GhostLash"],"picked":"hexamod:EmpoweredFlame","floor":2},{"not_picked":["hexamod:SpectralAdrenaline","hexamod:Again"],"picked":"hexamod:GhostflameBarrier","floor":3},{"not_picked":["hexamod:NightmareGuise","hexamod:Incineration"],"picked":"hexamod:ShieldOfDarkness","floor":4},{"not_picked":["hexamod:DynamicBlow","hexamod:NightmareGuise"],"picked":"hexamod:FastForward","floor":5},{"not_picked":["hexamod:NightmareGuise","hexamod:SwordOfDarkness"],"picked":"hexamod:GhostShield","floor":6},{"not_picked":["hexamod:RecurringNightmare","hexamod:BacktrackSmack"],"picked":"hexamod:SixthSeal","floor":8},{"not_picked":["hexamod:PhantomCloak","hexamod:Incineration"],"picked":"hexamod:HauntingEcho","floor":10},{"not_picked":["hexamod:EmpoweredFlame","hexamod:BacktrackSmack"],"picked":"hexamod:ThermalTransfer","floor":12},{"not_picked":["hexamod:EtherealExpedition","hexamod:RainOfEmbers"],"picked":"hexamod:ThirdSeal","floor":13},{"not_picked":["hexamod:GhostShield","hexamod:HauntingEcho"],"picked":"hexamod:GhostOfSpirePast+1","floor":14},{"not_picked":["hexamod:ShieldOfDarkness","hexamod:NightmareGuise","hexamod:GhostShield"],"picked":"SKIP","floor":14},{"not_picked":["hexamod:SwordOfDarkness","hexamod:FastForward"],"picked":"hexamod:InspiringFlames","floor":15},{"not_picked":["hexamod:HeatCrush","hexamod:GhostShield"],"picked":"hexamod:VolcanoVisage+1","floor":15},{"not_picked":["hexamod:CrushingStance","hexamod:ParanormalForm+1"],"picked":"hexamod:FifthSeal","floor":16},{"not_picked":["hexamod:GhostflameInferno","hexamod:SearingWound"],"picked":"hexamod:WildfireWeapon+1","floor":16},{"not_picked":["hexamod:ThirdSeal","hexamod:SixthSeal"],"picked":"hexamod:SecondSeal","floor":19},{"not_picked":["hexamod:NightmareStrike","hexamod:AdvancingGuard"],"picked":"hexamod:BurningTouch+1","floor":19},{"not_picked":["hexamod:GhostLash","hexamod:PhantomCloak+1"],"picked":"hexamod:Hexaguard+1","floor":19}],"player_experience":182711,"relics_obtained":[{"floor":13,"key":"Frozen Egg 2"}],"event_choices":[],"is_beta":false,"boss_relics":[{"not_picked":["Sozu","Busted Crown"],"picked":"theSenshi:MoonKaleidoScopeRelic"}],"items_purged_floors":[14],"is_endless":false,"potions_floor_spawned":[2,3,6,10,13,15,19],"killed_by":"Cultist and Chosen","ascension_level":0}}