{"host":"s0ikvqhe10eopvjn","time":1609156344,"event":{"mods":["Act Like it!","Bard","BaseMod","Block Reminder","Colored Map","Colored Powertips","DeckTracker","Downfall","Hallownest","Hermit","Highlight Path","Hubris","Infinite Spire","Minty Spire (QoL Compilation)","Permanent Neow","StSLib","The Blue Laboratory","The Bug Knight","The Cursed","The Necromancer"],"gold_per_floor":[99,117,117,130,149,149,202,212,212,212,226,226,226,245,255,360,360,360,377,377,377,39,39,65,65,65,85,85,119,119,32,52,147,147,147,157,157,170,183,183,209,242,242,139,154,173,185,213,229,324,324,324,337,349,352,352,352,352,352,367,384,419,438,454,479,498,602,652,652,670,681,681,681,681,707,725,650,676,676,710,638,638,657,752,752,752,752,752,768,817,817,817,817,817],"floor_reached":92,"playtime":7635,"items_purged":["Shame","Parasite"],"score":1428,"play_id":"6d55ce17-b83f-42e1-9f1a-43d68dd1116a","local_time":"20201228115224","is_ascension_mode":false,"campfire_choices":[{"data":"Guardian:Strike_Guardian","floor":1.0,"key":"SMITH"},{"data":"Guardian:Harden","floor":6.0,"key":"SMITH"},{"data":"Guardian:FloatingOrbs","floor":9.0,"key":"SMITH"},{"data":"Guardian:SentryBeam","floor":18.0,"key":"SMITH"},{"data":"Guardian:FastForward","floor":26.0,"key":"SMITH"},{"data":"Guardian:CurlUp","floor":28.0,"key":"SMITH"},{"data":"hubris:InfiniteBlow","floor":43.0,"key":"SMITH"},{"data":"hubris:InfiniteBlow+1","floor":52.0,"key":"SMITH"},{"data":"Apotheosis","floor":59.0,"key":"SMITH"},{"data":"hubris:InfiniteBlow+4","floor":69,"key":"SMITH"},{"floor":74,"key":"RECALL"},{"data":"hubris:InfiniteBlow+5","floor":77,"key":"SMITH"},{"data":"hubris:InfiniteBlow+6","floor":79,"key":"SMITH"},{"data":"hubris:InfiniteBlow+7","floor":86,"key":"SMITH"}],"circlet_count":0,"master_deck":["Guardian:Defend_Guardian+1","Guardian:Defend_Guardian+1","Guardian:Defend_Guardian+1","Guardian:CurlUp+1","Guardian:TwinSlam+1","Guardian:Harden+1","Guardian:FloatingOrbs+1","Guardian:Incinerate","Guardian:Recover","Guardian:SentryBeam+1","Guardian:ExploitGems","Guardian:WalkerClaw","Slimebound:GoopSpray","Guardian:FastForward+1","Guardian:Recover","Bite","Bite","Bite","Bite","Guardian:MultiBeam","Guardian:Gem_Synthetic","Guardian:Planning+1","Guardian:VentSteam","Guardian:Harden+1","hubris:Fate","hubris:InfiniteBlow+8","Guardian:FloatingOrbs+1","Guardian:ArmoredProtocol+1","Guardian:TemporalStrike+1","Guardian:ChargeCore+1","Guardian:CrystalBeam+1","Apotheosis+1","Guardian:PiercingHide","Guardian:Clone","Guardian:Reroute","Guardian:Gem_Green","Guardian:ShieldCharger","Guardian:TimeBomb","Guardian:CrystalBeam+1","Guardian:WalkerClaw","Guardian:RevengeProtocol+1","Guardian:Gem_Synthetic"],"relics":["Guardian:ModeShifter","Ornamental Fan","hubris:Icosahedron","hubris:Backtick","Membership Card","downfall:RedIOU","hubris:ToyBattleship","infinitespire:CursedDice","hubris:EmptyBottle","hubris:PeanutButter","Anchor","Guardian:PickAxe","Oddly Smooth Stone","Busted Crown","Juzu Bracelet","Frozen Egg 2","Philosopher\u0027s Stone","infinitespire:EmpoweringShard","TheAbacus","Mercury Hourglass","Tiny House","downfall:HeartBlessingRed","Bag of Marbles","hubris:GrandSneckoEye","hubris:Towel","infinitespire:Lychee Nut"],"acts_visited":["Exordium","TheCity","TheBeyond","Exordium","TheCity","TheBeyond"],"potions_floor_usage":[65,67,67,67,68,78,78,80,84],"damage_taken":[{"damage":1.0,"enemies":"Jaw Worm","floor":2.0,"turns":3.0},{"damage":1.0,"enemies":"2 Louse","floor":4.0,"turns":2.0},{"damage":0.0,"enemies":"Small Slimes","floor":5.0,"turns":3.0},{"damage":0.0,"enemies":"2 Fungi Beasts","floor":8.0,"turns":3.0},{"damage":8.0,"enemies":"3 Louse","floor":11.0,"turns":5.0},{"damage":2.0,"enemies":"Blue Slaver","floor":14.0,"turns":3.0},{"damage":2.0,"enemies":"2 Fungi Beasts","floor":15.0,"turns":3.0},{"damage":14.0,"enemies":"downfall:Silent","floor":16.0,"turns":10.0},{"damage":0.0,"enemies":"Chosen","floor":19.0,"turns":3.0},{"damage":0.0,"enemies":"downfall:FleeingMerchant","floor":22.0,"turns":4.0},{"damage":0.0,"enemies":"3 Byrds","floor":27.0,"turns":4.0},{"damage":24.0,"enemies":"Slavers","floor":29.0,"turns":7.0},{"damage":0.0,"enemies":"downfall:FleeingMerchant","floor":31.0,"turns":4.0},{"damage":9.0,"enemies":"Cultist and Chosen","floor":32.0,"turns":8.0},{"damage":54.0,"enemies":"downfall:Watcher","floor":33.0,"turns":12.0},{"damage":3.0,"enemies":"Orb Walker","floor":36.0,"turns":4.0},{"damage":7.0,"enemies":"3 Shapes","floor":38.0,"turns":5.0},{"damage":3.0,"enemies":"Writhing Mass","floor":39.0,"turns":7.0},{"damage":0.0,"enemies":"Nightmare","floor":42.0,"turns":1.0},{"damage":0.0,"enemies":"downfall:FleeingMerchant","floor":44.0,"turns":4.0},{"damage":20.0,"enemies":"Sphere and 2 Shapes","floor":45.0,"turns":5.0},{"damage":10.0,"enemies":"Spire Growth","floor":46.0,"turns":6.0},{"damage":16.0,"enemies":"Maw","floor":47.0,"turns":8.0},{"damage":14.0,"enemies":"Giant Head","floor":48.0,"turns":8.0},{"damage":0.0,"enemies":"HollowMod:SlobberingHusk","floor":49.0,"turns":9.0},{"damage":10.0,"enemies":"downfall:Defect","floor":50.0,"turns":5.0},{"damage":0.0,"enemies":"Cultist","floor":53.0,"turns":3.0},{"damage":0.0,"enemies":"2 Louse","floor":54.0,"turns":2.0},{"damage":30.0,"enemies":"downfall:FleeingMerchant","floor":55.0,"turns":4.0},{"damage":0.0,"enemies":"Small Slimes","floor":60.0,"turns":2.0},{"damage":0.0,"enemies":"Exordium Wildlife","floor":61.0,"turns":2.0},{"damage":50.0,"enemies":"Nightmare","floor":62.0,"turns":8.0},{"damage":0,"enemies":"Gremlin Gang","floor":63,"turns":2},{"damage":0,"enemies":"Blue Slaver","floor":64,"turns":2},{"damage":3,"enemies":"Lagavulin","floor":65,"turns":4},{"damage":0,"enemies":"Large Slime","floor":66,"turns":2},{"damage":11,"enemies":"Slime Boss","floor":67,"turns":4},{"damage":0,"enemies":"Shell Parasite","floor":70,"turns":2},{"damage":0,"enemies":"Sentry and Sphere","floor":71,"turns":3},{"damage":0,"enemies":"HollowMod:Nosk","floor":75,"turns":4},{"damage":4,"enemies":"Snecko","floor":76,"turns":3},{"damage":2,"enemies":"Slavers","floor":78,"turns":4},{"damage":0,"enemies":"Book of Stabbing","floor":80,"turns":3},{"damage":0,"enemies":"Centurion and Healer","floor":83,"turns":3},{"damage":12,"enemies":"Collector","floor":84,"turns":4},{"damage":0,"enemies":"3 Darklings","floor":89,"turns":1},{"damage":28,"enemies":"2 Orb Walkers","floor":90,"turns":3},{"damage":25,"enemies":"HollowMod:StalkingDevout","floor":92,"turns":1}],"seed_played":"8919367203844253654","potions_obtained":[{"floor":4.0,"key":"blueLaboratory:BottleOfRum"},{"floor":5.0,"key":"hexamod:EctoCoolerPotion"},{"floor":14.0,"key":"blueLaboratory:HorrorPotion"},{"floor":15.0,"key":"Guardian:BlockOnCardUsePotion"},{"floor":29.0,"key":"blueLaboratory:CorrosionFlask"},{"floor":42.0,"key":"blueLaboratory:HorrorPotion"},{"floor":45.0,"key":"SteroidPotion"},{"floor":63,"key":"blueLaboratory:PyrophylliteBrew"},{"floor":64,"key":"blueLaboratory:HummingbirdPotion"},{"floor":67,"key":"Guardian:DefensiveModePotion"},{"floor":68,"key":"blueLaboratory:ForbiddenFruitJuice"},{"floor":78,"key":"Guardian:DefensiveModePotion"},{"floor":80,"key":"EntropicBrew"}],"is_trial":false,"path_per_floor":["R","M","?","M","M","R","T","M","R","?","M","?","?","M","M","B",null,"R","M","?","?","$","?","T","?","R","M","R","E","R","$","M","B",null,"R","M","?","M","M","AVR","T","NM","R","$","M","M","M","E","M","B",null,"R","M","M","$","?","?","T","R","M","M","NM","M","M","E","M","B",null,"R","M","M","?","?","R","E","M","R","E","R","E","$","?","M","B",null,"R","?","?","M","?","?","E"],"character_chosen":"GUARDIAN","items_purchased":["hubris:ToyBattleship","infinitespire:CursedDice","hubris:EmptyBottle","Guardian:Recover","Oddly Smooth Stone","blueLaboratory:FrostheartPotion","BlessingOfTheForge","infinitespire:EmpoweringShard","TheAbacus","Apotheosis","Bag of Marbles"],"campfire_rested":0,"item_purchase_floors":[22,22,22,22,31,44,44,55,55,55,81],"current_hp_per_floor":[80,79,79,78,78,78,78,78,78,78,70,70,70,68,66,52,80,80,80,80,80,80,80,80,56,56,56,56,42,42,48,47,9,56,56,53,53,51,56,56,56,56,56,56,42,44,38,44,54,44,56,56,56,56,28,28,28,28,28,32,36,19,21,23,23,23,12,48,48,48,48,48,48,48,48,46,46,46,46,48,48,48,48,38,48,48,48,48,48,20,20,0,0,0],"gold":817,"neow_bonus":"UPGRADE_CARD","is_daily":false,"chose_seed":false,"campfire_upgraded":13,"win_rate":0.0,"timestamp":1609156344,"path_taken":["R","M","?","M","M","R","T","M","R","?","M","?","?","M","M","BOSS","R","M","?","?","$","?","T","?","R","M","R","E","R","$","M","BOSS","R","M","?","M","M","AVR","T","NM","R","$","M","M","M","E","M","BOSS","R","M","M","$","?","?","T","R","M","M","NM","M","M","E","M","BOSS","R","M","M","?","?","R","E","M","R","E","R","E","$","?","M","BOSS","R","?","?","M","?","?","E"],"items_purchased_type":["Relic","Relic","Relic","Card","Relic","Potion","Potion","Relic","Relic","Card","Relic"],"build_version":"2020-12-22","purchased_purges":2,"victory":false,"max_hp_per_floor":[80,80,80,80,80,80,80,80,80,80,80,80,80,80,80,80,80,80,80,80,80,80,80,80,56,56,56,56,56,56,56,56,56,56,56,56,56,56,56,56,56,56,56,56,56,56,56,56,56,56,56,56,56,56,53,53,53,53,53,53,53,53,53,53,53,53,53,48,48,48,48,48,48,48,48,48,48,48,48,48,48,48,48,48,48,48,48,48,48,36,36,36,36,36],"card_choices":[{"not_picked":["Guardian:ArmoredProtocol","Guardian:Suspension"],"picked":"Guardian:Harden","floor":2.0},{"not_picked":["Guardian:Reroute","Guardian:PiercingHide"],"picked":"Guardian:Gem_Crimson","floor":4.0},{"not_picked":["Guardian:DonusPower","Guardian:GuardianWhirl"],"picked":"Guardian:FloatingOrbs","floor":5.0},{"not_picked":["Guardian:TimeCapacitor","Guardian:Repulse"],"picked":"Guardian:Incinerate","floor":8.0},{"not_picked":["Guardian:TimeCapacitor","Guardian:Gem_Green"],"picked":"Guardian:Recover","floor":11.0},{"not_picked":["Guardian:HyperBeam_Guardian","Guardian:ShieldSpikes"],"picked":"Guardian:Gem_Crimson","floor":14.0},{"not_picked":["Guardian:ChargeCore","Guardian:Gem_Green"],"picked":"Guardian:SentryBeam","floor":15.0},{"not_picked":["Guardian:StasisField","Guardian:TimeSifter"],"picked":"Guardian:ExploitGems","floor":16.0},{"not_picked":["Guardian:TemporalShield+1","Guardian:TemporalStrike"],"picked":"Guardian:WalkerClaw","floor":19.0},{"not_picked":["Guardian:WalkerClaw","Guardian:PiercingHide"],"picked":"Guardian:FastForward","floor":22.0},{"not_picked":["Guardian:Clone","Guardian:RefractedBeam"],"picked":"Guardian:Gem_Green","floor":27.0},{"not_picked":["Guardian:ShieldCharger","Guardian:Gem_Cyan"],"picked":"Guardian:MultiBeam","floor":29.0},{"not_picked":["Guardian:Incinerate","Guardian:TimeBomb"],"picked":"Guardian:Gem_Synthetic","floor":31.0},{"not_picked":["Guardian:Repulse","Guardian:Gem_Cyan"],"picked":"Guardian:Gem_Purple","floor":32.0},{"not_picked":["Guardian:Gem_Synthetic","Guardian:ExploitGems"],"picked":"Guardian:Gem_Orange","floor":33.0},{"not_picked":[],"picked":"Guardian:Planning+1","floor":36.0},{"not_picked":[],"picked":"Guardian:VentSteam","floor":38.0},{"not_picked":[],"picked":"Guardian:Harden","floor":39.0},{"not_picked":[],"picked":"Guardian:FloatingOrbs+1","floor":42.0},{"not_picked":[],"picked":"Guardian:ArmoredProtocol+1","floor":44.0},{"not_picked":[],"picked":"Guardian:TemporalStrike+1","floor":45.0},{"not_picked":[],"picked":"Guardian:ChargeCore+1","floor":46.0},{"not_picked":["Guardian:StasisStrike"],"picked":"SKIP","floor":47.0},{"not_picked":[],"picked":"Guardian:CrystalBeam+1","floor":48.0},{"not_picked":[],"picked":"Guardian:Gem_Blue","floor":49.0},{"not_picked":["Guardian:Repulse+1"],"picked":"SKIP","floor":53.0},{"not_picked":[],"picked":"Guardian:CrystalBeam","floor":54.0},{"not_picked":["Guardian:WalkerClaw"],"picked":"SKIP","floor":55.0},{"not_picked":["Guardian:Suspension"],"picked":"SKIP","floor":60.0},{"not_picked":[],"picked":"Guardian:Gem_Cyan","floor":61.0},{"not_picked":[],"picked":"Guardian:Clone","floor":62.0},{"not_picked":[],"picked":"Guardian:Reroute","floor":63},{"not_picked":[],"picked":"Guardian:Gem_Green","floor":64},{"not_picked":[],"picked":"Guardian:ShieldCharger","floor":65},{"not_picked":[],"picked":"Guardian:Gem_Red","floor":66},{"not_picked":[],"picked":"Guardian:TimeBomb","floor":68},{"not_picked":[],"picked":"Guardian:CrystalBeam+1","floor":70},{"not_picked":["Guardian:Gem_Green"],"picked":"SKIP","floor":71},{"not_picked":["Guardian:Gem_Red"],"picked":"SKIP","floor":75},{"not_picked":[],"picked":"Guardian:WalkerClaw","floor":76},{"not_picked":["Guardian:WalkerClaw"],"picked":"SKIP","floor":78},{"not_picked":["Guardian:Reroute"],"picked":"SKIP","floor":80},{"not_picked":["Guardian:RefractedBeam"],"picked":"SKIP","floor":83},{"not_picked":[],"picked":"Guardian:RevengeProtocol+1","floor":84},{"not_picked":["Guardian:Gem_Green"],"picked":"SKIP","floor":89}],"player_experience":54881,"relics_obtained":[{"floor":7.0,"key":"Nunchaku"},{"floor":12.0,"key":"Ornamental Fan"},{"floor":24.0,"key":"Anchor"},{"floor":29.0,"key":"Guardian:PickAxe"},{"floor":41.0,"key":"Juzu Bracelet"},{"floor":42.0,"key":"Frozen Egg 2"},{"floor":48.0,"key":"Tiny Chest"},{"floor":58.0,"key":"Mercury Hourglass"},{"floor":90,"key":"infinitespire:Lychee Nut"}],"event_choices":[{"damage_healed":0.0,"max_hp_gain":0.0,"max_hp_loss":0.0,"gold_gain":0.0,"cards_transformed":["Guardian:Strike_Guardian"],"event_name":"Living Wall","player_choice":"Change","floor":10.0,"gold_loss":0.0,"damage_taken":0.0,"cards_obtained":["Guardian:Gem_Red"]},{"damage_healed":0.0,"max_hp_gain":0.0,"max_hp_loss":0.0,"gold_gain":0.0,"event_name":"The Library","player_choice":"Read","floor":21.0,"gold_loss":0.0,"damage_taken":0.0,"cards_obtained":["Slimebound:GoopSpray"]},{"damage_healed":0.0,"max_hp_gain":0.0,"max_hp_loss":0.0,"gold_gain":0.0,"event_name":"Addict","player_choice":"Stole Relic","floor":23.0,"gold_loss":0.0,"damage_taken":0.0,"relics_obtained":["hubris:PeanutButter"],"cards_obtained":["Shame"]},{"damage_healed":0.0,"max_hp_gain":0.0,"max_hp_loss":24.0,"gold_gain":0.0,"event_name":"Vampires","player_choice":"Became a vampire","floor":25.0,"gold_loss":0.0,"damage_taken":0.0,"cards_obtained":["Bite","Bite","Bite","Bite","Bite"]},{"damage_healed":0.0,"max_hp_gain":0.0,"max_hp_loss":0.0,"gold_gain":0.0,"cards_transformed":["Guardian:Defend_Guardian"],"event_name":"Transmorgrifier","player_choice":"Transformed","floor":57.0,"gold_loss":0.0,"damage_taken":0.0,"cards_obtained":["Guardian:PiercingHide"]},{"damage_healed":0,"gold_gain":0,"player_choice":"Simplicity","damage_taken":0,"max_hp_gain":0,"max_hp_loss":0,"event_name":"Back to Basics","floor":73,"gold_loss":0,"cards_upgraded":["Guardian:Defend_Guardian","Guardian:Defend_Guardian","Guardian:Defend_Guardian"]},{"damage_healed":0,"gold_gain":0,"player_choice":"Ignored","damage_taken":0,"max_hp_gain":0,"max_hp_loss":0,"event_name":"Vampires","floor":82,"gold_loss":0},{"cards_removed":["Bite"],"damage_healed":0,"gold_gain":0,"player_choice":"Removed Attack","damage_taken":0,"max_hp_gain":0,"max_hp_loss":0,"event_name":"Falling","floor":87,"gold_loss":0},{"damage_healed":0,"gold_gain":0,"player_choice":"Fight","damage_taken":0,"max_hp_gain":0,"max_hp_loss":0,"event_name":"Mysterious Sphere","floor":90,"gold_loss":0}],"is_beta":false,"boss_relics":[{"not_picked":["downfall:Hecktoplasm","hubris:TerracottaHorce"],"picked":"hubris:Backtick"},{"not_picked":["hubris:Stopwatch","hubris:BlackHole"],"picked":"Busted Crown"},{"not_picked":["Runic Dome","hubris:GrandSneckoEye"],"picked":"Philosopher\u0027s Stone"},{"not_picked":["Astrolabe","hubris:BlackHole"],"picked":"Tiny House"},{"not_picked":["Snecko Eye","hubris:VirtuousBlindfold"],"picked":"hubris:GrandSneckoEye"}],"items_purged_floors":[44,55],"is_endless":true,"potions_floor_spawned":[4,5,14,15,27,29,32,42,45,47,48,54,61,63,64,67,76,78,80,89],"killed_by":"HollowMod:StalkingDevout","ascension_level":0}}