{"host":"0msxzbajcl1c78mb","time":1609195986,"event":{"mods":["AchievementEnabler","BaseMod","Colored Map","Colored Powertips","Highlight Path","Minty Spire (QoL Compilation)","Relic Sorter","Relic Stats","StSLib","The Jungle","everything is the same but u backflip on backflip"],"gold_per_floor":[114,129,54,54,72,102,120,148,172,172,172,172,204,229,241,351,363,389,401,427,439,451,488,500,544,601,613,625,637,167,177,177,277,277,291,303,358,358,358,390,390,390],"floor_reached":41,"playtime":3998,"items_purged":["Strike_P","Pain"],"score":572,"play_id":"2dbbc5a5-7d97-42ba-b162-dfcd680b6c4a","local_time":"20201228175306","is_ascension_mode":true,"campfire_choices":[{"floor":11.0,"key":"REST"},{"data":"MentalFortress","floor":15.0,"key":"SMITH"},{"floor":32,"key":"REST"}],"circlet_count":0,"master_deck":["Strike_P","Strike_P","Defend_P","Defend_P","Eruption","Vigilance","Sanctity","Protect","FlurryOfBlows","CrushJoints","FearNoEvil","BattleHymn","MentalFortress+1","ReachHeaven","Vault","WheelKick","SpiritShield","RitualDagger","Secret Technique","Enlightenment","SpiritShield","LikeWater+1","Crescendo+1"],"relics":["SlaversCollar","Regal Pillow","Lantern","Juzu Bracelet","MawBank","Black Star","Eternal Feather","Singing Bowl","Centennial Puzzle","GoldenEye","Pen Nib","WarpedTongs","Membership Card","Dead Branch","Sozu","Shovel","Shuriken","Bottled Flame"],"acts_visited":["Exordium","TheCity","TheBeyond"],"potions_floor_usage":[28,28,40],"damage_taken":[{"damage":12.0,"enemies":"Cultist","floor":1.0,"turns":6.0},{"damage":0.0,"enemies":"Small Slimes","floor":2.0,"turns":3.0},{"damage":0.0,"enemies":"Jaw Worm","floor":5.0,"turns":3.0},{"damage":6.0,"enemies":"Gremlin Nob","floor":6.0,"turns":3.0},{"damage":15.0,"enemies":"Blue Slaver","floor":7.0,"turns":4.0},{"damage":24.0,"enemies":"Lagavulin","floor":8.0,"turns":4.0},{"damage":2.0,"enemies":"Gremlin Nob","floor":13.0,"turns":3.0},{"damage":11.0,"enemies":"Gremlin Gang","floor":14.0,"turns":4.0},{"damage":23.0,"enemies":"The Guardian","floor":16.0,"turns":7.0},{"damage":26.0,"enemies":"2 Thieves","floor":18.0,"turns":3.0},{"damage":1.0,"enemies":"Chosen","floor":20.0,"turns":4.0},{"damage":9.0,"enemies":"Gremlin Leader","floor":23.0,"turns":7.0},{"damage":15,"enemies":"Book of Stabbing","floor":25,"turns":7},{"damage":3,"enemies":"3 Cultists","floor":28,"turns":4},{"damage":15,"enemies":"Shelled Parasite and Fungi","floor":31,"turns":3},{"damage":29,"enemies":"Champ","floor":33,"turns":8},{"damage":10,"enemies":"Orb Walker","floor":35,"turns":3},{"damage":0,"enemies":"3 Shapes","floor":36,"turns":6},{"damage":57,"enemies":"2 Orb Walkers","floor":37,"turns":6},{"damage":43,"enemies":"Reptomancer","floor":40,"turns":6},{"damage":87,"enemies":"Writhing Mass","floor":41,"turns":3}],"seed_played":"7929365592010160367","potions_obtained":[{"floor":2.0,"key":"Energy Potion"},{"floor":4.0,"key":"Fire Potion"},{"floor":4.0,"key":"Ambrosia"},{"floor":4.0,"key":"StancePotion"},{"floor":5.0,"key":"AttackPotion"},{"floor":8.0,"key":"DistilledChaos"},{"floor":13.0,"key":"Ambrosia"},{"floor":14.0,"key":"SpeedPotion"},{"floor":20.0,"key":"Block Potion"},{"floor":23.0,"key":"SmokeBomb"},{"floor":25,"key":"SpeedPotion"},{"floor":33,"key":"Dexterity Potion"}],"is_trial":false,"path_per_floor":["M","M","$","?","M","E","M","E","T","?","R","?","E","M","R","B",null,"M","?","M","$","?","E","$","E","T","?","M","?","$","M","R","B",null,"M","M","?","?","?","E","M"],"character_chosen":"WATCHER","items_purchased":["Membership Card","Dead Branch","Secret Technique","Enlightenment"],"campfire_rested":2,"item_purchase_floors":[30,30,30,30],"current_hp_per_floor":[60,60,60,60,60,54,39,15,15,8,44,44,42,31,31,8,72,46,46,45,45,39,32,32,19,19,19,16,16,16,3,53,24,78,70,72,15,72,72,29,0,0],"gold":390,"neow_bonus":"BOSS_RELIC","is_daily":false,"chose_seed":false,"campfire_upgraded":1,"win_rate":0.0,"timestamp":1609195986,"path_taken":["M","?","?","?","?","E","M","E","T","?","R","?","E","M","R","BOSS","M","?","M","$","?","E","?","E","T","?","M","?","$","M","R","BOSS","M","M","?","?","?","E","M"],"items_purchased_type":["Relic","Relic","Card","Card"],"build_version":"2020-12-22","purchased_purges":2,"victory":false,"max_hp_per_floor":[72,72,72,72,72,72,72,72,72,72,72,72,72,72,72,72,72,72,72,72,72,72,74,74,76,76,76,76,76,76,78,78,78,78,80,82,82,72,72,72,72,72],"relic_stats":{"Regal Pillow":30,"Singing Bowl":10,"counters":[21,97],"Dead Branch":[39],"Eternal Feather":12,"Pen Nib":[8],"Juzu Bracelet":3,"MawBank":204,"GoldenEye":[6],"WarpedTongs":[35],"Sozu":1,"Centennial Puzzle":[21],"Shovel":0,"Shuriken":[0],"Black Star":3,"obtain_stats":[{"Regal Pillow":6,"Lantern":8,"Singing Bowl":23,"Dead Branch":30,"Eternal Feather":23,"Pen Nib":26,"Juzu Bracelet":9,"MawBank":13,"GoldenEye":25,"WarpedTongs":29,"Sozu":34,"SlaversCollar":0,"Centennial Puzzle":25,"Bottled Flame":40,"Shovel":37,"Shuriken":40,"Black Star":17,"Membership Card":30,"PureWater":0},{"Regal Pillow":4,"Lantern":6,"Singing Bowl":12,"Dead Branch":14,"Eternal Feather":12,"Pen Nib":13,"Juzu Bracelet":6,"MawBank":7,"GoldenEye":13,"WarpedTongs":14,"Sozu":16,"SlaversCollar":0,"Centennial Puzzle":13,"Bottled Flame":20,"Shovel":19,"Shuriken":20,"Black Star":9,"Membership Card":14,"PureWater":0},{"Regal Pillow":15,"Lantern":23,"Singing Bowl":51,"Dead Branch":62,"Eternal Feather":51,"Pen Nib":58,"Juzu Bracelet":23,"MawBank":26,"GoldenEye":58,"WarpedTongs":62,"Sozu":73,"SlaversCollar":0,"Centennial Puzzle":58,"Bottled Flame":94,"Shovel":88,"Shuriken":94,"Black Star":37,"Membership Card":62,"PureWater":0}]},"card_choices":[{"not_picked":["BowlingBash","SignatureMove"],"picked":"Sanctity","floor":1.0},{"not_picked":["ClearTheMind","PathToVictory"],"picked":"Protect","floor":2.0},{"not_picked":["SashWhip","Evaluate","Worship"],"picked":"SKIP","floor":5.0},{"not_picked":["EmptyBody","FollowUp"],"picked":"FlurryOfBlows","floor":6.0},{"not_picked":["Vengeance","Nirvana"],"picked":"CrushJoints","floor":7.0},{"not_picked":["EmptyBody","CarveReality"],"picked":"FearNoEvil","floor":8.0},{"not_picked":["MasterReality","Establishment"],"picked":"MentalFortress","floor":13.0},{"not_picked":["FearNoEvil","Evaluate"],"picked":"ReachHeaven","floor":14.0},{"not_picked":["Scrawl","ConjureBlade"],"picked":"Vault","floor":16.0},{"not_picked":["EmptyFist","Weave","Evaluate"],"picked":"SKIP","floor":18.0},{"not_picked":["PathToVictory","WaveOfTheHand","Halt"],"picked":"SKIP","floor":20.0},{"not_picked":["WheelKick","BowlingBash","SandsOfTime"],"picked":"Singing Bowl","floor":23.0},{"not_picked":["Perseverance","WheelKick+1","Meditate"],"picked":"Singing Bowl","floor":25},{"not_picked":["BowlingBash","Evaluate","Halt+1"],"picked":"Singing Bowl","floor":31},{"not_picked":["DevaForm","Judgement"],"picked":"SpiritShield","floor":33},{"not_picked":["Evaluate","FlyingSleeves","Halt"],"picked":"Singing Bowl","floor":35},{"not_picked":["SandsOfTime+1","Worship","BattleHymn"],"picked":"Singing Bowl","floor":36},{"not_picked":["ClearTheMind+1","FlyingSleeves+1"],"picked":"LikeWater+1","floor":37},{"not_picked":["Consecrate+1","Halt+1"],"picked":"Crescendo+1","floor":40}],"player_experience":301770,"relics_obtained":[{"floor":6.0,"key":"Regal Pillow"},{"floor":8.0,"key":"Lantern"},{"floor":9.0,"key":"Juzu Bracelet"},{"floor":13.0,"key":"MawBank"},{"floor":23.0,"key":"Eternal Feather"},{"floor":23.0,"key":"Singing Bowl"},{"floor":25,"key":"Centennial Puzzle"},{"floor":25,"key":"GoldenEye"},{"floor":26,"key":"Pen Nib"},{"floor":37,"key":"Shovel"},{"floor":40,"key":"Shuriken"},{"floor":40,"key":"Bottled Flame"}],"event_choices":[{"damage_healed":0.0,"max_hp_gain":0.0,"max_hp_loss":0.0,"gold_gain":0.0,"event_name":"Lab","player_choice":"Got Potions","floor":4.0,"gold_loss":0.0,"damage_taken":0.0},{"cards_removed":["Defend_P"],"damage_healed":0.0,"max_hp_gain":0.0,"max_hp_loss":0.0,"gold_gain":0.0,"event_name":"Golden Wing","player_choice":"Card Removal","floor":10.0,"gold_loss":0.0,"damage_taken":7.0},{"damage_healed":0.0,"max_hp_gain":0.0,"max_hp_loss":0.0,"gold_gain":0.0,"event_name":"Match and Keep!","player_choice":"1 cards matched","floor":12.0,"gold_loss":0.0,"damage_taken":0.0,"cards_obtained":["BattleHymn"]},{"damage_healed":0.0,"max_hp_gain":0.0,"max_hp_loss":0.0,"gold_gain":0.0,"cards_transformed":["Defend_P","Strike_P"],"event_name":"Drug Dealer","player_choice":"Became Test Subject","floor":19.0,"gold_loss":0.0,"damage_taken":0.0,"cards_obtained":["WheelKick","SpiritShield"]},{"damage_healed":0.0,"max_hp_gain":0.0,"max_hp_loss":0.0,"gold_gain":0.0,"event_name":"Nest","player_choice":"Joined the Cult","floor":22.0,"gold_loss":0.0,"damage_taken":6.0,"cards_obtained":["RitualDagger"]},{"damage_healed":0,"gold_gain":0,"player_choice":"Ignored","damage_taken":0,"max_hp_gain":0,"max_hp_loss":0,"event_name":"Cursed Tome","floor":27,"gold_loss":0},{"damage_healed":0,"gold_gain":0,"player_choice":"Rummage","damage_taken":0,"relics_obtained":["WarpedTongs"],"max_hp_gain":0,"max_hp_loss":0,"event_name":"Accursed Blacksmith","floor":29,"gold_loss":0,"cards_obtained":["Pain"]},{"damage_healed":0,"gold_gain":0,"player_choice":"Fight","damage_taken":0,"max_hp_gain":0,"max_hp_loss":0,"event_name":"Mysterious Sphere","floor":37,"gold_loss":0},{"damage_healed":72,"gold_gain":0,"player_choice":"Heal","damage_taken":0,"max_hp_gain":0,"max_hp_loss":10,"event_name":"The Moai Head","floor":38,"gold_loss":0},{"damage_healed":0,"gold_gain":0,"player_choice":"Ignored","damage_taken":0,"max_hp_gain":0,"max_hp_loss":0,"event_name":"Tomb of Lord Red Mask","floor":39,"gold_loss":0}],"is_beta":false,"boss_relics":[{"not_picked":["Empty Cage","Coffee Dripper"],"picked":"Black Star"},{"not_picked":["Runic Dome","Philosopher\u0027s Stone"],"picked":"Sozu"}],"items_purged_floors":[3,30],"is_endless":false,"potions_floor_spawned":[2,5,8,13,14,20,23,25,33,35],"killed_by":"Writhing Mass","ascension_level":4}}