{"host":"6xsbn6ynqlzwllfm","time":1609162443,"event":{"mods":["2.2 Compatiblity","BaseMod","Bestiary","Colored Map","Colored Powertips","Curses Come First","Highlight Path","Keyboard Shortcuts","Minty Spire (QoL Compilation)","Quick Restart","Relic Stats","Slay the Relics Exporter","StSLib","SuperFastMode"],"gold_per_floor":[113,113,38,113,263,297,297,322,322,349,364,383,398,398,398,472,472,486,108,128,178,193,222,222,222,277,277,309,325,338,353,353,353,353],"floor_reached":33,"playtime":1190,"items_purged":["Strike_R","Doubt"],"score":860,"play_id":"033185d5-66b0-45e8-9825-9d930d95ad4b","local_time":"20201228083403","is_ascension_mode":true,"campfire_choices":[{"data":"Bash","floor":7,"key":"SMITH"},{"data":"True Grit","floor":15,"key":"SMITH"},{"data":"Offering","floor":24,"key":"SMITH"},{"data":"Burning Pact","floor":27,"key":"SMITH"},{"data":"Spot Weakness","floor":32,"key":"SMITH"}],"circlet_count":0,"master_deck":["AscendersBane","Strike_R+1","Strike_R","Defend_R","Defend_R","Defend_R","Defend_R","Bash+1","Cleave","Ghostly Armor","Clothesline","Battle Trance","Whirlwind+1","Uppercut","Spot Weakness+1","True Grit+1","Offering+1","Iron Wave+1","Flash of Steel","Heavy Blade+1","Burning Pact+1","Feel No Pain"],"relics":["Burning Blood","NeowsBlessing","Strawberry","White Beast Statue","Dream Catcher","Pen Nib","Busted Crown","Potion Belt","Bag of Marbles","Tiny Chest","Bottled Lightning"],"acts_visited":["Exordium","TheCity"],"potions_floor_usage":[10,16,16,22,23,23,28,29,30,33],"damage_taken":[{"damage":0,"enemies":"2 Louse","floor":1,"turns":1},{"damage":0,"enemies":"Lagavulin","floor":6,"turns":1},{"damage":0,"enemies":"3 Sentries","floor":8,"turns":1},{"damage":57,"enemies":"Gremlin Nob","floor":10,"turns":6},{"damage":2,"enemies":"Cultist","floor":11,"turns":5},{"damage":7,"enemies":"Jaw Worm","floor":12,"turns":3},{"damage":0,"enemies":"2 Fungi Beasts","floor":13,"turns":3},{"damage":0,"enemies":"Slime Boss","floor":16,"turns":5},{"damage":3,"enemies":"3 Byrds","floor":18,"turns":3},{"damage":6,"enemies":"2 Thieves","floor":20,"turns":3},{"damage":12,"enemies":"Snake Plant","floor":22,"turns":3},{"damage":6,"enemies":"Gremlin Leader","floor":23,"turns":8},{"damage":19,"enemies":"Book of Stabbing","floor":28,"turns":5},{"damage":6,"enemies":"Shelled Parasite and Fungi","floor":29,"turns":2},{"damage":6,"enemies":"Snecko","floor":30,"turns":3},{"damage":6,"enemies":"Centurion and Healer","floor":31,"turns":3},{"damage":95,"enemies":"Champ","floor":33,"turns":17}],"seed_played":"-568403704181556177","potions_obtained":[{"floor":6,"key":"Energy Potion"},{"floor":10,"key":"Explosive Potion"},{"floor":11,"key":"Fire Potion"},{"floor":12,"key":"Strength Potion"},{"floor":13,"key":"Fire Potion"},{"floor":16,"key":"DuplicationPotion"},{"floor":18,"key":"SpeedPotion"},{"floor":20,"key":"Weak Potion"},{"floor":22,"key":"PowerPotion"},{"floor":23,"key":"Explosive Potion"},{"floor":28,"key":"FairyPotion"},{"floor":29,"key":"Swift Potion"},{"floor":30,"key":"BloodPotion"},{"floor":31,"key":"AttackPotion"}],"is_trial":false,"path_per_floor":["M","?","$","?","?","E","R","E","T","E","M","M","M","?","R","B",null,"M","$","M","?","M","E","R","?","T","R","E","M","M","M","R","B"],"character_chosen":"IRONCLAD","items_purchased":["Potion Belt","Flash of Steel"],"campfire_rested":0,"item_purchase_floors":[19,19],"current_hp_per_floor":[74,74,74,63,63,76,76,82,82,31,35,34,40,15,15,21,67,70,70,70,62,56,56,56,56,56,56,43,43,43,43,43,0,0],"gold":353,"neow_bonus":"THREE_ENEMY_KILL","is_daily":false,"chose_seed":false,"campfire_upgraded":5,"win_rate":0.0,"timestamp":1609162443,"path_taken":["M","?","?","?","?","E","R","E","T","E","M","M","M","?","R","BOSS","M","$","M","?","?","E","R","?","T","R","E","M","M","?","R","BOSS"],"items_purchased_type":["Relic","Card"],"build_version":"2020-12-22","purchased_purges":2,"victory":false,"max_hp_per_floor":[75,75,75,75,75,82,82,82,82,82,82,82,82,82,82,82,82,82,82,82,82,82,82,82,82,82,82,82,82,82,82,82,82,82],"relic_stats":{"Dream Catcher":0,"Busted Crown":16,"counters":[17,72],"Tiny Chest":0,"Pen Nib":[11],"obtain_stats":[{"Potion Belt":19,"Dream Catcher":9,"Busted Crown":17,"NeowsBlessing":0,"Strawberry":6,"Tiny Chest":26,"Pen Nib":10,"Bag of Marbles":23,"Bottled Lightning":28,"Burning Blood":0,"White Beast Statue":8},{"Potion Belt":9,"Dream Catcher":3,"Busted Crown":8,"NeowsBlessing":0,"Strawberry":2,"Tiny Chest":12,"Pen Nib":4,"Bag of Marbles":12,"Bottled Lightning":13,"Burning Blood":0,"White Beast Statue":3},{"Potion Belt":28,"Dream Catcher":3,"Busted Crown":25,"NeowsBlessing":0,"Strawberry":2,"Tiny Chest":42,"Pen Nib":9,"Bag of Marbles":42,"Bottled Lightning":47,"Burning Blood":0,"White Beast Statue":3}],"Burning Blood":96},"card_choices":[{"not_picked":["Ghostly Armor","Iron Wave"],"picked":"Cleave","floor":1},{"not_picked":["Dual Wield","Armaments"],"picked":"Clothesline","floor":6},{"not_picked":["Sword Boomerang","Pommel Strike"],"picked":"Battle Trance","floor":8},{"not_picked":["Warcry","Power Through"],"picked":"Whirlwind","floor":10},{"not_picked":["Armaments","Headbutt"],"picked":"Uppercut","floor":11},{"not_picked":["Immolate","Headbutt"],"picked":"Spot Weakness","floor":12},{"not_picked":["Pummel","Hemokinesis"],"picked":"True Grit","floor":13},{"not_picked":["Limit Break","Corruption"],"picked":"Offering","floor":16},{"not_picked":[],"picked":"Iron Wave+1","floor":18},{"not_picked":[],"picked":"Heavy Blade+1","floor":22},{"not_picked":[],"picked":"Burning Pact","floor":23},{"not_picked":["Heavy Blade"],"picked":"SKIP","floor":28},{"not_picked":[],"picked":"Feel No Pain","floor":30}],"player_experience":1060580,"relics_obtained":[{"floor":6,"key":"Strawberry"},{"floor":8,"key":"White Beast Statue"},{"floor":9,"key":"Dream Catcher"},{"floor":10,"key":"Pen Nib"},{"floor":23,"key":"Bag of Marbles"},{"floor":26,"key":"Tiny Chest"},{"floor":28,"key":"Bottled Lightning"}],"event_choices":[{"damage_healed":0,"gold_gain":0,"cards_transformed":["Strike_R"],"player_choice":"Transformed","damage_taken":0,"max_hp_gain":0,"max_hp_loss":0,"event_name":"Transmorgrifier","floor":2,"gold_loss":0,"cards_obtained":["Ghostly Armor"]},{"damage_healed":0,"gold_gain":75,"player_choice":"Gather Gold","damage_taken":11,"max_hp_gain":0,"max_hp_loss":0,"event_name":"World of Goop","floor":4,"gold_loss":0},{"damage_healed":0,"gold_gain":150,"player_choice":"AGREE","damage_taken":0,"max_hp_gain":0,"max_hp_loss":0,"event_name":"Liars Game","floor":5,"gold_loss":0,"cards_obtained":["Doubt"]},{"damage_healed":0,"gold_gain":0,"player_choice":"Entered Light","damage_taken":25,"max_hp_gain":0,"max_hp_loss":0,"event_name":"Shining Light","floor":14,"gold_loss":0,"cards_upgraded":["Strike_R","Whirlwind"]},{"damage_healed":0,"gold_gain":50,"player_choice":"Touch","damage_taken":8,"max_hp_gain":0,"max_hp_loss":0,"event_name":"FaceTrader","floor":21,"gold_loss":0},{"cards_removed":["Strike_R"],"damage_healed":0,"gold_gain":0,"player_choice":"Offered Basic","damage_taken":0,"max_hp_gain":0,"max_hp_loss":0,"event_name":"Bonfire Elementals","floor":25,"gold_loss":0}],"is_beta":false,"boss_relics":[{"not_picked":["Pandora\u0027s Box","Snecko Eye"],"picked":"Busted Crown"}],"items_purged_floors":[3,19],"is_endless":false,"potions_floor_spawned":[6,10,11,12,13,16,18,20,22,23,28,29,30,31],"killed_by":"Champ","ascension_level":20}}