{"host":"ris23a35wgbcqmkd","time":1609176560,"event":{"mods":["AchievementEnabler","BaseMod","BetterRewards","Card Forge","Colored Map","Colored Powertips","Downfall","Hermit","Minty Spire (QoL Compilation)","Rare Cards Sparkle","Shop Mod","StSLib","The Cursed","The Necromancer","The Runesmith","The Wild Card"],"gold_per_floor":[117,117,190,190,149,177,177,196,196,209,209,242,242,242,242,242,242],"floor_reached":16,"playtime":387,"items_purged":[],"score":131,"play_id":"3d981255-8942-4284-8d2e-1b7dbb68604d","local_time":"20201228172920","is_ascension_mode":false,"campfire_choices":[{"data":"hermit:EternalForm","floor":7,"key":"SMITH"},{"data":"hermit:Snipe","floor":11,"key":"SMITH"},{"data":"hermit:Magnum","floor":13,"key":"SMITH"},{"data":"hermit:Showdown","floor":15,"key":"SMITH"}],"circlet_count":0,"master_deck":["hermit:Strike_Hermit","hermit:Strike_Hermit","hermit:Strike_Hermit","hermit:Strike_Hermit","hermit:Defend_Hermit","hermit:Defend_Hermit","hermit:Defend_Hermit","hermit:Defend_Hermit","hermit:Snapshot","hermit:Covet","hermit:Snipe+1","hermit:Showdown+1","hermit:EternalForm+1","hermit:Ricochet","hermit:Grudge","hermit:Magnum+1","Injury"],"relics":["hermit:Momento","Hammer of Thor","Seething Fire","Anvil of the Gods","NeowsBlessing","PreservedInsect","Question Card","Matryoshka","Mummified Hand","Golden Idol"],"acts_visited":["Exordium"],"potions_floor_usage":[16],"damage_taken":[{"damage":0,"enemies":"Small Slimes","floor":1,"turns":1},{"damage":0,"enemies":"Lagavulin","floor":6,"turns":1},{"damage":0,"enemies":"Jaw Worm","floor":8,"turns":1},{"damage":1,"enemies":"2 Louse","floor":10,"turns":2},{"damage":18,"enemies":"3 Sentries","floor":12,"turns":3},{"damage":54,"enemies":"The Guardian","floor":16,"turns":7}],"seed_played":"3632034962926606106","potions_obtained":[{"floor":6,"key":"hermit:BlackBile"},{"floor":12,"key":"FearPotion"}],"is_trial":false,"path_per_floor":["M","?","?","?","$","E","R","M","T","M","R","E","R","?","R","B"],"character_chosen":"HERMIT","items_purchased":["hermit:Showdown"],"campfire_rested":0,"item_purchase_floors":[5],"current_hp_per_floor":[75,72,72,72,72,72,72,72,72,71,71,53,53,53,53,0,0],"gold":242,"neow_bonus":"THREE_ENEMY_KILL","is_daily":false,"chose_seed":false,"campfire_upgraded":4,"win_rate":0.0,"timestamp":1609176560,"path_taken":["M","?","?","?","?","E","R","M","T","M","R","E","R","?","R","BOSS"],"items_purchased_type":["Card"],"build_version":"2020-12-22","purchased_purges":0,"victory":false,"max_hp_per_floor":[75,75,75,75,75,75,75,75,75,75,75,75,75,75,75,75,75],"card_choices":[{"not_picked":["hermit:Coalescence","hermit:Glare"],"picked":"hermit:Snipe","floor":1},{"not_picked":["hermit:SprayPray","hermit:ItchyTrigger"],"picked":"hermit:EternalForm","floor":6},{"not_picked":["hermit:ItchyTrigger","hermit:Cheat","hermit:GoldenBullet"],"picked":"hermit:Ricochet","floor":8},{"not_picked":["hermit:Desperado","hermit:Cheat","hermit:CalledShot"],"picked":"hermit:Grudge","floor":10},{"not_picked":["hermit:Grudge","hermit:GoldenBullet","hermit:BigShot"],"picked":"hermit:Magnum","floor":12}],"player_experience":253141,"relics_obtained":[{"floor":6,"key":"Question Card"},{"floor":9,"key":"Matryoshka"},{"floor":12,"key":"Mummified Hand"}],"event_choices":[{"damage_healed":0,"gold_gain":0,"player_choice":"Success","damage_taken":3,"relics_obtained":["PreservedInsect"],"max_hp_gain":0,"max_hp_loss":0,"event_name":"Scrap Ooze","floor":2,"gold_loss":0},{"damage_healed":0,"gold_gain":73,"player_choice":"Gained Gold","damage_taken":0,"max_hp_gain":0,"max_hp_loss":0,"event_name":"Golden Wing","floor":3,"gold_loss":0},{"damage_healed":0,"gold_gain":0,"player_choice":"Take Wound","damage_taken":0,"relics_obtained":["Golden Idol"],"max_hp_gain":0,"max_hp_loss":0,"event_name":"Golden Idol","floor":14,"gold_loss":0,"cards_obtained":["Injury"]}],"is_beta":false,"boss_relics":[],"items_purged_floors":[],"is_endless":false,"potions_floor_spawned":[6,12],"killed_by":"The Guardian","ascension_level":0}}