{"host":"nmyw38vkdf8owddb","time":1609180982,"event":{"mods":["BaseMod","Colored Map","Colored Powertips","DeckTracker","JesterMod","Minty Spire (QoL Compilation)","Spikes Relics","StSLib","The Alterego","The Animator","The Caster","The Disciple","The Hierophant","The Mystic","The Showman","TheHero","Waifu the Spire"],"gold_per_floor":[115,115,141,141,161,236,411,411,437,451,451,469,469,481,481,594,594,610,431,456,456,482,482,534,534,534,449,499,178,199,48,48,166,166,187,187,187,204,204,204,227,227,252,267,19,73,95,114,114,118,118,118,21,58,58,58],"floor_reached":55,"playtime":6103,"items_purged":["Doubt","animator:Strike+1","animator:Strike+1"],"score":722,"play_id":"f886428b-30b1-43f1-9a9a-f758887fe7f7","local_time":"20201229034302","is_ascension_mode":false,"campfire_choices":[{"data":"animator:Millim","floor":8,"key":"SMITH"},{"data":"animator:Benimaru","floor":11,"key":"SMITH"},{"data":"animator:Kazuma","floor":13,"key":"SMITH"},{"data":"animator:Millim+1","floor":15,"key":"SMITH"},{"data":"animator:Millim+2","floor":23,"key":"SMITH"},{"floor":25,"key":"REST"},{"data":"animator:Kaijin","floor":32,"key":"SMITH"},{"floor":40,"key":"RECALL"},{"floor":42,"key":"REST"},{"floor":49,"key":"REST"},{"floor":52,"key":"REST"}],"circlet_count":0,"master_deck":["animator:Strike_Konosuba+1","animator:Defend_Konosuba+1","animator:Strike+1","animator:Defend+1","animator:Defend+1","animator:Defend+1","animator:Kazuma+1","animator:Aqua","animator:Millim+3","animator:Darkness+1","animator:Benimaru+1","animator:Megumin+18","animator:HighElfArcher","animator:TukaLunaMarceau","animator:Wiz","animator:MumenRider+1","animator:GuildGirl","animator:Vanir","animator:Tyuule","animator:HiiragiShinya","animator:YaoHaDucy","animator:Kaijin+1","animator:HigakiRinne","animator:Kazuma+1","animator:Bozes+1","animator:QuestionMark","animator:Kazuma+1","animator:Souei+1","animator:Kazuma+1"],"relics":["animator:LivingPicture","animator:TheMissingPiece","animator:PurgingStone","NeowsBlessing","MiniBlackHole","Velvet Choker","Blood Vial","HornCleat","animator:WornHelmet","Pear","ClockworkSouvenir","PreservedInsect","Fusion Hammer","animator:CerealBox","Unceasing Top","Bottled Lightning"],"acts_visited":["Exordium","TheCity","TheBeyond","TheEnding"],"potions_floor_usage":[16,24,28,44,46,50,50,55],"damage_taken":[{"damage":0,"enemies":"2 Louse","floor":1,"turns":1},{"damage":0,"enemies":"Cultist","floor":3,"turns":1},{"damage":0,"enemies":"Small Slimes","floor":5,"turns":1},{"damage":8,"enemies":"3 Louse","floor":10,"turns":4},{"damage":1,"enemies":"2 Fungi Beasts","floor":12,"turns":4},{"damage":0,"enemies":"Exordium Wildlife","floor":14,"turns":6},{"damage":27,"enemies":"Hexaghost","floor":16,"turns":9},{"damage":4,"enemies":"Spheric Guardian","floor":18,"turns":4},{"damage":31,"enemies":"2 Thieves","floor":20,"turns":4},{"damage":0,"enemies":"Cultist and Chosen","floor":22,"turns":6},{"damage":17,"enemies":"animator:HornedBat","floor":24,"turns":5},{"damage":0,"enemies":"Gremlin Leader","floor":28,"turns":6},{"damage":2,"enemies":"Snecko","floor":30,"turns":4},{"damage":46,"enemies":"Champ","floor":33,"turns":11},{"damage":0,"enemies":"Orb Walker","floor":35,"turns":3},{"damage":0,"enemies":"3 Shapes","floor":38,"turns":6},{"damage":13,"enemies":"Maw","floor":41,"turns":6},{"damage":21,"enemies":"Jaw Worm Horde","floor":44,"turns":3},{"damage":0,"enemies":"Mind Bloom Boss Battle","floor":46,"turns":5},{"damage":0,"enemies":"Spire Growth","floor":47,"turns":4},{"damage":0,"enemies":"Maw","floor":48,"turns":6},{"damage":75,"enemies":"Awakened One","floor":50,"turns":12},{"damage":41,"enemies":"Shield and Spear","floor":54,"turns":5},{"damage":79,"enemies":"The Heart","floor":55,"turns":8}],"seed_played":"1318222440530233192","potions_obtained":[{"floor":5,"key":"Fire Potion"},{"floor":10,"key":"SteroidPotion"},{"floor":14,"key":"LiquidBronze"},{"floor":20,"key":"GamblersBrew"},{"floor":22,"key":"Block Potion"},{"floor":30,"key":"animator:FalseLifePotion"},{"floor":47,"key":"DuplicationPotion"},{"floor":48,"key":"SteroidPotion"}],"is_trial":false,"path_per_floor":["M","?","M","?","M","?","?","R","T","M","R","M","R","M","R","B",null,"M","$","M","?","M","R","E","R","T","?","E","$","M","$","R","B",null,"M","?","?","M","?","R","M","R","T","M","$","?","M","M","R","B",null,"R","$","E","B"],"character_chosen":"THE_ANIMATOR","items_purchased":["animator:GuildGirl","animator:Vanir","animator:YaoHaDucy","ClockworkSouvenir","Swift Potion","PreservedInsect","animator:CerealBox","PowerPotion","Energy Potion"],"campfire_rested":4,"item_purchase_floors":[19,19,29,29,29,31,45,53,53],"current_hp_per_floor":[66,60,62,62,62,51,51,51,51,46,46,47,47,49,49,24,67,63,63,34,34,36,36,21,41,41,41,55,55,57,57,57,15,77,77,77,77,77,77,77,66,77,77,56,56,60,64,68,77,4,77,77,77,36,0,0],"gold":58,"neow_bonus":"THREE_ENEMY_KILL","is_daily":false,"chose_seed":false,"campfire_upgraded":6,"win_rate":0.0,"timestamp":1609180982,"path_taken":["M","?","?","?","?","?","?","R","T","M","R","M","R","M","R","BOSS","M","$","M","?","M","R","E","R","T","?","E","$","M","?","R","BOSS","M","?","?","M","?","R","M","R","T","M","$","?","M","M","R","BOSS","R","$","E","BOSS"],"items_purchased_type":["Card","Card","Card","Relic","Potion","Relic","Relic","Potion","Potion"],"build_version":"2020-12-22","purchased_purges":3,"victory":false,"max_hp_per_floor":[66,66,66,66,66,66,66,66,66,67,67,67,67,67,67,67,67,67,67,67,67,67,67,67,67,67,67,77,77,77,77,77,77,77,77,77,77,77,77,77,77,77,77,77,77,77,77,77,77,77,77,77,77,77,77,77],"card_choices":[{"not_picked":["animator:Yoichi","animator:AcuraAkari"],"picked":"animator:Millim","floor":1},{"not_picked":["animator:Kazuma","animator:HiiragiShinya"],"picked":"animator:Darkness","floor":3},{"not_picked":["animator:Berserker","animator:Gillette"],"picked":"animator:Benimaru","floor":5},{"not_picked":["animator:Aqua","animator:Wiz"],"picked":"animator:Megumin","floor":10},{"not_picked":["animator:Verdia","animator:Eris"],"picked":"animator:HighElfArcher","floor":12},{"not_picked":["animator:Berserker","animator:Alexander"],"picked":"animator:TukaLunaMarceau","floor":14},{"not_picked":["animator:GoblinSlayer","animator:Eris"],"picked":"animator:Wiz","floor":16},{"not_picked":["animator:Shigure","animator:YaoHaDucy"],"picked":"animator:MumenRider+1","floor":18},{"not_picked":["animator:Wiz","animator:Chris"],"picked":"animator:Megumin","floor":20},{"not_picked":["animator:TukaLunaMarceau","animator:Kazuma","animator:Hitei"],"picked":"SKIP","floor":22},{"not_picked":["animator:Kuribayashi","animator:RoryMercury"],"picked":"animator:Tyuule","floor":24},{"not_picked":["animator:DwarfShaman","animator:Lancer"],"picked":"animator:HiiragiShinya","floor":28},{"not_picked":["animator:Hakurou","animator:Shuna"],"picked":"animator:Kaijin","floor":30},{"not_picked":["animator:Gilgamesh","animator:AcuraShin"],"picked":"animator:HigakiRinne","floor":33},{"not_picked":["animator:Darkness","animator:Genos"],"picked":"animator:Kazuma+1","floor":35},{"not_picked":["animator:Yoichi+1","animator:Shigure"],"picked":"animator:Bozes+1","floor":38},{"not_picked":["animator:Magilou","animator:TakanashiRikka"],"picked":"animator:QuestionMark","floor":39},{"not_picked":["animator:Illya","animator:YunYun"],"picked":"animator:Kazuma+1","floor":41},{"not_picked":["animator:Bozes+1","animator:Benimaru","animator:Sonic+1"],"picked":"SKIP","floor":47},{"not_picked":["animator:Shuna","animator:Shigure"],"picked":"animator:Souei+1","floor":48},{"not_picked":["animator:Verdia","animator:YaoHaDucy+1"],"picked":"animator:Kazuma+1","floor":54}],"player_experience":337219,"relics_obtained":[{"floor":9,"key":"MiniBlackHole"},{"floor":24,"key":"Blood Vial"},{"floor":26,"key":"HornCleat"},{"floor":28,"key":"Pear"},{"floor":46,"key":"Unceasing Top"},{"floor":54,"key":"Bottled Lightning"}],"event_choices":[{"damage_healed":0,"gold_gain":0,"player_choice":"Damaged","damage_taken":6,"max_hp_gain":0,"max_hp_loss":0,"event_name":"Wheel of Change","floor":2,"gold_loss":0},{"damage_healed":0,"gold_gain":0,"player_choice":"Upgraded","damage_taken":0,"max_hp_gain":0,"max_hp_loss":0,"event_name":"Upgrade Shrine","floor":4,"gold_loss":0,"cards_upgraded":["animator:Darkness"]},{"damage_healed":0,"gold_gain":75,"player_choice":"Gather Gold","damage_taken":11,"max_hp_gain":0,"max_hp_loss":0,"event_name":"World of Goop","floor":6,"gold_loss":0},{"damage_healed":0,"gold_gain":175,"player_choice":"AGREE","damage_taken":0,"max_hp_gain":0,"max_hp_loss":0,"event_name":"Liars Game","floor":7,"gold_loss":0,"cards_obtained":["Doubt"]},{"damage_healed":0,"gold_gain":0,"player_choice":"Simplicity","damage_taken":0,"max_hp_gain":0,"max_hp_loss":0,"event_name":"Back to Basics","floor":21,"gold_loss":0,"cards_upgraded":["animator:Strike_Konosuba","animator:Defend_Konosuba","animator:Strike","animator:Strike","animator:Strike","animator:Defend","animator:Defend","animator:Defend"]},{"damage_healed":0,"gold_gain":0,"player_choice":"Obtained Relic","damage_taken":0,"relics_obtained":["animator:WornHelmet"],"max_hp_gain":0,"max_hp_loss":0,"event_name":"Addict","floor":27,"gold_loss":85},{"damage_healed":0,"gold_gain":0,"player_choice":"Ignored","damage_taken":0,"max_hp_gain":0,"max_hp_loss":0,"event_name":"Mysterious Sphere","floor":36,"gold_loss":0},{"damage_healed":0,"gold_gain":0,"player_choice":"Ignored","damage_taken":0,"max_hp_gain":0,"max_hp_loss":0,"event_name":"Tomb of Lord Red Mask","floor":37,"gold_loss":0},{"damage_healed":0,"gold_gain":0,"player_choice":"Memory 1","damage_taken":0,"max_hp_gain":0,"max_hp_loss":0,"event_name":"SensoryStone","floor":39,"gold_loss":0},{"damage_healed":0,"gold_gain":0,"player_choice":"Fight","damage_taken":0,"max_hp_gain":0,"max_hp_loss":0,"event_name":"MindBloom","floor":46,"gold_loss":0}],"is_beta":false,"boss_relics":[{"not_picked":["Empty Cage","Calling Bell"],"picked":"Velvet Choker"},{"not_picked":["animator:CursedBlade","Sozu"],"picked":"Fusion Hammer"}],"items_purged_floors":[19,29,45],"is_endless":false,"potions_floor_spawned":[5,10,14,20,22,30,35,47,48],"killed_by":"The Heart","ascension_level":0}}