{"host":"7nu0fnckee4tlfez","time":1609193309,"event":{"mods":["2.2 Compatiblity","AchievementEnabler","Astrologer","BaseMod","CapriCore","Colored Map","Downfall","Hermit","Lobotomy","Marisa£¨Ùöéë¡¡Øª×âÞÞ£©","Minty Spire (QoL Compilation)","Quick Restart","StSLib","SuperFastMode","The Cursed","The Hierophant","The Immortal"],"gold_per_floor":[99,99,127,127,127,142,194,144,173,123,141,154,164,179,197,296,296,246,246,246,196,214,214,238,269,295,95,95,108,183,201,220,318,318,193,248,297,247,247,267,267,286,286,236,46,46,56,67,78,78,78],"floor_reached":52,"playtime":1707,"items_purged":["Slimebound:Defend_Slimebound"],"score":730,"play_id":"51368e79-4e1e-499a-96c8-50a6bbc2501d","local_time":"20201229070829","is_ascension_mode":false,"campfire_choices":[{"data":"Slimebound:Split","floor":1.0,"key":"SMITH"},{"data":"Slimebound:Nibble","floor":8.0,"key":"SMITH"},{"data":"Slimebound:CorrosiveSpit","floor":10.0,"key":"SMITH"},{"data":"Slimebound:DuplicatedForm","floor":18.0,"key":"SMITH"},{"data":"RitualDagger","floor":21.0,"key":"SMITH"},{"floor":27.0,"key":"RECALL"},{"data":"Slimebound:Replication","floor":35.0,"key":"SMITH"},{"data":"Slimebound:LevelUp","floor":38.0,"key":"SMITH"},{"data":"Slimebound:Darklings","floor":44.0,"key":"SMITH"}],"circlet_count":0,"master_deck":["Slimebound:Tackle+1","Slimebound:Defend_Slimebound","Slimebound:Defend_Slimebound","Slimebound:Defend_Slimebound","Slimebound:Split+1","Slimebound:CorrosiveSpit+1","Slimebound:GoopSpray","Slimebound:GoopSpray","Slimebound:Nibble+1","Slimebound:Prepare","Slimebound:Schlurp","Slimebound:FinishingTackle","Slimebound:LeechEnergy","Slimebound:Replication+1","Slimebound:SlimeSpikes","Slimebound:DuplicatedForm+1","RitualDagger+1","Slimebound:LeechingTouch+1","Slimebound:OozeBath","Slimebound:RejuvenatingLick","Slimebound:LevelUp+1","Slimebound:LevelUp+1","Slimebound:MegaLick","Slimebound:DivideAndConquer+1","Slimebound:OozeBath","Slimebound:SplitMire+1","Slimebound:Nibble","Slimebound:SpikyOuterGoop+1","Slimebound:AcidTongue","Slimebound:DivideAndConquer","Slimebound:Darklings+1","Slimebound:SlimeTap","Slimebound:HauntingLick","Slimebound:SlimeTap","Slimebound:Schlurp+1","Slimebound:Repurpose+1","Slimebound:LevelUp"],"relics":["Slimebound:AbsorbEndCombatUpgraded","downfall:HeartsMalice","Thread and Needle","Slimebound:GreedOozeRelic","Calipers","Sozu","Prayer Wheel","Toy Ornithopter","The Courier","Tiny Chest","downfall:HeartBlessingBlue","downfall:HeartBlessingGreen","HornCleat","downfall:HeartBlessingRed","CatCart","Whetstone","Meat on the Bone","Mercury Hourglass"],"acts_visited":["Exordium","TheCity","TheBeyond"],"potions_floor_usage":[],"damage_taken":[{"damage":0.0,"enemies":"3 Sentries","floor":3.0,"turns":1.0},{"damage":0.0,"enemies":"Small Slimes","floor":5.0,"turns":1.0},{"damage":8.0,"enemies":"2 Louse","floor":6.0,"turns":2.0},{"damage":36.0,"enemies":"Gremlin Nob","floor":9.0,"turns":4.0},{"damage":8.0,"enemies":"Jaw Worm","floor":11.0,"turns":2.0},{"damage":10.0,"enemies":"Large Slime","floor":12.0,"turns":4.0},{"damage":0.0,"enemies":"2 Fungi Beasts","floor":13.0,"turns":2.0},{"damage":3.0,"enemies":"3 Louse","floor":14.0,"turns":4.0},{"damage":11.0,"enemies":"Blue Slaver","floor":15.0,"turns":3.0},{"damage":16.0,"enemies":"downfall:CharBossWatcher","floor":16.0,"turns":6.0},{"damage":15.0,"enemies":"Shell Parasite","floor":22.0,"turns":3.0},{"damage":52.0,"enemies":"Book of Stabbing","floor":25.0,"turns":5.0},{"damage":15.0,"enemies":"Snecko","floor":29.0,"turns":4.0},{"damage":12.0,"enemies":"Centurion and Healer","floor":31.0,"turns":4.0},{"damage":11.0,"enemies":"Chosen and Byrds","floor":32.0,"turns":5.0},{"damage":50.0,"enemies":"downfall:CharBossIronclad","floor":33.0,"turns":7.0},{"damage":48.0,"enemies":"Orin","floor":36.0,"turns":7.0},{"damage":8.0,"enemies":"Orb Walker","floor":40.0,"turns":3.0},{"damage":29.0,"enemies":"3 Darklings","floor":42.0,"turns":3.0},{"damage":0.0,"enemies":"downfall:FleeingMerchant","floor":45.0,"turns":4.0},{"damage":18.0,"enemies":"Writhing Mass","floor":47.0,"turns":4.0},{"damage":47.0,"enemies":"Jaw Worm Horde","floor":48.0,"turns":3.0},{"damage":4.0,"enemies":"3 Darklings","floor":49.0,"turns":4.0},{"damage":77.0,"enemies":"downfall:CharBossSilent","floor":50.0,"turns":8.0}],"seed_played":"7340040955359995839","potions_obtained":[{"floor":9.0,"key":"Strength Potion"},{"floor":12.0,"key":"BlessingOfTheForge"},{"floor":13.0,"key":"Dexterity Potion"},{"floor":14.0,"key":"Fire Potion"}],"is_trial":false,"path_per_floor":["R","?","E","?","M","M","T","R","E","R","M","M","M","M","M","B",null,"R","?","?","R","M","?","T","E","T","R","?","M","T","M","M","B",null,"R","?","T","R","?","M","T","M","?","R","$","T","M","M","M","B",null,null],"character_chosen":"SLIMEBOUND","items_purchased":["Slimebound:SlimeTap","Slimebound:HauntingLick"],"campfire_rested":0,"item_purchase_floors":[45,45],"current_hp_per_floor":[60,60,60,60,60,60,60,60,38,38,42,48,58,55,52,56,60,60,54,54,54,60,60,60,35,35,45,45,51,51,56,55,49,70,70,52,52,52,52,62,62,70,70,70,70,70,69,70,70,45,45],"gold":78,"neow_bonus":"THREE_ENEMY_KILL","is_daily":false,"chose_seed":false,"campfire_upgraded":8,"win_rate":0.0,"timestamp":1609193309,"path_taken":["R","?","E","?","M","M","T","R","E","R","M","M","M","M","M","BOSS","R","?","?","R","M","?","T","E","?","R","?","M","?","M","M","BOSS","R","?","?","R","?","M","T","M","?","R","?","?","M","M","M","BOSS"],"items_purchased_type":["Card","Card"],"build_version":"2020-12-22","purchased_purges":1,"victory":true,"max_hp_per_floor":[60,60,60,60,60,60,60,60,60,60,60,60,60,60,60,60,60,60,60,60,60,60,60,60,60,60,70,70,70,70,70,70,70,70,70,70,70,70,70,70,70,70,70,70,70,70,70,70,70,70,70],"card_choices":[{"not_picked":["Slimebound:SplitBruiser","Slimebound:FormOfPuddle"],"picked":"Slimebound:GoopSpray","floor":3.0},{"not_picked":["Slimebound:ServeAndProtect","Slimebound:Grow"],"picked":"Slimebound:GoopSpray","floor":5.0},{"not_picked":["Slimebound:SplitBruiser","Slimebound:PressTheAttack"],"picked":"Slimebound:Nibble","floor":6.0},{"not_picked":["Slimebound:MassRepurpose","Slimebound:GoopSpray"],"picked":"Slimebound:Prepare","floor":9.0},{"not_picked":["Slimebound:SamplingLick","Slimebound:GoopSpray"],"picked":"Slimebound:Schlurp","floor":11.0},{"not_picked":["Slimebound:Schlurp","Slimebound:GoopSpray"],"picked":"Slimebound:FinishingTackle","floor":12.0},{"not_picked":["Slimebound:TongueLash","Slimebound:ItLooksTasty"],"picked":"Slimebound:LeechEnergy","floor":13.0},{"not_picked":["Slimebound:ViciousTackle","Slimebound:ForwardTackle"],"picked":"Slimebound:Replication","floor":14.0},{"not_picked":["Slimebound:SplitBruiser","Slimebound:SplitAcid"],"picked":"Slimebound:SlimeSpikes","floor":15.0},{"not_picked":["Slimebound:SelfFormingGoo","Slimebound:DouseInSlime"],"picked":"Slimebound:DuplicatedForm","floor":16.0},{"not_picked":["Slimebound:SplitLeeching+1","Slimebound:Grow"],"picked":"Slimebound:LeechingTouch","floor":22.0},{"not_picked":["Slimebound:MassFeed","Slimebound:LeadByExample"],"picked":"Slimebound:OozeBath","floor":25.0},{"not_picked":["Slimebound:FirmFortitude","Slimebound:PressTheAttack"],"picked":"Slimebound:RejuvenatingLick","floor":29.0},{"not_picked":["Slimebound:PressTheAttack+1","Slimebound:RollThrough"],"picked":"Slimebound:LevelUp","floor":29.0},{"not_picked":["Slimebound:LeechingTouch+1","Slimebound:ServeAndProtect"],"picked":"Slimebound:LevelUp+1","floor":31.0},{"not_picked":["Slimebound:HauntingLick","Slimebound:TongueLash","Slimebound:FlameTackle"],"picked":"SKIP","floor":31.0},{"not_picked":["Slimebound:ComboTackle+1","Slimebound:RollThrough"],"picked":"Slimebound:MegaLick","floor":32.0},{"not_picked":["Slimebound:GrowthPunch","Slimebound:LeechEnergy"],"picked":"Slimebound:DivideAndConquer+1","floor":32.0},{"not_picked":["Slimebound:MassFeed","Slimebound:OneTwoCombo"],"picked":"Slimebound:OozeBath","floor":33.0},{"not_picked":["Slimebound:GrowthPunch","Slimebound:ViciousTackle+1"],"picked":"Slimebound:SplitMire+1","floor":36.0},{"not_picked":["Slimebound:ForwardTackle","Slimebound:Schlurp"],"picked":"Slimebound:Nibble","floor":40.0},{"not_picked":["Slimebound:SplitMire","Slimebound:GoopTackle"],"picked":"Slimebound:SpikyOuterGoop+1","floor":40.0},{"not_picked":["Slimebound:PressTheAttack","Slimebound:ViciousTackle+1"],"picked":"Slimebound:AcidTongue","floor":42.0},{"not_picked":["Slimebound:RollThrough","Slimebound:Dissolve"],"picked":"Slimebound:DivideAndConquer","floor":42.0},{"not_picked":["Slimebound:SplitAcid","Slimebound:Replication"],"picked":"Slimebound:SlimeTap","floor":47.0},{"not_picked":["Slimebound:ViciousTackle","Slimebound:RollThrough"],"picked":"Slimebound:Schlurp+1","floor":47.0},{"not_picked":["Slimebound:FinishingTackle","Slimebound:ViciousTackle+1"],"picked":"Slimebound:Repurpose+1","floor":48.0},{"not_picked":["Slimebound:GrowthPunch+1","Slimebound:GoopSpray+1","Slimebound:Schlurp+1"],"picked":"SKIP","floor":48.0},{"not_picked":["Slimebound:FirmFortitude","Slimebound:SpikyOuterGoop+1"],"picked":"Slimebound:LevelUp","floor":49.0},{"not_picked":["Slimebound:LivingWall+1","Slimebound:LeadByExample+1","Slimebound:PressTheAttack"],"picked":"SKIP","floor":49.0}],"player_experience":92169,"relics_obtained":[{"floor":3.0,"key":"Thread and Needle"},{"floor":9.0,"key":"Calipers"},{"floor":24.0,"key":"Toy Ornithopter"},{"floor":25.0,"key":"The Courier"},{"floor":26.0,"key":"Tiny Chest"},{"floor":30.0,"key":"HornCleat"},{"floor":36.0,"key":"CatCart"},{"floor":37.0,"key":"Whetstone"},{"floor":41.0,"key":"Meat on the Bone"},{"floor":46.0,"key":"Mercury Hourglass"}],"event_choices":[{"cards_removed":["Slimebound:Strike_Slimebound"],"damage_healed":0.0,"max_hp_gain":0.0,"max_hp_loss":0.0,"gold_gain":0.0,"event_name":"Back to Basics","player_choice":"Elegance","floor":20.0,"gold_loss":0.0,"damage_taken":0.0},{"damage_healed":0.0,"max_hp_gain":0.0,"max_hp_loss":0.0,"gold_gain":0.0,"event_name":"OrinTheCat","player_choice":"Fight","floor":36.0,"gold_loss":0.0,"damage_taken":0.0}],"is_beta":false,"boss_relics":[{"not_picked":["Fusion Hammer","Cursed Key"],"picked":"Sozu"},{"not_picked":["Slimebound:TarBlob","Philosopher\u0027s Stone"],"picked":"Slimebound:AbsorbEndCombatUpgraded"}],"items_purged_floors":[45],"is_endless":false,"potions_floor_spawned":[9,12,13,14,22,25,33,36,49],"ascension_level":0}}