{"host":"5bdt6s51dmpd4l3v","time":1609145244,"event":{"mods":["AchievementEnabler","BaseMod","Colored Map","Colored Powertips","Highlight Path","Minty Spire (QoL Compilation)","Quick Restart","Rare Cards Sparkle"],"gold_per_floor":[114,114,114,129,129,129,145,145,445,445,456,456,105,120,120,120,120],"floor_reached":16,"playtime":352,"items_purged":[],"score":171,"play_id":"d4dbee89-250e-491b-8f82-3335c0df8290","local_time":"20201228164724","is_ascension_mode":true,"campfire_choices":[{"data":"Sword Boomerang","floor":6,"key":"SMITH"},{"data":"Armaments","floor":8,"key":"SMITH"},{"data":"Bash","floor":10,"key":"SMITH"},{"data":"Body Slam","floor":12,"key":"SMITH"},{"data":"Secret Weapon","floor":15,"key":"SMITH"}],"circlet_count":0,"master_deck":["AscendersBane","Strike_R","Strike_R","Strike_R","Strike_R+1","Strike_R","Defend_R","Defend_R","Defend_R","Defend_R","Bash+1","Flex+1","Sword Boomerang+1","Armaments+1","Body Slam+1","Secret Weapon+1","Inflame"],"relics":["Burning Blood","NeowsBlessing","Old Coin","Centennial Puzzle"],"acts_visited":["Exordium"],"potions_floor_usage":[11,11,11,14,16],"damage_taken":[{"damage":0.0,"enemies":"Small Slimes","floor":1.0,"turns":1.0},{"damage":0,"enemies":"Jaw Worm","floor":4,"turns":1},{"damage":0,"enemies":"Cultist","floor":7,"turns":1},{"damage":3,"enemies":"Large Slime","floor":11,"turns":6},{"damage":14,"enemies":"Exordium Wildlife","floor":14,"turns":3},{"damage":60,"enemies":"Slime Boss","floor":16,"turns":9}],"seed_played":"5723424200670286210","potions_obtained":[{"floor":4,"key":"EntropicBrew"},{"floor":7,"key":"EntropicBrew"},{"floor":14,"key":"SkillPotion"}],"is_trial":false,"path_per_floor":["M","?","?","M","?","R","M","R","T","R","M","R","$","M","R","B"],"character_chosen":"IRONCLAD","items_purchased":["Centennial Puzzle","Secret Weapon"],"campfire_rested":0,"item_purchase_floors":[13,13],"current_hp_per_floor":[74,51,51,57,53,53,59,59,59,59,62,62,62,54,54,0,0],"gold":120,"neow_bonus":"THREE_ENEMY_KILL","is_daily":false,"chose_seed":false,"campfire_upgraded":5,"win_rate":0.0,"timestamp":1609145244,"path_taken":["M","?","?","M","?","R","?","R","T","R","M","R","$","M","R","BOSS"],"items_purchased_type":["Relic","Card"],"build_version":"2020-12-22","purchased_purges":0,"victory":false,"max_hp_per_floor":[75,75,75,75,75,75,75,75,75,75,75,75,75,75,75,75,75],"card_choices":[{"not_picked":["Havoc","Headbutt"],"picked":"Flex","floor":1.0},{"not_picked":["Sever Soul","Intimidate"],"picked":"Sword Boomerang","floor":4},{"not_picked":["Disarm","Sword Boomerang"],"picked":"Armaments","floor":7},{"not_picked":["Flex","Rampage"],"picked":"Body Slam","floor":11},{"not_picked":["Armaments","Battle Trance"],"picked":"Inflame","floor":14}],"player_experience":271743,"relics_obtained":[{"floor":9,"key":"Old Coin"}],"event_choices":[{"damage_healed":0.0,"max_hp_gain":0.0,"max_hp_loss":0.0,"gold_gain":0.0,"event_name":"Shining Light","player_choice":"Entered Light","floor":2.0,"gold_loss":0.0,"damage_taken":23.0,"cards_upgraded":["Flex","Strike_R"]},{"damage_healed":0,"gold_gain":0,"player_choice":"Fled","damage_taken":0,"max_hp_gain":0,"max_hp_loss":0,"event_name":"Scrap Ooze","floor":3,"gold_loss":0},{"damage_healed":0,"gold_gain":0,"player_choice":"Bought 0 Potions","damage_taken":0,"max_hp_gain":0,"max_hp_loss":0,"event_name":"The Woman in Blue","floor":5,"gold_loss":0}],"is_beta":false,"boss_relics":[],"items_purged_floors":[],"is_endless":false,"potions_floor_spawned":[4,7,14],"killed_by":"Slime Boss","ascension_level":18}}