{"host":"5bdt6s51dmpd4l3v","time":1609127640,"event":{"mods":["AchievementEnabler","BaseMod","Colored Map","Colored Powertips","Highlight Path","Minty Spire (QoL Compilation)","Quick Restart","Rare Cards Sparkle","StSLib"],"gold_per_floor":[117,62,62,62,62,91,91,102,102,102,102],"floor_reached":10,"playtime":109,"items_purged":[],"score":169,"play_id":"e871c284-e83f-4618-81cb-51ae3e31752c","local_time":"20201228115400","is_ascension_mode":true,"campfire_choices":[{"data":"Flex","floor":7,"key":"SMITH"}],"circlet_count":0,"master_deck":["AscendersBane","Strike_R+1","Strike_R","Strike_R+1","Strike_R","Strike_R","Defend_R","Defend_R","Defend_R","Defend_R","Bash","Armaments","Flex+1","Shrug It Off","Hemokinesis"],"relics":["Burning Blood","NeowsBlessing","Orichalcum","Dream Catcher","Darkstone Periapt"],"acts_visited":["Exordium"],"potions_floor_usage":[],"damage_taken":[{"damage":0,"enemies":"2 Louse","floor":1,"turns":1},{"damage":0,"enemies":"Gremlin Nob","floor":6,"turns":1},{"damage":0,"enemies":"Cultist","floor":8,"turns":1},{"damage":0,"enemies":"3 Sentries","floor":10,"turns":1}],"seed_played":"-8304783570768091502","potions_obtained":[{"floor":5,"key":"Fire Potion"},{"floor":5,"key":"PowerPotion"},{"floor":8,"key":"Weak Potion"}],"is_trial":false,"path_per_floor":["M","$","?","?","?","E","R","M","T","E"],"character_chosen":"IRONCLAD","items_purchased":["Flex"],"campfire_rested":0,"item_purchase_floors":[2],"current_hp_per_floor":[74,74,63,40,40,46,46,52,52,52,52],"gold":102,"neow_bonus":"THREE_ENEMY_KILL","is_daily":false,"chose_seed":false,"campfire_upgraded":1,"win_rate":0.0,"timestamp":1609127640,"path_taken":["M","$","?","?","?","E","R","?","T","E"],"items_purchased_type":["Card"],"build_version":"2020-12-22","purchased_purges":0,"victory":false,"max_hp_per_floor":[75,75,75,75,75,75,75,75,75,75,75],"card_choices":[{"not_picked":["Dual Wield","Perfected Strike"],"picked":"Armaments","floor":1},{"not_picked":["Heavy Blade","Combust"],"picked":"Shrug It Off","floor":6},{"not_picked":["Anger","Heavy Blade"],"picked":"Hemokinesis","floor":8}],"player_experience":268497,"relics_obtained":[{"floor":6,"key":"Dream Catcher"},{"floor":9,"key":"Darkstone Periapt"}],"event_choices":[{"damage_healed":0,"gold_gain":0,"player_choice":"Success","damage_taken":11,"relics_obtained":["Orichalcum"],"max_hp_gain":0,"max_hp_loss":0,"event_name":"Scrap Ooze","floor":3,"gold_loss":0},{"damage_healed":0,"gold_gain":0,"player_choice":"Entered Light","damage_taken":23,"max_hp_gain":0,"max_hp_loss":0,"event_name":"Shining Light","floor":4,"gold_loss":0,"cards_upgraded":["Strike_R","Strike_R"]},{"damage_healed":0,"gold_gain":0,"player_choice":"Got Potions","damage_taken":0,"max_hp_gain":0,"max_hp_loss":0,"event_name":"Lab","floor":5,"gold_loss":0}],"is_beta":false,"boss_relics":[],"items_purged_floors":[],"is_endless":false,"potions_floor_spawned":[6,8],"killed_by":"3 Sentries","ascension_level":18}}