{"host":"69bxgjr0sv0a6xc4","time":1609156640,"event":{"mods":["Act Like it!","BaseMod","Better Altar","Better Match","Better Note","Better Sensory Stone","Better Skull","Better Third Choice","BetterRewards","DeckTracker","Downfall","Friendly Minions","Hermit","Hubris","Jorbs\u0027s Wanderer Trilogy","Minty Spire (QoL Compilation)","Relic Stats","Spicy Shops","StSLib","The Animator","The Bladedancer","Unceasing Turn Reminder","Waifu the Spire","Wandering Minibosses"],"gold_per_floor":[99,99,99,18,31,31,31,45,60,45,45,70,90,102,115,212,212,62,82,99,99,110,123,147,174,187,213,213,39,53,53,72,72,72,72],"floor_reached":33,"playtime":3498,"items_purged":["hexamod:Sear"],"score":291,"play_id":"3c2c5401-ead7-4241-9c1b-2121a2a0b2ff","local_time":"20201228125720","is_ascension_mode":false,"campfire_choices":[{"floor":1,"key":"RECALL"},{"data":"hexamod:GhostOfSpirePast","floor":6,"key":"SMITH"},{"data":"hexamod:GhostflameInferno","floor":11,"key":"SMITH"},{"data":"hexamod:Float","floor":18,"key":"SMITH"},{"data":"hexamod:Rewind","floor":28,"key":"SMITH"}],"circlet_count":0,"master_deck":["hexamod:Strike","hexamod:Strike","hexamod:Strike","hexamod:Strike","hexamod:Defend","hexamod:Defend","hexamod:Defend","hexamod:Defend","hexamod:Float+1","hexamod:RainOfEmbers","hexamod:Rewind+1","hexamod:NightmareStrike","hexamod:GhostOfSpirePast+1","hexamod:GhostflameInferno+1","hexamod:Haunt","hexamod:StepThrough","hexamod:TimeOfNeed","hexamod:FastForward+1","hexamod:SpectralAdrenaline+1","hexamod:EmpoweredFlame+1","hexamod:Hexaguard","hexamod:RainOfEmbers+1","hexamod:WildfireWeapon","Dramatic Entrance","hexamod:GhostOfSpirePast","hexamod:NecessarySacrifice"],"relics":["hexamod:SpiritBrand","downfall:HeartsMalice","Gremlin Horn","Torii","Sozu","downfall:HeartBlessingRed","downfall:HeartBlessingGreen","Oddly Smooth Stone","Strawberry","Anchor","The Courier"],"acts_visited":["Exordium","TheCity"],"potions_floor_usage":[12,16,16],"damage_taken":[{"damage":0,"enemies":"Cultist","floor":2,"turns":1},{"damage":0,"enemies":"Small Slimes","floor":3,"turns":1},{"damage":0,"enemies":"downfall:FleeingMerchant","floor":4,"turns":1},{"damage":0,"enemies":"Jaw Worm","floor":5,"turns":3},{"damage":12,"enemies":"Lots of Slimes","floor":8,"turns":3},{"damage":0,"enemies":"Gremlin Gang","floor":9,"turns":3},{"damage":0,"enemies":"downfall:FleeingMerchant","floor":10,"turns":4},{"damage":11,"enemies":"Gremlin Nob","floor":12,"turns":4},{"damage":12,"enemies":"Blue Slaver","floor":13,"turns":3},{"damage":0,"enemies":"3 Louse","floor":14,"turns":2},{"damage":0,"enemies":"Large Slime","floor":15,"turns":4},{"damage":9,"enemies":"downfall:Silent","floor":16,"turns":6},{"damage":0,"enemies":"Spheric Guardian","floor":19,"turns":3},{"damage":1,"enemies":"Chosen","floor":20,"turns":3},{"damage":8,"enemies":"Shelled Parasite and Fungi","floor":22,"turns":4},{"damage":2,"enemies":"Sentry and Sphere","floor":23,"turns":5},{"damage":22,"enemies":"Slavers","floor":25,"turns":4},{"damage":9,"enemies":"Snake Plant","floor":26,"turns":3},{"damage":15,"enemies":"Book of Stabbing","floor":27,"turns":4},{"damage":2,"enemies":"downfall:FleeingMerchant","floor":29,"turns":4},{"damage":0,"enemies":"Cultist and Chosen","floor":30,"turns":4},{"damage":0,"enemies":"Centurion and Healer","floor":32,"turns":3},{"damage":18,"enemies":"downfall:Watcher","floor":33,"turns":6}],"seed_played":"5734668080650650153","potions_obtained":[{"floor":8,"key":"SneckoOil"},{"floor":9,"key":"Ancient Potion"},{"floor":12,"key":"CultistPotion"},{"floor":13,"key":"EssenceOfSteel"},{"floor":14,"key":"Weak Potion"},{"floor":16,"key":"EssenceOfSteel"}],"is_trial":false,"path_per_floor":["R","M","M","$","M","R","T","M","M","$","R","E","M","M","M","B",null,"R","M","M","?","M","M","T","E","M","E","R","$","M","?","M","B"],"character_chosen":"THE_SPIRIT","items_purchased":["hexamod:GhostOfSpirePast","Dramatic Entrance"],"campfire_rested":0,"item_purchase_floors":[4,29],"current_hp_per_floor":[70,70,70,70,70,70,70,58,58,58,58,47,35,35,35,26,70,70,70,69,69,61,59,59,44,35,20,20,18,18,18,18,0,0,0],"gold":72,"neow_bonus":"THREE_ENEMY_KILL","is_daily":false,"chose_seed":false,"campfire_upgraded":4,"win_rate":0.0,"timestamp":1609156640,"path_taken":["R","M","M","$","M","R","T","M","M","$","R","E","?","M","M","BOSS","R","M","M","?","M","?","T","E","?","E","R","$","M","?","M","BOSS"],"items_purchased_type":["Card","Card"],"build_version":"2020-12-22","purchased_purges":1,"victory":false,"max_hp_per_floor":[70,70,70,70,70,70,70,70,70,70,70,70,70,70,70,70,70,70,70,70,70,70,70,70,77,77,77,77,77,77,77,77,77,77,77],"relic_stats":{"Sozu":3,"Gremlin Horn":[16,16],"Torii":32,"counters":[23,75],"obtain_stats":[{"Sozu":17,"Anchor":27,"Gremlin Horn":7,"Torii":12,"downfall:HeartBlessingRed":18,"Strawberry":25,"Oddly Smooth Stone":24,"downfall:HeartsMalice":0,"downfall:HeartBlessingGreen":18,"The Courier":31,"hexamod:SpiritBrand":0},{"Sozu":12,"Anchor":19,"Gremlin Horn":4,"Torii":8,"downfall:HeartBlessingRed":12,"Strawberry":17,"Oddly Smooth Stone":16,"downfall:HeartsMalice":0,"downfall:HeartBlessingGreen":12,"The Courier":21,"hexamod:SpiritBrand":0},{"Sozu":32,"Anchor":58,"Gremlin Horn":3,"Torii":17,"downfall:HeartBlessingRed":32,"Strawberry":51,"Oddly Smooth Stone":47,"downfall:HeartsMalice":0,"downfall:HeartBlessingGreen":32,"The Courier":66,"hexamod:SpiritBrand":0}]},"card_choices":[{"not_picked":["hexamod:GhostflameBarrier","hexamod:AdvancingGuard"],"picked":"hexamod:RainOfEmbers","floor":2},{"not_picked":["hexamod:AdvancingGuard","hexamod:ShieldOfDarkness"],"picked":"hexamod:Rewind","floor":3},{"not_picked":["hexamod:ThermalTransfer","hexamod:ShieldOfDarkness"],"picked":"hexamod:NightmareStrike","floor":4},{"not_picked":["hexamod:GhostLash","hexamod:Incineration","hexamod:RainOfEmbers"],"picked":"SKIP","floor":5},{"not_picked":["hexamod:BurningTouch","hexamod:ExtraCrispy"],"picked":"hexamod:GhostflameInferno","floor":8},{"not_picked":["hexamod:Firestarter","hexamod:AdvancingGuard"],"picked":"hexamod:Haunt","floor":9},{"not_picked":["hexamod:HeatCrush","hexamod:Rewind","hexamod:BacktrackSmack"],"picked":"SKIP","floor":10},{"not_picked":["hexamod:ChargedBarrage","hexamod:RainOfEmbers","hexamod:AdvancingGuard"],"picked":"SKIP","floor":12},{"not_picked":["hexamod:HauntingEcho","hexamod:InspiringFlames"],"picked":"hexamod:StepThrough","floor":13},{"not_picked":["hexamod:GhostLash","hexamod:PhantomCloak","hexamod:TurnItUp"],"picked":"SKIP","floor":14},{"not_picked":["hexamod:Again","hexamod:GhostLash","hexamod:FastForward"],"picked":"SKIP","floor":15},{"not_picked":["hexamod:CrushingStance","hexamod:GhostflameInferno"],"picked":"hexamod:TimeOfNeed","floor":16},{"not_picked":["hexamod:SwordOfDarkness","hexamod:NightmareStrike","hexamod:Firestarter"],"picked":"SKIP","floor":19},{"not_picked":["hexamod:RecurringNightmare","hexamod:ThermalTransfer+1"],"picked":"hexamod:FastForward+1","floor":20},{"not_picked":["hexamod:AdvancingGuard","hexamod:HeatShield","hexamod:ChargedBarrage"],"picked":"SKIP","floor":22},{"not_picked":["hexamod:HeatShield","hexamod:NightmareStrike"],"picked":"hexamod:SpectralAdrenaline+1","floor":23},{"not_picked":["hexamod:ShieldOfDarkness","hexamod:SearingWound"],"picked":"hexamod:EmpoweredFlame+1","floor":25},{"not_picked":["hexamod:SwordOfDarkness","hexamod:SpectersWail+1"],"picked":"hexamod:Hexaguard","floor":26},{"not_picked":["hexamod:ShieldOfDarkness","hexamod:RainOfEmbers+1","hexamod:GhostShield"],"picked":"SKIP","floor":27},{"not_picked":["hexamod:ShieldOfDarkness","hexamod:GhostShield"],"picked":"hexamod:RainOfEmbers+1","floor":27},{"not_picked":["hexamod:AdvancingGuard+1","hexamod:GhostShield"],"picked":"hexamod:WildfireWeapon","floor":29},{"not_picked":["hexamod:ChargedBarrage","hexamod:InspiringFlames+1"],"picked":"hexamod:GhostOfSpirePast","floor":30},{"not_picked":["hexamod:SwordOfDarkness","hexamod:GhostflameBarrier+1"],"picked":"hexamod:NecessarySacrifice","floor":32}],"player_experience":911496,"relics_obtained":[{"floor":7,"key":"Gremlin Horn"},{"floor":12,"key":"Torii"},{"floor":24,"key":"Oddly Smooth Stone"},{"floor":25,"key":"Strawberry"},{"floor":27,"key":"Anchor"}],"event_choices":[{"cards_removed":["hexamod:NightmareStrike"],"damage_healed":0,"gold_gain":0,"player_choice":"Give","damage_taken":0,"max_hp_gain":0,"max_hp_loss":0,"event_name":"betterNote:BetterNote","floor":21,"gold_loss":0,"cards_obtained":["None"]}],"is_beta":false,"boss_relics":[{"not_picked":["Busted Crown","hubris:RunicObelisk"],"picked":"Sozu"}],"items_purged_floors":[29],"is_endless":false,"potions_floor_spawned":[8,9,12,13,14,15,16,19,22,30],"killed_by":"downfall:Watcher","ascension_level":0}}