{"host":"sav7uxregyirlf69","time":1609151187,"event":{"mods":["AchievementEnabler","BaseMod","Colored Map","DeckTracker","Keyboard Shortcuts","Minty Spire (QoL Compilation)","READ ME - Guardian Mod","StSLib","SuperFastMode"],"gold_per_floor":[359,359,378,25,40,40,40,40,66,79,102,138,138,154,154,250,250,274,274,274,274,274,274],"floor_reached":22,"playtime":359,"items_purged":["Strike_R"],"score":368,"play_id":"65231947-d1b4-4ed8-a67e-9a8d7d58b807","local_time":"20201228192627","is_ascension_mode":true,"campfire_choices":[{"data":"Evolve","floor":6,"key":"SMITH"},{"data":"Wild Strike","floor":8,"key":"SMITH"},{"data":"Body Slam","floor":13,"key":"SMITH"},{"data":"Immolate","floor":15,"key":"SMITH"}],"circlet_count":0,"master_deck":["AscendersBane","Bash","Sword Boomerang","Pommel Strike","Evolve+1","Wild Strike+1","Shrug It Off","Body Slam+1","Immolate+1","Barricade","Berserk","Flex","Iron Wave","Barricade","Armaments","Perfected Strike","Second Wind","Reckless Charge","Dark Embrace"],"relics":["Burning Blood","Bloody Idol","Happy Flower","Centennial Puzzle","FossilizedHelix","Pandora\u0027s Box"],"acts_visited":["Exordium","TheCity"],"potions_floor_usage":[12,16,22],"damage_taken":[{"damage":5,"enemies":"2 Louse","floor":1,"turns":4},{"damage":7,"enemies":"Cultist","floor":3,"turns":4},{"damage":6,"enemies":"Small Slimes","floor":5,"turns":3},{"damage":8,"enemies":"3 Louse","floor":10,"turns":3},{"damage":10,"enemies":"Blue Slaver","floor":11,"turns":4},{"damage":15,"enemies":"3 Sentries","floor":12,"turns":5},{"damage":2,"enemies":"Exordium Wildlife","floor":14,"turns":4},{"damage":2,"enemies":"Slime Boss","floor":16,"turns":6},{"damage":25,"enemies":"Shell Parasite","floor":18,"turns":5},{"damage":43,"enemies":"3 Byrds","floor":22,"turns":3}],"seed_played":"-4274240111648486162","potions_obtained":[{"floor":3,"key":"BlessingOfTheForge"},{"floor":11,"key":"DistilledChaos"},{"floor":12,"key":"DistilledChaos"}],"is_trial":false,"path_per_floor":["M","?","M","$","M","R","?","R","T","M","M","E","R","M","R","B",null,"M","?","?","?","M"],"character_chosen":"IRONCLAD","items_purchased":["Evolve","Wild Strike","Happy Flower"],"campfire_rested":0,"item_purchase_floors":[4,4,4],"current_hp_per_floor":[51,51,50,50,50,50,50,50,50,48,44,35,35,39,39,43,62,43,43,43,43,0,0],"gold":274,"neow_bonus":"TWO_FIFTY_GOLD","is_daily":false,"chose_seed":false,"campfire_upgraded":4,"win_rate":0.0,"timestamp":1609151187,"path_taken":["M","?","M","$","M","R","?","R","T","?","?","E","R","M","R","BOSS","M","?","?","?","M"],"items_purchased_type":["Card","Card","Relic"],"build_version":"2020-12-22","purchased_purges":1,"victory":false,"max_hp_per_floor":[75,68,68,68,68,68,68,68,68,68,68,68,68,68,68,68,68,68,68,68,68,68,68],"card_choices":[{"not_picked":["Clothesline","Rampage"],"picked":"Sword Boomerang","floor":1},{"not_picked":["Dual Wield","Iron Wave"],"picked":"Pommel Strike","floor":3},{"not_picked":["Iron Wave","Heavy Blade","Combust"],"picked":"SKIP","floor":5},{"not_picked":["Clothesline","Spot Weakness"],"picked":"Shrug It Off","floor":10},{"not_picked":["Sentinel","Anger"],"picked":"Body Slam","floor":11},{"not_picked":["Double Tap","Body Slam","Wild Strike"],"picked":"SKIP","floor":12},{"not_picked":["Sword Boomerang","Twin Strike"],"picked":"Immolate","floor":14},{"not_picked":["Juggernaut","Feed"],"picked":"Barricade","floor":16},{"not_picked":["Sword Boomerang","Whirlwind"],"picked":"Reckless Charge","floor":18}],"player_experience":1029891,"relics_obtained":[{"floor":9,"key":"Centennial Puzzle"},{"floor":12,"key":"FossilizedHelix"}],"event_choices":[{"damage_healed":0,"gold_gain":0,"player_choice":"Lose Max HP","damage_taken":0,"relics_obtained":["Golden Idol"],"max_hp_gain":0,"max_hp_loss":7,"event_name":"Golden Idol","floor":2,"gold_loss":0},{"cards_removed":["Strike_R"],"damage_healed":0,"gold_gain":0,"player_choice":"Offered Basic","damage_taken":0,"max_hp_gain":0,"max_hp_loss":0,"event_name":"Bonfire Elementals","floor":7,"gold_loss":0},{"damage_healed":0,"gold_gain":0,"player_choice":"Gave Idol","damage_taken":0,"relics_obtained":["Bloody Idol"],"max_hp_gain":0,"max_hp_loss":0,"event_name":"Forgotten Altar","floor":19,"relics_lost":["Golden Idol"],"gold_loss":0},{"damage_healed":0,"gold_gain":0,"player_choice":"Read","damage_taken":0,"max_hp_gain":0,"max_hp_loss":0,"event_name":"The Library","floor":20,"gold_loss":0,"cards_obtained":["Dark Embrace"]},{"damage_healed":0,"gold_gain":0,"player_choice":"Ignored","damage_taken":0,"max_hp_gain":0,"max_hp_loss":0,"event_name":"Vampires","floor":21,"gold_loss":0}],"is_beta":false,"boss_relics":[{"not_picked":["Empty Cage","SacredBark"],"picked":"Pandora\u0027s Box"}],"items_purged_floors":[4],"is_endless":false,"potions_floor_spawned":[3,11,12,14],"killed_by":"3 Byrds","ascension_level":20}}