{"host":"Krakhan","time":1609128682,"event":{"mods":["AchievementEnabler","BaseMod","Colored Map","Colored Powertips","Faster Ascension Climbing","Highlight Path","Minty Spire (QoL Compilation)","Rare Cards Sparkle","Relic Stats","StSLib"],"gold_per_floor":[112,129,129,141,153,153,178,178,178,197,230,37,72,72,72,149,149,163,163,163,195,215,242,254,285,285,318,33,66,80,98,98,174,174,184,204,204,204,220,249,249,249,249,249,275,288,323,72,72,72,72,72,72,31,62,62],"floor_reached":57,"playtime":11305,"items_purged":["Strike_P"],"score":3151,"play_id":"59a00988-580d-4fca-960b-e2b1ac2b79df","local_time":"20201227231122","is_ascension_mode":true,"campfire_choices":[{"data":"EmptyFist","floor":6.0,"key":"SMITH"},{"floor":8.0,"key":"REST"},{"data":"1","floor":15.0,"key":"LIFT"},{"floor":32.0,"key":"REST"},{"data":"2","floor":42.0,"key":"LIFT"},{"floor":44,"key":"RECALL"},{"data":"Omniscience","floor":49,"key":"SMITH"},{"floor":53,"key":"REST"}],"circlet_count":0,"master_deck":["AscendersBane","Eruption","Vigilance","EmptyFist+1","Swivel","ClearTheMind","FollowUp","FlyingSleeves","Halt","Consecrate+1","Blasphemy","SignatureMove+1","SpiritShield","Halt","Meditate","BowlingBash+1","TalkToTheHand+1","FlurryOfBlows+1","Halt+1","Wallop+1","Wireheading+1","ThirdEye+1","SashWhip+1","Omniscience+1","Worship","BattleHymn","WindmillStrike+1","Wireheading","LikeWater","Omniscience","Flash of Steel+1","Finesse","Crescendo+1","Omniscience","Injury","Wallop+1","Tantrum+1"],"relics":["Runic Pyramid","Ornamental Fan","Molten Egg 2","Girya","Prayer Wheel","Cursed Key","Red Mask","Letter Opener","Bag of Preparation","Kunai","Sling","Torii","Pandora\u0027s Box","Pen Nib","Bottled Tornado","TeardropLocket","Lee\u0027s Waffle","Orichalcum"],"acts_visited":["Exordium","TheCity","TheBeyond","TheEnding"],"potions_floor_usage":[50,56],"damage_taken":[{"damage":7.0,"enemies":"2 Louse","floor":1.0,"turns":3.0},{"damage":0.0,"enemies":"Cultist","floor":2.0,"turns":2.0},{"damage":2.0,"enemies":"Jaw Worm","floor":4.0,"turns":3.0},{"damage":6.0,"enemies":"Looter","floor":5.0,"turns":3.0},{"damage":21.0,"enemies":"3 Sentries","floor":7.0,"turns":9.0},{"damage":6.0,"enemies":"3 Louse","floor":10.0,"turns":3.0},{"damage":0.0,"enemies":"Lagavulin","floor":11.0,"turns":5.0},{"damage":0.0,"enemies":"Gremlin Nob","floor":13.0,"turns":2.0},{"damage":8.0,"enemies":"Hexaghost","floor":16.0,"turns":4.0},{"damage":15.0,"enemies":"3 Byrds","floor":18.0,"turns":5.0},{"damage":3.0,"enemies":"Masked Bandits","floor":21.0,"turns":2.0},{"damage":0.0,"enemies":"Shell Parasite","floor":22.0,"turns":2.0},{"damage":16.0,"enemies":"Book of Stabbing","floor":23.0,"turns":3.0},{"damage":0.0,"enemies":"Snecko","floor":24.0,"turns":2.0},{"damage":0.0,"enemies":"Slavers","floor":25.0,"turns":3.0},{"damage":9.0,"enemies":"Book of Stabbing","floor":27.0,"turns":3.0},{"damage":5.0,"enemies":"Slavers","floor":29.0,"turns":3.0},{"damage":0.0,"enemies":"Chosen and Byrds","floor":30.0,"turns":4.0},{"damage":0.0,"enemies":"Cultist and Chosen","floor":31.0,"turns":4.0},{"damage":10.0,"enemies":"Collector","floor":33.0,"turns":7.0},{"damage":18.0,"enemies":"3 Shapes","floor":35.0,"turns":7.0},{"damage":2.0,"enemies":"3 Darklings","floor":36.0,"turns":4.0},{"damage":18.0,"enemies":"Transient","floor":39.0,"turns":6.0},{"damage":0.0,"enemies":"Giant Head","floor":40.0,"turns":5.0},{"damage":2,"enemies":"Nemesis","floor":45,"turns":5},{"damage":34,"enemies":"Writhing Mass","floor":46,"turns":3},{"damage":0,"enemies":"Giant Head","floor":47,"turns":4},{"damage":25,"enemies":"Time Eater","floor":50,"turns":10},{"damage":24,"enemies":"Awakened One","floor":51,"turns":12},{"damage":0,"enemies":"Shield and Spear","floor":55,"turns":4},{"damage":23,"enemies":"The Heart","floor":56,"turns":9}],"seed_played":"-4627142457816630588","potions_obtained":[{"floor":4.0,"key":"GamblersBrew"},{"floor":11.0,"key":"ColorlessPotion"},{"floor":24.0,"key":"SteroidPotion"},{"floor":25.0,"key":"PowerPotion"},{"floor":29.0,"key":"BottledMiracle"},{"floor":33.0,"key":"Ambrosia"},{"floor":39.0,"key":"Regen Potion"},{"floor":40.0,"key":"ColorlessPotion"},{"floor":45,"key":"PowerPotion"}],"is_trial":false,"path_per_floor":["M","M","?","M","M","R","E","R","T","M","E","$","E","?","R","B",null,"M","?","?","?","M","E","M","E","T","E","$","E","M","M","R","B",null,"M","M","?","?","M","E","?","R","T","R","E","M","E","$","R","B","B",null,"R","$","E","B",null],"character_chosen":"WATCHER","items_purchased":["Blasphemy","Ambrosia","Sling","SkillPotion","Lee\u0027s Waffle","Wallop+1","Tantrum+1"],"campfire_rested":3,"item_purchase_floors":[12,12,28,28,48,48,54],"current_hp_per_floor":[54,54,54,52,46,46,25,45,45,39,39,39,39,44,44,36,64,49,49,49,46,46,30,30,30,30,21,21,16,16,16,37,27,62,44,42,37,37,19,31,57,57,57,57,55,21,21,64,64,39,15,52,64,64,64,41],"gold":62,"neow_bonus":"BOSS_RELIC","is_daily":false,"chose_seed":false,"campfire_upgraded":2,"win_rate":0.0,"timestamp":1609128682,"path_taken":["M","M","?","M","M","R","E","R","T","M","E","?","E","?","R","BOSS","M","?","?","?","M","E","?","E","T","E","?","E","M","M","R","BOSS","M","M","?","?","M","E","?","R","T","R","E","M","E","$","R","BOSS","BOSS","R","$","E","BOSS"],"items_purchased_type":["Card","Potion","Relic","Potion","Relic","Card","Card"],"build_version":"2020-12-18","purchased_purges":1,"victory":true,"max_hp_per_floor":[68,68,68,68,68,68,68,68,68,68,68,68,68,73,73,73,73,73,73,73,73,73,73,73,73,73,73,73,73,73,73,73,73,73,73,73,73,69,69,69,57,57,57,57,57,57,57,64,64,64,64,64,64,64,64,64],"relic_stats":{"Lee\u0027s Waffle":43,"Torii":15,"counters":[31,141],"Pen Nib":[15],"Bag of Preparation":[32],"Letter Opener":[181],"Orichalcum":[6],"Cursed Key":1,"Ornamental Fan":[312],"Prayer Wheel":9,"Pandora\u0027s Box":["Worship","BattleHymn","WindmillStrike","Wireheading","LikeWater","Omniscience"],"Kunai":[57],"obtain_stats":[{"Girya":11,"Lee\u0027s Waffle":48,"Torii":29,"Pen Nib":40,"Bag of Preparation":25,"Letter Opener":23,"TeardropLocket":47,"Bottled Tornado":45,"Orichalcum":55,"Cursed Key":17,"Sling":28,"Ornamental Fan":7,"Molten Egg 2":9,"Prayer Wheel":13,"Pandora\u0027s Box":34,"Red Mask":21,"Kunai":27,"PureWater":0,"Runic Pyramid":0},{"Girya":7,"Lee\u0027s Waffle":27,"Torii":17,"Pen Nib":24,"Bag of Preparation":15,"Letter Opener":13,"TeardropLocket":27,"Bottled Tornado":25,"Orichalcum":30,"Cursed Key":9,"Sling":16,"Ornamental Fan":5,"Molten Egg 2":5,"Prayer Wheel":8,"Pandora\u0027s Box":20,"Red Mask":11,"Kunai":16,"PureWater":0,"Runic Pyramid":0},{"Girya":28,"Lee\u0027s Waffle":106,"Torii":57,"Pen Nib":94,"Bag of Preparation":51,"Letter Opener":46,"TeardropLocket":106,"Bottled Tornado":99,"Orichalcum":132,"Cursed Key":34,"Sling":54,"Ornamental Fan":20,"Molten Egg 2":20,"Prayer Wheel":30,"Pandora\u0027s Box":72,"Red Mask":41,"Kunai":54,"PureWater":0,"Runic Pyramid":0}]},"card_choices":[{"not_picked":["WaveOfTheHand","Evaluate"],"picked":"EmptyFist","floor":1.0},{"not_picked":["Crescendo","Evaluate"],"picked":"Swivel","floor":2.0},{"not_picked":["DeceiveReality","Prostrate"],"picked":"ClearTheMind","floor":4.0},{"not_picked":["Study","Crescendo"],"picked":"FollowUp","floor":5.0},{"not_picked":["Worship","JustLucky"],"picked":"FlyingSleeves","floor":7.0},{"not_picked":["LikeWater","FlurryOfBlows+1"],"picked":"Halt","floor":10.0},{"not_picked":["Vengeance","Meditate"],"picked":"Consecrate+1","floor":11.0},{"not_picked":["SashWhip+1","Sanctity"],"picked":"SignatureMove+1","floor":13.0},{"not_picked":["MasterReality","Omniscience"],"picked":"SpiritShield","floor":16.0},{"not_picked":["ClearTheMind","Nirvana"],"picked":"Halt","floor":18.0},{"not_picked":["EmptyFist+1","SandsOfTime+1"],"picked":"Meditate","floor":18.0},{"not_picked":["Halt","FollowUp+1"],"picked":"TalkToTheHand+1","floor":22.0},{"not_picked":["ClearTheMind","Weave+1"],"picked":"FlurryOfBlows+1","floor":22.0},{"not_picked":["CarveReality+1","Crescendo","Devotion"],"picked":"SKIP","floor":23.0},{"not_picked":["Consecrate+1","PathToVictory+1"],"picked":"Halt+1","floor":24.0},{"not_picked":["Evaluate","Pray"],"picked":"Wallop+1","floor":24.0},{"not_picked":["Indignation","EmptyBody","PathToVictory+1"],"picked":"SKIP","floor":25.0},{"not_picked":["Establishment","Perseverance"],"picked":"Wireheading+1","floor":27.0},{"not_picked":["FollowUp+1","SignatureMove+1","Evaluate"],"picked":"SKIP","floor":29.0},{"not_picked":["Crescendo","Pray+1","InnerPeace"],"picked":"SKIP","floor":30.0},{"not_picked":["CutThroughFate+1","Consecrate+1","Collect"],"picked":"SKIP","floor":30.0},{"not_picked":["Pray","CutThroughFate+1"],"picked":"ThirdEye+1","floor":31.0},{"not_picked":["ThirdEye","EmptyFist+1"],"picked":"SashWhip+1","floor":31.0},{"not_picked":["DevaForm","Devotion"],"picked":"Omniscience","floor":33.0},{"not_picked":["Fasting2","FlyingSleeves+1","WreathOfFlame"],"picked":"SKIP","floor":35.0},{"not_picked":["EmptyFist+1","Prostrate","ClearTheMind"],"picked":"SKIP","floor":35.0},{"not_picked":["WreathOfFlame","CutThroughFate+1","Vengeance"],"picked":"SKIP","floor":36.0},{"not_picked":["FearNoEvil+1","Evaluate","JustLucky+1"],"picked":"SKIP","floor":36.0},{"not_picked":["PanicButton","Jack Of All Trades"],"picked":"Flash of Steel+1","floor":37.0},{"not_picked":["Good Instincts","Blind"],"picked":"Finesse","floor":37.0},{"not_picked":["ReachHeaven+1","Consecrate+1"],"picked":"Crescendo+1","floor":39.0},{"not_picked":["Vengeance","ThirdEye"],"picked":"Omniscience","floor":39.0},{"not_picked":["ClearTheMind","Pray","Perseverance+1"],"picked":"SKIP","floor":40.0},{"not_picked":["DeusExMachina","BowlingBash+1","LikeWater"],"picked":"SKIP","floor":45},{"not_picked":["EmptyBody","ThirdEye","Fasting2"],"picked":"SKIP","floor":46},{"not_picked":["ClearTheMind","Fasting2+1","InnerPeace"],"picked":"SKIP","floor":46},{"not_picked":["ReachHeaven+1","EmptyFist+1","Protect+1"],"picked":"SKIP","floor":47},{"not_picked":["Brilliance+1","Evaluate","Protect"],"picked":"SKIP","floor":55}],"player_experience":1233753,"relics_obtained":[{"floor":7.0,"key":"Ornamental Fan"},{"floor":9.0,"key":"Molten Egg 2"},{"floor":11.0,"key":"Girya"},{"floor":13.0,"key":"Prayer Wheel"},{"floor":21.0,"key":"Red Mask"},{"floor":23.0,"key":"Letter Opener"},{"floor":25.0,"key":"Bag of Preparation"},{"floor":27.0,"key":"Kunai"},{"floor":29.0,"key":"Torii"},{"floor":40.0,"key":"Pen Nib"},{"floor":45,"key":"Bottled Tornado"},{"floor":47,"key":"TeardropLocket"},{"floor":55,"key":"Orichalcum"}],"event_choices":[{"cards_removed":["Defend_P"],"damage_healed":0.0,"max_hp_gain":0.0,"max_hp_loss":0.0,"gold_gain":0.0,"event_name":"Bonfire Elementals","player_choice":"Offered Basic","floor":3.0,"gold_loss":0.0,"damage_taken":0.0},{"damage_healed":0.0,"max_hp_gain":5.0,"max_hp_loss":0.0,"gold_gain":0.0,"event_name":"Big Fish","player_choice":"Donut","floor":14.0,"gold_loss":0.0,"damage_taken":0.0},{"damage_healed":0.0,"max_hp_gain":0.0,"max_hp_loss":0.0,"gold_gain":0.0,"event_name":"The Library","player_choice":"Read","floor":19.0,"gold_loss":0.0,"damage_taken":0.0,"cards_obtained":["BowlingBash"]},{"damage_healed":0.0,"max_hp_gain":0.0,"max_hp_loss":0.0,"gold_gain":0.0,"event_name":"The Mausoleum","player_choice":"Ignored","floor":20.0,"gold_loss":0.0,"damage_taken":0.0},{"damage_healed":0.0,"max_hp_gain":0.0,"max_hp_loss":0.0,"gold_gain":0.0,"event_name":"Masked Bandits","player_choice":"Fought Bandits","floor":21.0,"gold_loss":0.0,"damage_taken":0.0},{"damage_healed":0.0,"max_hp_gain":0.0,"max_hp_loss":0.0,"gold_gain":0.0,"event_name":"SensoryStone","player_choice":"Memory 2","floor":37.0,"gold_loss":0.0,"damage_taken":5.0},{"damage_healed":0.0,"max_hp_gain":0.0,"max_hp_loss":4.0,"gold_gain":0.0,"event_name":"Winding Halls","player_choice":"Max HP","floor":38.0,"gold_loss":0.0,"damage_taken":0.0},{"damage_healed":57.0,"max_hp_gain":0.0,"max_hp_loss":12.0,"gold_gain":0.0,"event_name":"The Moai Head","player_choice":"Heal","floor":41.0,"gold_loss":0.0,"damage_taken":0.0}],"is_beta":true,"boss_relics":[{"not_picked":["Fusion Hammer","Empty Cage"],"picked":"Cursed Key"},{"not_picked":["SacredBark","Velvet Choker"],"picked":"Pandora\u0027s Box"}],"items_purged_floors":[28],"is_endless":false,"potions_floor_spawned":[4,11,16,24,25,29,33,39,40,45],"ascension_level":20}}