{"host":"30jsp143e4v19aze","time":1609113640,"event":{"mods":["BaseMod","Colored Map","Colored Powertips","Curses Come First","DeckTracker","Highlight Path","Minty Spire (QoL Compilation)","Quick Restart","Relic Stats","StSLib","everything is the same but u backflip on backflip","slay the spire mod where everything is the same but ironclad has a cowboy hat"],"gold_per_floor":[117,192,367,1,1,35,49,78,78,90,131,162,174,196,208,296,308,339,351,36,36,56,89,89,115,138,138,138,166,41,54,54,54,54],"floor_reached":33,"playtime":1039,"items_purged":["Doubt","Writhe","Shame"],"score":568,"play_id":"f6b91236-3c7d-4e06-b757-a25595a7caa1","local_time":"20201228010040","is_ascension_mode":true,"campfire_choices":[{"data":"Doom and Gloom","floor":10,"key":"SMITH"},{"data":"Consume","floor":15,"key":"SMITH"},{"data":"1","floor":24,"key":"LIFT"},{"floor":28,"key":"REST"},{"floor":32,"key":"REST"}],"circlet_count":0,"master_deck":["AscendersBane","Strike_B+1","Strike_B+1","Strike_B+1","Strike_B+1","Defend_B+1","Defend_B+1","Defend_B+1","Defend_B+1","Zap","Dualcast","Coolheaded","Doom and Gloom+1","Reboot","Coolheaded","Loop+1","Consume+1","Conserve Battery","Electrodynamics+1","Cold Snap+1","Self Repair+1","Doom and Gloom+1","Skim","Defragment+1","Capacitor+1","Static Discharge+1","Biased Cognition+1"],"relics":["Cracked Core","NeowsBlessing","Ice Cream","Frozen Egg 2","Orichalcum","Matryoshka","MawBank","Lizard Tail","Oddly Smooth Stone","Nuclear Battery","Du-Vu Doll","DollysMirror","Vajra","Girya","Omamori","Tiny Chest","Strawberry","Shovel"],"acts_visited":["Exordium","TheCity"],"potions_floor_usage":[16,16,29,33],"damage_taken":[{"damage":0,"enemies":"Cultist","floor":1,"turns":1},{"damage":0,"enemies":"Lagavulin","floor":6,"turns":1},{"damage":0,"enemies":"2 Louse","floor":7,"turns":1},{"damage":20,"enemies":"Gremlin Nob","floor":8,"turns":4},{"damage":21,"enemies":"Lagavulin","floor":11,"turns":6},{"damage":2,"enemies":"Small Slimes","floor":12,"turns":3},{"damage":1,"enemies":"Looter","floor":14,"turns":5},{"damage":10,"enemies":"Slime Boss","floor":16,"turns":9},{"damage":2,"enemies":"3 Byrds","floor":18,"turns":2},{"damage":14,"enemies":"2 Thieves","floor":22,"turns":2},{"damage":26,"enemies":"Gremlin Leader","floor":23,"turns":5},{"damage":31,"enemies":"Book of Stabbing","floor":25,"turns":7},{"damage":30,"enemies":"Gremlin Leader","floor":29,"turns":7},{"damage":20,"enemies":"Sentry and Sphere","floor":31,"turns":3},{"damage":51,"enemies":"Champ","floor":33,"turns":6}],"seed_played":"3777967866211436612","potions_obtained":[{"floor":6,"key":"EssenceOfDarkness"},{"floor":8,"key":"DuplicationPotion"},{"floor":16,"key":"Explosive Potion"},{"floor":23,"key":"Explosive Potion"},{"floor":31,"key":"FocusPotion"}],"is_trial":false,"path_per_floor":["M","?","?","$","?","E","M","E","T","R","E","M","?","M","R","B",null,"M","?","$","?","M","E","R","E","T","?","R","E","$","M","R","B"],"character_chosen":"DEFECT","items_purchased":["Ice Cream","Self Repair+1","DollysMirror"],"campfire_rested":2,"item_purchase_floors":[4,20,20],"current_hp_per_floor":[68,57,57,57,50,50,50,30,30,30,9,7,7,6,6,37,66,64,64,64,64,60,44,44,23,30,30,54,34,34,24,48,0,0],"gold":54,"neow_bonus":"THREE_ENEMY_KILL","is_daily":false,"chose_seed":false,"campfire_upgraded":2,"win_rate":0.0,"timestamp":1609113640,"path_taken":["M","?","?","$","?","E","M","E","T","R","E","M","?","M","R","BOSS","M","?","$","?","M","E","R","E","T","?","R","E","$","M","R","BOSS"],"items_purchased_type":["Relic","Card","Relic"],"build_version":"2020-12-22","purchased_purges":3,"victory":false,"max_hp_per_floor":[75,75,75,75,75,75,75,75,75,75,75,75,75,75,75,75,75,75,75,75,75,75,75,75,75,82,82,82,82,82,82,82,82,82],"relic_stats":{"Lizard Tail":37,"Shovel":0,"counters":[15,61],"Tiny Chest":0,"Orichalcum":[126],"MawBank":132,"obtain_stats":[{"Ice Cream":4,"Girya":23,"NeowsBlessing":0,"Oddly Smooth Stone":11,"Vajra":21,"Omamori":25,"Frozen Egg 2":5,"Orichalcum":6,"MawBank":9,"Nuclear Battery":17,"Du-Vu Doll":19,"Lizard Tail":9,"Matryoshka":8,"Shovel":29,"DollysMirror":20,"Strawberry":26,"Tiny Chest":26,"Cracked Core":0},{"Ice Cream":1,"Girya":11,"NeowsBlessing":0,"Oddly Smooth Stone":5,"Vajra":9,"Omamori":12,"Frozen Egg 2":1,"Orichalcum":2,"MawBank":4,"Nuclear Battery":8,"Du-Vu Doll":9,"Lizard Tail":4,"Matryoshka":4,"Shovel":13,"DollysMirror":9,"Strawberry":12,"Tiny Chest":12,"Cracked Core":0},{"Ice Cream":1,"Girya":38,"NeowsBlessing":0,"Oddly Smooth Stone":13,"Vajra":31,"Omamori":45,"Frozen Egg 2":1,"Orichalcum":2,"MawBank":7,"Nuclear Battery":29,"Du-Vu Doll":31,"Lizard Tail":7,"Matryoshka":7,"Shovel":52,"DollysMirror":31,"Strawberry":45,"Tiny Chest":45,"Cracked Core":0}]},"card_choices":[{"not_picked":["Leap","Compile Driver"],"picked":"Coolheaded","floor":1},{"not_picked":["Reprogram","Leap"],"picked":"Doom and Gloom","floor":6},{"not_picked":["Go for the Eyes","Sweeping Beam"],"picked":"Reboot","floor":7},{"not_picked":["Barrage","Steam"],"picked":"Coolheaded","floor":8},{"not_picked":["Compile Driver","Gash"],"picked":"Loop+1","floor":11},{"not_picked":["Steam","Beam Cell"],"picked":"Consume","floor":12},{"not_picked":["Leap","Rebound"],"picked":"Conserve Battery","floor":14},{"not_picked":["Rainbow","Thunder Strike"],"picked":"Electrodynamics+1","floor":16},{"not_picked":["Hello World+1","Compile Driver"],"picked":"Cold Snap+1","floor":18},{"not_picked":["Redo","Beam Cell"],"picked":"Skim","floor":22},{"not_picked":["Leap","Streamline"],"picked":"Defragment+1","floor":23},{"not_picked":["Steam","Gash"],"picked":"Capacitor+1","floor":25},{"not_picked":["Hologram","Steam Power"],"picked":"Static Discharge+1","floor":29},{"not_picked":["Chill","Redo"],"picked":"Biased Cognition+1","floor":31}],"player_experience":3280053,"relics_obtained":[{"floor":6,"key":"Orichalcum"},{"floor":8,"key":"Matryoshka"},{"floor":9,"key":"MawBank"},{"floor":9,"key":"Lizard Tail"},{"floor":11,"key":"Oddly Smooth Stone"},{"floor":23,"key":"Girya"},{"floor":25,"key":"Omamori"},{"floor":26,"key":"Tiny Chest"},{"floor":26,"key":"Strawberry"},{"floor":29,"key":"Shovel"}],"event_choices":[{"damage_healed":0,"gold_gain":75,"player_choice":"Gather Gold","damage_taken":11,"max_hp_gain":0,"max_hp_loss":0,"event_name":"World of Goop","floor":2,"gold_loss":0},{"damage_healed":0,"gold_gain":175,"player_choice":"AGREE","damage_taken":0,"max_hp_gain":0,"max_hp_loss":0,"event_name":"Liars Game","floor":3,"gold_loss":0,"cards_obtained":["Doubt"]},{"damage_healed":0,"gold_gain":0,"player_choice":"Success","damage_taken":7,"relics_obtained":["Frozen Egg 2"],"max_hp_gain":0,"max_hp_loss":0,"event_name":"Scrap Ooze","floor":5,"gold_loss":0},{"damage_healed":0,"gold_gain":0,"player_choice":"Ignored","damage_taken":0,"max_hp_gain":0,"max_hp_loss":0,"event_name":"Shining Light","floor":13,"gold_loss":0},{"damage_healed":0,"gold_gain":0,"player_choice":"Opened","damage_taken":0,"relics_obtained":["Du-Vu Doll"],"max_hp_gain":0,"max_hp_loss":0,"event_name":"The Mausoleum","floor":19,"gold_loss":0,"cards_obtained":["Writhe"]},{"damage_healed":0,"gold_gain":0,"player_choice":"Stole Relic","damage_taken":0,"relics_obtained":["Vajra"],"max_hp_gain":0,"max_hp_loss":0,"event_name":"Addict","floor":21,"gold_loss":0,"cards_obtained":["Shame"]},{"damage_healed":0,"gold_gain":0,"player_choice":"Simplicity","damage_taken":0,"max_hp_gain":0,"max_hp_loss":0,"event_name":"Back to Basics","floor":27,"gold_loss":0,"cards_upgraded":["Strike_B","Strike_B","Strike_B","Strike_B","Defend_B","Defend_B","Defend_B","Defend_B"]}],"is_beta":false,"boss_relics":[{"not_picked":["Sozu","Ectoplasm"],"picked":"Nuclear Battery"}],"items_purged_floors":[4,20,30],"is_endless":false,"potions_floor_spawned":[6,8,12,16,23,31],"killed_by":"Champ","ascension_level":13}}