{"host":"tzyzz5n7hg2ni9q2","time":1609143224,"event":{"mods":["BaseMod","Minty Spire (QoL Compilation)","Quick Restart"],"gold_per_floor":[116,133,133,208,228,228,253,269,293,293,355,355,369,69,69,173,173,188,207,224,77,89,89,106,205,205,217,217,66,93,93,93,93,93],"floor_reached":33,"playtime":916,"items_purged":[],"score":317,"play_id":"8566faeb-4c30-4de1-9329-d36e0fe647fd","local_time":"20201228091344","is_ascension_mode":false,"campfire_choices":[{"data":"Rampage","floor":6,"key":"SMITH"},{"floor":12,"key":"REST"},{"data":"Whirlwind","floor":15,"key":"SMITH"},{"floor":23,"key":"REST"},{"floor":28,"key":"REST"},{"data":"Double Tap","floor":32,"key":"SMITH"}],"circlet_count":0,"master_deck":["Strike_R","Strike_R+1","Strike_R+1","Defend_R","Defend_R","Defend_R","Defend_R","Bash","Pummel","Rampage+1","Whirlwind+1","Ghostly Armor","Double Tap+1","Juggernaut"],"relics":["Burning Blood","Ancient Tea Set","Centennial Puzzle","Regal Pillow","HandDrill","Anchor","Empty Cage","Sling","Question Card","Happy Flower","Whetstone"],"acts_visited":["Exordium","TheCity"],"potions_floor_usage":[5,7,7,8,11,11,11,16,22,30,33,33],"damage_taken":[{"damage":11.0,"enemies":"Jaw Worm","floor":1.0,"turns":2.0},{"damage":5,"enemies":"2 Louse","floor":2,"turns":3},{"damage":3,"enemies":"Small Slimes","floor":5,"turns":3},{"damage":28,"enemies":"Gremlin Nob","floor":7,"turns":4},{"damage":16,"enemies":"Exordium Wildlife","floor":8,"turns":4},{"damage":13,"enemies":"3 Sentries","floor":11,"turns":3},{"damage":1,"enemies":"Exordium Thugs","floor":13,"turns":3},{"damage":0,"enemies":"Slime Boss","floor":16,"turns":7},{"damage":12,"enemies":"Shell Parasite","floor":18,"turns":4},{"damage":18,"enemies":"Spheric Guardian","floor":19,"turns":4},{"damage":42,"enemies":"Snake Plant","floor":20,"turns":5},{"damage":16,"enemies":"Chosen and Byrds","floor":22,"turns":6},{"damage":14,"enemies":"Centurion and Healer","floor":24,"turns":5},{"damage":23,"enemies":"Snecko","floor":27,"turns":5},{"damage":42,"enemies":"Book of Stabbing","floor":30,"turns":5},{"damage":39,"enemies":"Champ","floor":33,"turns":8}],"seed_played":"-7949491887169878251","potions_obtained":[{"floor":0.0,"key":"Fire Potion"},{"floor":0.0,"key":"BlessingOfTheForge"},{"floor":0.0,"key":"EntropicBrew"},{"floor":5,"key":"SteroidPotion"},{"floor":7,"key":"BlessingOfTheForge"},{"floor":8,"key":"Fruit Juice"},{"floor":19,"key":"DuplicationPotion"},{"floor":31,"key":"ElixirPotion"},{"floor":31,"key":"EssenceOfSteel"},{"floor":31,"key":"SkillPotion"}],"is_trial":false,"path_per_floor":["M","M","?","?","M","R","E","M","T","?","?","R","M","$","R","B",null,"M","M","M","$","M","R","M","?","T","M","R","$","E","?","R","B"],"character_chosen":"IRONCLAD","items_purchased":["HandDrill","Anchor","Sling","Happy Flower"],"campfire_rested":3,"item_purchase_floors":[14,14,21,29],"current_hp_per_floor":[75,76,76,65,68,68,46,41,41,34,27,67,72,72,72,78,85,79,67,31,31,21,61,53,53,53,36,76,76,40,40,40,1,1],"gold":93,"neow_bonus":"THREE_SMALL_POTIONS","is_daily":false,"chose_seed":false,"campfire_upgraded":3,"win_rate":0.0,"timestamp":1609143224,"path_taken":["M","M","?","?","M","R","E","M","T","?","?","R","M","$","R","BOSS","M","M","M","$","M","R","M","?","T","M","R","$","E","?","R","BOSS"],"items_purchased_type":["Relic","Relic","Relic","Relic"],"build_version":"2020-12-22","purchased_purges":0,"victory":false,"max_hp_per_floor":[80,80,80,80,80,80,80,85,85,85,85,85,85,85,85,85,85,85,85,85,85,85,85,85,85,85,85,85,85,85,85,85,85,85],"card_choices":[{"not_picked":["Sentinel","Wild Strike"],"picked":"Pummel","floor":1.0},{"not_picked":["Warcry","Sword Boomerang","Pommel Strike"],"picked":"SKIP","floor":2},{"not_picked":["Armaments","Thunderclap"],"picked":"Rampage","floor":5},{"not_picked":["Body Slam","Clash"],"picked":"Cleave","floor":7},{"not_picked":["Shockwave","Anger"],"picked":"Whirlwind","floor":8},{"not_picked":["Heavy Blade","Sword Boomerang"],"picked":"Ghostly Armor","floor":11},{"not_picked":["Heavy Blade","Combust","Evolve"],"picked":"SKIP","floor":13},{"not_picked":["Fiend Fire","Reaper"],"picked":"Double Tap","floor":16},{"not_picked":["Intimidate","Havoc","Infernal Blade"],"picked":"SKIP","floor":18},{"not_picked":["Armaments","Sword Boomerang","Bloodletting"],"picked":"SKIP","floor":19},{"not_picked":["Clothesline","Armaments","Dark Embrace"],"picked":"SKIP","floor":20},{"not_picked":["Fire Breathing","Sword Boomerang","Blood for Blood"],"picked":"SKIP","floor":22},{"not_picked":["Anger","Infernal Blade"],"picked":"Juggernaut","floor":24},{"not_picked":["Power Through","Warcry","Iron Wave","Entrench"],"picked":"SKIP","floor":27},{"not_picked":["Entrench","Dark Embrace","Burning Pact+1","Wild Strike+1"],"picked":"SKIP","floor":30}],"player_experience":204934,"relics_obtained":[{"floor":7,"key":"Ancient Tea Set"},{"floor":9,"key":"Centennial Puzzle"},{"floor":11,"key":"Regal Pillow"},{"floor":26,"key":"Question Card"},{"floor":30,"key":"Whetstone"}],"event_choices":[{"damage_healed":0,"gold_gain":0,"player_choice":"Ignored","damage_taken":0,"max_hp_gain":0,"max_hp_loss":0,"event_name":"Liars Game","floor":3,"gold_loss":0},{"damage_healed":0,"gold_gain":75,"player_choice":"Gather Gold","damage_taken":11,"max_hp_gain":0,"max_hp_loss":0,"event_name":"World of Goop","floor":4,"gold_loss":0},{"cards_removed":["Cleave"],"damage_healed":0,"gold_gain":0,"player_choice":"Card Removal","damage_taken":7,"max_hp_gain":0,"max_hp_loss":0,"event_name":"Golden Wing","floor":10,"gold_loss":0},{"damage_healed":0,"gold_gain":30,"player_choice":"Searched \u00273\u0027 times","damage_taken":0,"max_hp_gain":0,"max_hp_loss":0,"event_name":"Dead Adventurer","floor":11,"gold_loss":0},{"damage_healed":0,"gold_gain":99,"player_choice":"Stole From Cult","damage_taken":0,"max_hp_gain":0,"max_hp_loss":0,"event_name":"Nest","floor":25,"gold_loss":0},{"damage_healed":0,"gold_gain":0,"player_choice":"Got Potions","damage_taken":0,"max_hp_gain":0,"max_hp_loss":0,"event_name":"Lab","floor":31,"gold_loss":0}],"is_beta":false,"boss_relics":[{"not_picked":["Ectoplasm","Pandora\u0027s Box"],"picked":"Empty Cage"}],"items_purged_floors":[],"is_endless":false,"potions_floor_spawned":[2,5,7,8,19],"killed_by":"Champ","ascension_level":0}}