{"host":"hyrsuayny3efwwum","time":1609180628,"event":{"mods":["BaseMod","Bestiary","Colored Map","Highlight Path","Minty Spire (QoL Compilation)","Relic Stats","StSLib"],"gold_per_floor":[116,116,132,307,307,342,342,69,69,108,123,167,167,187,187,283,283,306,286,302,302,316,316,357,357,357,392,410,451,451,471,471,471,471],"floor_reached":33,"playtime":1379,"items_purged":["Doubt"],"score":634,"play_id":"a8fc2940-cfe9-47b5-9c07-a38badeab4aa","local_time":"20201228133708","is_ascension_mode":true,"campfire_choices":[{"data":"Cold Snap","floor":7.0,"key":"SMITH"},{"floor":13,"key":"REST"},{"data":"Dramatic Entrance","floor":15,"key":"SMITH"},{"data":"Blizzard","floor":23,"key":"SMITH"},{"floor":25,"key":"REST"},{"data":"Strike_B","floor":30,"key":"PURGE"},{"data":"Sunder","floor":32,"key":"SMITH"}],"circlet_count":0,"master_deck":["AscendersBane","Strike_B","Strike_B","Strike_B","Defend_B","Defend_B","Defend_B","Defend_B","Zap","Dualcast","Coolheaded","Cold Snap+1","Glacier","Sunder+1","Dramatic Entrance+1","Chaos","Genetic Algorithm","Reboot","Conserve Battery","Go for the Eyes","Echo Form","Glacier","Rainbow","Blizzard+1","BootSequence"],"relics":["Cracked Core","NeowsBlessing","Lantern","Golden Idol","Bag of Marbles","Letter Opener","InkBottle","Girya","Velvet Choker","Happy Flower","Cables","Bottled Flame","Peace Pipe"],"acts_visited":["Exordium","TheCity"],"potions_floor_usage":[16,16,24,29,29,33],"damage_taken":[{"damage":0.0,"enemies":"Jaw Worm","floor":1.0,"turns":1.0},{"damage":0.0,"enemies":"2 Louse","floor":3.0,"turns":1.0},{"damage":0.0,"enemies":"Lagavulin","floor":6.0,"turns":1.0},{"damage":20.0,"enemies":"Gremlin Nob","floor":10.0,"turns":4.0},{"damage":1.0,"enemies":"Cultist","floor":11.0,"turns":4.0},{"damage":23,"enemies":"Lagavulin","floor":12,"turns":6},{"damage":0,"enemies":"Red Slaver","floor":14,"turns":2},{"damage":6,"enemies":"Slime Boss","floor":16,"turns":7},{"damage":6,"enemies":"2 Thieves","floor":18,"turns":3},{"damage":15,"enemies":"3 Byrds","floor":20,"turns":4},{"damage":0,"enemies":"3 Cultists","floor":22,"turns":2},{"damage":15,"enemies":"Slavers","floor":24,"turns":4},{"damage":2,"enemies":"Book of Stabbing","floor":27,"turns":5},{"damage":2,"enemies":"Sentry and Sphere","floor":28,"turns":4},{"damage":0,"enemies":"Gremlin Leader","floor":29,"turns":7},{"damage":0,"enemies":"Cultist and Chosen","floor":31,"turns":3},{"damage":40,"enemies":"Champ","floor":33,"turns":10}],"seed_played":"2498706688732073014","potions_obtained":[{"floor":6.0,"key":"Explosive Potion"},{"floor":12,"key":"LiquidMemories"},{"floor":16,"key":"SteroidPotion"},{"floor":19,"key":"SpeedPotion"},{"floor":20,"key":"Fire Potion"},{"floor":28,"key":"SkillPotion"},{"floor":31,"key":"Weak Potion"}],"is_trial":false,"path_per_floor":["M","?","M","?","?","E","R","$","T","E","M","E","R","M","R","B",null,"M","?","M","?","M","R","E","R","T","E","M","E","R","M","R","B"],"character_chosen":"DEFECT","items_purchased":["Sunder","Dramatic Entrance","Chaos"],"campfire_rested":2,"item_purchase_floors":[8,8,8],"current_hp_per_floor":[64,57,57,57,57,57,57,57,57,37,36,13,32,32,32,26,56,50,50,35,35,35,35,20,39,39,37,35,35,35,35,35,0,0],"gold":471,"neow_bonus":"THREE_ENEMY_KILL","is_daily":false,"chose_seed":false,"campfire_upgraded":4,"win_rate":0.0,"timestamp":1609180628,"path_taken":["M","?","M","?","?","E","R","?","T","E","M","E","R","M","R","BOSS","M","?","?","?","M","R","E","R","T","E","?","E","R","M","R","BOSS"],"items_purchased_type":["Card","Card","Card"],"build_version":"2020-12-22","purchased_purges":1,"victory":false,"max_hp_per_floor":[71,71,71,71,66,66,66,66,66,66,66,66,66,66,66,66,66,66,66,66,66,66,66,66,66,66,66,66,66,66,66,66,66,66],"relic_stats":{"Peace Pipe":1,"Happy Flower":[9],"counters":[17,68],"Golden Idol":92,"Letter Opener":[125],"obtain_stats":[{"Girya":12,"Lantern":2,"NeowsBlessing":0,"Happy Flower":24,"Golden Idol":5,"Velvet Choker":17,"Letter Opener":9,"Cables":26,"Peace Pipe":29,"Bottled Flame":27,"Bag of Marbles":6,"Cracked Core":0,"InkBottle":10},{"Girya":6,"Lantern":1,"NeowsBlessing":0,"Happy Flower":12,"Golden Idol":2,"Velvet Choker":8,"Letter Opener":3,"Cables":12,"Peace Pipe":15,"Bottled Flame":13,"Bag of Marbles":3,"Cracked Core":0,"InkBottle":4},{"Girya":17,"Lantern":1,"NeowsBlessing":0,"Happy Flower":39,"Golden Idol":2,"Velvet Choker":26,"Letter Opener":3,"Cables":39,"Peace Pipe":55,"Bottled Flame":44,"Bag of Marbles":3,"Cracked Core":0,"InkBottle":7}],"InkBottle":[24],"Cables":[25,6,15,4,0]},"card_choices":[{"not_picked":["Hologram","Redo"],"picked":"Coolheaded","floor":1.0},{"not_picked":["Stack","Compile Driver"],"picked":"Cold Snap","floor":3.0},{"not_picked":["Stack","Rebound"],"picked":"Glacier","floor":6.0},{"not_picked":["Steam Power","Beam Cell"],"picked":"Genetic Algorithm","floor":10.0},{"not_picked":["Coolheaded","Stack"],"picked":"Reboot","floor":11.0},{"not_picked":["Stack","Scrape"],"picked":"Conserve Battery","floor":12},{"not_picked":["Conserve Battery","Leap"],"picked":"Go for the Eyes","floor":14},{"not_picked":["Seek","Multi-Cast"],"picked":"Echo Form","floor":16},{"not_picked":["Stack","Ball Lightning"],"picked":"Glacier","floor":18},{"not_picked":["Go for the Eyes","Turbo","Cold Snap"],"picked":"SKIP","floor":20},{"not_picked":["Turbo","Redo"],"picked":"Blizzard","floor":22},{"not_picked":["Turbo","Hello World","Conserve Battery"],"picked":"SKIP","floor":24},{"not_picked":["Recycle","Gash","Reprogram"],"picked":"SKIP","floor":27},{"not_picked":["Steam","Storm","Gash+1"],"picked":"SKIP","floor":28},{"not_picked":["Rainbow","Melter"],"picked":"BootSequence","floor":29},{"not_picked":["Auto Shields","Streamline","Leap"],"picked":"SKIP","floor":31}],"player_experience":755114,"relics_obtained":[{"floor":6.0,"key":"Bag of Marbles"},{"floor":9.0,"key":"Letter Opener"},{"floor":10.0,"key":"InkBottle"},{"floor":12,"key":"Girya"},{"floor":24,"key":"Happy Flower"},{"floor":26,"key":"Cables"},{"floor":27,"key":"Bottled Flame"},{"floor":29,"key":"Peace Pipe"}],"event_choices":[{"damage_healed":0.0,"max_hp_gain":0.0,"max_hp_loss":0.0,"gold_gain":0.0,"event_name":"Scrap Ooze","player_choice":"Success","floor":2.0,"gold_loss":0.0,"damage_taken":7.0,"relics_obtained":["Lantern"]},{"damage_healed":0.0,"max_hp_gain":0.0,"max_hp_loss":0.0,"gold_gain":175.0,"event_name":"Liars Game","player_choice":"AGREE","floor":4.0,"gold_loss":0.0,"damage_taken":0.0,"cards_obtained":["Doubt"]},{"damage_healed":0.0,"max_hp_gain":0.0,"max_hp_loss":5.0,"gold_gain":0.0,"event_name":"Golden Idol","player_choice":"Lose Max HP","floor":5.0,"gold_loss":0.0,"damage_taken":0.0,"relics_obtained":["Golden Idol"]},{"damage_healed":0,"gold_gain":0,"player_choice":"Bought 1 Potion","damage_taken":0,"max_hp_gain":0,"max_hp_loss":0,"event_name":"The Woman in Blue","floor":19,"gold_loss":0},{"damage_healed":0,"gold_gain":0,"player_choice":"1 cards matched","damage_taken":0,"max_hp_gain":0,"max_hp_loss":0,"event_name":"Match and Keep!","floor":21,"gold_loss":0,"cards_obtained":["Rainbow"]},{"damage_healed":0,"gold_gain":0,"player_choice":"1 cards matched","damage_taken":0,"max_hp_gain":0,"max_hp_loss":0,"event_name":"Match and Keep!","floor":21,"gold_loss":0,"cards_obtained":["Rainbow"]}],"is_beta":false,"boss_relics":[{"not_picked":["Empty Cage","Runic Pyramid"],"picked":"Velvet Choker"}],"items_purged_floors":[8],"is_endless":false,"potions_floor_spawned":[6,12,16,20,22,28,31],"killed_by":"Champ","ascension_level":14}}