{"host":"nkolxg4se00n20yf","time":1609183245,"event":{"mods":["BaseMod","CatGirl Mod","Chen","Colored Map","Colored Powertips","Downfall","Friendly Minions","Infinite Spire","Kiyohime????","Marisa????????","Minty Spire (QoL Compilation)","StSLib","Td1madao Mod","The Administrix","The Cursed","The Exalted","The Hierophant","The Servant 0.9.4"],"gold_per_floor":[109,184,334,34,46,46,73,73,100,100,115,132,132,162,162,235,235,251,268,268,278,53,53,53],"floor_reached":23,"playtime":1039,"items_purged":["Doubt"],"score":403,"play_id":"0154539a-3d1d-44b2-b19b-f76f303aadf3","local_time":"20201228202045","is_ascension_mode":true,"campfire_choices":[{"floor":6.0,"key":"REST"},{"floor":10.0,"key":"REST"},{"floor":13.0,"key":"REST"},{"floor":15.0,"key":"REST"}],"circlet_count":0,"master_deck":["AscendersBane","Defend_G","Defend_G","Defend_G","Defend_G","Defend_G","Survivor","Neutralize","Magnetism","Noxious Fumes","Quick Slash","Bouncing Flask","Slice","Flying Knee","Noxious Fumes","Glass Knife","Slice","Noxious Fumes","Bite","Bite","Bite","Bite","Bite","Terror","Footwork","Panacea"],"relics":["Ring of the Snake","Membership Card","Boot","Art of War","Pen Nib","Oddly Smooth Stone","WristBlade","infinitespire:Lucky Rock","Lantern"],"acts_visited":["Exordium","TheCity"],"potions_floor_usage":[23,23],"damage_taken":[{"damage":10.0,"enemies":"2 Louse","floor":1.0,"turns":4.0},{"damage":5.0,"enemies":"Small Slimes","floor":5.0,"turns":4.0},{"damage":40.0,"enemies":"Gremlin Nob","floor":7.0,"turns":5.0},{"damage":2.0,"enemies":"Jaw Worm","floor":11.0,"turns":4.0},{"damage":11.0,"enemies":"Looter","floor":12.0,"turns":3.0},{"damage":15.0,"enemies":"Lagavulin","floor":14.0,"turns":7.0},{"damage":26.0,"enemies":"Slime Boss","floor":16.0,"turns":10.0},{"damage":12.0,"enemies":"Chosen","floor":18.0,"turns":5.0},{"damage":5.0,"enemies":"Spheric Guardian","floor":19.0,"turns":3.0},{"damage":54.0,"enemies":"Cultist and Chosen","floor":21.0,"turns":7.0},{"damage":20,"enemies":"Slavers","floor":23,"turns":2}],"seed_played":"6395496974840181480","potions_obtained":[{"floor":1.0,"key":"Weak Potion"},{"floor":11.0,"key":"Explosive Potion"},{"floor":18.0,"key":"SpeedPotion"},{"floor":19.0,"key":"hexamod:EctoCoolerPotion"}],"is_trial":false,"path_per_floor":["M","?","?","$","M","R","E","?","T","R","M","M","R","E","R","B",null,"M","M","?","M","$","E"],"character_chosen":"THE_SILENT","items_purchased":["Membership Card","Boot","Quick Slash","infinitespire:Lucky Rock","Lantern","Footwork","Panacea"],"campfire_rested":4,"item_purchase_floors":[4,4,4,22,22,22,22],"current_hp_per_floor":[49,38,38,38,33,51,11,11,11,29,27,16,34,19,37,11,48,36,31,31,12,12,0,0],"gold":53,"neow_bonus":"RANDOM_COLORLESS_2","is_daily":false,"chose_seed":false,"campfire_upgraded":0,"win_rate":0.0,"timestamp":1609183245,"path_taken":["M","?","?","$","M","R","E","?","T","R","M","M","R","E","R","BOSS","M","M","?","M","$","E"],"items_purchased_type":["Relic","Relic","Card","Relic","Relic","Card","Card"],"build_version":"2020-12-22","purchased_purges":1,"victory":false,"max_hp_per_floor":[60,60,60,60,60,60,60,60,60,60,60,60,60,60,60,60,60,60,60,42,42,42,42,42],"card_choices":[{"not_picked":["expansioncontent:StudyTheSpire","Thinking Ahead"],"picked":"Magnetism","floor":0.0},{"not_picked":["PiercingWail","Prepared"],"picked":"Noxious Fumes","floor":1.0},{"not_picked":["Cloak And Dagger","Underhanded Strike"],"picked":"Bouncing Flask","floor":5.0},{"not_picked":["Concentrate","Dagger Spray"],"picked":"Slice","floor":7.0},{"not_picked":["Dagger Throw","Slice"],"picked":"Flying Knee","floor":11.0},{"not_picked":["Acrobatics","Deflect"],"picked":"Noxious Fumes","floor":12.0},{"not_picked":["Slice","Bane","Acrobatics"],"picked":"SKIP","floor":14.0},{"not_picked":["Adrenaline","Tools of the Trade"],"picked":"Glass Knife","floor":16.0},{"not_picked":["Underhanded Strike","Catalyst+1"],"picked":"Slice","floor":18.0},{"not_picked":["Dagger Throw","Calculated Gamble"],"picked":"Noxious Fumes","floor":19.0},{"not_picked":["Catalyst","Skewer+1"],"picked":"Terror","floor":21.0}],"player_experience":1072251,"relics_obtained":[{"floor":7.0,"key":"Art of War"},{"floor":9.0,"key":"Pen Nib"},{"floor":14.0,"key":"Oddly Smooth Stone"}],"event_choices":[{"damage_healed":0.0,"max_hp_gain":0.0,"max_hp_loss":0.0,"gold_gain":75.0,"event_name":"World of Goop","player_choice":"Gather Gold","floor":2.0,"gold_loss":0.0,"damage_taken":11.0},{"damage_healed":0.0,"max_hp_gain":0.0,"max_hp_loss":0.0,"gold_gain":150.0,"event_name":"Liars Game","player_choice":"AGREE","floor":3.0,"gold_loss":0.0,"damage_taken":0.0,"cards_obtained":["Doubt"]},{"damage_healed":0.0,"max_hp_gain":0.0,"max_hp_loss":18.0,"gold_gain":0.0,"event_name":"Vampires","player_choice":"Became a vampire","floor":20.0,"gold_loss":0.0,"damage_taken":0.0,"cards_obtained":["Bite","Bite","Bite","Bite","Bite"]}],"is_beta":false,"boss_relics":[{"not_picked":["SacredBark","Astrolabe"],"picked":"WristBlade"}],"items_purged_floors":[4],"is_endless":false,"potions_floor_spawned":[1,11,18,19],"killed_by":"Slavers","ascension_level":18}}