{"host":"m77rrhbqzv44va4v","time":1609123594,"event":{"mods":["AchievementEnabler","BaseMod","Colored Map","DeckTracker","Keyboard Shortcuts","Minty Spire (QoL Compilation)","StSLib","SuperFastMode","everything is the same but u backflip on backflip"],"gold_per_floor":[115,128,128,128,128,128,154,154,181,205,227,253,288,311,323,335,335],"floor_reached":16,"playtime":296,"items_purged":[],"score":274,"play_id":"5aede0c3-8f89-4ad1-b4ed-fc4116897526","local_time":"20201228114634","is_ascension_mode":true,"campfire_choices":[{"data":"Choke","floor":6,"key":"SMITH"},{"data":"Neutralize","floor":8,"key":"SMITH"},{"floor":15,"key":"REST"}],"circlet_count":0,"master_deck":["AscendersBane","Strike_G","Strike_G","Strike_G","Strike_G","Strike_G","Defend_G","Defend_G","Defend_G","Defend_G","Defend_G","Survivor","Neutralize+1","Choke+1","Flying Knee","Backflip","Footwork","Deadly Poison"],"relics":["Ring of the Snake","NeowsBlessing","Tiny Chest","Vajra","CeramicFish","MawBank"],"acts_visited":["Exordium"],"potions_floor_usage":[12,13,16],"damage_taken":[{"damage":0,"enemies":"2 Louse","floor":1,"turns":1},{"damage":0,"enemies":"Small Slimes","floor":2,"turns":1},{"damage":0,"enemies":"3 Sentries","floor":7,"turns":1},{"damage":0,"enemies":"Cultist","floor":10,"turns":3},{"damage":0,"enemies":"Looter","floor":11,"turns":4},{"damage":42,"enemies":"Gremlin Nob","floor":12,"turns":5},{"damage":14,"enemies":"2 Fungi Beasts","floor":13,"turns":4},{"damage":4,"enemies":"Exordium Thugs","floor":14,"turns":5},{"damage":35,"enemies":"Hexaghost","floor":16,"turns":9}],"seed_played":"-6959369735761359984","potions_obtained":[{"floor":2,"key":"Regen Potion"},{"floor":7,"key":"Energy Potion"},{"floor":10,"key":"PowerPotion"},{"floor":13,"key":"Fruit Juice"}],"is_trial":false,"path_per_floor":["M","M","?","?","?","R","E","R","T","M","M","E","M","M","R","B"],"character_chosen":"THE_SILENT","items_purchased":[],"campfire_rested":1,"item_purchase_floors":[],"current_hp_per_floor":[59,59,64,59,59,59,59,59,59,59,59,26,17,13,35,0,0],"gold":335,"neow_bonus":"THREE_ENEMY_KILL","is_daily":false,"chose_seed":false,"campfire_upgraded":2,"win_rate":0.0,"timestamp":1609123594,"path_taken":["M","M","?","?","?","R","E","R","T","M","M","E","M","?","R","BOSS"],"items_purchased_type":[],"build_version":"2020-12-22","purchased_purges":0,"victory":false,"max_hp_per_floor":[66,66,71,71,71,71,71,71,71,71,71,71,76,76,76,76,76],"card_choices":[{"not_picked":["Dagger Spray","Slice"],"picked":"Choke","floor":1},{"not_picked":["Choke","Flechettes"],"picked":"Flying Knee","floor":2},{"not_picked":["Quick Slash","Finisher","Doppelganger"],"picked":"SKIP","floor":7},{"not_picked":["Blade Dance","Slice"],"picked":"Backflip","floor":10},{"not_picked":["Poisoned Stab","Bane"],"picked":"Footwork","floor":11},{"not_picked":["Backflip","Predator","Blur"],"picked":"SKIP","floor":12},{"not_picked":["Deflect","Deadly Poison","Infinite Blades"],"picked":"SKIP","floor":13},{"not_picked":["Deflect","Infinite Blades"],"picked":"Deadly Poison","floor":13},{"not_picked":["Acrobatics","Infinite Blades","Poisoned Stab"],"picked":"SKIP","floor":14}],"player_experience":815731,"relics_obtained":[{"floor":7,"key":"Vajra"},{"floor":9,"key":"CeramicFish"},{"floor":12,"key":"MawBank"}],"event_choices":[{"damage_healed":0,"gold_gain":0,"player_choice":"Donut","damage_taken":0,"max_hp_gain":5,"max_hp_loss":0,"event_name":"Big Fish","floor":3,"gold_loss":0},{"damage_healed":0,"gold_gain":0,"player_choice":"Success","damage_taken":5,"relics_obtained":["Tiny Chest"],"max_hp_gain":0,"max_hp_loss":0,"event_name":"Scrap Ooze","floor":4,"gold_loss":0},{"damage_healed":0,"gold_gain":0,"player_choice":"0 cards matched","damage_taken":0,"max_hp_gain":0,"max_hp_loss":0,"event_name":"Match and Keep!","floor":5,"gold_loss":0,"cards_obtained":[]}],"is_beta":false,"boss_relics":[],"items_purged_floors":[],"is_endless":false,"potions_floor_spawned":[2,7,10,13],"killed_by":"Hexaghost","ascension_level":20}}