{"host":"r6jigiblrojhp6xe","time":1609159645,"event":{"mods":["AchievementEnabler","BaseMod","DeckTracker","Minty Spire (QoL Compilation)","Quick Restart","Rare Cards Sparkle","Relic Stats","StSLib","SuperFastMode","The Cursed","everything is the same but u backflip on backflip"],"gold_per_floor":[15,29,46,58,58,88,88,114,114,145,165,240,254,273,273,273,273],"floor_reached":16,"playtime":364,"items_purged":[],"score":248,"play_id":"b14a76f5-9bab-4302-a147-f315a71ddee7","local_time":"20201228214725","is_ascension_mode":true,"campfire_choices":[{"data":"Inflame","floor":7,"key":"SMITH"},{"data":"Fire Breathing","floor":15,"key":"SMITH"}],"circlet_count":0,"master_deck":["AscendersBane","Strike_R","Strike_R","Strike_R","Defend_R","Defend_R","Defend_R","Defend_R","Bash","Second Wind+1","Intimidate+1","Twin Strike","Inflame+1","Evolve","Twin Strike","Twin Strike","Whirlwind","Shrug It Off","Fire Breathing+1","Heavy Blade"],"relics":["Burning Blood","Ornamental Fan","Tiny Chest","War Paint","Mercury Hourglass"],"acts_visited":["Exordium"],"potions_floor_usage":[6,10,13,16],"damage_taken":[{"damage":2,"enemies":"2 Louse","floor":1,"turns":4},{"damage":0,"enemies":"Cultist","floor":2,"turns":3},{"damage":4,"enemies":"Jaw Worm","floor":3,"turns":3},{"damage":22,"enemies":"Large Slime","floor":4,"turns":6},{"damage":8,"enemies":"Gremlin Nob","floor":6,"turns":3},{"damage":35,"enemies":"3 Sentries","floor":8,"turns":6},{"damage":8,"enemies":"Gremlin Nob","floor":10,"turns":3},{"damage":0,"enemies":"Lots of Slimes","floor":11,"turns":1},{"damage":3,"enemies":"Gremlin Gang","floor":13,"turns":2},{"damage":8,"enemies":"2 Fungi Beasts","floor":14,"turns":3},{"damage":40,"enemies":"Hexaghost","floor":16,"turns":8}],"seed_played":"-8356270698058150762","potions_obtained":[{"floor":3,"key":"SteroidPotion"},{"floor":6,"key":"Explosive Potion"},{"floor":8,"key":"SteroidPotion"},{"floor":10,"key":"AttackPotion"}],"is_trial":false,"path_per_floor":["M","M","M","M","?","E","R","E","T","E","M","?","M","M","R","B"],"character_chosen":"IRONCLAD","items_purchased":[],"campfire_rested":0,"item_purchase_floors":[],"current_hp_per_floor":[72,75,75,59,75,73,73,44,44,42,48,37,40,38,38,0,0],"gold":273,"neow_bonus":"TRANSFORM_TWO_CARDS","is_daily":false,"chose_seed":false,"campfire_upgraded":2,"win_rate":0.0,"timestamp":1609159645,"path_taken":["M","M","M","M","?","E","R","E","T","E","?","?","M","M","R","BOSS"],"items_purchased_type":[],"build_version":"2020-12-22","purchased_purges":0,"victory":false,"max_hp_per_floor":[75,75,75,75,75,75,75,75,75,75,75,75,75,75,75,75,75],"relic_stats":{"counters":[11,42],"Ornamental Fan":[4],"Tiny Chest":0,"War Paint":["Second Wind","Intimidate"],"obtain_stats":[{"Ornamental Fan":6,"Tiny Chest":8,"War Paint":9,"Burning Blood":0,"Mercury Hourglass":10},{"Ornamental Fan":5,"Tiny Chest":6,"War Paint":6,"Burning Blood":0,"Mercury Hourglass":7},{"Ornamental Fan":19,"Tiny Chest":25,"War Paint":25,"Burning Blood":0,"Mercury Hourglass":28}],"Burning Blood":55,"Mercury Hourglass":[72]},"card_choices":[{"not_picked":["Thunderclap","Body Slam"],"picked":"Twin Strike","floor":1},{"not_picked":["Second Wind","Sword Boomerang"],"picked":"Inflame","floor":2},{"not_picked":["Sentinel","Clothesline"],"picked":"Evolve","floor":3},{"not_picked":["Infernal Blade","Iron Wave"],"picked":"Twin Strike","floor":4},{"not_picked":["Exhume","Searing Blow"],"picked":"Twin Strike","floor":6},{"not_picked":["Havoc","Dropkick"],"picked":"Whirlwind","floor":8},{"not_picked":["Headbutt","Seeing Red"],"picked":"Shrug It Off","floor":10},{"not_picked":["Pommel Strike","Headbutt"],"picked":"Fire Breathing","floor":11},{"not_picked":["Perfected Strike","Fire Breathing"],"picked":"Heavy Blade","floor":13},{"not_picked":["Cleave","Combust","Pommel Strike"],"picked":"SKIP","floor":14}],"player_experience":546370,"relics_obtained":[{"floor":6,"key":"Ornamental Fan"},{"floor":8,"key":"Tiny Chest"},{"floor":9,"key":"War Paint"},{"floor":10,"key":"Mercury Hourglass"}],"event_choices":[{"damage_healed":16,"gold_gain":0,"player_choice":"Full Heal","damage_taken":0,"max_hp_gain":0,"max_hp_loss":0,"event_name":"Wheel of Change","floor":5,"gold_loss":0},{"damage_healed":0,"gold_gain":75,"player_choice":"Gather Gold","damage_taken":11,"max_hp_gain":0,"max_hp_loss":0,"event_name":"World of Goop","floor":12,"gold_loss":0}],"is_beta":false,"boss_relics":[],"items_purged_floors":[],"is_endless":false,"potions_floor_spawned":[3,6,8,10,11],"killed_by":"Hexaghost","ascension_level":20}}