{"host":"wy5pcbg592uilh9l","time":1609189167,"event":{"mods":["AchievementEnabler","BaseMod","BetterRewards","Hubris","Infinite Spire","Minty Spire (QoL Compilation)","Permanent Neow","Replay The Spire","StSLib","The Servant 0.9.4"],"gold_per_floor":[110,129,129,43,43,43,73,73,73,98,116,116,149,165,165,267,267,286,304,319,269,280,315,315,342,391,418,38,38,73,83,83,179,179,193,215,215,229,249,249,266,266,266,27,63,89,89,89,184,283,283,283,283],"floor_reached":52,"playtime":4794,"items_purged":["Voices"],"score":998,"play_id":"c731d978-ed9f-4a8c-9d3c-511ebba8a87f","local_time":"20201228145927","is_ascension_mode":true,"campfire_choices":[{"data":"Eruption","floor":6.0,"key":"SMITH"},{"data":"infinitespire:DeathsTouch","floor":8.0,"key":"SMITH"},{"floor":12.0,"key":"REST"},{"data":"Replay:Hum","floor":15.0,"key":"SMITH"},{"floor":24.0,"key":"REST"},{"floor":32.0,"key":"REST"},{"floor":40.0,"key":"REST"},{"floor":42.0,"key":"REST"},{"floor":47.0,"key":"REST"}],"circlet_count":0,"master_deck":["infinitespire:DeathsTouch+1","Strike_P+1","Strike_P","Strike_P","Defend_P+1","Defend_P+1","Eruption+1","Vigilance+1","Replay:Vibes","Replay:DivineShield+1","Replay:Battleflow+1","FlurryOfBlows","Replay:AtTheReady","Replay:Hum+1","FlurryOfBlows","EmptyFist","Replay:ManipulateFuture","LessonLearned+1","ForeignInfluence","CutThroughFate","Replay:BluntJabs","Meditate+1","FlurryOfBlows","BattleHymn","TalkToTheHand","Vengeance","FlurryOfBlows+1","Alpha","Crescendo","CutThroughFate","DeusExMachina","Sanctity","Indignation+1","Consecrate+1","FlurryOfBlows+1","Heavy Blade","JustLucky+1","EmptyFist","LikeWater","Shockwave","FearNoEvil+1","Consecrate","Pain","Master of Strategy","Replay:BluntJabs","FlurryOfBlows+1","FlurryOfBlows+1","JustLucky","FlyingSleeves","Fiend Fire"],"relics":["PureWater","NeowsBlessing","Ring of Fury","Omamori","hubris:BottledRain","infinitespire:Eraser","Mirror","hubris:GrandSneckoEye","hubris:DisguiseKit","infinitespire:CheckeredPen","Pen Nib","Prayer Wheel","hubris:Potato","hubris:DeckOfHolding","Calling Bell","PreservedInsect","infinitespire:Midas Blood","Replay:PocketPolymizer","hubris:Towel","Kunai","Simple Rune","ReplayTheSpireMod:CursedCoin","Vajra","Black Star"],"acts_visited":[],"potions_floor_usage":[],"damage_taken":[{"damage":0.0,"enemies":"infinitespire:Voidling","floor":1.0,"turns":1.0},{"damage":0.0,"enemies":"Small Slimes","floor":2.0,"turns":2.0},{"damage":0.0,"enemies":"Gremlin Nob","floor":7.0,"turns":1.0},{"damage":13.0,"enemies":"3 Sentries","floor":10.0,"turns":4.0},{"damage":0.0,"enemies":"Cultist","floor":11.0,"turns":2.0},{"damage":0.0,"enemies":"Lagavulin","floor":13.0,"turns":4.0},{"damage":0.0,"enemies":"Gremlin Gang","floor":14.0,"turns":2.0},{"damage":7.0,"enemies":"Fading Forest","floor":16.0,"turns":11.0},{"damage":1.0,"enemies":"3 Byrds","floor":18.0,"turns":4.0},{"damage":5.0,"enemies":"Shell Parasite","floor":19.0,"turns":3.0},{"damage":0.0,"enemies":"Cultist and Chosen","floor":20.0,"turns":4.0},{"damage":0.0,"enemies":"Snecko","floor":22.0,"turns":2.0},{"damage":7.0,"enemies":"Replay:Snechameleon","floor":23.0,"turns":5.0},{"damage":20.0,"enemies":"Nightmare","floor":25.0,"turns":4.0},{"damage":32.0,"enemies":"Replay:Snechameleon","floor":27.0,"turns":3.0},{"damage":0.0,"enemies":"Gremlin Leader","floor":30.0,"turns":3.0},{"damage":0.0,"enemies":"Sentry and Sphere","floor":31.0,"turns":2.0},{"damage":19.0,"enemies":"Champ","floor":33.0,"turns":3.0},{"damage":0.0,"enemies":"3 Shapes","floor":35.0,"turns":3.0},{"damage":14.0,"enemies":"3 Darklings","floor":36.0,"turns":2.0},{"damage":0.0,"enemies":"Transient","floor":38.0,"turns":5.0},{"damage":38.0,"enemies":"4 Shapes","floor":39.0,"turns":4.0},{"damage":10.0,"enemies":"Writhing Mass","floor":41.0,"turns":3.0},{"damage":18.0,"enemies":"Sphere and 2 Shapes","floor":45.0,"turns":2.0},{"damage":0.0,"enemies":"R_Hoarder","floor":46.0,"turns":2.0},{"damage":19.0,"enemies":"infinitespire:MassOfShapes","floor":50.0,"turns":4.0},{"damage":0,"enemies":"Small Slimes","floor":52,"turns":1}],"seed_played":"-4799654854187892852","potions_obtained":[{"floor":1.0,"key":"PowerPotion"},{"floor":5.0,"key":"ColorlessPotion"},{"floor":5.0,"key":"Death Potion"},{"floor":10.0,"key":"Energy Potion"},{"floor":11.0,"key":"SteroidPotion"},{"floor":13.0,"key":"AttackPotion"},{"floor":16.0,"key":"GamblersBrew"},{"floor":18.0,"key":"Toxic Potion"},{"floor":22.0,"key":"SkillPotion"},{"floor":23.0,"key":"Weak Potion"},{"floor":27.0,"key":"Weak Potion"},{"floor":30.0,"key":"Weak Potion"},{"floor":35.0,"key":"AttackPotion"},{"floor":38.0,"key":"Regen Potion"},{"floor":41.0,"key":"Energy Potion"},{"floor":46.0,"key":"FearPotion"},{"floor":50.0,"key":"Fire Potion"}],"is_trial":false,"path_per_floor":["M","M","?","$","?","R","E","R","T","E","M","R","E","M","R","B",null,"M","M","M","?","M","E","R","NM","T","E","$","?","E","M","R","B",null,"M","M","?","M","M","R","M","R","T","$","M","E","R","?","R","B",null,"M"],"character_chosen":"WATCHER","items_purchased":["Replay:Battleflow","FlurryOfBlows","hubris:Potato","Vengeance","FlurryOfBlows","Simple Rune","ReplayTheSpireMod:CursedCoin","Master of Strategy"],"campfire_rested":6,"item_purchase_floors":[4,4,28,28,28,44,44,44],"current_hp_per_floor":[72,72,72,72,72,72,72,72,72,59,59,72,72,72,72,65,72,71,66,66,66,66,59,72,52,52,20,20,23,23,23,45,26,75,75,61,61,61,23,45,35,57,57,57,44,44,66,66,66,47,71,71,71],"gold":283,"neow_bonus":"THREE_ENEMY_KILL","is_daily":false,"chose_seed":false,"campfire_upgraded":3,"win_rate":0.0,"timestamp":1609189167,"path_taken":["M","?","?","$","?","R","E","R","T","E","M","R","E","M","R","BOSS","M","?","M","?","M","E","R","NM","T","E","?","?","E","M","R","BOSS","M","M","?","M","M","R","M","R","T","$","M","E","R","?","R","BOSS","M"],"items_purchased_type":["Card","Card","Relic","Card","Card","Relic","Relic","Card"],"build_version":"2020-12-22","purchased_purges":1,"victory":false,"max_hp_per_floor":[72,72,72,72,72,72,72,72,72,72,72,72,72,72,72,72,72,72,72,72,72,72,72,72,72,72,72,72,75,75,75,75,75,75,75,75,75,75,75,75,75,75,75,75,75,75,75,71,71,71,71,71,71],"card_choices":[{"not_picked":["Sanctity","PathToVictory"],"picked":"Replay:Vibes","floor":1.0},{"not_picked":["BowlingBash","TalkToTheHand"],"picked":"Replay:DivineShield","floor":2.0},{"not_picked":["BattleHymn","Pray"],"picked":"Replay:AtTheReady","floor":7.0},{"not_picked":["Omniscience","Replay:Vibes"],"picked":"Replay:Hum","floor":10.0},{"not_picked":["FlyingSleeves","Halt"],"picked":"FlurryOfBlows","floor":11.0},{"not_picked":["Consecrate","MentalFortress"],"picked":"EmptyFist","floor":13.0},{"not_picked":["EmptyBody","Replay:Anticipation"],"picked":"Replay:ManipulateFuture","floor":14.0},{"not_picked":["Brilliance","DevaForm"],"picked":"LessonLearned","floor":16.0},{"not_picked":["Consecrate","EmptyBody"],"picked":"ForeignInfluence","floor":18.0},{"not_picked":["FlyingSleeves","Halt"],"picked":"CutThroughFate","floor":19.0},{"not_picked":["Replay:ManipulateFuture","JustLucky+1"],"picked":"Replay:BluntJabs","floor":20.0},{"not_picked":["Replay:LoomingThreat","SashWhip"],"picked":"Meditate+1","floor":22.0},{"not_picked":["FlyingSleeves","Replay:ManipulateFuture"],"picked":"FlurryOfBlows","floor":23.0},{"not_picked":["InnerPeace+1","Replay:LoomingThreat","Clash"],"picked":"BattleHymn","floor":25.0},{"not_picked":["SashWhip","Study","Disarm"],"picked":"TalkToTheHand","floor":27.0},{"not_picked":["FlyingSleeves","MentalFortress","Perfected Strike"],"picked":"Alpha","floor":30.0},{"not_picked":["Replay:ManipulateFuture","Evaluate","Rampage"],"picked":"Crescendo","floor":31.0},{"not_picked":["Halt","ThirdEye","Twin Strike"],"picked":"CutThroughFate","floor":31.0},{"not_picked":["Scrawl","Brilliance","Barricade"],"picked":"DeusExMachina","floor":33.0},{"not_picked":["FollowUp+1","EmptyBody","hubris:SharpeningStone"],"picked":"Sanctity","floor":35.0},{"not_picked":["SashWhip","Collect","Replay:Undeath\u0027s Touch"],"picked":"Indignation+1","floor":35.0},{"not_picked":["Fasting2+1","Replay:DivineShield","Twin Strike"],"picked":"Consecrate+1","floor":36.0},{"not_picked":["ClearTheMind","Replay:ManipulateFuture+1","Headbutt"],"picked":"FlurryOfBlows+1","floor":36.0},{"not_picked":["SashWhip","Replay:DivineShield+1","ReplayReversal"],"picked":"BowlingBash","floor":38.0},{"not_picked":["BowlingBash+1","Prostrate+1","SignatureMove"],"picked":"Heavy Blade","floor":38.0},{"not_picked":["ClearTheMind","Fasting2+1","Wild Strike"],"picked":"JustLucky+1","floor":39.0},{"not_picked":["Prostrate+1","Perseverance+1","Brutality"],"picked":"EmptyFist","floor":39.0},{"not_picked":["Replay:AtTheReady","Collect","Prostrate+1"],"picked":"Shockwave","floor":41.0},{"not_picked":["Wireheading+1","CrushJoints+1","Defy Death"],"picked":"FearNoEvil+1","floor":41.0},{"not_picked":["Halt","Study","ReplayTheSpireMod:Strike From Hell"],"picked":"Replay:BluntJabs","floor":45.0},{"not_picked":["Prostrate+1","CutThroughFate+1","Burning Pact"],"picked":"FlurryOfBlows+1","floor":45.0},{"not_picked":["Vengeance+1","Crescendo","Replay:Undeath\u0027s Touch"],"picked":"FlurryOfBlows+1","floor":46.0},{"not_picked":["Judgement","SpiritShield","LessonLearned"],"picked":"Fiend Fire","floor":50.0}],"player_experience":163408,"relics_obtained":[{"floor":3.0,"key":"Ring of Fury"},{"floor":7.0,"key":"Omamori"},{"floor":9.0,"key":"hubris:BottledRain"},{"floor":10.0,"key":"infinitespire:Eraser"},{"floor":13.0,"key":"Mirror"},{"floor":23.0,"key":"hubris:DisguiseKit"},{"floor":25.0,"key":"infinitespire:CheckeredPen"},{"floor":26.0,"key":"Pen Nib"},{"floor":27.0,"key":"Prayer Wheel"},{"floor":30.0,"key":"hubris:DeckOfHolding"},{"floor":34.0,"key":"PreservedInsect"},{"floor":34.0,"key":"infinitespire:Midas Blood"},{"floor":34.0,"key":"Replay:PocketPolymizer"},{"floor":43.0,"key":"Kunai"},{"floor":46.0,"key":"Vajra"}],"event_choices":[{"damage_healed":0.0,"max_hp_gain":0.0,"max_hp_loss":0.0,"gold_gain":0.0,"event_name":"Lab","player_choice":"Got Potions","floor":5.0,"gold_loss":0.0,"damage_taken":0.0},{"damage_healed":0.0,"max_hp_gain":0.0,"max_hp_loss":0.0,"gold_gain":0.0,"event_name":"The Joust","player_choice":"Bet on Murderer","floor":21.0,"gold_loss":50.0,"damage_taken":0.0},{"damage_healed":0.0,"max_hp_gain":0.0,"max_hp_loss":4.0,"gold_gain":0.0,"event_name":"Winding Halls","player_choice":"Max HP","floor":48.0,"gold_loss":0.0,"damage_taken":0.0}],"is_beta":false,"boss_relics":[{"not_picked":["Snecko Eye","Replay:Drink Me"],"picked":"hubris:GrandSneckoEye"},{"not_picked":["ChewingGum","hubris:RunicObelisk"],"picked":"Calling Bell"},{"not_picked":["Empty Cage","Fusion Hammer"],"picked":"Black Star"}],"items_purged_floors":[44],"is_endless":true,"potions_floor_spawned":[1,10,11,13,16,18,22,23,27,30,35,38,41,46,50],"killed_by":"Small Slimes","ascension_level":1}}