{"host":"k85tjwrh7mjrrc9a","time":1609121070,"event":{"mods":["AchievementEnabler","BaseMod","Colored Powertips","Highlight Path","Minty Spire (QoL Compilation)","Rare Cards Sparkle","StSLib"],"gold_per_floor":[111,111,130,85,100,125,125,142,166,166,197,216,216,228,228,326,326,346,346,366,379,229,229,243,243,243],"floor_reached":25,"playtime":1401,"items_purged":["Strike_R"],"score":247,"play_id":"a583a203-4d53-4714-bccf-55fe82b04dd1","local_time":"20201227210430","is_ascension_mode":true,"campfire_choices":[{"floor":7,"key":"REST"},{"floor":15,"key":"REST"},{"floor":23,"key":"REST"}],"circlet_count":0,"master_deck":["Strike_R","Strike_R","Strike_R","Strike_R","Defend_R","Defend_R","Defend_R","Defend_R","Bash","Offering","Shrug It Off","Thunderclap","Battle Trance","Pommel Strike","Twin Strike","Shrug It Off","Rampage","Fire Breathing","Barricade","Cleave","True Grit","Pommel Strike","Metallicize","True Grit"],"relics":["Black Blood","Red Skull","Anchor","PreservedInsect"],"acts_visited":["Exordium","TheCity"],"potions_floor_usage":[16,16,20,24,25,25],"damage_taken":[{"damage":7,"enemies":"Jaw Worm","floor":1,"turns":3},{"damage":3,"enemies":"Cultist","floor":3,"turns":4},{"damage":0,"enemies":"2 Louse","floor":5,"turns":3},{"damage":61,"enemies":"Lagavulin","floor":6,"turns":7},{"damage":22,"enemies":"Exordium Wildlife","floor":8,"turns":4},{"damage":16,"enemies":"3 Sentries","floor":11,"turns":4},{"damage":0,"enemies":"3 Louse","floor":12,"turns":2},{"damage":4,"enemies":"Exordium Thugs","floor":14,"turns":4},{"damage":27,"enemies":"Slime Boss","floor":16,"turns":6},{"damage":18,"enemies":"3 Byrds","floor":18,"turns":6},{"damage":24,"enemies":"Shell Parasite","floor":20,"turns":4},{"damage":30,"enemies":"Snake Plant","floor":21,"turns":5},{"damage":42,"enemies":"Snecko","floor":24,"turns":7},{"damage":30,"enemies":"Book of Stabbing","floor":25,"turns":3}],"seed_played":"-1943600035459450128","potions_obtained":[{"floor":6,"key":"DistilledChaos"},{"floor":11,"key":"SkillPotion"},{"floor":12,"key":"SkillPotion"},{"floor":16,"key":"DuplicationPotion"},{"floor":20,"key":"Dexterity Potion"},{"floor":24,"key":"Ancient Potion"}],"is_trial":false,"path_per_floor":["M","?","M","$","M","E","R","M","T","$","E","M","$","M","R","B",null,"M","?","M","M","$","R","M","E"],"character_chosen":"IRONCLAD","items_purchased":["Thunderclap","Metallicize"],"campfire_rested":3,"item_purchase_floors":[4,22],"current_hp_per_floor":[79,79,80,80,80,25,49,33,33,33,23,29,29,31,55,34,80,74,59,47,29,29,54,24,0,0],"gold":243,"neow_bonus":"ONE_RANDOM_RARE_CARD","is_daily":false,"chose_seed":false,"campfire_upgraded":0,"win_rate":0.0,"timestamp":1609121070,"path_taken":["M","?","M","$","M","E","R","M","T","$","E","?","?","M","R","BOSS","M","?","M","M","$","R","M","E"],"items_purchased_type":["Card","Card"],"build_version":"2020-12-22","purchased_purges":1,"victory":false,"max_hp_per_floor":[80,80,80,80,80,80,80,80,80,80,80,80,80,80,80,80,80,80,85,85,85,85,85,85,85,85],"card_choices":[{"not_picked":["Armaments","Combust"],"picked":"Shrug It Off","floor":1},{"not_picked":["Hemokinesis","Combust","Body Slam"],"picked":"SKIP","floor":3},{"not_picked":["Flex","Anger"],"picked":"Battle Trance","floor":5},{"not_picked":["Sword Boomerang","Anger"],"picked":"Pommel Strike","floor":6},{"not_picked":["Perfected Strike","Power Through"],"picked":"Twin Strike","floor":8},{"not_picked":["Bludgeon","Clash"],"picked":"Shrug It Off","floor":11},{"not_picked":["Anger","Dropkick"],"picked":"Rampage","floor":12},{"not_picked":["Entrench","Body Slam"],"picked":"Fire Breathing","floor":14},{"not_picked":["Fiend Fire","Exhume"],"picked":"Barricade","floor":16},{"not_picked":["Spot Weakness","Wild Strike+1"],"picked":"Cleave","floor":18},{"not_picked":["Body Slam+1","Thunderclap"],"picked":"True Grit","floor":20},{"not_picked":["Twin Strike+1","Reckless Charge"],"picked":"Pommel Strike","floor":21},{"not_picked":["Reckless Charge","Havoc"],"picked":"True Grit","floor":24}],"player_experience":81725,"relics_obtained":[{"floor":6,"key":"Red Skull"},{"floor":9,"key":"Anchor"},{"floor":11,"key":"PreservedInsect"}],"event_choices":[{"damage_healed":0,"gold_gain":0,"player_choice":"Bought 0 Potions","damage_taken":0,"max_hp_gain":0,"max_hp_loss":0,"event_name":"The Woman in Blue","floor":2,"gold_loss":0},{"damage_healed":0,"gold_gain":0,"player_choice":"Shed Blood","damage_taken":20,"max_hp_gain":5,"max_hp_loss":0,"event_name":"Forgotten Altar","floor":19,"gold_loss":0}],"is_beta":false,"boss_relics":[{"not_picked":["Tiny House","Busted Crown"],"picked":"Black Blood"}],"items_purged_floors":[22],"is_endless":false,"potions_floor_spawned":[6,11,12,16,20,24],"killed_by":"Book of Stabbing","ascension_level":3}}