{"host":"uflv0e3ja7hvnij7","time":1609179612,"event":{"mods":["BaseMod","Better Altar","Better Match","Better Note","Better Sensory Stone","Better Skull","Better Third Choice","Minty Spire (QoL Compilation)","Permanent Neow","StSLib"],"gold_per_floor":[117,117,127,2,15,33,43,55,81,81,91,105,105,133,133,133,133],"floor_reached":16,"playtime":777,"items_purged":["Defend_R"],"score":195,"play_id":"ffcbc050-7720-42d7-9acf-b6e682e35d53","local_time":"20201228132012","is_ascension_mode":true,"campfire_choices":[{"data":"Armaments","floor":10,"key":"SMITH"},{"data":"Armaments","floor":13,"key":"SMITH"},{"data":"Mayhem","floor":15,"key":"SMITH"}],"circlet_count":0,"master_deck":["Strike_R","Strike_R","Strike_R","Strike_R","Strike_R","Defend_R","Defend_R","Defend_R","Bash","Perfected Strike","Armaments+1","Mayhem+1","Armaments+1","Perfected Strike","Whirlwind","Shrug It Off","Shockwave","Seeing Red","Pommel Strike"],"relics":["Burning Blood","Oddly Smooth Stone","Gambling Chip"],"acts_visited":["Exordium"],"potions_floor_usage":[12,14],"damage_taken":[{"damage":1,"enemies":"2 Louse","floor":1,"turns":2},{"damage":15,"enemies":"Small Slimes","floor":3,"turns":3},{"damage":1,"enemies":"Cultist","floor":5,"turns":3},{"damage":3,"enemies":"Blue Slaver","floor":6,"turns":3},{"damage":27,"enemies":"Exordium Wildlife","floor":7,"turns":4},{"damage":0,"enemies":"3 Louse","floor":8,"turns":1},{"damage":6,"enemies":"Large Slime","floor":11,"turns":5},{"damage":16,"enemies":"Gremlin Gang","floor":12,"turns":4},{"damage":14,"enemies":"3 Sentries","floor":14,"turns":5},{"damage":21,"enemies":"Slime Boss","floor":16,"turns":7}],"seed_played":"-7914672829437449357","potions_obtained":[{"floor":3,"key":"Regen Potion"},{"floor":5,"key":"SteroidPotion"},{"floor":11,"key":"Regen Potion"}],"is_trial":false,"path_per_floor":["M","?","M","$","M","M","M","M","T","R","M","M","R","E","R","B"],"character_chosen":"IRONCLAD","items_purchased":["Perfected Strike"],"campfire_rested":0,"item_purchase_floors":[4],"current_hp_per_floor":[80,80,71,71,76,79,58,64,64,64,64,66,66,70,70,55,55],"gold":133,"neow_bonus":"THREE_CARDS","is_daily":false,"chose_seed":false,"campfire_upgraded":3,"win_rate":0.0,"timestamp":1609179612,"path_taken":["M","?","M","$","M","?","M","M","T","R","M","M","R","E","R","BOSS"],"items_purchased_type":["Card"],"build_version":"2020-12-22","purchased_purges":1,"victory":false,"max_hp_per_floor":[80,80,80,80,80,80,80,80,80,80,80,80,80,80,80,80,80],"card_choices":[{"not_picked":["Twin Strike","Ghostly Armor"],"picked":"Perfected Strike","floor":0},{"not_picked":["Wild Strike","Clothesline"],"picked":"Armaments","floor":1},{"not_picked":["Thinking Ahead","Magnetism"],"picked":"Mayhem","floor":2},{"not_picked":["Body Slam","Anger"],"picked":"Armaments","floor":3},{"not_picked":["Armaments","Carnage","Fire Breathing"],"picked":"SKIP","floor":5},{"not_picked":["Cleave","Rampage"],"picked":"Whirlwind","floor":6},{"not_picked":["Havoc","Warcry"],"picked":"Shrug It Off","floor":7},{"not_picked":["Spot Weakness","Entrench"],"picked":"Shockwave","floor":8},{"not_picked":["Body Slam","Heavy Blade","Clothesline"],"picked":"SKIP","floor":11},{"not_picked":["Cleave","Warcry"],"picked":"Seeing Red","floor":12},{"not_picked":["Wild Strike","Clothesline"],"picked":"Pommel Strike","floor":14}],"player_experience":427049,"relics_obtained":[{"floor":9,"key":"Oddly Smooth Stone"},{"floor":14,"key":"Gambling Chip"}],"event_choices":[{"damage_healed":0,"gold_gain":1,"player_choice":"1","damage_taken":0,"max_hp_gain":0,"max_hp_loss":0,"event_name":"betterStone:BetterStone","floor":2,"gold_loss":0}],"is_beta":false,"boss_relics":[],"items_purged_floors":[4],"is_endless":false,"potions_floor_spawned":[3,5,11],"killed_by":"Slime Boss","ascension_level":5}}