{"host":"5t6h2siq57l98co3","time":1609181725,"event":{"mods":["AchievementEnabler","Act Like it!","Aspiration","BaseMod","Better Altar","Better Match","Better Note","Better Sensory Stone","Better Skull","Better Third Choice","BetterRewards","CCEM","CatGirl Mod","Clawfect","Colored Map","Colored Powertips","Conspire","Curses Come First","Displayed Cursed Tome","Downfall","Gold Saver","Googly Eyes","Highlight Path","Infinite Spire","Jedi Mod","Mimic Mod","Minty Spire (QoL Compilation)","Permanent Neow","Prisma Mod","RatMod","Replay The Spire","Spicy Shops","StSLib","The Alterego","The Jungle","Transform Curses","Virulent Crown","Yuri Mod","everything is the same but u backflip on backflip","vexMod"],"gold_per_floor":[795,814,824,824,824,15,42,42,54,54,73,104,124,156,176,278,278,128,147,422,422,422,422,422,422],"floor_reached":23,"playtime":2314,"items_purged":[],"score":260,"play_id":"b6f4811a-d707-4c5f-a52e-a0ce2286dd75","local_time":"20201228125525","is_ascension_mode":true,"campfire_choices":[{"floor":1,"key":"RECALL"},{"data":"The Bomb","floor":8,"key":"SMITH"},{"data":"Slimebound:CorrosiveSpit","floor":10,"key":"SMITH"},{"data":"Slimebound:TagTeam","floor":18,"key":"SMITH"}],"circlet_count":0,"master_deck":["Slimebound:Strike_Slimebound","Slimebound:Strike_Slimebound","Slimebound:Tackle","Slimebound:Defend_Slimebound","Slimebound:Defend_Slimebound","Slimebound:Defend_Slimebound","Slimebound:Defend_Slimebound+1","Slimebound:Split","Slimebound:CorrosiveSpit+1","The Bomb+1","Slimebound:LeechEnergy","Slimebound:LevelUp","Slimebound:SplitMire","Slimebound:ItLooksTasty+1","Slimebound:TagTeam+1","Slimebound:LevelUp","Slimebound:LeechEnergy","Slimebound:LivingWall","Slimebound:LeechLife","Slimebound:LevelUp","Regret"],"relics":["Slimebound:AbsorbEndCombat","Tiny Chest","jedi:fakemustache","Darkstone Periapt","Blue Candle","ReplayFunnel","Black Star","downfall:HeartBlessingRed","downfall:HeartBlessingBlue"],"acts_visited":["Exordium","TheCity"],"potions_floor_usage":[14,16,16],"damage_taken":[{"damage":6,"enemies":"conspire:RoseBush","floor":2,"turns":3},{"damage":14,"enemies":"Small Slimes","floor":3,"turns":3},{"damage":14,"enemies":"downfall:FleeingMerchant","floor":6,"turns":4},{"damage":5,"enemies":"Cultist","floor":9,"turns":3},{"damage":16,"enemies":"2 Fungi Beasts","floor":11,"turns":3},{"damage":18,"enemies":"Gremlin Nob","floor":12,"turns":3},{"damage":10,"enemies":"Blue Slaver","floor":13,"turns":3},{"damage":8,"enemies":"Lagavulin","floor":14,"turns":4},{"damage":4,"enemies":"3 Louse","floor":15,"turns":2},{"damage":50,"enemies":"downfall:Silent","floor":16,"turns":5},{"damage":14,"enemies":"Spheric Guardian","floor":19,"turns":3},{"damage":9,"enemies":"conspire:FuzzyDice","floor":23,"turns":2}],"seed_played":"5711871243254568380","potions_obtained":[{"floor":9,"key":"Elixir"},{"floor":11,"key":"LiquidBronze"},{"floor":13,"key":"GamblersBrew"},{"floor":14,"key":"Slimebound:SlimedPotion"}],"is_trial":false,"path_per_floor":["R","M","M","?","?","$","T","R","M","R","M","E","M","E","M","B",null,"R","M","?","PTL","PTL","M"],"character_chosen":"SLIMEBOUND","items_purchased":["Slimebound:SplitMire","Slimebound:ItLooksTasty+1","Tiny Chest","jedi:fakemustache","Darkstone Periapt","Blue Candle"],"campfire_rested":0,"item_purchase_floors":[6,6,6,6,6,6],"current_hp_per_floor":[42,48,42,42,42,60,60,60,60,60,56,50,56,60,60,38,60,70,64,70,70,70,61,61,61],"gold":422,"neow_bonus":"RANDOM_COLORLESS_2","is_daily":false,"chose_seed":false,"campfire_upgraded":3,"win_rate":0.0,"timestamp":1609181725,"path_taken":["R","M","M","?","?","$","T","R","M","R","M","E","M","E","M","BOSS","R","M","?","PTL","PTL","?"],"items_purchased_type":["Card","Card","Relic","Relic","Relic","Relic"],"build_version":"2020-12-22","purchased_purges":0,"victory":false,"max_hp_per_floor":[60,60,60,60,60,60,60,60,60,60,60,60,60,60,60,60,60,70,70,76,76,76,76,76,76],"card_choices":[{"not_picked":["Thinking Ahead","Midas Touch"],"picked":"The Bomb","floor":0},{"not_picked":["Slimebound:ComboTackle","Slimebound:GoopTackle","Slimebound:SlimeBarrage"],"picked":"SKIP","floor":2},{"not_picked":["Slimebound:FinishingTackle","Slimebound:LeechingTouch"],"picked":"Slimebound:LeechEnergy","floor":3},{"not_picked":["Slimebound:SlimeTap","Slimebound:SlimeSpikes"],"picked":"Slimebound:LevelUp","floor":6},{"not_picked":["Slimebound:ViciousTackle","Slimebound:ComboTackle","Slimebound:ItLooksTasty"],"picked":"SKIP","floor":9},{"not_picked":["Slimebound:LeechEnergy","Slimebound:SplitAcid"],"picked":"Slimebound:TagTeam","floor":11},{"not_picked":["Slimebound:BestDefense","Slimebound:FirmFortitude"],"picked":"Slimebound:LevelUp","floor":12},{"not_picked":["Slimebound:SplitLeeching","Slimebound:LeechingTouch"],"picked":"Slimebound:LeechEnergy","floor":13},{"not_picked":["Slimebound:MegaLick","Slimebound:PressTheAttack"],"picked":"Slimebound:LivingWall","floor":14},{"not_picked":["Slimebound:PressTheAttack","Slimebound:MassFeed","Slimebound:ViciousTackle"],"picked":"SKIP","floor":15},{"not_picked":["Slimebound:WasteNot","Slimebound:SelfFormingGoo"],"picked":"Slimebound:LeechLife","floor":16},{"not_picked":["Slimebound:ViciousTackle","Slimebound:Grow"],"picked":"Slimebound:LevelUp","floor":19}],"player_experience":922196,"relics_obtained":[{"floor":12,"key":"ReplayFunnel"}],"event_choices":[],"is_beta":false,"boss_relics":[{"not_picked":["aspiration:RunicSpoon","CCEMRelics:GreenEgg"],"picked":"Black Star"}],"items_purged_floors":[],"is_endless":false,"potions_floor_spawned":[9,11,13,14,15],"killed_by":"conspire:FuzzyDice","ascension_level":1}}