{"host":"cv77zuuuekizn3ic","time":1609166928,"event":{"mods":["AchievementEnabler","BaseMod","Marisa£®ÏF”Í°°ƒß¿Ì…≥£©","Minty Spire (QoL Compilation)","StSLib","Waifu the Spire","everything is the same but u backflip on backflip","slay the spire mod where everything is the same but ironclad has a cowboy hat"],"gold_per_floor":[110,35,35,35,47,75,87,112,112,112,131,58,91,109,109,206,206,191,191,207,218,218,243,255,280,280,309,309,234,31,43,43,139,139,149,99,99,109,129,129,142,142,188,188,219,235,247,247,247,247,247,247,146,177,177],"floor_reached":56,"playtime":4217,"items_purged":["Strike_G","A Thousand Cuts","Parasite"],"score":1923,"play_id":"885303d4-43c0-40ad-baf9-cd0b08144b61","local_time":"20201228224848","is_ascension_mode":true,"campfire_choices":[{"data":"Calculated Gamble","floor":10.0,"key":"SMITH"},{"data":"Footwork","floor":15.0,"key":"SMITH"},{"data":"Doppelganger","floor":32.0,"key":"SMITH"},{"data":"Well Laid Plans","floor":40.0,"key":"SMITH"},{"data":"Tactician","floor":42.0,"key":"SMITH"},{"data":"Footwork","floor":44.0,"key":"SMITH"},{"floor":49.0,"key":"RECALL"},{"data":"Purity","floor":52,"key":"SMITH"}],"circlet_count":0,"master_deck":["AscendersBane","Defend_G","Defend_G","Defend_G","Defend_G","Defend_G","Survivor","Neutralize","Backflip","Footwork+1","Slice","Calculated Gamble+1","Blade Dance","Predator","Prepared","Well Laid Plans+1","Doppelganger+1","Finisher","After Image","Cloak And Dagger+1","Ghostly","Ghostly","Ghostly","Ghostly","Ghostly","Footwork+1","Die Die Die+1","Tactician+1","Tools of the Trade","Expertise+1","Blade Dance+1","Acrobatics+1","Acrobatics+1","Footwork+1","Purity+1","Panacea","Concentrate"],"relics":["Ring of the Snake","NeowsBlessing","Bronze Scales","InkBottle","White Beast Statue","Bag of Preparation","Empty Cage","Enchiridion","Molten Egg 2","Pen Nib","Anchor","Smiling Mask","ClockworkSouvenir","SacredBark","Nunchaku","Calipers","Blue Candle"],"acts_visited":["Exordium","TheCity","TheBeyond","TheEnding"],"potions_floor_usage":[50,54,55,55],"damage_taken":[{"damage":0.0,"enemies":"Jaw Worm","floor":1.0,"turns":1.0},{"damage":0.0,"enemies":"Small Slimes","floor":5.0,"turns":1.0},{"damage":0.0,"enemies":"Lagavulin","floor":6.0,"turns":1.0},{"damage":0.0,"enemies":"Cultist","floor":7.0,"turns":4.0},{"damage":22.0,"enemies":"3 Sentries","floor":8.0,"turns":8.0},{"damage":1.0,"enemies":"2 Fungi Beasts","floor":11.0,"turns":3.0},{"damage":5.0,"enemies":"Lagavulin","floor":13.0,"turns":6.0},{"damage":2.0,"enemies":"Looter","floor":14.0,"turns":3.0},{"damage":24.0,"enemies":"Slime Boss","floor":16.0,"turns":13.0},{"damage":8.0,"enemies":"2 Thieves","floor":18.0,"turns":4.0},{"damage":10.0,"enemies":"Spheric Guardian","floor":20.0,"turns":4.0},{"damage":0.0,"enemies":"Centurion and Healer","floor":21.0,"turns":6.0},{"damage":4.0,"enemies":"Gremlin Leader","floor":23.0,"turns":6.0},{"damage":4.0,"enemies":"Sentry and Sphere","floor":24.0,"turns":4.0},{"damage":3.0,"enemies":"Slavers","floor":25.0,"turns":7.0},{"damage":0.0,"enemies":"Book of Stabbing","floor":27.0,"turns":7.0},{"damage":0.0,"enemies":"Snake Plant","floor":31.0,"turns":4.0},{"damage":0.0,"enemies":"Collector","floor":33.0,"turns":11.0},{"damage":0.0,"enemies":"Orb Walker","floor":35.0,"turns":5.0},{"damage":1.0,"enemies":"3 Shapes","floor":38.0,"turns":3.0},{"damage":0.0,"enemies":"Sphere and 2 Shapes","floor":39.0,"turns":5.0},{"damage":1.0,"enemies":"Writhing Mass","floor":41.0,"turns":8.0},{"damage":0.0,"enemies":"Reptomancer","floor":45.0,"turns":5.0},{"damage":0.0,"enemies":"Jaw Worm Horde","floor":46.0,"turns":4.0},{"damage":0.0,"enemies":"3 Darklings","floor":47.0,"turns":6.0},{"damage":6,"enemies":"Awakened One","floor":50,"turns":14},{"damage":1,"enemies":"Shield and Spear","floor":54,"turns":5},{"damage":4,"enemies":"The Heart","floor":55,"turns":11}],"seed_played":"605368848738484499","potions_obtained":[{"floor":5.0,"key":"EntropicBrew"},{"floor":11.0,"key":"FearPotion"},{"floor":13.0,"key":"SkillPotion"},{"floor":23.0,"key":"Energy Potion"},{"floor":25.0,"key":"AttackPotion"},{"floor":27.0,"key":"Dexterity Potion"},{"floor":31.0,"key":"PowerPotion"},{"floor":33.0,"key":"Regen Potion"},{"floor":39.0,"key":"Poison Potion"},{"floor":54,"key":"Dexterity Potion"}],"is_trial":false,"path_per_floor":["M","$","?","?","M","E","M","E","T","R","M","$","E","M","R","B",null,"M","?","M","M","?","E","M","E","T","E","?","?","$","M","R","B",null,"M","$","?","M","M","R","M","R","T","R","E","M","M","?","R","B",null,"R","$","E","B",null],"character_chosen":"THE_SILENT","items_purchased":["Footwork","Well Laid Plans","ClockworkSouvenir","Strength Potion"],"campfire_rested":0,"item_purchase_floors":[2,12,30,53],"current_hp_per_floor":[63,63,63,63,63,63,63,41,41,41,40,40,35,33,33,9,55,47,31,21,21,21,17,13,10,10,10,10,10,10,10,10,10,29,29,29,29,28,35,35,34,34,34,34,34,34,34,24,24,18,31,31,31,30,26],"gold":177,"neow_bonus":"THREE_ENEMY_KILL","is_daily":false,"chose_seed":false,"campfire_upgraded":7,"win_rate":0.0,"timestamp":1609166928,"path_taken":["M","$","?","?","?","E","M","E","T","R","M","$","E","M","R","BOSS","M","?","M","M","?","E","M","E","T","E","?","?","$","M","R","BOSS","M","$","?","?","M","R","M","R","T","R","E","M","M","?","R","BOSS","R","$","E","BOSS"],"items_purchased_type":["Card","Card","Relic","Potion"],"build_version":"2020-12-22","purchased_purges":3,"victory":true,"max_hp_per_floor":[70,70,70,70,70,70,70,70,70,70,70,70,70,70,70,70,70,70,70,70,70,35,35,35,35,35,35,35,35,35,35,35,35,35,35,35,35,35,35,35,35,35,35,35,35,35,35,35,35,35,35,35,32,32,32],"card_choices":[{"not_picked":["Deadly Poison","Cloak And Dagger"],"picked":"Backflip","floor":1.0},{"not_picked":["Poisoned Stab","Leg Sweep"],"picked":"Calculated Gamble","floor":5.0},{"not_picked":["Dodge and Roll","Backflip"],"picked":"Blade Dance","floor":6.0},{"not_picked":["Outmaneuver","Deflect"],"picked":"Predator","floor":7.0},{"not_picked":["Poisoned Stab","Dagger Spray"],"picked":"A Thousand Cuts","floor":8.0},{"not_picked":["Poisoned Stab","Distraction"],"picked":"Prepared","floor":11.0},{"not_picked":["Outmaneuver","Cloak And Dagger"],"picked":"Doppelganger","floor":13.0},{"not_picked":["Bane","Predator"],"picked":"Finisher","floor":14.0},{"not_picked":["Malaise","Die Die Die"],"picked":"After Image","floor":16.0},{"not_picked":["Deadly Poison","Slice","Prepared"],"picked":"SKIP","floor":18.0},{"not_picked":["All Out Attack+1","Bane+1"],"picked":"Cloak And Dagger+1","floor":20.0},{"not_picked":["Dodge and Roll+1","Flechettes+1","Distraction"],"picked":"SKIP","floor":21.0},{"not_picked":["Predator+1","Prepared","Dagger Throw+1"],"picked":"SKIP","floor":23.0},{"not_picked":["Caltrops","Concentrate+1"],"picked":"Footwork","floor":24.0},{"not_picked":["Dagger Spray+1","Crippling Poison+1"],"picked":"Die Die Die+1","floor":25.0},{"not_picked":["Outmaneuver","Skewer+1"],"picked":"Tactician","floor":27.0},{"not_picked":["Leg Sweep","Slice+1","Dagger Spray+1"],"picked":"SKIP","floor":31.0},{"not_picked":["Venomology","Corpse Explosion"],"picked":"Tools of the Trade","floor":33.0},{"not_picked":["Predator+1","Dagger Spray+1","Dodge and Roll+1"],"picked":"SKIP","floor":35.0},{"not_picked":["Endless Agony+1","Deadly Poison","Deflect"],"picked":"SKIP","floor":38.0},{"not_picked":["Blade Dance+1","Blur"],"picked":"Expertise+1","floor":39.0},{"not_picked":["Prepared","A Thousand Cuts"],"picked":"Blade Dance+1","floor":41.0},{"not_picked":["Quick Slash+1","Blade Dance+1"],"picked":"Acrobatics+1","floor":45.0},{"not_picked":["Dagger Throw+1","Backflip"],"picked":"Acrobatics+1","floor":46.0},{"not_picked":["Deflect+1","Dagger Throw+1"],"picked":"Footwork+1","floor":47.0},{"not_picked":["Bandage Up","Blind"],"picked":"Purity","floor":48.0},{"not_picked":["Metamorphosis","Dramatic Entrance+1"],"picked":"Panacea","floor":48.0},{"not_picked":["Backflip+1","Slice+1"],"picked":"Concentrate","floor":54}],"player_experience":674641,"relics_obtained":[{"floor":6.0,"key":"Bronze Scales"},{"floor":8.0,"key":"InkBottle"},{"floor":9.0,"key":"White Beast Statue"},{"floor":13.0,"key":"Bag of Preparation"},{"floor":19.0,"key":"Enchiridion"},{"floor":23.0,"key":"Molten Egg 2"},{"floor":25.0,"key":"Pen Nib"},{"floor":27.0,"key":"Anchor"},{"floor":43.0,"key":"Nunchaku"},{"floor":45.0,"key":"Calipers"},{"floor":54,"key":"Blue Candle"}],"event_choices":[{"damage_healed":0.0,"max_hp_gain":0.0,"max_hp_loss":0.0,"gold_gain":0.0,"event_name":"Liars Game","player_choice":"Ignored","floor":3.0,"gold_loss":0.0,"damage_taken":0.0},{"damage_healed":0.0,"max_hp_gain":0.0,"max_hp_loss":0.0,"gold_gain":0.0,"cards_transformed":["Strike_G"],"event_name":"Transmorgrifier","player_choice":"Transformed","floor":4.0,"gold_loss":0.0,"damage_taken":0.0,"cards_obtained":["Slice"]},{"damage_healed":0.0,"max_hp_gain":0.0,"max_hp_loss":0.0,"gold_gain":0.0,"event_name":"Cursed Tome","player_choice":"Obtained Book","floor":19.0,"gold_loss":0.0,"damage_taken":16.0},{"damage_healed":0.0,"max_hp_gain":0.0,"max_hp_loss":35.0,"gold_gain":0.0,"event_name":"Ghosts","player_choice":"Became a Ghost","floor":22.0,"gold_loss":0.0,"damage_taken":0.0,"cards_obtained":["Ghostly","Ghostly","Ghostly","Ghostly","Ghostly"]},{"damage_healed":0.0,"max_hp_gain":0.0,"max_hp_loss":0.0,"gold_gain":0.0,"event_name":"The Mausoleum","player_choice":"Opened","floor":28.0,"gold_loss":0.0,"damage_taken":0.0,"relics_obtained":["Smiling Mask"]},{"cards_removed":["Strike_G"],"damage_healed":0.0,"max_hp_gain":0.0,"max_hp_loss":0.0,"gold_gain":0.0,"event_name":"Beggar","player_choice":"Gave Gold","floor":29.0,"gold_loss":75.0,"damage_taken":0.0},{"damage_healed":0.0,"max_hp_gain":0.0,"max_hp_loss":0.0,"gold_gain":0.0,"event_name":"SecretPortal","player_choice":"Ignored","floor":37.0,"gold_loss":0.0,"damage_taken":0.0},{"damage_healed":0.0,"max_hp_gain":0.0,"max_hp_loss":0.0,"gold_gain":0.0,"event_name":"SensoryStone","player_choice":"Memory 3","floor":48.0,"gold_loss":0.0,"damage_taken":10.0}],"is_beta":false,"boss_relics":[{"not_picked":["Ring of the Serpent","HoveringKite"],"picked":"Empty Cage"},{"not_picked":["Pandora\u0027s Box","SlaversCollar"],"picked":"SacredBark"}],"items_purged_floors":[30,36,53],"is_endless":false,"potions_floor_spawned":[5,7,11,13,14,16,18,20,21,23,24,25,27,31,33,35,38,39,41,45,46,47,54],"ascension_level":10}}