{"host":"8xt6qtpg1rkermdd","time":1609118072,"event":{"mods":["AchievementEnabler","Astrologer","Bard","BaseMod","Colored Powertips","Downfall","Hermit","Highlight Path","Hubris","Infinite Spire","Jorbs\u0027s Wanderer Trilogy","Minty Spire (QoL Compilation)","Replay The Spire","Shade Mod","StSLib","The Blackbeard","The Bladedancer","The Bug Knight","The Construct","The Cursed","The Disciple","The Gatherer","The Hayseed","The Hierophant","The Marked","The Mystic","The Runesmith","The Servant 0.9.4","TheArtist","TheBandit"],"gold_per_floor":[117,134,154,168,168,168,199,199,199,102,102,102,102,123,123,223,223,237,237,160,184,203,203,218,218,218,218,218,229,241,69,69,69,69],"floor_reached":33,"playtime":2226,"items_purged":["Overencumbered","construct:HeavyBolt"],"score":243,"play_id":"832b47d2-8e82-4345-a800-2d12fc6f23b9","local_time":"20201227191432","is_ascension_mode":false,"campfire_choices":[{"data":"construct:AttackMode","floor":6,"key":"SMITH"},{"data":"construct:Synchronize","floor":8,"key":"SMITH"},{"data":"construct:FocusedBeam","floor":11,"key":"SMITH"},{"data":"construct:SuppressiveFire","floor":15,"key":"SMITH"},{"floor":23,"key":"REST"},{"floor":25,"key":"REST"},{"floor":27,"key":"REST"},{"floor":32,"key":"REST"}],"circlet_count":0,"master_deck":["construct:Strike_Gold+1","construct:Strike_Gold","construct:Strike_Gold","construct:Strike_Gold","construct:Strike_Gold","construct:Defend_Gold","construct:Defend_Gold+1","construct:Defend_Gold","construct:Defend_Gold","construct:Defend_Gold","construct:AttackMode+1","construct:DefenseMode","construct:FocusedBeam+1","construct:Analyze","construct:FierceBash","construct:OmegaCannon","construct:Synchronize+1","construct:SyphonStrike","construct:Antimatter","construct:SaveState","construct:SuppressiveFire+1","construct:HyperBeam","construct:ModeShift","construct:Chainstrike+1","construct:Anticipate+1","construct:Impenetrable","construct:Analyze","construct:QuickAttack"],"relics":["construct:Cogwheel","NeowsBlessing","hubris:Towel","Happy Flower","infinitespire:WardingShard","ReplayTheSpireMod:CursedCoin","Odd Mushroom","hubris:TerracottaHorce","Gremlin Food","Snack Pack"],"acts_visited":["Exordium","TheCity"],"potions_floor_usage":[],"damage_taken":[{"damage":0,"enemies":"Cultist","floor":1,"turns":1},{"damage":0,"enemies":"Small Slimes","floor":2,"turns":1},{"damage":0,"enemies":"Jaw Worm","floor":3,"turns":1},{"damage":2,"enemies":"Large Slime","floor":4,"turns":5},{"damage":20,"enemies":"Replay:BlueRogue","floor":7,"turns":4},{"damage":12,"enemies":"The Mushroom Lair","floor":14,"turns":2},{"damage":43,"enemies":"Slime Boss","floor":16,"turns":8},{"damage":5,"enemies":"Chosen","floor":18,"turns":4},{"damage":30,"enemies":"2 Thieves","floor":22,"turns":3},{"damage":24,"enemies":"Snake Plant","floor":24,"turns":2},{"damage":31,"enemies":"Centurion and Healer","floor":29,"turns":3},{"damage":12,"enemies":"Cultist and Chosen","floor":30,"turns":4},{"damage":87,"enemies":"Pondfish","floor":33,"turns":8}],"seed_played":"-4453188672979638208","potions_obtained":[{"floor":3,"key":"ColorlessPotion"},{"floor":4,"key":"LifebloodPotion"},{"floor":7,"key":"hexamod:EctoCoolerPotion"},{"floor":18,"key":"SkillPotion"},{"floor":29,"key":"Energy Potion"}],"is_trial":false,"path_per_floor":["M","M","M","M","?","R","E","R","T","$","R","?","?","?","R","B",null,"M","?","$","T","M","R","M","R","T","R","?","M","M","$","R","B"],"character_chosen":"THE_CONSTRUCT_MOD","items_purchased":["ReplayTheSpireMod:CursedCoin","construct:SyphonStrike","construct:Antimatter","construct:SaveState","construct:Chainstrike","construct:QuickAttack"],"campfire_rested":4,"item_purchase_floors":[10,10,10,10,20,31],"current_hp_per_floor":[85,85,85,83,83,83,63,63,63,63,63,63,63,51,51,8,66,61,61,61,61,31,56,32,57,57,82,82,53,47,47,72,0,0],"gold":69,"neow_bonus":"THREE_ENEMY_KILL","is_daily":false,"chose_seed":false,"campfire_upgraded":4,"win_rate":0.0,"timestamp":1609118072,"path_taken":["M","M","M","M","?","R","E","R","T","$","R","?","?","?","R","BOSS","M","?","$","?","?","R","M","R","T","R","?","M","M","?","R","BOSS"],"items_purchased_type":["Relic","Card","Card","Card","Card","Card"],"build_version":"2020-12-22","purchased_purges":2,"victory":false,"max_hp_per_floor":[85,85,85,85,85,85,85,85,85,85,85,85,85,85,85,85,85,85,85,85,85,85,85,85,85,85,85,85,85,85,85,85,85,85],"card_choices":[{"not_picked":["construct:ReactiveShield","construct:HardReboot"],"picked":"construct:FocusedBeam","floor":1},{"not_picked":["construct:ClockworkEgg","construct:HeavyBolt"],"picked":"construct:Analyze","floor":2},{"not_picked":["construct:Forcefield","construct:SyphonStrike"],"picked":"construct:FierceBash","floor":3},{"not_picked":["construct:ClusterMines","construct:Autoturret"],"picked":"construct:OmegaCannon","floor":4},{"not_picked":["construct:FocusedBeam","construct:HardReboot"],"picked":"construct:Synchronize","floor":7},{"not_picked":["construct:Analyze","construct:Forcefield"],"picked":"construct:SuppressiveFire","floor":14},{"not_picked":["construct:GoldenBullet","construct:ClockworkEgg"],"picked":"construct:HyperBeam","floor":16},{"not_picked":["construct:SaveState","construct:ShiftGuard+1"],"picked":"construct:ModeShift","floor":18},{"not_picked":["construct:ModeShift","construct:BatteryAcid"],"picked":"construct:Anticipate","floor":22},{"not_picked":["construct:BatteryAcid","construct:Anticipate"],"picked":"construct:Impenetrable","floor":24},{"not_picked":["construct:SyphonStrike","construct:VentSteam"],"picked":"construct:HeavyBolt","floor":29},{"not_picked":["construct:VentSteam","construct:Tumble"],"picked":"construct:Analyze","floor":30}],"player_experience":36984,"relics_obtained":[{"floor":7,"key":"Happy Flower"},{"floor":9,"key":"infinitespire:WardingShard"},{"floor":14,"key":"Odd Mushroom"},{"floor":21,"key":"Gremlin Food"},{"floor":26,"key":"Snack Pack"}],"event_choices":[{"damage_healed":0,"gold_gain":0,"player_choice":"Fought Mushrooms","damage_taken":0,"max_hp_gain":0,"max_hp_loss":0,"event_name":"Mushrooms","floor":14,"gold_loss":0},{"damage_healed":0,"gold_gain":0,"player_choice":"Ignored","damage_taken":0,"max_hp_gain":0,"max_hp_loss":0,"event_name":"N\u0027loth","floor":19,"gold_loss":0},{"damage_healed":0,"gold_gain":0,"player_choice":"Ignored","damage_taken":0,"max_hp_gain":0,"max_hp_loss":0,"event_name":"Ghosts","floor":28,"gold_loss":0}],"is_beta":false,"boss_relics":[{"not_picked":["Cursed Key","Kintsugi"],"picked":"hubris:TerracottaHorce"}],"items_purged_floors":[10,31],"is_endless":false,"potions_floor_spawned":[3,4,7,18,29],"killed_by":"Pondfish","ascension_level":0}}