{"host":"0cgp910o8339lr91","time":1609192271,"event":{"mods":["BaseMod","Colored Map","Filter the Spire","Minty Spire (QoL Compilation)","Relic Stats","Slay-I","ojb\u0027s Better Paths Mod","ojb\u0027s Info Mod"],"gold_per_floor":[137,137,210,285,94,94,129,129,129,129,172,185,233,287,287,418,418,503,526,579,594,617,685,685,721,748,766,766,766,766,782,782,913,913,937,937,937,992,992,1085,623,623,623],"floor_reached":42,"playtime":7476,"items_purged":["ClearTheMind+1"],"score":880,"play_id":"811a192f-68ca-4d76-8797-a52049d194aa","local_time":"20201228225111","is_ascension_mode":true,"campfire_choices":[{"data":"Wish","floor":6.0,"key":"SMITH"},{"data":"Wish","floor":8.0,"key":"SMITH"},{"data":"Prostrate","floor":15.0,"key":"SMITH"},{"data":"Wallop","floor":28.0,"key":"SMITH"},{"data":"Collect","floor":32.0,"key":"SMITH"}],"circlet_count":0,"master_deck":["AscendersBane","Eruption+1","Vigilance","Wireheading+1","EmptyFist+1","ConjureBlade+1","Wish+1","FlurryOfBlows+1","Evaluate+1","Wish+1","Protect+1","Worship+1","LessonLearned+1","InnerPeace+1","Weave+1","Prostrate+1","Prostrate+1","Omniscience+1","Wireheading+1","WindmillStrike+1","Wallop+1","Collect+1","Vault+1","Writhe","Omniscience+1","Ragnarok+1","HandOfGreed","Transmutation","WheelKick+1","Worship"],"relics":["Pandora\u0027s Box","Golden Idol","TeardropLocket","Ornamental Fan","Snecko Eye","Centennial Puzzle","MutagenicStrength","Pocketwatch","Vajra","Regal Pillow","Philosopher\u0027s Stone","Smiling Mask","Membership Card","Du-Vu Doll","Oddly Smooth Stone"],"acts_visited":["Exordium","TheCity","TheBeyond"],"potions_floor_usage":[38],"damage_taken":[{"damage":11.0,"enemies":"2 Louse","floor":1.0,"turns":4.0},{"damage":9.0,"enemies":"Jaw Worm","floor":3.0,"turns":7.0},{"damage":3.0,"enemies":"Gremlin Nob","floor":7.0,"turns":3.0},{"damage":2.0,"enemies":"Cultist","floor":11.0,"turns":4.0},{"damage":8.0,"enemies":"Exordium Wildlife","floor":12.0,"turns":5.0},{"damage":4.0,"enemies":"2 Fungi Beasts","floor":13.0,"turns":7.0},{"damage":10.0,"enemies":"Lots of Slimes","floor":14.0,"turns":6.0},{"damage":0.0,"enemies":"Hexaghost","floor":16.0,"turns":7.0},{"damage":8.0,"enemies":"Chosen","floor":18.0,"turns":4.0},{"damage":0.0,"enemies":"Spheric Guardian","floor":19.0,"turns":6.0},{"damage":25.0,"enemies":"Snecko","floor":20.0,"turns":8.0},{"damage":0.0,"enemies":"Shelled Parasite and Fungi","floor":21.0,"turns":4.0},{"damage":0.0,"enemies":"3 Cultists","floor":22.0,"turns":6.0},{"damage":0.0,"enemies":"Gremlin Leader","floor":23.0,"turns":5.0},{"damage":2.0,"enemies":"Book of Stabbing","floor":25.0,"turns":7.0},{"damage":2.0,"enemies":"Snecko","floor":27.0,"turns":6.0},{"damage":0.0,"enemies":"Shelled Parasite and Fungi","floor":31.0,"turns":8.0},{"damage":3.0,"enemies":"Collector","floor":33.0,"turns":8.0},{"damage":2.0,"enemies":"3 Shapes","floor":35.0,"turns":5.0},{"damage":6,"enemies":"3 Darklings","floor":38,"turns":6},{"damage":0,"enemies":"Giant Head","floor":40,"turns":6},{"damage":35,"enemies":"Reptomancer","floor":42,"turns":3}],"seed_played":"5194215872533616847","potions_obtained":[{"floor":1.0,"key":"PowerPotion"},{"floor":3.0,"key":"EntropicBrew"},{"floor":14.0,"key":"Block Potion"},{"floor":16.0,"key":"SteroidPotion"},{"floor":19.0,"key":"Energy Potion"},{"floor":21.0,"key":"Fire Potion"},{"floor":23.0,"key":"CultistPotion"},{"floor":27.0,"key":"AttackPotion"},{"floor":31.0,"key":"Swift Potion"},{"floor":33.0,"key":"SmokeBomb"},{"floor":40,"key":"PowerPotion"}],"is_trial":false,"path_per_floor":["M","?","M","?","$","R","E","R","T","?","M","M","M","M","R","B",null,"M","M","M","M","M","E","?","E","T","M","R","?","?","M","R","B",null,"M","?","?","M","?","E","$","E"],"character_chosen":"WATCHER","items_purchased":["LessonLearned","InnerPeace","Membership Card","Du-Vu Doll","Oddly Smooth Stone","Worship"],"campfire_rested":0,"item_purchase_floors":[5,5,41,41,41,41],"current_hp_per_floor":[54,54,45,34,34,34,31,31,31,31,29,21,17,7,7,7,52,44,44,19,19,19,19,19,17,17,15,15,15,15,15,15,12,53,51,51,51,45,35,35,35,0,0],"gold":623,"neow_bonus":"BOSS_RELIC","is_daily":false,"chose_seed":false,"campfire_upgraded":5,"win_rate":0.0,"timestamp":1609192271,"path_taken":["M","?","M","?","$","R","E","R","T","?","M","M","M","M","R","BOSS","M","M","M","M","M","E","?","E","T","M","R","?","?","?","R","BOSS","M","?","?","?","?","E","$","E"],"items_purchased_type":["Card","Card","Relic","Relic","Relic","Card"],"build_version":"2020-12-22","purchased_purges":1,"victory":false,"max_hp_per_floor":[72,67,67,67,67,67,67,67,67,67,67,67,67,67,67,67,67,67,67,67,67,67,67,67,67,67,67,67,67,67,67,67,67,67,67,67,67,67,67,67,67,67,67],"relic_stats":{"Centennial Puzzle":[15],"Regal Pillow":0,"counters":[22,125],"Golden Idol":143,"Ornamental Fan":[68],"Snecko Eye":[120,125,129,168],"Pandora\u0027s Box":["Wireheading","EmptyFist","ConjureBlade","Wish","FlurryOfBlows","Evaluate","FlyingSleeves","Wish"],"Smiling Mask":-12,"obtain_stats":[{"Regal Pillow":29,"Golden Idol":2,"Vajra":26,"Oddly Smooth Stone":41,"TeardropLocket":7,"Smiling Mask":40,"Du-Vu Doll":41,"Centennial Puzzle":23,"Ornamental Fan":9,"MutagenicStrength":24,"Snecko Eye":17,"Pandora\u0027s Box":0,"Philosopher\u0027s Stone":34,"Membership Card":41,"PureWater":0,"Pocketwatch":25},{"Regal Pillow":16,"Golden Idol":1,"Vajra":15,"Oddly Smooth Stone":21,"TeardropLocket":3,"Smiling Mask":21,"Du-Vu Doll":21,"Centennial Puzzle":14,"Ornamental Fan":3,"MutagenicStrength":14,"Snecko Eye":8,"Pandora\u0027s Box":0,"Philosopher\u0027s Stone":18,"Membership Card":21,"PureWater":0,"Pocketwatch":15},{"Regal Pillow":89,"Golden Idol":4,"Vajra":83,"Oddly Smooth Stone":122,"TeardropLocket":14,"Smiling Mask":122,"Du-Vu Doll":122,"Centennial Puzzle":76,"Ornamental Fan":14,"MutagenicStrength":76,"Snecko Eye":43,"Pandora\u0027s Box":0,"Philosopher\u0027s Stone":105,"Membership Card":122,"PureWater":0,"Pocketwatch":83}],"Pocketwatch":[7]},"card_choices":[{"not_picked":["Worship","BowlingBash"],"picked":"Protect","floor":1.0},{"not_picked":["Consecrate","BattleHymn"],"picked":"Worship","floor":3.0},{"not_picked":["JustLucky","SashWhip"],"picked":"Weave","floor":7.0},{"not_picked":["MentalFortress","ForeignInfluence"],"picked":"ClearTheMind","floor":11.0},{"not_picked":["PathToVictory","ThirdEye"],"picked":"Prostrate","floor":12.0},{"not_picked":["Fasting2","SignatureMove","Crescendo"],"picked":"SKIP","floor":13.0},{"not_picked":["Weave","Pray"],"picked":"Prostrate","floor":14.0},{"not_picked":["Brilliance","Devotion"],"picked":"Omniscience","floor":16.0},{"not_picked":["Vengeance","PathToVictory","ThirdEye"],"picked":"SKIP","floor":18.0},{"not_picked":["CrushJoints","JustLucky+1"],"picked":"Wireheading","floor":19.0},{"not_picked":["Halt","Indignation+1"],"picked":"WindmillStrike","floor":20.0},{"not_picked":["BowlingBash","InnerPeace","Swivel"],"picked":"SKIP","floor":21.0},{"not_picked":["Perseverance","MasterReality"],"picked":"Wallop","floor":22.0},{"not_picked":["FlurryOfBlows","Conclude+1","Nirvana+1"],"picked":"SKIP","floor":23.0},{"not_picked":["FlurryOfBlows","Conclude+1","Nirvana+1"],"picked":"SKIP","floor":23.0},{"not_picked":["Halt","JustLucky"],"picked":"Collect","floor":25.0},{"not_picked":["WaveOfTheHand","PathToVictory+1"],"picked":"Vault","floor":27.0},{"not_picked":["Fasting2+1","JustLucky","SashWhip+1"],"picked":"SKIP","floor":31.0},{"not_picked":["LessonLearned","Scrawl"],"picked":"Ragnarok","floor":33.0},{"not_picked":["FollowUp","Prostrate","CutThroughFate+1"],"picked":"SKIP","floor":35.0},{"not_picked":["Indignation+1","EmptyFist","EmptyMind"],"picked":"SKIP","floor":38},{"not_picked":["Indignation+1","EmptyFist","EmptyMind"],"picked":"SKIP","floor":38},{"not_picked":["Trip","Magnetism"],"picked":"HandOfGreed","floor":39},{"not_picked":["Sadistic Nature","Dark Shackles"],"picked":"Transmutation","floor":39},{"not_picked":["SignatureMove","FlurryOfBlows+1"],"picked":"WheelKick+1","floor":40}],"player_experience":1090757,"relics_obtained":[{"floor":7.0,"key":"TeardropLocket"},{"floor":9.0,"key":"Ornamental Fan"},{"floor":23.0,"key":"Centennial Puzzle"},{"floor":25.0,"key":"Pocketwatch"},{"floor":26.0,"key":"Vajra"},{"floor":40,"key":"Smiling Mask"}],"event_choices":[{"damage_healed":0.0,"max_hp_gain":0.0,"max_hp_loss":5.0,"gold_gain":0.0,"event_name":"Golden Idol","player_choice":"Lose Max HP","floor":2.0,"gold_loss":0.0,"damage_taken":0.0,"relics_obtained":["Golden Idol"]},{"damage_healed":0.0,"max_hp_gain":0.0,"max_hp_loss":0.0,"gold_gain":75.0,"event_name":"World of Goop","player_choice":"Gather Gold","floor":4.0,"gold_loss":0.0,"damage_taken":11.0},{"cards_removed":["FlyingSleeves"],"damage_healed":0.0,"max_hp_gain":0.0,"max_hp_loss":0.0,"gold_gain":0.0,"event_name":"Purifier","player_choice":"Purged","floor":10.0,"gold_loss":0.0,"damage_taken":0.0},{"damage_healed":0.0,"max_hp_gain":0.0,"max_hp_loss":0.0,"gold_gain":0.0,"event_name":"Drug Dealer","player_choice":"Inject Mutagens","floor":24.0,"gold_loss":0.0,"damage_taken":0.0,"relics_obtained":["MutagenicStrength"]},{"damage_healed":0.0,"max_hp_gain":0.0,"max_hp_loss":0.0,"gold_gain":0.0,"event_name":"The Mausoleum","player_choice":"Opened","floor":29.0,"gold_loss":0.0,"damage_taken":0.0,"relics_obtained":["Regal Pillow"],"cards_obtained":["Writhe"]},{"damage_healed":0.0,"max_hp_gain":0.0,"max_hp_loss":0.0,"gold_gain":0.0,"event_name":"Duplicator","player_choice":"Copied","floor":30.0,"gold_loss":0.0,"damage_taken":0.0,"cards_obtained":["Omniscience"]},{"damage_healed":0.0,"max_hp_gain":0.0,"max_hp_loss":0.0,"gold_gain":0.0,"event_name":"Tomb of Lord Red Mask","player_choice":"Ignored","floor":36.0,"gold_loss":0.0,"damage_taken":0.0},{"damage_healed":0.0,"max_hp_gain":0.0,"max_hp_loss":0.0,"gold_gain":0.0,"event_name":"Accursed Blacksmith","player_choice":"Forge","floor":37.0,"gold_loss":0.0,"damage_taken":0.0,"cards_upgraded":["Wireheading"]},{"damage_healed":0,"gold_gain":0,"player_choice":"Memory 3","damage_taken":10,"max_hp_gain":0,"max_hp_loss":0,"event_name":"SensoryStone","floor":39,"gold_loss":0}],"is_beta":false,"boss_relics":[{"not_picked":["Coffee Dripper","Ectoplasm"],"picked":"Snecko Eye"},{"not_picked":["Black Star","SlaversCollar"],"picked":"Philosopher\u0027s Stone"}],"items_purged_floors":[41],"is_endless":false,"potions_floor_spawned":[1,3,14,16,19,21,23,27,31,33,40],"killed_by":"Reptomancer","ascension_level":10}}