{"host":"r08w9btqjcv5uh42","time":1609156448,"event":{"mods":["Aspiration","BaseMod","Better Third Choice","Colored Map","Colored Powertips","DeckTracker","Highlight Path","Hubris","Infinite Spire","Minty Spire (QoL Compilation)","Quick Restart","Random Character Button","Relic Sorter","Replay The Spire","StSLib","SuperFastMode","Synergy Search","The Cursed","The Disciple","The Jungle","The Runesmith"],"gold_per_floor":[117,129,129,79,98,126,138,157,238,255,255,267,267,55,55,154,154,172,198,208,208,222,222,222,222,222,233,233,203,203,215,215,319,319,333,333,121,141,41,41,61,61,85,85,85,85,98,98,98,109,109,109,109],"floor_reached":52,"playtime":2242,"items_purged":["Looming Evil","Defend_R"],"score":454,"play_id":"cb2cd0e6-f747-4291-aa49-b46394f8a040","local_time":"20201228135408","is_ascension_mode":false,"campfire_choices":[{"floor":11,"key":"REST"},{"data":"Whirlwind","floor":15,"key":"SMITH"},{"data":"Barricade","floor":23,"key":"SMITH"},{"data":"Entrench","floor":25,"key":"SMITH"},{"data":"Double Tap","floor":30,"key":"SMITH"},{"floor":32,"key":"REST"},{"data":"Carnage","floor":40,"key":"SMITH"},{"data":"Shrug It Off","floor":42,"key":"SMITH"},{"data":"ExoVibe","floor":44,"key":"SMITH"},{"data":"Reaper","floor":48,"key":"SMITH"},{"floor":51,"key":"REST"}],"circlet_count":0,"master_deck":["Strike_R","Strike_R","Strike_R+1","Defend_R","Bash","Warcry","Cleave","Expertise","infinitespire:Neurotoxin+1","Die Die Die+1","Uppercut","Thunderclap","Double Tap+1","Flame Barrier","True Grit","Whirlwind+1","Barricade+1","Inflame+1","Searing Blow+2","Entrench+1","Body Slam","Run Through","ExoVibe+2","Body Slam+1","Demon Form+1","Carnage+1","Reaper+1","Shrug It Off+1","Strike_R"],"relics":["infinitespire:BlackEgg","Replay:Fungal Core","infinitespire:Satchel","Blue Candle","ReplayTheSpireMod:Ring of Sloth","ReplayTheSpireMod:CursedCoin","m_RuneBlood","Darkstone Periapt","Runesmith:BrokenRuby","CloakClasp","infinitespire:Chaos","infinitespire:Beetle Shell","BranchBurnRelic","Whetstone"],"acts_visited":["Exordium","TheCity","TheBeyond"],"potions_floor_usage":[16,16,16,22,33,33,33,47,52,52,52],"damage_taken":[{"damage":9.0,"enemies":"2 Louse","floor":1.0,"turns":3.0},{"damage":5,"enemies":"Jaw Worm","floor":2,"turns":5},{"damage":0,"enemies":"Small Slimes","floor":5,"turns":2},{"damage":53,"enemies":"Lagavulin","floor":6,"turns":9},{"damage":14,"enemies":"Blue Slaver","floor":7,"turns":3},{"damage":7,"enemies":"3 Louse","floor":8,"turns":2},{"damage":0,"enemies":"Exordium Wildlife","floor":10,"turns":3},{"damage":10,"enemies":"Blue Slaver","floor":12,"turns":3},{"damage":22,"enemies":"Fading Forest","floor":16,"turns":11},{"damage":13,"enemies":"2 Thieves","floor":18,"turns":3},{"damage":0,"enemies":"Masked Bandits","floor":19,"turns":1},{"damage":24,"enemies":"Spheric Guardian","floor":20,"turns":5},{"damage":15,"enemies":"Snecko","floor":22,"turns":4},{"damage":0,"enemies":"Snake Plant","floor":27,"turns":3},{"damage":12,"enemies":"Centurion and Healer","floor":31,"turns":4},{"damage":23,"enemies":"hubris:MusketHawk","floor":33,"turns":8},{"damage":19,"enemies":"3 Darklings","floor":35,"turns":5},{"damage":14,"enemies":"3 Shapes","floor":38,"turns":4},{"damage":32,"enemies":"Spire Growth","floor":41,"turns":4},{"damage":20,"enemies":"3 Darklings","floor":47,"turns":3},{"damage":26,"enemies":"Writhing Mass","floor":50,"turns":4},{"damage":85,"enemies":"Time Eater","floor":52,"turns":6}],"seed_played":"9052297390393600737","potions_obtained":[{"floor":1.0,"key":"Toxic Potion"},{"floor":5,"key":"SkillPotion"},{"floor":6,"key":"FearPotion"},{"floor":10,"key":"SteroidPotion"},{"floor":18,"key":"SteroidPotion"},{"floor":22,"key":"LiquidBronze"},{"floor":27,"key":"PowerPotion"},{"floor":29,"key":"LiquidBronze"},{"floor":29,"key":"Dexterity Potion"},{"floor":38,"key":"Reflective Coating"},{"floor":47,"key":"FearPotion"},{"floor":50,"key":"Block Potion"}],"is_trial":false,"path_per_floor":["M","M","?","?","M","E","M","M","T","M","R","M","?","$","R","B",null,"M","?","M","AVR","M","R","?","R","T","M","?","?","R","M","R","B",null,"M","?","$","M","$","R","M","R","T","R","PTL","PTL","M","R","?","M","R_BF","B"],"character_chosen":"IRONCLAD","items_purchased":["Whirlwind","Lantern","infinitespire:Chaos","infinitespire:Beetle Shell"],"campfire_rested":3,"item_purchase_floors":[14,14,37,37],"current_hp_per_floor":[77,78,78,78,80,33,25,24,24,30,54,50,43,43,43,43,80,73,79,61,61,52,52,52,52,52,58,58,58,58,52,76,59,80,67,67,73,74,74,74,57,57,57,57,57,57,49,49,49,40,65,0,0],"gold":109,"neow_bonus":"ONE_RARE_RELIC","is_daily":false,"chose_seed":false,"campfire_upgraded":8,"win_rate":0.0,"timestamp":1609156448,"path_taken":["M","M","?","?","M","E","M","M","T","M","R","M","?","?","R","BOSS","M","?","M","AVR","M","R","?","R","T","M","?","?","R","?","R","BOSS","M","?","?","M","$","R","M","R","T","R","PTL","PTL","M","R","?","M","R_BF","BOSS"],"items_purchased_type":["Card","Relic","Relic","Relic"],"build_version":"2020-12-22","purchased_purges":2,"victory":false,"max_hp_per_floor":[80,80,80,80,80,80,80,80,80,80,80,80,80,80,80,80,80,80,80,80,80,80,80,80,80,80,80,80,80,80,80,80,80,80,80,80,86,86,86,86,86,86,86,86,86,86,86,86,86,86,86,86,86],"card_choices":[{"not_picked":["ReplayTheSpireMod:Strike From Hell","Dark Embrace"],"picked":"Warcry","floor":1.0},{"not_picked":["ReplayTheSpireMod:Corrosion Curse","Iron Wave"],"picked":"Cleave","floor":2},{"not_picked":["Twin Strike","Warcry"],"picked":"Uppercut","floor":5},{"not_picked":["ReplayTheSpireMod:Strike From Hell","Seeing Red"],"picked":"Thunderclap","floor":6},{"not_picked":["Flame Barrier","Clash"],"picked":"Double Tap","floor":7},{"not_picked":["Run Through","Sentinel"],"picked":"Flame Barrier","floor":8},{"not_picked":["Havoc","Combust"],"picked":"True Grit","floor":10},{"not_picked":["Massacre","Second Wind","ReplayTheSpireMod:Strike From Hell"],"picked":"SKIP","floor":12},{"not_picked":["hubris:StunningStrike","Berserk"],"picked":"Barricade","floor":16},{"not_picked":["Run Through","Anger","ReplayTheSpireMod:Strike From Hell"],"picked":"Inflame+1","floor":18},{"not_picked":["Twin Strike","Warcry","Hemokinesis+1"],"picked":"Searing Blow+1","floor":19},{"not_picked":["Headbutt","Run Through","Sever Soul"],"picked":"Entrench","floor":20},{"not_picked":["Twin Strike+1","Perfected Strike+1","True Grit"],"picked":"Body Slam","floor":22},{"not_picked":["Headbutt","Clothesline","Pommel Strike"],"picked":"Run Through","floor":27},{"not_picked":["Warcry","Inflame","Sever Soul+1"],"picked":"Body Slam+1","floor":31},{"not_picked":["Juggernaut","Hemogenesis","Demonic Infusion"],"picked":"Demon Form","floor":33},{"not_picked":["Combust","True Grit","Cleave+1"],"picked":"Carnage","floor":35},{"not_picked":["Replay:Undeath\u0027s Touch","Thunderclap+1","True Grit+1"],"picked":"SKIP","floor":38},{"not_picked":["Runesmith:CraftFirestone+1","ReplayTheSpireMod:Muscle Training","Wild Strike"],"picked":"SKIP","floor":41},{"not_picked":["Dropkick","Bash+1","Feel No Pain"],"picked":"SKIP","floor":47},{"not_picked":["Eclipse","Bash","Clothesline"],"picked":"SKIP","floor":50}],"player_experience":96478,"relics_obtained":[{"floor":6,"key":"infinitespire:Satchel"},{"floor":9,"key":"aspiration:FrozenJewel"},{"floor":19,"key":"Red Mask"},{"floor":24,"key":"ReplayTheSpireMod:Ring of Exchange"},{"floor":24,"key":"Ring of Misfortune"},{"floor":26,"key":"Gremlin Food"},{"floor":43,"key":"Whetstone"}],"event_choices":[{"cards_removed":["Normality"],"damage_healed":0,"gold_gain":0,"player_choice":"Card Removal","damage_taken":0,"max_hp_gain":0,"max_hp_loss":0,"event_name":"The Cleric","floor":4,"gold_loss":50},{"cards_removed":["Strike_R"],"damage_healed":0,"gold_gain":0,"player_choice":"Card Removal","damage_taken":7,"max_hp_gain":0,"max_hp_loss":0,"event_name":"Golden Wing","floor":13,"gold_loss":0},{"damage_healed":0,"gold_gain":0,"player_choice":"Fought Bandits","damage_taken":0,"max_hp_gain":0,"max_hp_loss":0,"event_name":"Masked Bandits","floor":19,"gold_loss":0},{"damage_healed":0,"gold_gain":0,"player_choice":"Read","damage_taken":0,"max_hp_gain":0,"max_hp_loss":0,"event_name":"The Library","floor":28,"gold_loss":0,"cards_obtained":["ExoVibe"]},{"damage_healed":0,"gold_gain":0,"player_choice":"Bought 2 Potions","damage_taken":0,"max_hp_gain":0,"max_hp_loss":0,"event_name":"The Woman in Blue","floor":29,"gold_loss":0},{"damage_healed":0,"gold_gain":0,"player_choice":"2 cards matched","damage_taken":0,"max_hp_gain":0,"max_hp_loss":0,"event_name":"Match and Keep!","floor":36,"gold_loss":0,"cards_obtained":["Reaper","Shrug It Off"]},{"cards_removed":["hubris:Envy"],"damage_healed":0,"gold_gain":0,"player_choice":"Took Card","damage_taken":0,"max_hp_gain":0,"max_hp_loss":0,"event_name":"NoteForYourself","floor":49,"gold_loss":0,"cards_obtained":["Strike_R"]}],"is_beta":false,"boss_relics":[{"not_picked":["aspiration:PoetsPen_weak","aspiration:RunicSpoon"],"picked":"Honey Jar"},{"not_picked":["Orrery","Kintsugi"],"picked":"Guide Book"}],"items_purged_floors":[37,39],"is_endless":false,"potions_floor_spawned":[1,5,6,10,18,22,27,38,47,50],"killed_by":"Time Eater","ascension_level":0}}