{"host":"nt5s8w9te9kjrjx1","time":1609186547,"event":{"mods":["2.2 Compatiblity","Abigail Mod","AchievementEnabler","Act Like it!","Aspiration","BaseMod","Better Altar","Better Match","Better Note","Better Sensory Stone","Better Skull","Better Third Choice","Better Vampires","Better-Laid Plans","BetterRewards","CapriCore","Card Forge","Colored Powertips","Conspire","Curses Come First","Displayed Cursed Tome","Energized Spire","Gensokyo","Gold Saver","GungeonMod","Halation","Hallownest","Hermit","HexUI Lib","Highlight Path","Hubris","Infinite Spire","Jess\u0027s Bottle","Jorbs\u0027s Wanderer Trilogy","Koishi","Luminous","Mari Mod (Legacy)","Mari\u0027s V1 Patch","Marisa????????","Marked Mod","Mimic Mod","Minty Spire (QoL Compilation)","MostiFishMod","Pale of the Ancients","Quick Restart","Rare Cards Sparkle","Reimu??????","Remilia??????","Reorder Act Four","Replay The Spire","Retaliation","Shade Mod","Small Relic Pack","Spicy Shops","Spikes Relics","StSLib","Steal the Spire","The Administrix","The Animator","The Blue Laboratory","The Caster","The Construct","The Cursed","The Gatherer","The Jungle","The Marked","The Mystic","The Necromancer","The Sage","The Servant 0.9.4","The Wild Card","TheVacant","Transform Curses","Uncapped","Virulent Crown","WarShipGirlsR/????R mod","vexMod"],"gold_per_floor":[114,30014,30014,29022,29037,29067,29082,29112,29146,29146,29159,27921,27951,27966,27966,28066,28066,28081,28081,28096,28021,26476,26506,26521,26521,26546,26571,26601,22631,22631,22646,22646,22746,22746,22761,22776,20272,20287,20287,20317,14588,14588,14613,14637,14637,14667,12376,12400,12400,12400],"floor_reached":51,"playtime":9837,"items_purged":["Hallownest:curseDreamersLament"],"score":1261,"play_id":"c31fa4a9-f45d-4b8a-a5d4-f07b2b074a51","local_time":"20201228201547","daily_mods":["Allstar","Diverse","Night Terrors"],"is_ascension_mode":false,"campfire_choices":[{"floor":15.0,"key":"DIG"},{"data":"AdministrixMod:WifeLightning","floor":25.0,"key":"SMITH"},{"data":"Luminous:Light_Wash_Luminous","floor":32.0,"key":"SMITH"}],"circlet_count":0,"master_deck":["TheCursedMod:Strike_TheCursed","TheCursedMod:Strike_TheCursed","TheCursedMod:Strike_TheCursed","TheCursedMod:Strike_TheCursed","TheCursedMod:Defend_TheCursed","TheCursedMod:Defend_TheCursed","TheCursedMod:Defend_TheCursed","TheCursedMod:Defend_TheCursed","TheCursedMod:CursedWand+1","TheCursedMod:CleanUpWorkshop+1","Survey Options+1","DDmod:MulticlassingSkill+1","Forethought+1","PlatinumSkin+1","MostiFishMod:Kaleido+1","animator:ElricEdward+1","Ghostly+1","AbbyMod:ConsumeFlesh+1","caster:MagicWeapon+1","Gatherer:FlamingBottle+1","construct:FocusedBeam+1","Draining Mist+1","theMarked:ParalyzingBlade+1","Cold Snap+1","Read+1","Prepared+1","Thunder Strike+1","sagemod:Prey+1","Rearm+1","AbbyMod:ConsumeFlesh+1","Koishi:SubterraneanRose+1","stsjorbsmod:ArcaneWeapon+1","AdministrixMod:WifeLightning+1","BowlingBash+1","Insight+1","animator:Lu+1","theMarked:EmpowerWeapon+1","Luminous:Light_Wash_Luminous+1","MostiFishMod:Kaleido+1","Metallicize+1","BloodyTrap+1","mysticmod:Feint+1","TheCursedMod:Stigma+1","Luminous:Light_Wash_Luminous+1","Luminous:Light_Wash_Luminous+1","AbbyMod:SuperMuscular+1","CharismaGuard+1","TheCursedMod:Strike_TheCursed","TheCursedMod:Strike_TheCursed","TheCursedMod:Strike_TheCursed","TheCursedMod:Strike_TheCursed","TheCursedMod:Defend_TheCursed","TheCursedMod:Defend_TheCursed","TheCursedMod:Defend_TheCursed","TheCursedMod:Defend_TheCursed","TheCursedMod:CursedWand+1","TheCursedMod:CleanUpWorkshop+1","Survey Options+1","DDmod:MulticlassingSkill+1","Forethought+1","PlatinumSkin+1","MostiFishMod:Kaleido+1","animator:ElricEdward+1","Ghostly+1","AbbyMod:ConsumeFlesh+1","caster:MagicWeapon+1","Gatherer:FlamingBottle+1","construct:FocusedBeam+1","Draining Mist+1","theMarked:ParalyzingBlade+1","Cold Snap+1","Read+1","Prepared+1","Thunder Strike+1","sagemod:Prey+1","Rearm+1","AbbyMod:ConsumeFlesh+1","Koishi:SubterraneanRose+1","stsjorbsmod:ArcaneWeapon+1","AdministrixMod:WifeLightning+1","BowlingBash+1","Insight+1","animator:Lu+1","theMarked:EmpowerWeapon+1","Luminous:Light_Wash_Luminous+1","MostiFishMod:Kaleido+1","Metallicize+1","BloodyTrap+1","mysticmod:Feint+1","TheCursedMod:Stigma+1","Luminous:Light_Wash_Luminous+1","Luminous:Light_Wash_Luminous+1","AbbyMod:SuperMuscular+1","CharismaGuard+1","Replay:Undeath\u0027s Touch+1","MostiFishMod:RacingGame+1","FlawlessForm+1","Magnetism+1","AbbyMod:ConsumeFlesh+1","AbbyMod:ConsumeFlesh+1","conspire:SharedLibrary+1","MostiFishMod:ElfcollectionBox+1","Shade:SkeletonHug"],"relics":["TheCursedMod:BlackMagic101","Hammer of Thor","Seething Fire","Anvil of the Gods","DaveBox","BirthdayGift-Icosahedron","SynthV:TestCard","halation:PinkSoulGem","Ancient Tea Set","hubris:ToyBattleship","ExplosiveVial","TheAbacus","Blood Vial","Meat on the Bone","CrazyTorch:ReiMu","aspiration:TomeofQuesting","relicPack:AllForOne","Odd Mushroom","ReplayTheSpireMod:TigerMarble","Eternal Feather","DemoMod:MeltedRock","halation:PromiseList","Centennial Puzzle","DemoMod:GlassGuonStoneRelic","TheCursedMod:CrystalBall","JellyFishMachine","DemoMod:ClearGuonStone","Chameleon Ring","infinitespire:CheckeredPen","aspiration:Nostalgia","DemoMod:Dog","The Courier","Replay:Wax Seal","Replay:Mystery Machine","SynthV:C4","Replay:WaspNest","TungstenRod","hubris:Potato","construct:FoamFinger","infinitespire:EmpoweringShard","Pet Ghost","Juzu Bracelet","Shuriken","Toxic Egg 2","Replay:Ringing Soul","Singing Bowl","Toy Ornithopter","hubris:MobiusCoin","conspire:TopHat","Mercury Hourglass","Nunchaku","hubris:CrystalStatue","Onion Ring","Thread and Needle","Simple Rune","Dream Catcher","Replay:Baseball","Lantern","xbg","infinitespire:PuzzleCube","ReplayFunnel","WingedGreaves","MetatronsCube","PreservedInsect","Mastiff:ReiMu","Strawberry","Gremlin Horn","Potion Belt","RollingBoulder","Bag of Marbles","Replay:PocketPolymizer","ReplayTheSpireMod:CursedCoin","infinitespire:CursedDice","vexMod:FocusSash","Oddly Smooth Stone","OrangePellets","Art of War","halation:Sosunser","infinitespire:Lucky Rock","MiniBlackHole","hubris:MedicalManual","Regal Pillow","infinitespire:Broken Mirror","infinitespire:Beetle Shell","hubris:SphereOfDissonance","vexMod:MemoryStick","GiantMaggot","DemoMod:Antibody","Garlic","Boot","Shovel","Dead Branch","halation:BottledLove","Bag of Preparation","Anchor","Gambling Chip","hubris:TenFootPole","Bronze Scales","LugNut","Happy Flower","vexMod:Dragonfruit","halation:PenCase","halation:BlackBeret","ReplayTheSpireMod:Lightbulb","Orichalcum","Quantum Egg","halation:AfternoonTea","CeramicFish","TheCursedMod:Tack","Gremlin Food","hubris:Towel","RuthlessExorcism:ReiMu","Snack Pack","DemoMod:BlueGuonStone","aspiration:Lifesprig","DemoMod:WhiteGuonStone","CaptainsWheel","Du-Vu Doll","aspiration:VileToxins","Whetstone","Omamori","Pen Nib","DemoMod:OrangeGuonStone","MealTicket","Dodecahedron","vexMod:BarristanHead"],"acts_visited":["Exordium","TheCity","TheBeyond"],"potions_floor_usage":[],"damage_taken":[{"damage":0.0,"enemies":"Small Slimes","floor":1.0,"turns":2.0},{"damage":0.0,"enemies":"Jaw Worm","floor":5.0,"turns":1.0},{"damage":0.0,"enemies":"Replay:BlueRogue","floor":6.0,"turns":4.0},{"damage":0.0,"enemies":"2 Louse","floor":7.0,"turns":1.0},{"damage":8.0,"enemies":"3 Sentries","floor":8.0,"turns":3.0},{"damage":0.0,"enemies":"Looter","floor":9.0,"turns":3.0},{"damage":0.0,"enemies":"The Mushroom Lair","floor":11.0,"turns":2.0},{"damage":0.0,"enemies":"Gremlin Nob","floor":13.0,"turns":3.0},{"damage":0.0,"enemies":"Looter","floor":14.0,"turns":1.0},{"damage":11.0,"enemies":"The Guardian","floor":16.0,"turns":4.0},{"damage":0.0,"enemies":"Chosen","floor":18.0,"turns":2.0},{"damage":0.0,"enemies":"conspire:FuzzyDice","floor":20.0,"turns":2.0},{"damage":0.0,"enemies":"Gremlin Leader","floor":23.0,"turns":3.0},{"damage":0.0,"enemies":"3 Cultists","floor":24.0,"turns":1.0},{"damage":9.0,"enemies":"Slavers","floor":28.0,"turns":1.0},{"damage":0.0,"enemies":"Snake Plant","floor":31.0,"turns":1.0},{"damage":0.0,"enemies":"Pondfish","floor":33.0,"turns":2.0},{"damage":0.0,"enemies":"3 Shapes","floor":35.0,"turns":1.0},{"damage":0.0,"enemies":"3 Darklings","floor":36.0,"turns":1.0},{"damage":0.0,"enemies":"Jaw Worm Horde","floor":38.0,"turns":1.0},{"damage":0,"enemies":"Giant Head","floor":40,"turns":3},{"damage":0,"enemies":"4 Shapes","floor":44,"turns":1},{"damage":0,"enemies":"Nightmare","floor":46,"turns":2},{"damage":0,"enemies":"Maw","floor":48,"turns":1},{"damage":0,"enemies":"hubris:GrandSnecko","floor":50,"turns":1}],"seed_played":"3313543068594885719","potions_obtained":[{"floor":6.0,"key":"blueLaboratory:BubblePotion"},{"floor":7.0,"key":"Block Potion"},{"floor":13.0,"key":"Swift Potion"},{"floor":38.0,"key":"blueLaboratory:CorrosionFlask"}],"is_trial":false,"path_per_floor":["M","?","?","$","M","E","M","E","MIM","?","?","$","E","M","R","B",null,"M","?","M","?","$","E","M","R","T","T","E","$","?","M","R","B",null,"M","M","$","M","?","E","$","?","T","M","?","NM","$","M","R","B",null],"character_chosen":"THE_CURSED","items_purchased":["Ancient Tea Set","hubris:ToyBattleship","ExplosiveVial","TheAbacus","Blood Vial","AbbyMod:ConsumeFlesh","caster:MagicWeapon","Gatherer:FlamingBottle","ReplayTheSpireMod:TigerMarble","Eternal Feather","DemoMod:MeltedRock","halation:PromiseList","Thunder Strike","sagemod:Prey","Rearm+1","AbbyMod:ConsumeFlesh","DemoMod:ClearGuonStone","Chameleon Ring","infinitespire:CheckeredPen","aspiration:Nostalgia","animator:Lu","theMarked:EmpowerWeapon","Luminous:Light_Wash_Luminous","MostiFishMod:Kaleido","Replay:WaspNest","TungstenRod","hubris:Potato","construct:FoamFinger","infinitespire:EmpoweringShard","Pet Ghost","Juzu Bracelet","Shuriken","Toxic Egg 2","Replay:Ringing Soul","Singing Bowl","Toy Ornithopter","hubris:MobiusCoin","conspire:TopHat","Mercury Hourglass","Nunchaku","hubris:CrystalStatue","Onion Ring","Thread and Needle","Simple Rune","Dream Catcher","Replay:Baseball","Lantern","TheCursedMod:Stigma+1","Luminous:Light_Wash_Luminous","Luminous:Light_Wash_Luminous","AbbyMod:SuperMuscular","CharismaGuard","infinitespire:PuzzleCube","ReplayFunnel","WingedGreaves","MetatronsCube","PreservedInsect","Mastiff:ReiMu","Strawberry","Gremlin Horn","Potion Belt","RollingBoulder","Bag of Marbles","Replay:PocketPolymizer","ReplayTheSpireMod:CursedCoin","infinitespire:CursedDice","FlawlessForm","Magnetism","Oddly Smooth Stone","OrangePellets","Art of War","halation:Sosunser","infinitespire:Lucky Rock","MiniBlackHole","hubris:MedicalManual","Regal Pillow","infinitespire:Broken Mirror","infinitespire:Beetle Shell","hubris:SphereOfDissonance","vexMod:MemoryStick","GiantMaggot","DemoMod:Antibody","Garlic","Boot","Shovel","Dead Branch","halation:BottledLove","Bag of Preparation","Anchor","Gambling Chip","hubris:TenFootPole","Bronze Scales","LugNut","Happy Flower","vexMod:Dragonfruit","halation:PenCase","halation:BlackBeret","ReplayTheSpireMod:Lightbulb","Orichalcum","Quantum Egg","halation:AfternoonTea","CeramicFish","TheCursedMod:Tack","AbbyMod:ConsumeFlesh","Snack Pack","DemoMod:BlueGuonStone","aspiration:Lifesprig","DemoMod:WhiteGuonStone","CaptainsWheel","Du-Vu Doll","aspiration:VileToxins","Whetstone","Omamori","Pen Nib","DemoMod:OrangeGuonStone","MealTicket","Dodecahedron","vexMod:BarristanHead","MostiFishMod:ElfcollectionBox+1"],"campfire_rested":0,"item_purchase_floors":[4,4,4,4,4,4,4,4,12,12,12,12,12,12,12,12,22,22,22,22,22,22,22,22,29,29,29,29,29,29,29,29,29,29,29,29,29,29,29,29,29,29,29,29,29,29,29,29,29,29,29,29,37,37,37,37,37,37,37,37,37,37,37,37,37,37,37,37,41,41,41,41,41,41,41,41,41,41,41,41,41,41,41,41,41,41,41,41,41,41,41,41,41,41,41,41,41,41,41,41,41,41,41,41,47,47,47,47,47,47,47,47,47,47,47,47,47,47,47],"current_hp_per_floor":[75,75,75,75,75,77,77,72,77,77,81,81,86,86,86,82,92,94,94,98,98,98,98,100,100,100,100,92,95,98,104,109,112,112,114,118,128,132,132,138,146,146,146,149,149,151,154,159,159,161],"gold":12400,"neow_bonus":"","is_daily":true,"chose_seed":false,"campfire_upgraded":2,"win_rate":0.0,"timestamp":1609186547,"path_taken":["M","?","?","$","?","E","M","E","MIM","?","?","$","E","M","R","BOSS","M","?","M","?","$","E","M","R","T","?","E","?","?","M","R","BOSS","M","M","$","M","?","E","?","?","T","M","?","NM","$","M","R","BOSS"],"items_purchased_type":["Relic","Relic","Relic","Relic","Relic","Card","Card","Card","Relic","Relic","Relic","Relic","Card","Card","Card","Card","Relic","Relic","Relic","Relic","Card","Card","Card","Card","Relic","Relic","Relic","Relic","Relic","Relic","Relic","Relic","Relic","Relic","Relic","Relic","Relic","Relic","Relic","Relic","Relic","Relic","Relic","Relic","Relic","Relic","Relic","Card","Card","Card","Card","Card","Relic","Relic","Relic","Relic","Relic","Relic","Relic","Relic","Relic","Relic","Relic","Relic","Relic","Relic","Card","Card","Relic","Relic","Relic","Relic","Relic","Relic","Relic","Relic","Relic","Relic","Relic","Relic","Relic","Relic","Relic","Relic","Relic","Relic","Relic","Relic","Relic","Relic","Relic","Relic","Relic","Relic","Relic","Relic","Relic","Relic","Relic","Relic","Relic","Relic","Relic","Card","Relic","Relic","Relic","Relic","Relic","Relic","Relic","Relic","Relic","Relic","Relic","Relic","Relic","Relic","Card"],"build_version":"2020-12-22","purchased_purges":1,"victory":true,"max_hp_per_floor":[75,75,75,75,75,77,77,79,81,81,82,82,86,86,86,92,92,94,94,98,98,98,98,100,100,100,100,100,103,106,109,109,112,112,114,118,128,132,132,138,146,146,146,149,149,151,154,159,159,161],"card_choices":[{"not_picked":["Cloak And Dagger","Shade:CoffinDance"],"picked":"animator:ElricEdward","floor":1.0},{"not_picked":["Koishi:SpiritedAway","mysticmod:BulkUp","Armaments","rmod:firesupport"],"picked":"construct:FocusedBeam","floor":5.0},{"not_picked":["animator:RinTohsaka","stsjorbsmod:BurningFlask","Turbo","AdministrixMod:TouchOfCinnabar"],"picked":"Draining Mist","floor":6.0},{"not_picked":["AbbyMod:EyesOfMadness","Gatherer:FlowerShield","rmod:slowdown","PowerUp"],"picked":"theMarked:ParalyzingBlade","floor":7.0},{"not_picked":["theWildCard:MagicalMight","sagemod:Lecture","Thunderclap","theMarked:RepellingDischarge"],"picked":"Cold Snap","floor":8.0},{"not_picked":["Leg Sweep","ChargingUp","Redo","GravityBeat"],"picked":"Read","floor":9.0},{"not_picked":["MariMod:Mari_Slap","AbbyMod:LossOfSanity","caster:ShivasGrace","Study"],"picked":"Prepared","floor":11.0},{"not_picked":["mysticmod:Grease","MostiFishMod:FullyArmed","IllusionStar","stsjorbsmod:Message"],"picked":"Koishi:SubterraneanRose","floor":13.0},{"not_picked":["caster:Sultry","stsjorbsmod:Firebolt","mysticmod:TomeOfSpells","Barrage"],"picked":"stsjorbsmod:ArcaneWeapon","floor":14.0},{"not_picked":["Blood_Magic","construct:HastyRepair","hubris:Prefetch","Summon_Death_Knight"],"picked":"AdministrixMod:WifeLightning","floor":16.0},{"not_picked":["theVacant:GraveWave","theWildCard:MagicMettle","sagemod:Catch_Me_If_You_Can","theMarked:Frustration+1"],"picked":"BowlingBash","floor":18.0},{"not_picked":["Shade:CallOfTheGrave+1","ReplayReversal","PowerUp","DemoMod:WhiteBlade","Luminous:Chase_Spell_Luminous+1"],"picked":"SKIP","floor":20.0},{"not_picked":["animator:Rimuru","Shade:Premonition","Desolation","animator:Eve"],"picked":"Metallicize","floor":23.0},{"not_picked":["NightDance","AdministrixMod:NoblePath","stsjorbsmod:MageArmor+1","animator:UneriGinkaku"],"picked":"BloodyTrap+1","floor":24.0},{"not_picked":["MariMod:Mari_Character_Development","Quick Slash+1","sagemod:Tinker","theMarked:RepellingDischarge"],"picked":"mysticmod:Feint+1","floor":28.0},{"not_picked":["Gatherer:OddSpoils","Shade:Trample","Accuracy","animator:IrohaTamaki"],"picked":"Replay:Undeath\u0027s Touch","floor":31.0},{"not_picked":["Solidify+1","TheCursedMod:StunningStrike","DemoMod:DoubleVision+1","Night Terror+1"],"picked":"MostiFishMod:RacingGame+1","floor":33.0},{"not_picked":["TheCursedMod:PrepareRite+1","Koishi:StingingMind+1","AbbyMod:Hitomi","Gatherer:EchoOfNature+1","hermit:TakeAim+1"],"picked":"Singing Bowl","floor":35.0},{"not_picked":["stsjorbsmod:Patron","rmod:aluminumsupply+1","Leap+1","MariMod:Mari_Reckless_Driving+1","Doom and Gloom"],"picked":"Singing Bowl","floor":36.0},{"not_picked":["TheCursedMod:Neurasthenia+1","Indignation+1","sagemod:Quackster+1","AbbyMod:WorldStrongest+1","animator:Tatsumaki+1"],"picked":"Singing Bowl","floor":38.0},{"not_picked":["rmod:aluminumsupply+1","stsjorbsmod:Index+1","theMarked:MaelstromOfLightning+1","mysticmod:Disengage+1","Defragment"],"picked":"Singing Bowl","floor":40},{"not_picked":["Unruled","ReplayTheSpireMod:Corrosion Curse+1","theVacant:Soothe+1","FlyingSleeves+1"],"picked":"conspire:SharedLibrary+1","floor":44},{"not_picked":["Shade:CoffinDance+1","rmod:aviationdawn+1","theWildCard:SeveringSlash","BarrageOfMoneybags:ReiMu","Cleave+1"],"picked":"Singing Bowl","floor":46},{"not_picked":["DemoMod:HuntsMan+1","DDmod:CallousedSkill+1","hermit:Brawl+1","stsjorbsmod:Message+1"],"picked":"Shade:SkeletonHug","floor":48}],"player_experience":174529,"relics_obtained":[{"floor":1.0,"key":"SynthV:TestCard"},{"floor":6.0,"key":"Meat on the Bone"},{"floor":8.0,"key":"CrazyTorch:ReiMu"},{"floor":9.0,"key":"aspiration:TomeofQuesting"},{"floor":11.0,"key":"Odd Mushroom"},{"floor":13.0,"key":"Centennial Puzzle"},{"floor":15.0,"key":"TheCursedMod:CrystalBall"},{"floor":23.0,"key":"The Courier"},{"floor":26.0,"key":"Replay:Wax Seal"},{"floor":27.0,"key":"Replay:Mystery Machine"},{"floor":28.0,"key":"SynthV:C4"},{"floor":40,"key":"vexMod:FocusSash"},{"floor":43,"key":"Gremlin Food"},{"floor":46,"key":"RuthlessExorcism:ReiMu"}],"event_choices":[{"damage_healed":0.0,"max_hp_gain":0.0,"max_hp_loss":0.0,"gold_gain":0.0,"event_name":"conspire:LoneGhost","player_choice":"Argue","floor":2.0,"gold_loss":0.0,"damage_taken":0.0},{"damage_healed":0.0,"max_hp_gain":0.0,"max_hp_loss":0.0,"gold_gain":0.0,"event_name":"Mushrooms","player_choice":"Fought Mushrooms","floor":11.0,"gold_loss":0.0,"damage_taken":0.0},{"damage_healed":0.0,"max_hp_gain":0.0,"max_hp_loss":0.0,"gold_gain":0.0,"event_name":"betterThird:BetterWriting","player_choice":"Insight","floor":19.0,"gold_loss":0.0,"damage_taken":0.0,"cards_obtained":["Insight"]},{"cards_removed":["TheCursedMod:Dregs"],"damage_healed":0.0,"max_hp_gain":0.0,"max_hp_loss":0.0,"gold_gain":0.0,"event_name":"Beggar","player_choice":"Gave Gold","floor":21.0,"gold_loss":75.0,"damage_taken":0.0},{"damage_healed":7.0,"max_hp_gain":0.0,"max_hp_loss":0.0,"gold_gain":0.0,"event_name":"betterSkull:BetterSkull","player_choice":"LEAVE ","floor":39.0,"gold_loss":0.0,"damage_taken":0.0,"cards_upgraded":[],"relics_obtained":[]}],"is_beta":false,"boss_relics":[{"not_picked":["conspire:SeveredTorchhead","hubris:VirtuousBlindfold"],"picked":"JellyFishMachine"},{"not_picked":["halation:Yufonium","Painkiller Herb"],"picked":"xbg"}],"items_purged_floors":[37],"is_endless":false,"potions_floor_spawned":[6,7,13,14,23,33,38,40,46,48],"ascension_level":0}}