{"host":"j45ucdvl5ntpx4kf","time":1609195661,"event":{"mods":["AchievementEnabler","BaseMod","Bestiary","Colored Map","Colored Powertips","Downfall","Minty Spire (QoL Compilation)","StSLib"],"gold_per_floor":[99,110,23,23,8,22,22,52,52,72,72,98,98,7,18,18,18,18],"floor_reached":16,"playtime":1121,"items_purged":[],"score":98,"play_id":"6f697f3e-0d95-47f8-98ad-df96f949f7f1","local_time":"20201228174741","is_ascension_mode":false,"campfire_choices":[{"data":"champ:Taunt","floor":1,"key":"SMITH"},{"data":"champ:Backstep","floor":9,"key":"SMITH"},{"data":"champ:StanceDance","floor":13,"key":"SMITH"}],"circlet_count":0,"master_deck":["champ:Strike","champ:Strike","champ:Strike","champ:Defend","champ:Defend","champ:Defend","champ:Defend","champ:Execute","champ:Taunt+1","champ:ViciousMockery","champ:GutPunch","champ:FocusedBerserking","champ:StanceDance+1","champ:Encircle","champ:Backstep+1","champ:BerserkersShout","champ:BringItOn","champ:HeartStrike"],"relics":["champ:ChampionCrown","Du-Vu Doll","Turnip","Odd Mushroom","Bird Faced Urn"],"acts_visited":["Exordium"],"potions_floor_usage":[12,16,16],"damage_taken":[{"damage":8,"enemies":"Small Slimes","floor":2,"turns":4},{"damage":10,"enemies":"downfall:FleeingMerchant","floor":3,"turns":4},{"damage":19,"enemies":"downfall:FleeingMerchant","floor":5,"turns":4},{"damage":18,"enemies":"Cultist","floor":6,"turns":5},{"damage":31,"enemies":"The Mushroom Lair","floor":8,"turns":4},{"damage":11,"enemies":"2 Louse","floor":10,"turns":2},{"damage":34,"enemies":"Gremlin Nob","floor":12,"turns":6},{"damage":32,"enemies":"downfall:FleeingMerchant","floor":14,"turns":4},{"damage":11,"enemies":"Exordium Wildlife","floor":15,"turns":4},{"damage":68,"enemies":"downfall:Ironclad","floor":16,"turns":7}],"seed_played":"-1476857663370654542","potions_obtained":[{"floor":6,"key":"sneckomod:MuddlingPotion"},{"floor":8,"key":"Strength Potion"},{"floor":12,"key":"SteroidPotion"},{"floor":15,"key":"BlessingOfTheForge"}],"is_trial":false,"path_per_floor":["R","M","$","?","$","M","T","?","R","M","?","E","R","$","M","B"],"character_chosen":"THE_CHAMP","items_purchased":["champ:FocusedBerserking","champ:HeartStrike"],"campfire_rested":0,"item_purchase_floors":[3,14],"current_hp_per_floor":[81,78,78,78,78,75,75,63,63,61,71,46,46,43,41,0,0,0],"gold":18,"neow_bonus":"ONE_RARE_RELIC","is_daily":false,"chose_seed":false,"campfire_upgraded":3,"win_rate":0.0,"timestamp":1609195661,"path_taken":["R","M","$","?","?","M","T","?","R","M","?","E","R","$","M","BOSS"],"items_purchased_type":["Card","Card"],"build_version":"2020-12-22","purchased_purges":0,"victory":false,"max_hp_per_floor":[81,81,81,81,81,81,81,81,81,81,91,91,91,91,91,91,91,91],"card_choices":[{"not_picked":["champ:BladeFlurry","champ:Haymaker"],"picked":"champ:ViciousMockery","floor":2},{"not_picked":["champ:PerfectedStrike","champ:FocusedGladiator"],"picked":"champ:GutPunch","floor":3},{"not_picked":["champ:EnGarde","champ:BladeFlurry"],"picked":"champ:StanceDance","floor":5},{"not_picked":["champ:FanOfKnives","champ:PreciseThrust"],"picked":"champ:Encircle","floor":6},{"not_picked":["champ:RisingSlash","champ:FocusedGladiator"],"picked":"champ:Backstep","floor":8},{"not_picked":["champ:Riposte","champ:EnGarde"],"picked":"champ:BerserkersShout","floor":10},{"not_picked":["champ:FanOfKnives","champ:FocusedGladiator","champ:CalledShot"],"picked":"SKIP","floor":12},{"not_picked":["champ:Haymaker","champ:BerserkersShout"],"picked":"champ:BringItOn","floor":14},{"not_picked":["champ:TornadoPunch","champ:Circumvent","champ:FocusedDefense"],"picked":"SKIP","floor":15}],"player_experience":149822,"relics_obtained":[{"floor":7,"key":"Turnip"},{"floor":8,"key":"Odd Mushroom"},{"floor":12,"key":"Bird Faced Urn"}],"event_choices":[{"cards_removed":["champ:Strike"],"damage_healed":0,"gold_gain":0,"player_choice":"Purged","damage_taken":0,"max_hp_gain":0,"max_hp_loss":0,"event_name":"Purifier","floor":4,"gold_loss":0},{"damage_healed":0,"gold_gain":0,"player_choice":"Fought Mushrooms","damage_taken":0,"max_hp_gain":0,"max_hp_loss":0,"event_name":"Mushrooms","floor":8,"gold_loss":0}],"is_beta":false,"boss_relics":[],"items_purged_floors":[],"is_endless":false,"potions_floor_spawned":[6,8,12,15],"killed_by":"downfall:Ironclad","ascension_level":0}}