{"host":"Shugu","time":1609160422,"event":{"mods":["BaseMod","Colored Powertips","Minty Spire (QoL Compilation)","Waifu the Spire"],"gold_per_floor":[118,118,132,207,106,141,41,41,41,41,41,76,87,100,100,197,197,212,212,227,247,247,247,247,247],"floor_reached":24,"playtime":797,"items_purged":["Defend_R","Defend_R"],"score":332,"play_id":"ccfcba2f-eae0-47a5-ad16-5f7fc77778d1","local_time":"20201228210022","is_ascension_mode":true,"campfire_choices":[{"data":"Perfected Strike","floor":8.0,"key":"SMITH"},{"data":"Wild Strike","floor":11.0,"key":"SMITH"},{"data":"Rage","floor":15.0,"key":"SMITH"},{"data":"Rage","floor":23,"key":"SMITH"}],"circlet_count":0,"master_deck":["Strike_R","Strike_R","Strike_R","Strike_R","Strike_R","Defend_R","Defend_R","Bash","Perfected Strike+1","Wild Strike+1","Reaper","Rage+1","Rage+1","Clash+1"],"relics":["Burning Blood","NeowsBlessing","White Beast Statue","Meat on the Bone","Dream Catcher"],"acts_visited":["Exordium","TheCity"],"potions_floor_usage":[16,16,20,21],"damage_taken":[{"damage":0.0,"enemies":"Small Slimes","floor":1.0,"turns":1.0},{"damage":0.0,"enemies":"Jaw Worm","floor":3.0,"turns":1.0},{"damage":0.0,"enemies":"Lagavulin","floor":6.0,"turns":1.0},{"damage":30.0,"enemies":"3 Sentries","floor":12.0,"turns":6.0},{"damage":0.0,"enemies":"Cultist","floor":13.0,"turns":2.0},{"damage":14.0,"enemies":"Exordium Wildlife","floor":14.0,"turns":3.0},{"damage":52,"enemies":"Hexaghost","floor":16,"turns":9},{"damage":1,"enemies":"Spheric Guardian","floor":18,"turns":3},{"damage":35,"enemies":"Shell Parasite","floor":20,"turns":4},{"damage":32,"enemies":"Centurion and Healer","floor":21,"turns":7},{"damage":55,"enemies":"Slavers","floor":24,"turns":3}],"seed_played":"8544856864534906300","potions_obtained":[{"floor":6.0,"key":"ColorlessPotion"},{"floor":12.0,"key":"SpeedPotion"},{"floor":13.0,"key":"Weak Potion"},{"floor":16,"key":"SteroidPotion"},{"floor":18,"key":"Explosive Potion"},{"floor":20,"key":"Weak Potion"},{"floor":21,"key":"EssenceOfSteel"}],"is_trial":false,"path_per_floor":["M","?","M","?","$","E","$","R","T","?","R","E","M","M","R","B",null,"M","?","M","M","?","R","E"],"character_chosen":"IRONCLAD","items_purchased":["Wild Strike"],"campfire_rested":0,"item_purchase_floors":[5],"current_hp_per_floor":[78,83,85,74,74,80,80,80,80,68,68,56,62,62,62,33,72,77,77,52,56,40,40,0,0],"gold":247,"neow_bonus":"THREE_ENEMY_KILL","is_daily":false,"chose_seed":false,"campfire_upgraded":4,"win_rate":0.0,"timestamp":1609160422,"path_taken":["M","?","M","?","?","E","?","R","T","?","R","E","M","M","R","BOSS","M","?","M","M","?","R","E"],"items_purchased_type":["Card"],"build_version":"2020-12-18","purchased_purges":2,"victory":false,"max_hp_per_floor":[80,85,85,85,85,85,85,85,85,85,85,85,85,85,85,85,85,85,85,85,85,90,90,90,90],"card_choices":[{"not_picked":["Evolve","Heavy Blade"],"picked":"Perfected Strike","floor":1.0},{"not_picked":["Cleave","Havoc","Body Slam"],"picked":"SKIP","floor":3.0},{"not_picked":["Body Slam","Metallicize","Uppercut"],"picked":"SKIP","floor":6.0},{"not_picked":["Armaments","Heavy Blade"],"picked":"Reaper","floor":12.0},{"not_picked":["Heavy Blade","Rampage"],"picked":"Rage","floor":13.0},{"not_picked":["Anger","Reckless Charge","Carnage"],"picked":"SKIP","floor":14.0},{"not_picked":["Whirlwind","Anger+1","Body Slam"],"picked":"SKIP","floor":18},{"not_picked":["Thunderclap+1","Battle Trance"],"picked":"Rage","floor":20},{"not_picked":["Iron Wave","Uppercut"],"picked":"Clash+1","floor":21}],"player_experience":367127,"relics_obtained":[{"floor":6.0,"key":"White Beast Statue"},{"floor":12.0,"key":"Dream Catcher"}],"event_choices":[{"damage_healed":0.0,"max_hp_gain":5.0,"max_hp_loss":0.0,"gold_gain":0.0,"event_name":"Big Fish","player_choice":"Donut","floor":2.0,"gold_loss":0.0,"damage_taken":0.0},{"damage_healed":0.0,"max_hp_gain":0.0,"max_hp_loss":0.0,"gold_gain":75.0,"event_name":"World of Goop","player_choice":"Gather Gold","floor":4.0,"gold_loss":0.0,"damage_taken":11.0},{"damage_healed":0.0,"max_hp_gain":0.0,"max_hp_loss":0.0,"gold_gain":0.0,"event_name":"Scrap Ooze","player_choice":"Success","floor":10.0,"gold_loss":0.0,"damage_taken":12.0,"relics_obtained":["Meat on the Bone"]},{"damage_healed":0,"gold_gain":0,"player_choice":"Ignored","damage_taken":0,"max_hp_gain":0,"max_hp_loss":0,"event_name":"Ghosts","floor":19,"gold_loss":0},{"damage_healed":0,"gold_gain":0,"player_choice":"Shed Blood","damage_taken":21,"max_hp_gain":5,"max_hp_loss":0,"event_name":"Forgotten Altar","floor":22,"gold_loss":0}],"is_beta":true,"boss_relics":[{"not_picked":["Philosopher\u0027s Stone","Runic Pyramid","Busted Crown"]}],"items_purged_floors":[5,7],"is_endless":false,"potions_floor_spawned":[6,12,13,14,16,18,20,21],"killed_by":"Slavers","ascension_level":9}}