{"host":"grli52lbdph2722t","time":1609178008,"event":{"mods":["AchievementEnabler","BaseMod","Downfall","Minty Spire (QoL Compilation)","Quick Restart","StSLib"],"gold_per_floor":[99,99,99,99,99,124,124,155,166,9,20,20,47,63,75,75,75,75],"floor_reached":16,"playtime":661,"items_purged":["champ:Strike"],"score":177,"play_id":"02a0a896-d7b9-4b2d-a385-6e57ab881e8f","local_time":"20201228185328","is_ascension_mode":true,"campfire_choices":[{"data":"champ:Taunt","floor":1,"key":"SMITH"},{"floor":12,"key":"REST"}],"circlet_count":0,"master_deck":["AscendersBane","champ:Strike","champ:Strike","champ:Strike","champ:Defend","champ:Defend","champ:Defend","champ:Defend","champ:Execute","champ:Taunt+1","champ:DeathBlow","champ:StanceDance","champ:SwordSigil","champ:CalledShot","champ:EnragedBash","champ:AdrenalArmor","champ:BringItOn","champ:EndlessRage","champ:IronFortress","champ:StanceDance","champ:ArenaPreparation","champ:Riposte"],"relics":["champ:ChampionCrown","downfall:HeartsMalice","Du-Vu Doll","sneckomod:BlankCard","Ornamental Fan","MealTicket"],"acts_visited":["Exordium"],"potions_floor_usage":[6,8,13,14,16,16],"damage_taken":[{"damage":0,"enemies":"Jaw Worm","floor":2,"turns":1},{"damage":0,"enemies":"Cultist","floor":3,"turns":1},{"damage":0,"enemies":"Small Slimes","floor":5,"turns":1},{"damage":50,"enemies":"Lagavulin","floor":6,"turns":7},{"damage":79,"enemies":"3 Sentries","floor":8,"turns":10},{"damage":2,"enemies":"Blue Slaver","floor":9,"turns":2},{"damage":28,"enemies":"downfall:FleeingMerchant","floor":10,"turns":4},{"damage":25,"enemies":"Lots of Slimes","floor":11,"turns":2},{"damage":60,"enemies":"Lagavulin","floor":13,"turns":6},{"damage":10,"enemies":"2 Fungi Beasts","floor":14,"turns":2},{"damage":23,"enemies":"Exordium Wildlife","floor":15,"turns":4},{"damage":19,"enemies":"downfall:Silent","floor":16,"turns":4}],"seed_played":"7996164351579853206","potions_obtained":[{"floor":4,"key":"sneckomod:MuddlingPotion"},{"floor":4,"key":"ColorlessPotion"},{"floor":4,"key":"Weak Potion"},{"floor":8,"key":"champ:OpenerPotion"},{"floor":11,"key":"AttackPotion"},{"floor":15,"key":"Guardian:BlockOnCardUsePotion"}],"is_trial":false,"path_per_floor":["R","M","M","?","M","E","T","E","M","$","M","R","E","M","M","B"],"character_chosen":"THE_CHAMP","items_purchased":["champ:EndlessRage"],"campfire_rested":1,"item_purchase_floors":[10],"current_hp_per_floor":[81,81,81,81,81,66,66,29,29,29,20,47,24,24,15,0,0,0],"gold":75,"neow_bonus":"THREE_ENEMY_KILL","is_daily":false,"chose_seed":false,"campfire_upgraded":1,"win_rate":0.0,"timestamp":1609178008,"path_taken":["R","M","M","?","?","E","T","E","M","$","M","R","E","M","M","BOSS"],"items_purchased_type":["Card"],"build_version":"2020-12-22","purchased_purges":1,"victory":false,"max_hp_per_floor":[90,90,90,90,90,90,90,90,90,90,90,90,90,90,90,90,90,90],"card_choices":[{"not_picked":["champ:DefensiveShout","champ:BerserkersShout"],"picked":"champ:DeathBlow","floor":2},{"not_picked":["champ:AdrenalArmor","champ:PerfectedStrike"],"picked":"champ:StanceDance","floor":3},{"not_picked":["champ:FanOfKnives","champ:ShieldSigil"],"picked":"champ:SwordSigil","floor":5},{"not_picked":["champ:StanceDance","champ:Balance"],"picked":"champ:CalledShot","floor":6},{"not_picked":["champ:Circumvent","champ:BladeFlurry"],"picked":"champ:EnragedBash","floor":8},{"not_picked":["champ:Circumvent","champ:DefensiveShout"],"picked":"champ:AdrenalArmor","floor":9},{"not_picked":["champ:HeavySlash","champ:Riposte"],"picked":"champ:BringItOn","floor":10},{"not_picked":["champ:AdrenalArmor","champ:TornadoPunch"],"picked":"champ:IronFortress","floor":11},{"not_picked":["champ:FalseCounter","champ:ShieldWall"],"picked":"champ:StanceDance","floor":13},{"not_picked":["champ:GladiatorsShout","champ:PerfectedStrike"],"picked":"champ:ArenaPreparation","floor":14},{"not_picked":["champ:ShieldWall","champ:Haymaker"],"picked":"champ:Riposte","floor":15}],"player_experience":4889311,"relics_obtained":[{"floor":6,"key":"Du-Vu Doll"},{"floor":7,"key":"sneckomod:BlankCard"},{"floor":8,"key":"Ornamental Fan"},{"floor":13,"key":"MealTicket"}],"event_choices":[{"damage_healed":0,"gold_gain":0,"player_choice":"Got Potions","damage_taken":0,"max_hp_gain":0,"max_hp_loss":0,"event_name":"Lab","floor":4,"gold_loss":0}],"is_beta":false,"boss_relics":[],"items_purged_floors":[10],"is_endless":false,"potions_floor_spawned":[8,11,15],"killed_by":"downfall:Silent","ascension_level":10}}