{"host":"ln6xh2dj126ndm3e","time":1609187150,"event":{"mods":["AchievementEnabler","Aspiration","BaseMod","Better Altar","Better Match","Better Note","Better Sensory Stone","Better Skull","Better Third Choice","BetterRewards","CCEM","Colored Map","Conspire","GifTheSpireLib","Halation","Highlight Path","Hubris","Infinite Spire","Minty Spire (QoL Compilation)","Permanent Neow","Replay The Spire","Shop Mod","Spicy Shops","StSLib","Unceasing Turn Reminder"],"gold_per_floor":[119,119,227,237,250,250,262,262,262,280,295,295,309,241,241,346,346,359,359,359],"floor_reached":19,"playtime":1253,"items_purged":[],"score":161,"play_id":"0e83165c-cad3-4e49-9428-7cfebd186456","local_time":"20201228142550","is_ascension_mode":false,"campfire_choices":[{"data":"Toxin Wave","floor":6,"key":"SMITH"},{"data":"Replay:Poison Smokescreen","floor":8,"key":"SMITH"},{"floor":15,"key":"REST"}],"circlet_count":0,"master_deck":["Strike_G","Strike_G","Strike_G","Strike_G","Strike_G","Defend_G","Defend_G","Defend_G","Defend_G","Defend_G","Survivor","Neutralize","Deadly Poison","Toxin Wave+1","Dodge and Roll","Toxin Wave","Prepared","Replay:Poison Smokescreen+1","Footwork+1","Bane","Crippling Poison","Corpse Explosion","Poisoned Stab"],"relics":["Ring of the Snake","Strawberry","ReplayTheSpireMod:Ninjato","conspire:SlowCooker"],"acts_visited":["Exordium","TheCity"],"potions_floor_usage":[16,16,16],"damage_taken":[{"damage":0,"enemies":"Small Slimes","floor":1,"turns":4},{"damage":0,"enemies":"2 Louse","floor":4,"turns":2},{"damage":0,"enemies":"conspire:RoseBush","floor":5,"turns":3},{"damage":7,"enemies":"Exordium Thugs","floor":7,"turns":4},{"damage":13,"enemies":"Lots of Slimes","floor":10,"turns":3},{"damage":3,"enemies":"conspire:2 RoseBushes","floor":11,"turns":5},{"damage":0,"enemies":"Gremlin Gang","floor":13,"turns":5},{"damage":20,"enemies":"Hexaghost","floor":16,"turns":8},{"damage":29,"enemies":"2 Thieves","floor":18,"turns":3},{"damage":5,"enemies":"Shell Parasite","floor":19,"turns":2}],"seed_played":"-6140846621985119805","potions_obtained":[{"floor":1,"key":"Fire Potion"},{"floor":5,"key":"Swift Potion"},{"floor":11,"key":"Energy Potion"}],"is_trial":false,"path_per_floor":["M","?","?","M","M","R","M","R","T","M","M","?","M","$","R","B",null,"M","M"],"character_chosen":"THE_SILENT","items_purchased":["Crippling Poison"],"campfire_rested":1,"item_purchase_floors":[14],"current_hp_per_floor":[77,77,58,58,58,58,51,51,51,38,35,35,35,35,58,38,77,48,43,43],"gold":359,"neow_bonus":"RANDOM_COMMON_RELIC","is_daily":false,"chose_seed":false,"campfire_upgraded":2,"win_rate":0.0,"timestamp":1609187150,"path_taken":["M","?","?","M","?","R","M","R","T","M","?","?","M","$","R","BOSS","M","M"],"items_purchased_type":["Card"],"build_version":"2020-12-22","purchased_purges":0,"victory":false,"max_hp_per_floor":[77,77,77,77,77,77,77,77,77,77,77,77,77,77,77,77,77,77,77,77],"card_choices":[{"not_picked":["Sucker Punch","Draining Mist"],"picked":"Deadly Poison","floor":1},{"not_picked":["Backstab","Replay:Poison Smokescreen"],"picked":"Toxin Wave","floor":3},{"not_picked":["Draining Mist","Skewer"],"picked":"Dodge and Roll","floor":3},{"not_picked":["Poisoned Stab","Deflect"],"picked":"Toxin Wave","floor":4},{"not_picked":["hubris:Sniper","Dash"],"picked":"Prepared","floor":5},{"not_picked":["PiercingWail","Acrobatics"],"picked":"Replay:Poison Smokescreen","floor":7},{"not_picked":["Draining Mist","Hidden Blade"],"picked":"Footwork","floor":10},{"not_picked":["Blade Dance","Outmaneuver"],"picked":"Bane","floor":11},{"not_picked":["Blade Dance","Glass Knife","PiercingWail"],"picked":"SKIP","floor":13},{"not_picked":["ReplayTheSpireMod:Necrosis","Malaise"],"picked":"Corpse Explosion","floor":16},{"not_picked":["PiercingWail+1","Underhanded Strike"],"picked":"Poisoned Stab","floor":18}],"player_experience":445504,"relics_obtained":[{"floor":9,"key":"ReplayTheSpireMod:Ninjato"}],"event_choices":[{"damage_healed":0,"gold_gain":0,"player_choice":"Upgraded","damage_taken":0,"max_hp_gain":0,"max_hp_loss":0,"event_name":"Upgrade Shrine","floor":12,"gold_loss":0,"cards_upgraded":["Footwork"]}],"is_beta":false,"boss_relics":[{"not_picked":["aspiration:DefectSkillbook","ChewingGum"],"picked":"conspire:SlowCooker"}],"items_purged_floors":[],"is_endless":false,"potions_floor_spawned":[1,5,11],"killed_by":"Shell Parasite","ascension_level":0}}