{"host":"pijh7er38uumsf33","time":1609174555,"event":{"mods":["AchievementEnabler","Act Like it!","BaseMod","Clockwork Mod","Conspire","Data Control","Downfall","Infinite Spire","Minty Spire (QoL Compilation)","Quick Restart","Rare Cards Sparkle","Replay The Spire","StSLib","Uncapped"],"gold_per_floor":[362,84,94,113,113,140,140,160,160,7,7,7,19,0,0,97,97,111,128,148,167,91,121,121,131,131,131,131,160,160,180,105,105,105],"floor_reached":33,"playtime":1396,"items_purged":["Dualcast"],"score":402,"play_id":"ff5ca2a0-55cc-40cb-bce1-78331ace6eec","local_time":"20201228175555","is_ascension_mode":true,"campfire_choices":[{"data":"Zap","floor":7,"key":"SMITH"},{"data":"Go for the Eyes","floor":12,"key":"SMITH"},{"floor":15,"key":"REST"},{"floor":24,"key":"RECALL"},{"floor":28,"key":"REST"},{"data":"Defend_B","floor":30,"key":"SMITH"}],"circlet_count":0,"master_deck":["Strike_B","Strike_B","Strike_B","Strike_B","Defend_B+1","Defend_B","Defend_B","Defend_B","Zap+1","Sweeping Beam","Go for the Eyes+1","Leap","Beam Cell","Thunder Strike","Ball Lightning","Gash","Static Discharge+1","Ball Lightning","Gash","Ball Lightning+1"],"relics":["Cracked Core","conspire:BottledYoYo","Solar Panel","infinitespire:Golems Mask","Pen Nib","infinitespire:BottledMercury","Frozen Egg 2","Toxic Egg 2","Bag of Preparation","Bronze Scales"],"acts_visited":["Exordium","TheCity"],"potions_floor_usage":[5,13,23,31,33],"damage_taken":[{"damage":8,"enemies":"2 Louse","floor":1,"turns":3},{"damage":0,"enemies":"Cultist","floor":3,"turns":4},{"damage":8,"enemies":"Small Slimes","floor":4,"turns":3},{"damage":37,"enemies":"3 Sentries","floor":6,"turns":7},{"damage":13,"enemies":"Blue Slaver","floor":8,"turns":3},{"damage":5,"enemies":"Gremlin Gang","floor":13,"turns":4},{"damage":3,"enemies":"Slime Boss","floor":16,"turns":8},{"damage":19,"enemies":"Chosen","floor":18,"turns":5},{"damage":5,"enemies":"Shell Parasite","floor":19,"turns":4},{"damage":22,"enemies":"Chosen and Byrds","floor":20,"turns":6},{"damage":21,"enemies":"Snecko","floor":21,"turns":5},{"damage":37,"enemies":"conspire:SneckoGhost","floor":23,"turns":6},{"damage":18,"enemies":"Snake Plant","floor":25,"turns":4},{"damage":24,"enemies":"Gremlin Leader","floor":29,"turns":5},{"damage":20,"enemies":"Centurion and Healer","floor":31,"turns":4},{"damage":15,"enemies":"conspire:MysteriousRune","floor":33,"turns":2}],"seed_played":"6620957174226629909","potions_obtained":[{"floor":3,"key":"FairyPotion"},{"floor":5,"key":"Fruit Juice"},{"floor":5,"key":"Guardian:BlockOnCardUsePotion"},{"floor":5,"key":"GamblersBrew"},{"floor":8,"key":"Dexterity Potion"},{"floor":13,"key":"PowerPotion"},{"floor":23,"key":"EssenceOfDarkness"},{"floor":31,"key":"LiquidMemories"}],"is_trial":false,"path_per_floor":["M","$","M","M","?","E","R","M","T","$","?","R","M","$","R","B",null,"M","M","M","M","$","E","R","M","T","?","R","E","R","M","R","B"],"character_chosen":"DEFECT","items_purchased":["conspire:BottledYoYo","Solar Panel","Pen Nib","Frozen Egg 2","Static Discharge+1"],"campfire_rested":2,"item_purchase_floors":[2,2,10,14,22],"current_hp_per_floor":[42,42,48,46,51,20,20,13,13,13,6,6,7,7,31,32,68,53,54,38,23,23,36,36,22,22,22,46,28,28,14,14,0,0],"gold":105,"neow_bonus":"TWO_FIFTY_GOLD","is_daily":false,"chose_seed":false,"campfire_upgraded":3,"win_rate":0.0,"timestamp":1609174555,"path_taken":["M","$","M","M","?","E","R","M","T","?","?","R","M","?","R","BOSS","M","M","M","?","$","E","R","M","T","?","R","E","R","M","R","BOSS"],"items_purchased_type":["Relic","Relic","Relic","Relic","Card"],"build_version":"2020-12-22","purchased_purges":1,"victory":false,"max_hp_per_floor":[75,75,75,75,80,80,80,80,80,80,80,80,80,80,80,80,80,80,80,80,80,80,80,80,80,80,80,80,80,80,80,80,80,80],"card_choices":[{"not_picked":["Steam","Rip and Tear"],"picked":"Sweeping Beam","floor":1},{"not_picked":["Lockon","Coolheaded"],"picked":"Go for the Eyes","floor":3},{"not_picked":["Stack","Steam","ReplayTheSpireMod:Reroute Power"],"picked":"SKIP","floor":4},{"not_picked":["Genetic Algorithm","Fission"],"picked":"Leap","floor":6},{"not_picked":["Stack","Go for the Eyes"],"picked":"Beam Cell","floor":8},{"not_picked":["Barrage","Steam","Scrape"],"picked":"SKIP","floor":13},{"not_picked":["All For One","Biased Cognition+1"],"picked":"Thunder Strike","floor":16},{"not_picked":["Leap","Compile Driver"],"picked":"Ball Lightning","floor":18},{"not_picked":["Reprogram+1","Redo+1"],"picked":"Gash","floor":19},{"not_picked":["Turbo","ReplaySort","Fusion+1"],"picked":"SKIP","floor":20},{"not_picked":["Crystallizer+1","Recycle","Steam"],"picked":"SKIP","floor":21},{"not_picked":["Barrage","Compile Driver"],"picked":"Ball Lightning","floor":23},{"not_picked":["Coolheaded+1","ReplayRNGCard+1"],"picked":"Gash","floor":25},{"not_picked":["Rebound+1","Stack+1","Turbo+1"],"picked":"SKIP","floor":29},{"not_picked":["Cold Snap+1","Sweeping Beam"],"picked":"Ball Lightning+1","floor":31}],"player_experience":181887,"relics_obtained":[{"floor":6,"key":"infinitespire:Golems Mask"},{"floor":23,"key":"Toxic Egg 2"},{"floor":26,"key":"Bag of Preparation"},{"floor":29,"key":"Bronze Scales"}],"event_choices":[{"damage_healed":0,"gold_gain":0,"player_choice":"Got Potions","damage_taken":0,"max_hp_gain":0,"max_hp_loss":0,"event_name":"Lab","floor":5,"gold_loss":0},{"damage_healed":0,"gold_gain":0,"player_choice":"Success","damage_taken":7,"relics_obtained":["infinitespire:BottledMercury"],"max_hp_gain":0,"max_hp_loss":0,"event_name":"Scrap Ooze","floor":11,"gold_loss":0},{"cards_removed":["conspire:NecroticWound"],"damage_healed":0,"gold_gain":0,"player_choice":"Gave Gold","damage_taken":0,"max_hp_gain":0,"max_hp_loss":0,"event_name":"Beggar","floor":32,"gold_loss":75}],"is_beta":false,"boss_relics":[{"not_picked":["conspire:SeveredTorchhead","Runic Pyramid","Abe\u0027s Treasure"]}],"items_purged_floors":[2],"is_endless":false,"potions_floor_spawned":[3,8,13,18,23,31],"killed_by":"conspire:MysteriousRune","ascension_level":8}}