{"host":"7tkrmasug91pv8cz","time":1609144142,"event":{"mods":["2.2 Compatiblity","AchievementEnabler","Ascension Reborn","BaseMod","CapriCore","DeckTracker","Hermit","Koishi","Marisa£¨Ùöéë¡¡Øª×âÞÞ£©","Minty Spire (QoL Compilation)","Permanent Neow","StSLib","SuperFastMode","The Alterego","The Cursed","The Dragon Tamer","The Gatherer","The Immortal"],"gold_per_floor":[115,137,137,153,243,644,667,381,381,422,444,460,480,497,497,622,622,641,145,164,186,203,239,239,329,390,390,414,445,445,481,481,605,605,619,675,675,687,687,727,242,242,270,270,311,371,371,371,371,371,371,371,96,134,134],"floor_reached":56,"playtime":2679,"items_purged":["Strike_R+1","Defend_R+1"],"score":1600,"play_id":"038cf14f-50f4-42ad-94e4-cc310073b24e","local_time":"20201228172902","is_ascension_mode":true,"campfire_choices":[{"data":"Dark Embrace","floor":15,"key":"SMITH"},{"data":"Apotheosis","floor":27,"key":"SMITH"},{"data":"Strike_R+1","floor":32,"key":"PURGE"},{"floor":42,"key":"RECALL"},{"data":"Defend_R+1","floor":44,"key":"PURGE"},{"data":"Defend_R+1","floor":49,"key":"PURGE"},{"data":"Defend_R+1","floor":52,"key":"PURGE"}],"circlet_count":0,"master_deck":["Bash+1","Mayhem","Cleave+1","Barricade","Inflame+1","Second Wind+1","Dark Embrace+1","Reaper+1","Fiend Fire+1","Power Through","Shrug It Off+1","Rampage+1","Evolve","Metallicize+1","Corruption","Wild Strike+1","Apotheosis+1","Fire Breathing+1","Sword Boomerang+1","Pommel Strike+1","Shrug It Off+1","Bludgeon+1","Rupture","Immolate+1","Reckless Charge+1","Barricade","Offering+1","Sword Boomerang+1","Havoc+1","Clothesline+1","Feel No Pain","Finesse+1","Heavy Blade+1","Flame Barrier+1","Seeing Red+1"],"relics":["Burning Blood","Peace Pipe","Molten Egg 2","Old Coin","Kunai","Pantograph","Paper Frog","TungstenRod","Coffee Dripper","Juzu Bracelet","Bottled Lightning","Pocketwatch","Bronze Scales","Vajra","Happy Flower","Toxic Egg 2","Potion Belt","Mango","Runic Cube","CatCart","Regal Pillow","HornCleat","TheAbacus","StrikeDummy","White Beast Statue","Champion Belt","Torii","Orichalcum"],"acts_visited":["Exordium","TheCity","TheBeyond","TheEnding"],"potions_floor_usage":[13,55,55,55,55,55],"damage_taken":[{"damage":9,"enemies":"Jaw Worm","floor":1,"turns":2},{"damage":0,"enemies":"Small Slimes","floor":2,"turns":2},{"damage":4,"enemies":"2 Louse","floor":4,"turns":3},{"damage":6,"enemies":"Lagavulin","floor":6,"turns":5},{"damage":2,"enemies":"Blue Slaver","floor":7,"turns":3},{"damage":0,"enemies":"Gremlin Nob","floor":10,"turns":3},{"damage":18,"enemies":"Lots of Slimes","floor":11,"turns":3},{"damage":5,"enemies":"2 Fungi Beasts","floor":12,"turns":4},{"damage":0,"enemies":"Large Slime","floor":13,"turns":4},{"damage":0,"enemies":"3 Louse","floor":14,"turns":3},{"damage":0,"enemies":"Slime Boss","floor":16,"turns":3},{"damage":0,"enemies":"Chosen","floor":18,"turns":5},{"damage":3,"enemies":"Spheric Guardian","floor":20,"turns":4},{"damage":14,"enemies":"Snecko","floor":21,"turns":5},{"damage":15,"enemies":"Centurion and Healer","floor":22,"turns":6},{"damage":38,"enemies":"Slavers","floor":23,"turns":5},{"damage":6,"enemies":"Chosen and Byrds","floor":28,"turns":4},{"damage":20,"enemies":"Book of Stabbing","floor":29,"turns":4},{"damage":8,"enemies":"Slavers","floor":31,"turns":4},{"damage":8,"enemies":"Automaton","floor":33,"turns":7},{"damage":10,"enemies":"3 Darklings","floor":35,"turns":4},{"damage":5,"enemies":"Orin","floor":36,"turns":6},{"damage":14,"enemies":"3 Shapes","floor":38,"turns":3},{"damage":5,"enemies":"Giant Head","floor":40,"turns":4},{"damage":0,"enemies":"Nemesis","floor":45,"turns":5},{"damage":20,"enemies":"2 Orb Walkers","floor":46,"turns":4},{"damage":10,"enemies":"Time Eater","floor":50,"turns":7},{"damage":5,"enemies":"Shield and Spear","floor":54,"turns":4},{"damage":5,"enemies":"The Heart","floor":55,"turns":8}],"seed_played":"-883956848643787614","potions_obtained":[{"floor":4,"key":"Dexterity Potion"},{"floor":6,"key":"ElixirPotion"},{"floor":7,"key":"BlessingOfTheForge"},{"floor":13,"key":"Fruit Juice"},{"floor":16,"key":"Ancient Potion"},{"floor":31,"key":"Ancient Potion"},{"floor":33,"key":"Block Potion"},{"floor":36,"key":"LiquidBronze"},{"floor":38,"key":"DuplicationPotion"},{"floor":54,"key":"Dexterity Potion"}],"is_trial":false,"path_per_floor":["M","M","?","M","?","E","M","$","T","E","M","M","M","M","R","B",null,"M","$","M","M","M","E","?","?","T","R","M","E","?","E","R","B",null,"M","?","?","M","?","E","$","R","T","R","E","?","$","?","R","B",null,"R","$","E","B",null],"character_chosen":"IRONCLAD","items_purchased":["Dark Embrace","Reaper+1","Fiend Fire+1","Juzu Bracelet","Apotheosis","Bottled Lightning","HornCleat","Feel No Pain","TheAbacus","Finesse+1","Torii","Seeing Red+1"],"campfire_rested":0,"item_purchase_floors":[8,8,8,19,19,19,41,41,41,41,53,53],"current_hp_per_floor":[60,68,50,54,43,45,51,51,51,59,75,78,90,90,90,95,95,95,95,95,95,95,83,83,75,75,75,90,78,78,95,95,114,114,112,114,114,108,108,108,108,108,108,108,108,96,96,96,96,113,113,113,113,113,118],"gold":134,"neow_bonus":"RANDOM_COLORLESS_2","is_daily":false,"chose_seed":false,"campfire_upgraded":2,"win_rate":0.0,"timestamp":1609144142,"path_taken":["M","M","?","M","?","E","M","?","T","E","M","M","M","M","R","BOSS","M","$","M","M","M","E","?","?","T","R","M","E","?","E","R","BOSS","M","?","?","M","?","E","$","R","T","R","E","?","$","?","R","BOSS","R","$","E","BOSS"],"items_purchased_type":["Card","Card","Card","Relic","Card","Relic","Relic","Card","Relic","Card","Relic","Card"],"build_version":"2020-12-22","purchased_purges":2,"victory":true,"max_hp_per_floor":[85,85,85,85,85,85,85,85,85,85,85,85,90,90,90,95,95,95,95,95,95,95,95,95,95,95,95,95,95,95,95,95,114,114,114,114,114,114,108,108,108,108,108,108,108,108,108,108,108,113,113,113,113,113,118],"card_choices":[{"not_picked":["Sadistic Nature","Panache"],"picked":"Mayhem","floor":0},{"not_picked":["Armaments","Iron Wave","Warcry"],"picked":"SKIP","floor":1},{"not_picked":["Battle Trance+1","Blood for Blood","Iron Wave"],"picked":"SKIP","floor":2},{"not_picked":["Pommel Strike+1","Whirlwind+1"],"picked":"Cleave+1","floor":4},{"not_picked":["Shrug It Off+1","Flex+1"],"picked":"Barricade","floor":6},{"not_picked":["Feel No Pain","Pommel Strike+1"],"picked":"Inflame+1","floor":6},{"not_picked":["Warcry","Sword Boomerang+1"],"picked":"Second Wind+1","floor":7},{"not_picked":["Sword Boomerang+1","Limit Break"],"picked":"Power Through","floor":10},{"not_picked":["Ghostly Armor+1","Spot Weakness"],"picked":"Shrug It Off+1","floor":10},{"not_picked":["Rage","Sentinel"],"picked":"Clothesline+1","floor":11},{"not_picked":["Iron Wave+1","Thunderclap+1"],"picked":"Rampage+1","floor":12},{"not_picked":["Pummel+1","Shrug It Off"],"picked":"Evolve","floor":13},{"not_picked":["Havoc+1","Clothesline+1"],"picked":"Metallicize+1","floor":14},{"not_picked":["Exhume","Double Tap"],"picked":"Corruption","floor":16},{"not_picked":["Rage","Twin Strike+1"],"picked":"Wild Strike+1","floor":18},{"not_picked":["Anger+1","Perfected Strike+1"],"picked":"Fire Breathing+1","floor":20},{"not_picked":["Warcry","Flex+1"],"picked":"Sword Boomerang+1","floor":21},{"not_picked":["Havoc","Heavy Blade+1"],"picked":"Pommel Strike+1","floor":22},{"not_picked":["Clothesline+1","Headbutt+1"],"picked":"Shrug It Off+1","floor":23},{"not_picked":["Flame Barrier","Disarm"],"picked":"Immolate+1","floor":28},{"not_picked":["Clash+1","Twin Strike+1"],"picked":"Reckless Charge+1","floor":29},{"not_picked":["Whirlwind+1","Cleave+1","Perfected Strike+1"],"picked":"SKIP","floor":31},{"not_picked":["Reaper+1","Feed+1"],"picked":"Offering+1","floor":33},{"not_picked":["Carnage+1","Combust+1"],"picked":"Sword Boomerang+1","floor":35},{"not_picked":["Rampage+1","Thunderclap+1"],"picked":"Havoc+1","floor":36},{"not_picked":["Clothesline+1","Disarm+1","Thunderclap+1"],"picked":"SKIP","floor":38},{"not_picked":["Evolve+1","Sword Boomerang+1"],"picked":"Clothesline+1","floor":40},{"not_picked":["Barricade","Armaments+1"],"picked":"Heavy Blade+1","floor":45},{"not_picked":["Perfected Strike+1","Anger+1"],"picked":"Flame Barrier+1","floor":46},{"not_picked":["Dropkick+1","Limit Break+1","Feed+1"],"picked":"SKIP","floor":54}],"player_experience":143417,"relics_obtained":[{"floor":1,"key":"Peace Pipe"},{"floor":6,"key":"Old Coin"},{"floor":9,"key":"Kunai"},{"floor":9,"key":"Pantograph"},{"floor":10,"key":"Paper Frog"},{"floor":16,"key":"TungstenRod"},{"floor":21,"key":"Pocketwatch"},{"floor":23,"key":"Bronze Scales"},{"floor":26,"key":"Vajra"},{"floor":26,"key":"Happy Flower"},{"floor":29,"key":"Toxic Egg 2"},{"floor":31,"key":"Potion Belt"},{"floor":33,"key":"Mango"},{"floor":36,"key":"CatCart"},{"floor":40,"key":"Regal Pillow"},{"floor":43,"key":"StrikeDummy"},{"floor":45,"key":"White Beast Statue"},{"floor":46,"key":"Champion Belt"},{"floor":54,"key":"Orichalcum"}],"event_choices":[{"damage_healed":0,"gold_gain":0,"player_choice":"Success","damage_taken":18,"relics_obtained":["Molten Egg 2"],"max_hp_gain":0,"max_hp_loss":0,"event_name":"Scrap Ooze","floor":3,"gold_loss":0},{"damage_healed":0,"gold_gain":75,"player_choice":"Gather Gold","damage_taken":11,"max_hp_gain":0,"max_hp_loss":0,"event_name":"World of Goop","floor":5,"gold_loss":0},{"damage_healed":0,"gold_gain":0,"cards_transformed":["Strike_R","Strike_R"],"player_choice":"Became Test Subject","damage_taken":0,"max_hp_gain":0,"max_hp_loss":0,"event_name":"Drug Dealer","floor":24,"gold_loss":0,"cards_obtained":["Bludgeon","Rupture"]},{"damage_healed":0,"gold_gain":75,"player_choice":"Touch","damage_taken":9,"max_hp_gain":0,"max_hp_loss":0,"event_name":"FaceTrader","floor":25,"gold_loss":0},{"damage_healed":0,"gold_gain":0,"cards_transformed":["Strike_R"],"player_choice":"Transformed","damage_taken":0,"max_hp_gain":0,"max_hp_loss":0,"event_name":"Transmorgrifier","floor":30,"gold_loss":0,"cards_obtained":["Barricade"]},{"damage_healed":0,"gold_gain":0,"player_choice":"Fight","damage_taken":0,"max_hp_gain":0,"max_hp_loss":0,"event_name":"OrinTheCat","floor":36,"gold_loss":0},{"cards_removed":["Clothesline"],"damage_healed":0,"gold_gain":0,"player_choice":"Removed Attack","damage_taken":0,"max_hp_gain":0,"max_hp_loss":0,"event_name":"Falling","floor":37,"gold_loss":0},{"damage_healed":0,"gold_gain":0,"player_choice":"Max HP","damage_taken":0,"max_hp_gain":0,"max_hp_loss":6,"event_name":"Winding Halls","floor":39,"gold_loss":0},{"damage_healed":0,"gold_gain":0,"player_choice":"Fight","damage_taken":0,"max_hp_gain":0,"max_hp_loss":0,"event_name":"Mysterious Sphere","floor":46,"gold_loss":0},{"damage_healed":0,"gold_gain":0,"player_choice":"Ignored","damage_taken":0,"max_hp_gain":0,"max_hp_loss":0,"event_name":"Tomb of Lord Red Mask","floor":48,"gold_loss":0}],"is_beta":false,"boss_relics":[{"not_picked":["Velvet Choker","Empty Cage"],"picked":"Coffee Dripper"},{"not_picked":["Pandora\u0027s Box","Runic Pyramid"],"picked":"Runic Cube"}],"items_purged_floors":[19,41],"is_endless":false,"potions_floor_spawned":[2,11,12,16,20,22,29,33,36,38,45,46,54],"ascension_level":0}}