{"host":"5fasz840ryq7obdf","time":1609184539,"event":{"mods":["AchievementEnabler","BaseMod","Bestiary","Better Altar","Better Skull","Better Third Choice","BetterRewards","Block Reminder","Colored Powertips","Curses Come First","Highlight Path","Minty Spire (QoL Compilation)","Quick Restart","Rare Cards Sparkle","Relic Sorter","Relic Stats","Shop Mod","Slay-I","Spicy Shops","StSLib","SuperFastMode"],"gold_per_floor":[112,127,127,127,141,141,172,42,42,58,85,100,110,125,125,125,125],"floor_reached":16,"playtime":793,"items_purged":[],"score":228,"play_id":"6f6beba3-7e8b-45d5-9347-bb203f96869d","local_time":"20201228194219","is_ascension_mode":true,"campfire_choices":[{"data":"Dualcast","floor":6.0,"key":"SMITH"},{"floor":15,"key":"REST"}],"circlet_count":0,"master_deck":["AscendersBane","Strike_B","Strike_B","Strike_B","Strike_B","Defend_B","Defend_B","Defend_B","Defend_B","Zap+1","Dualcast+1","Reinforced Body","Conserve Battery","Glacier","Self Repair","Steam","Go for the Eyes","Amplify","Leap","Darkness","BootSequence"],"relics":["Cracked Core","NeowsBlessing","Blue Candle","Juzu Bracelet","Thread and Needle"],"acts_visited":["Exordium"],"potions_floor_usage":[7,11,13],"damage_taken":[{"damage":0.0,"enemies":"Jaw Worm","floor":1.0,"turns":1.0},{"damage":0.0,"enemies":"2 Louse","floor":2.0,"turns":1.0},{"damage":0.0,"enemies":"Cultist","floor":5.0,"turns":1.0},{"damage":19,"enemies":"Lagavulin","floor":7,"turns":7},{"damage":8,"enemies":"Lots of Slimes","floor":10,"turns":5},{"damage":31,"enemies":"Gremlin Nob","floor":11,"turns":6},{"damage":5,"enemies":"Exordium Wildlife","floor":12,"turns":4},{"damage":8,"enemies":"3 Louse","floor":13,"turns":5},{"damage":5,"enemies":"Exordium Thugs","floor":14,"turns":10},{"damage":52,"enemies":"Hexaghost","floor":16,"turns":14}],"seed_played":"5208946481883253757","potions_obtained":[{"floor":1.0,"key":"FocusPotion"},{"floor":2.0,"key":"SteroidPotion"},{"floor":12,"key":"Regen Potion"},{"floor":13,"key":"PotionOfCapacity"}],"is_trial":false,"path_per_floor":["M","M","?","?","M","R","E","$","T","M","E","M","M","M","R","B"],"character_chosen":"DEFECT","items_purchased":["Self Repair","Steam"],"campfire_rested":1,"item_purchase_floors":[8,8],"current_hp_per_floor":[64,64,64,64,64,64,45,45,45,37,13,15,26,28,49,0,0],"gold":125,"neow_bonus":"THREE_ENEMY_KILL","is_daily":false,"chose_seed":false,"campfire_upgraded":1,"win_rate":0.0,"timestamp":1609184539,"path_taken":["M","M","?","?","?","R","E","?","T","M","E","M","M","M","R","BOSS"],"items_purchased_type":["Card","Card"],"build_version":"2020-12-22","purchased_purges":0,"victory":false,"max_hp_per_floor":[71,71,71,71,71,71,71,71,71,71,71,71,71,71,71,71,71],"relic_stats":{"counters":[10,54],"Blue Candle":[5],"Juzu Bracelet":0,"obtain_stats":[{"NeowsBlessing":0,"Blue Candle":7,"Thread and Needle":11,"Juzu Bracelet":9,"Cracked Core":0},{"NeowsBlessing":0,"Blue Candle":4,"Thread and Needle":6,"Juzu Bracelet":4,"Cracked Core":0},{"NeowsBlessing":0,"Blue Candle":10,"Thread and Needle":21,"Juzu Bracelet":10,"Cracked Core":0}]},"card_choices":[{"not_picked":["Hello World","Stack"],"picked":"Reinforced Body","floor":1.0},{"not_picked":["Conserve Battery","Ball Lightning","Streamline"],"picked":"SKIP","floor":2.0},{"not_picked":["Redo","Reprogram"],"picked":"Conserve Battery","floor":5.0},{"not_picked":["Leap","Redo"],"picked":"Glacier","floor":7},{"not_picked":["Ball Lightning","Consume"],"picked":"Go for the Eyes","floor":10},{"not_picked":["Redo","Stack"],"picked":"Amplify","floor":11},{"not_picked":["Cold Snap","Ball Lightning"],"picked":"Leap","floor":12},{"not_picked":["Loop","Fusion"],"picked":"Darkness","floor":13},{"not_picked":["Stack","Leap"],"picked":"BootSequence","floor":14}],"player_experience":1234220,"relics_obtained":[{"floor":7,"key":"Blue Candle"},{"floor":9,"key":"Juzu Bracelet"},{"floor":11,"key":"Thread and Needle"}],"event_choices":[{"damage_healed":0.0,"max_hp_gain":0.0,"max_hp_loss":0.0,"gold_gain":0.0,"event_name":"Living Wall","player_choice":"Grow","floor":3.0,"gold_loss":0.0,"damage_taken":0.0,"cards_upgraded":["Zap"]},{"damage_healed":0.0,"max_hp_gain":0.0,"max_hp_loss":0.0,"gold_gain":0.0,"event_name":"Match and Keep!","player_choice":"0 cards matched","floor":4.0,"gold_loss":0.0,"damage_taken":0.0,"cards_obtained":[]}],"is_beta":false,"boss_relics":[],"items_purged_floors":[],"is_endless":false,"potions_floor_spawned":[1,2,12,13],"killed_by":"Hexaghost","ascension_level":20}}