{"host":"8vqjvqze17j4iyaj","time":1609191575,"event":{"mods":["Act Like it!","BaseMod","Chen","Colored Powertips","Duelist Mod","Elementarium","Gensokyo","GifTheSpireLib","Infinite Spire","Jorbs\u0027s Wanderer Trilogy","Koishi","Marisa????????","Minty Spire (QoL Compilation)","Rare Cards Sparkle","Reimu??????","Remilia??????","Replay The Spire","StSLib","The Animator","The Cursed","The Forsaken","The Servant 0.9.4","Wandering Minibosses"],"gold_per_floor":[110,110,110,110,110,110,120,120,120,153,168,198,213,230,230,332,332,349,366,366,366,16,45,45,72,127,127,137,137,163,179,179,179,179],"floor_reached":33,"playtime":2561,"items_purged":[],"score":364,"play_id":"6258e81d-3172-4eee-9a5c-3b3f957290ee","local_time":"20201228143935","is_ascension_mode":true,"campfire_choices":[{"data":"theForsaken:Penitence","floor":6,"key":"SMITH"},{"data":"theForsaken:ShieldBash","floor":8,"key":"SMITH"},{"data":"theForsaken:MagicWeapon","floor":15,"key":"SMITH"},{"data":"theForsaken:SpinAttack","floor":24,"key":"SMITH"},{"data":"Gensokyo:TurboGranny","floor":29,"key":"SMITH"},{"floor":32,"key":"REST"}],"circlet_count":0,"master_deck":["theForsaken:TheForsaken_Strike","theForsaken:TheForsaken_Strike","theForsaken:TheForsaken_Strike","theForsaken:TheForsaken_Strike","theForsaken:TheForsaken_Defend","theForsaken:TheForsaken_Defend","theForsaken:TheForsaken_Defend","theForsaken:TheForsaken_Defend","theForsaken:Penitence+1","Pain","Clumsy","theForsaken:ShieldBash+1","theForsaken:MagicWeapon+1","theForsaken:BountifulSunlight","theForsaken:BlessedWeapon","theForsaken:Enfeeble","theForsaken:DesperatePlea","theForsaken:ScorchingSunlight","Gensokyo:TurboGranny+1","Gensokyo:Taser","theForsaken:SpinAttack+1"],"relics":["theForsaken:JudgementScales","Gensokyo:LunaticRedEyes","Gensokyo:Mercy","Gensokyo:NagashiBinaDoll","Replay:Wax Seal","ReplayFunnel","Bronze Scales","Ring of Chaos","Gensokyo:RedStar","Pet Ghost","Boot","Centennial Puzzle","Bottled Flame"],"acts_visited":["Gensokyo:Gensokyo","Gensokyo:Gensokyoer"],"potions_floor_usage":[16,16,19,25,33,33],"damage_taken":[{"damage":0,"enemies":"Gensokyo:3_Fairies","floor":1,"turns":4},{"damage":0,"enemies":"Gensokyo:Python","floor":7,"turns":4},{"damage":41,"enemies":"Gensokyo:Cirno","floor":10,"turns":11},{"damage":1,"enemies":"Gensokyo:Gryphon","floor":11,"turns":6},{"damage":1,"enemies":"Gensokyo:Mamizou","floor":12,"turns":12},{"damage":20,"enemies":"Gensokyo:Kitsune","floor":13,"turns":5},{"damage":7,"enemies":"Gensokyo:VengefulSpirit","floor":14,"turns":8},{"damage":15,"enemies":"Gensokyo:Kokoro","floor":16,"turns":15},{"damage":6,"enemies":"Gensokyo:2_Gloops","floor":18,"turns":7},{"damage":15,"enemies":"Gensokyo:3_Dogs","floor":19,"turns":5},{"damage":8,"enemies":"Nightmare","floor":23,"turns":10},{"damage":14,"enemies":"Gensokyo:Reisen","floor":25,"turns":8},{"damage":2,"enemies":"Gensokyo:Swordslinger","floor":28,"turns":5},{"damage":43,"enemies":"Gensokyo:Koishi","floor":30,"turns":8},{"damage":1,"enemies":"Gensokyo:Wraith","floor":31,"turns":4},{"damage":49,"enemies":"Gensokyo:Eternal_Rivals","floor":33,"turns":10}],"seed_played":"-4968094597576421894","potions_obtained":[{"floor":1,"key":"DuplicationPotion"},{"floor":10,"key":"ZuzhouPotion:ReiMu"},{"floor":11,"key":"Weak Potion"},{"floor":13,"key":"EssenceOfSteel"},{"floor":16,"key":"Fire Potion"},{"floor":18,"key":"Energy Potion"},{"floor":19,"key":"infinitespire:BlackPotion"}],"is_trial":false,"path_per_floor":["M","?","?","?","?","R","M","R","T","E","M","E","M","M","R","B",null,"M","M","?","?","COS","NM","R","E","T","?","M","R","E","M","R","B"],"character_chosen":"THE_FORSAKEN","items_purchased":[],"campfire_rested":1,"item_purchase_floors":[],"current_hp_per_floor":[71,71,71,71,71,71,71,71,71,30,29,38,22,25,25,20,71,69,63,68,68,68,69,69,65,65,65,63,63,30,29,51,0,0],"gold":179,"neow_bonus":"TEN_PERCENT_HP_BONUS","is_daily":false,"chose_seed":false,"campfire_upgraded":5,"win_rate":0.0,"timestamp":1609191575,"path_taken":["M","?","?","?","?","R","M","R","T","E","M","E","M","?","R","BOSS","M","M","?","?","COS","NM","R","E","T","?","?","R","E","M","R","BOSS"],"items_purchased_type":[],"build_version":"2020-12-22","purchased_purges":0,"victory":false,"max_hp_per_floor":[71,71,71,71,71,71,71,71,71,71,71,71,71,71,71,71,71,71,71,76,76,76,76,76,76,76,76,76,76,76,76,76,38,38],"card_choices":[{"not_picked":["theForsaken:QuickAttack","theForsaken:ScorchingSunlight","theForsaken:Backlash"],"picked":"SKIP","floor":1},{"not_picked":["theForsaken:BlindFaith","theForsaken:WordsOfMight"],"picked":"theForsaken:ShieldBash","floor":7},{"not_picked":["theForsaken:FatRoll","theForsaken:MagicWeapon","theForsaken:AncientWords"],"picked":"SKIP","floor":10},{"not_picked":["theForsaken:FatRoll","theForsaken:AncientWords"],"picked":"theForsaken:MagicWeapon","floor":10},{"not_picked":["theForsaken:HorrifyingStrike","theForsaken:Preservation"],"picked":"theForsaken:BountifulSunlight","floor":11},{"not_picked":["theForsaken:PowerUp","theForsaken:Thunderbolt"],"picked":"theForsaken:BlessedWeapon","floor":12},{"not_picked":["theForsaken:PanicDive","theForsaken:Riposte","theForsaken:HealingLight"],"picked":"SKIP","floor":13},{"not_picked":["theForsaken:Thunderbolt","theForsaken:FountainOfLife"],"picked":"theForsaken:Enfeeble","floor":14},{"not_picked":["theForsaken:SacrificeSoul","theForsaken:Temperance"],"picked":"theForsaken:DesperatePlea","floor":16},{"not_picked":["theForsaken:DarkBargain","theForsaken:PreciseStrike+1","theForsaken:Thunderbolt"],"picked":"SKIP","floor":18},{"not_picked":["theForsaken:PanicDive","theForsaken:Terrorize"],"picked":"theForsaken:ScorchingSunlight","floor":19},{"not_picked":["theForsaken:SiphonStrike","theForsaken:Terrorize"],"picked":"theForsaken:SpinAttack","floor":23},{"not_picked":["theForsaken:CreepingInfection","theForsaken:BountifulSunlight","theForsaken:PanicDive"],"picked":"SKIP","floor":25},{"not_picked":["theForsaken:ShieldCharge","theForsaken:NobleSacrifice","theForsaken:Bolster"],"picked":"SKIP","floor":28},{"not_picked":["theForsaken:BlessedWeapon","theForsaken:PanicDive","theForsaken:Retribution"],"picked":"SKIP","floor":30},{"not_picked":["theForsaken:PanicDive+1","theForsaken:Thunderbolt","theForsaken:PowerUp"],"picked":"SKIP","floor":31}],"player_experience":272733,"relics_obtained":[{"floor":9,"key":"Replay:Wax Seal"},{"floor":10,"key":"ReplayFunnel"},{"floor":12,"key":"Bronze Scales"},{"floor":23,"key":"Pet Ghost"},{"floor":25,"key":"Boot"},{"floor":26,"key":"Centennial Puzzle"},{"floor":30,"key":"Bottled Flame"}],"event_choices":[],"is_beta":false,"boss_relics":[{"not_picked":["Ectoplasm","Fusion Hammer"],"picked":"Ring of Chaos"}],"items_purged_floors":[],"is_endless":false,"potions_floor_spawned":[1,10,11,13,16,18,19],"killed_by":"Gensokyo:Eternal_Rivals","ascension_level":2}}