{"host":"fuszjwm6fqgjjp4d","time":1609189930,"event":{"mods":["BaseMod","Bestiary","Colored Map","DeckTracker","Minty Spire (QoL Compilation)","Permanent Neow","Relic Sorter","Relic Stats","StSLib"],"gold_per_floor":[111,111,111,128,141,141,154,188,212,33,48,61,61,61,61,61,61],"floor_reached":16,"playtime":581,"items_purged":[],"score":204,"play_id":"6f2a49cf-f698-4c06-a769-1964c4639a42","local_time":"20201228151210","is_ascension_mode":true,"campfire_choices":[{"data":"Footwork","floor":6,"key":"SMITH"},{"data":"Cloak And Dagger","floor":13,"key":"SMITH"},{"floor":15,"key":"REST"}],"circlet_count":0,"master_deck":["AscendersBane","Strike_G","Strike_G","Strike_G","Strike_G","Strike_G","Defend_G","Defend_G","Defend_G","Defend_G","Defend_G","Survivor","Neutralize","Noxious Fumes+1","Decay","Sucker Punch","Footwork+1","Blade Dance","Burst","Cloak And Dagger+1","Finisher"],"relics":["Ring of the Snake","Bag of Preparation","Akabeko","Nunchaku"],"acts_visited":["Exordium"],"potions_floor_usage":[4,7,12,16],"damage_taken":[{"damage":0.0,"enemies":"Cultist","floor":1.0,"turns":4.0},{"damage":0,"enemies":"Small Slimes","floor":4,"turns":3},{"damage":8,"enemies":"2 Louse","floor":5,"turns":3},{"damage":15,"enemies":"Exordium Wildlife","floor":7,"turns":6},{"damage":20,"enemies":"3 Sentries","floor":8,"turns":8},{"damage":10,"enemies":"Exordium Thugs","floor":11,"turns":7},{"damage":1,"enemies":"3 Louse","floor":12,"turns":4},{"damage":26,"enemies":"Hexaghost","floor":16,"turns":9}],"seed_played":"8979385295082822195","potions_obtained":[{"floor":1.0,"key":"Block Potion"},{"floor":5,"key":"Block Potion"},{"floor":11,"key":"Weak Potion"},{"floor":12,"key":"Poison Potion"}],"is_trial":false,"path_per_floor":["M","?","?","M","M","R","M","E","T","$","M","M","R","?","R","B"],"character_chosen":"THE_SILENT","items_purchased":["Burst","Cloak And Dagger"],"campfire_rested":1,"item_purchase_floors":[10,10],"current_hp_per_floor":[59,59,59,59,51,51,36,16,16,16,6,5,5,5,24,0,0],"gold":61,"neow_bonus":"RANDOM_COMMON_RELIC","is_daily":false,"chose_seed":false,"campfire_upgraded":2,"win_rate":0.0,"timestamp":1609189930,"path_taken":["M","?","?","?","M","R","?","E","T","?","M","M","R","?","R","BOSS"],"items_purchased_type":["Card","Card"],"build_version":"2020-12-22","purchased_purges":0,"victory":false,"max_hp_per_floor":[66,66,66,66,66,66,66,66,66,66,66,66,66,66,66,66,66],"relic_stats":{"Nunchaku":[5],"counters":[8,44],"Bag of Preparation":[16],"obtain_stats":[{"Nunchaku":9,"Bag of Preparation":0,"Akabeko":8,"Ring of the Snake":0},{"Nunchaku":5,"Bag of Preparation":0,"Akabeko":5,"Ring of the Snake":0},{"Nunchaku":24,"Bag of Preparation":0,"Akabeko":24,"Ring of the Snake":0}],"Ring of the Snake":[16]},"card_choices":[{"not_picked":["Acrobatics","Distraction"],"picked":"Noxious Fumes","floor":1.0},{"not_picked":["Deflect","Outmaneuver"],"picked":"Sucker Punch","floor":4},{"not_picked":["Reflex","Deadly Poison"],"picked":"Footwork","floor":5},{"not_picked":["Tactician","Outmaneuver","Deflect"],"picked":"SKIP","floor":7},{"not_picked":["Expertise","Setup"],"picked":"Blade Dance","floor":8},{"not_picked":["Masterful Stab","Underhanded Strike","Skewer"],"picked":"SKIP","floor":11},{"not_picked":["Endless Agony","Dodge and Roll"],"picked":"Finisher","floor":12}],"player_experience":1233151,"relics_obtained":[{"floor":8,"key":"Akabeko"},{"floor":9,"key":"Nunchaku"}],"event_choices":[{"damage_healed":0.0,"max_hp_gain":0.0,"max_hp_loss":0.0,"gold_gain":0.0,"event_name":"Living Wall","player_choice":"Grow","floor":2.0,"gold_loss":0.0,"damage_taken":0.0,"cards_upgraded":["Noxious Fumes"]},{"damage_healed":0.0,"max_hp_gain":0.0,"max_hp_loss":0.0,"gold_gain":0.0,"event_name":"Wheel of Change","player_choice":"Cursed","floor":3.0,"gold_loss":0.0,"damage_taken":0.0,"cards_obtained":["Decay"]},{"damage_healed":0,"gold_gain":0,"player_choice":"Fled","damage_taken":0,"max_hp_gain":0,"max_hp_loss":0,"event_name":"Scrap Ooze","floor":14,"gold_loss":0}],"is_beta":false,"boss_relics":[],"items_purged_floors":[],"is_endless":false,"potions_floor_spawned":[1,5,11,12],"killed_by":"Hexaghost","ascension_level":20}}