{"host":"v9w6spxba3pepxck","time":1609134499,"event":{"mods":["BaseMod","Downfall","Friendly Minions","Minty Spire (QoL Compilation)","StSLib","[IsaacMod]ÒÔÈö¼âËþ"],"gold_per_floor":[99,99,24,24,24,24,0,0,0,0,0,0,0,0,0,0,0,0,0,0,0,0,0,0,0],"floor_reached":24,"playtime":657,"items_purged":["Defend_P"],"score":429,"play_id":"f1811e17-2914-4dda-90ad-021ee05eb593","local_time":"20201228134819","is_ascension_mode":true,"campfire_choices":[{"data":"Eruption","floor":6,"key":"SMITH"},{"data":"TalkToTheHand","floor":10,"key":"SMITH"},{"floor":12,"key":"RECALL"},{"floor":15,"key":"REST"},{"data":"MentalFortress","floor":23,"key":"SMITH"}],"circlet_count":0,"master_deck":["AscendersBane","Defend_P","Defend_P","Eruption+1","Vigilance","TalkToTheHand+1","FearNoEvil","MentalFortress+1","ForeignInfluence+1","Bite","Bite","Bite","Bite","Bite"],"relics":["HushsDoor","Ectoplasm","BookOfRevelations","Pen Nib","HowToJump","Ancient Tea Set","Art of War","VioletLotus"],"acts_visited":["Exordium","TheCity"],"potions_floor_usage":[11,14,18,19],"damage_taken":[{"damage":7,"enemies":"Cultist","floor":1,"turns":3},{"damage":0,"enemies":"Jaw Worm","floor":2,"turns":3},{"damage":7,"enemies":"2 Louse","floor":4,"turns":2},{"damage":0,"enemies":"Looter","floor":7,"turns":3},{"damage":12,"enemies":"3 Sentries","floor":11,"turns":4},{"damage":7,"enemies":"Lagavulin","floor":13,"turns":7},{"damage":12,"enemies":"3 Sentries","floor":14,"turns":5},{"damage":18,"enemies":"The Guardian","floor":16,"turns":15},{"damage":40,"enemies":"3 Byrds","floor":18,"turns":6},{"damage":5,"enemies":"Shell Parasite","floor":19,"turns":6},{"damage":14,"enemies":"Gremlin Leader","floor":24,"turns":1}],"seed_played":"-3352791240322000022","potions_obtained":[{"floor":2,"key":"hexamod:EctoCoolerPotion"},{"floor":11,"key":"Swift Potion"},{"floor":16,"key":"BottledMiracle"},{"floor":18,"key":"SneckoOil"}],"is_trial":false,"path_per_floor":["M","M","$","M","?","R","M","?","T","R","E","R","E","?","R","B",null,"M","M","?","?","?","R","E"],"character_chosen":"WATCHER","items_purchased":[],"campfire_rested":1,"item_purchase_floors":[],"current_hp_per_floor":[54,54,54,47,47,47,47,47,47,47,35,35,28,16,36,18,56,16,11,11,11,11,11,0,0],"gold":0,"neow_bonus":"BOSS_RELIC","is_daily":false,"chose_seed":false,"campfire_upgraded":3,"win_rate":0.0,"timestamp":1609134499,"path_taken":["M","?","$","M","?","R","M","?","T","R","E","R","E","?","R","BOSS","M","M","?","?","?","R","E"],"items_purchased_type":[],"build_version":"2020-12-22","purchased_purges":1,"victory":false,"max_hp_per_floor":[68,68,68,68,68,68,68,68,68,68,68,68,68,68,68,68,68,68,68,68,47,47,47,47,47],"card_choices":[{"not_picked":["Halt","Wireheading"],"picked":"TalkToTheHand","floor":1},{"not_picked":["CutThroughFate","Evaluate","EmptyBody"],"picked":"SKIP","floor":2},{"not_picked":["Bomb","CarveReality"],"picked":"FearNoEvil","floor":4},{"not_picked":["MasterReality","WaveOfTheHand","ThirdEye"],"picked":"SKIP","floor":7},{"not_picked":["EmptyFist","SashWhip","Prostrate"],"picked":"SKIP","floor":11},{"not_picked":["Consecrate","Perseverance","EmptyFist"],"picked":"SKIP","floor":13},{"not_picked":["Nirvana","CutThroughFate"],"picked":"MentalFortress","floor":14},{"not_picked":["Worship","Prostrate","CrushJoints"],"picked":"SKIP","floor":18},{"not_picked":["SashWhip","ClearTheMind"],"picked":"ForeignInfluence+1","floor":19}],"player_experience":706417,"relics_obtained":[{"floor":9,"key":"Pen Nib"},{"floor":11,"key":"HowToJump"},{"floor":13,"key":"Ancient Tea Set"},{"floor":14,"key":"Art of War"}],"event_choices":[{"cards_removed":["Defend_P"],"damage_healed":0,"gold_gain":0,"player_choice":"Forget","damage_taken":0,"max_hp_gain":0,"max_hp_loss":0,"event_name":"Living Wall","floor":5,"gold_loss":0},{"damage_healed":0,"gold_gain":0,"player_choice":"Ignored","damage_taken":0,"max_hp_gain":0,"max_hp_loss":0,"event_name":"Liars Game","floor":8,"gold_loss":0},{"damage_healed":0,"gold_gain":0,"player_choice":"Searched \u00271\u0027 times","damage_taken":0,"max_hp_gain":0,"max_hp_loss":0,"event_name":"Dead Adventurer","floor":14,"gold_loss":0},{"damage_healed":0,"gold_gain":0,"player_choice":"Ignored","damage_taken":0,"max_hp_gain":0,"max_hp_loss":0,"event_name":"Cursed Tome","floor":20,"gold_loss":0},{"damage_healed":0,"gold_gain":0,"player_choice":"Became a vampire","damage_taken":0,"max_hp_gain":0,"max_hp_loss":21,"event_name":"Vampires","floor":21,"gold_loss":0,"cards_obtained":["Bite","Bite","Bite","Bite","Bite"]},{"damage_healed":0,"gold_gain":50,"player_choice":"Stole From Cult","damage_taken":0,"max_hp_gain":0,"max_hp_loss":0,"event_name":"Nest","floor":22,"gold_loss":0}],"is_beta":false,"boss_relics":[{"not_picked":["Cursed Key","Tiny House"],"picked":"VioletLotus"},{"not_picked":[]}],"items_purged_floors":[3],"is_endless":false,"potions_floor_spawned":[2,11,16,18],"killed_by":"Gremlin Leader","ascension_level":20}}