{"host":"0ydzwspkajt4brzd","time":1609152367,"event":{"mods":["AchievementEnabler","BaseMod","Colored Map","DeckTracker","Googly Eyes","Highlight Path","Minty Spire (QoL Compilation)","Quick Restart","Random Character Button","Rare Cards Sparkle"],"gold_per_floor":[115,115,139,40,60,95,95,120,173,18,62,76,115,131,131,131,131],"floor_reached":16,"playtime":755,"items_purged":["Strike_R"],"score":146,"play_id":"8611ccd4-7e3f-46a9-aafc-847d5019b133","local_time":"20201228024607","is_ascension_mode":true,"campfire_choices":[{"floor":15,"key":"REST"}],"circlet_count":0,"master_deck":["Strike_R","Strike_R","Strike_R","Strike_R","Defend_R","Defend_R","Defend_R","Defend_R","Bash","Clash","Spot Weakness","Heavy Blade","Wild Strike","Searing Blow","Limit Break","Whirlwind","Heavy Blade","Dual Wield"],"relics":["Busted Crown","Golden Idol","Frozen Egg 2","Juzu Bracelet","Blood Vial","Happy Flower"],"acts_visited":["Exordium"],"potions_floor_usage":[11,13,13,13,16],"damage_taken":[{"damage":0,"enemies":"2 Louse","floor":1,"turns":2},{"damage":2,"enemies":"Jaw Worm","floor":3,"turns":3},{"damage":1,"enemies":"Cultist","floor":5,"turns":3},{"damage":15,"enemies":"3 Sentries","floor":6,"turns":6},{"damage":4,"enemies":"Red Slaver","floor":8,"turns":3},{"damage":26,"enemies":"Gremlin Nob","floor":11,"turns":4},{"damage":0,"enemies":"Large Slime","floor":12,"turns":3},{"damage":15,"enemies":"Lagavulin","floor":13,"turns":4},{"damage":14,"enemies":"Exordium Wildlife","floor":14,"turns":4},{"damage":27,"enemies":"The Guardian","floor":16,"turns":7}],"seed_played":"-5822595037806485208","potions_obtained":[{"floor":3,"key":"LiquidBronze"},{"floor":7,"key":"LiquidBronze"},{"floor":7,"key":"GamblersBrew"},{"floor":8,"key":"BloodPotion"},{"floor":12,"key":"Energy Potion"},{"floor":13,"key":"BlessingOfTheForge"},{"floor":14,"key":"PowerPotion"}],"is_trial":false,"path_per_floor":["M","?","M","$","M","E","?","M","T","$","E","M","E","M","R","B"],"character_chosen":"IRONCLAD","items_purchased":["Heavy Blade","Limit Break"],"campfire_rested":1,"item_purchase_floors":[4,10],"current_hp_per_floor":[80,60,58,58,57,42,42,38,38,38,28,30,17,5,29,4,4],"gold":131,"neow_bonus":"BOSS_RELIC","is_daily":false,"chose_seed":false,"campfire_upgraded":0,"win_rate":0.0,"timestamp":1609152367,"path_taken":["M","?","M","$","M","E","?","M","T","$","E","M","E","M","R","BOSS"],"items_purchased_type":["Card","Card"],"build_version":"2020-12-22","purchased_purges":1,"victory":false,"max_hp_per_floor":[80,80,80,80,80,80,80,80,80,80,80,80,80,80,80,80,80],"card_choices":[{"not_picked":[],"picked":"Clash","floor":1},{"not_picked":[],"picked":"Spot Weakness","floor":3},{"not_picked":["Armaments"],"picked":"SKIP","floor":5},{"not_picked":[],"picked":"Wild Strike","floor":6},{"not_picked":[],"picked":"Searing Blow","floor":8},{"not_picked":[],"picked":"Whirlwind","floor":11},{"not_picked":[],"picked":"Heavy Blade","floor":12},{"not_picked":[],"picked":"Dual Wield","floor":13},{"not_picked":["Sentinel"],"picked":"SKIP","floor":14}],"player_experience":314199,"relics_obtained":[{"floor":6,"key":"Frozen Egg 2"},{"floor":9,"key":"Juzu Bracelet"},{"floor":11,"key":"Blood Vial"},{"floor":13,"key":"Happy Flower"}],"event_choices":[{"damage_healed":0,"gold_gain":0,"player_choice":"Take Damage","damage_taken":20,"relics_obtained":["Golden Idol"],"max_hp_gain":0,"max_hp_loss":0,"event_name":"Golden Idol","floor":2,"gold_loss":0},{"damage_healed":0,"gold_gain":0,"player_choice":"Got Potions","damage_taken":0,"max_hp_gain":0,"max_hp_loss":0,"event_name":"Lab","floor":7,"gold_loss":0}],"is_beta":false,"boss_relics":[],"items_purged_floors":[4],"is_endless":false,"potions_floor_spawned":[3,8,12,13,14],"killed_by":"The Guardian","ascension_level":4}}