{"host":"d2jar2fx86jc1ekr","time":1609115749,"event":{"mods":["AchievementEnabler","BaseMod","Colored Map","DeckTracker","Minty Spire (QoL Compilation)","StSLib","SuperFastMode","everything is the same but u backflip on backflip"],"gold_per_floor":[115,125,125,125,50,82,98,98,123,123,150,207,221,244,244,316,316,330,330,51,51,62,62,97,128,128,128,128,128,145,185,185,185,185],"floor_reached":33,"playtime":821,"items_purged":["Strike_G","Strike_G"],"score":646,"play_id":"81404f3c-775c-479c-bb49-cbfaeca6cc32","local_time":"20201228093549","is_ascension_mode":true,"campfire_choices":[{"data":"Deadly Poison","floor":8.0,"key":"SMITH"},{"data":"Leg Sweep","floor":10.0,"key":"SMITH"},{"data":"Malaise","floor":15.0,"key":"SMITH"},{"data":"Crippling Poison","floor":23.0,"key":"SMITH"},{"floor":27,"key":"REST"},{"data":"Acrobatics","floor":32,"key":"SMITH"}],"circlet_count":0,"master_deck":["AscendersBane","Strike_G","Defend_G+1","Defend_G","Defend_G","Defend_G","Survivor+1","Neutralize","Deadly Poison+1","Leg Sweep+1","PiercingWail","Malaise+1","Corpse Explosion","Underhanded Strike","Crippling Poison+1","Masterful Stab","HandOfGreed","Acrobatics+1","Underhanded Strike","Dash+1"],"relics":["Ring of the Snake","NeowsBlessing","Bag of Preparation","Matryoshka","Akabeko","Pen Nib","PreservedInsect","Bag of Marbles","FossilizedHelix","Dream Catcher","Snake Skull","Snecko Eye","MealTicket","TungstenRod","War Paint"],"acts_visited":["Exordium","TheCity"],"potions_floor_usage":[],"damage_taken":[{"damage":0.0,"enemies":"Cultist","floor":1.0,"turns":1.0},{"damage":0.0,"enemies":"Jaw Worm","floor":2.0,"turns":1.0},{"damage":0.0,"enemies":"3 Sentries","floor":6.0,"turns":2.0},{"damage":0.0,"enemies":"Small Slimes","floor":7.0,"turns":3.0},{"damage":18.0,"enemies":"Lagavulin","floor":11.0,"turns":8.0},{"damage":14.0,"enemies":"Lagavulin Event","floor":12.0,"turns":6.0},{"damage":0.0,"enemies":"Exordium Thugs","floor":13.0,"turns":4.0},{"damage":17.0,"enemies":"Hexaghost","floor":16.0,"turns":15.0},{"damage":6.0,"enemies":"2 Thieves","floor":18.0,"turns":3.0},{"damage":0.0,"enemies":"Shell Parasite","floor":22.0,"turns":4.0},{"damage":0.0,"enemies":"Snecko","floor":24.0,"turns":4.0},{"damage":8,"enemies":"Gremlin Leader","floor":25,"turns":4},{"damage":0,"enemies":"Centurion and Healer","floor":30,"turns":4},{"damage":9,"enemies":"Shelled Parasite and Fungi","floor":31,"turns":6},{"damage":41,"enemies":"Champ","floor":33,"turns":8}],"seed_played":"-70173161658848684","potions_obtained":[{"floor":11.0,"key":"Fire Potion"},{"floor":13.0,"key":"Ancient Potion"},{"floor":16.0,"key":"Fire Potion"}],"is_trial":false,"path_per_floor":["M","M","?","T","$","E","M","R","T","R","E","?","M","T","R","B",null,"M","?","$","?","M","R","M","E","T","R","T","?","M","M","R","B"],"character_chosen":"THE_SILENT","items_purchased":["HandOfGreed"],"campfire_rested":1,"item_purchase_floors":[20],"current_hp_per_floor":[59,59,54,54,54,54,54,54,54,54,36,22,22,22,22,5,51,45,45,45,27,27,27,27,19,19,40,40,40,40,31,31,0,0],"gold":185,"neow_bonus":"THREE_ENEMY_KILL","is_daily":false,"chose_seed":false,"campfire_upgraded":5,"win_rate":0.0,"timestamp":1609115749,"path_taken":["M","M","?","?","?","E","M","R","T","R","E","?","?","?","R","BOSS","M","?","$","?","M","R","M","E","T","R","?","?","M","M","R","BOSS"],"items_purchased_type":["Card"],"build_version":"2020-12-22","purchased_purges":2,"victory":false,"max_hp_per_floor":[66,66,66,66,66,66,66,66,66,66,66,66,66,66,66,66,66,66,66,66,71,71,71,71,71,71,71,71,71,71,71,71,71,71],"card_choices":[{"not_picked":["Cloak And Dagger","Deflect"],"picked":"Deadly Poison","floor":1.0},{"not_picked":["Slice","Concentrate"],"picked":"Leg Sweep","floor":2.0},{"not_picked":["Leg Sweep","Distraction","Well Laid Plans"],"picked":"SKIP","floor":6.0},{"not_picked":["Infinite Blades","Acrobatics","Blade Dance"],"picked":"SKIP","floor":7.0},{"not_picked":["Accuracy","Quick Slash","Deadly Poison"],"picked":"SKIP","floor":11.0},{"not_picked":["Skewer","Prepared"],"picked":"PiercingWail","floor":12.0},{"not_picked":["Underhanded Strike","Prepared"],"picked":"Malaise","floor":13.0},{"not_picked":["Phantasmal Killer","Die Die Die"],"picked":"Corpse Explosion","floor":16.0},{"not_picked":["PiercingWail","Accuracy"],"picked":"Underhanded Strike","floor":18.0},{"not_picked":["Dagger Spray","Prepared","Setup"],"picked":"SKIP","floor":22.0},{"not_picked":["Cloak And Dagger+1","Escape Plan","Dagger Spray"],"picked":"SKIP","floor":24.0},{"not_picked":["Prepared","Dodge and Roll","Malaise"],"picked":"SKIP","floor":25},{"not_picked":["Poisoned Stab","Well Laid Plans"],"picked":"Acrobatics","floor":27},{"not_picked":["Quick Slash","Tools of the Trade"],"picked":"Underhanded Strike","floor":30},{"not_picked":["Deflect","Terror"],"picked":"Dash+1","floor":31}],"player_experience":371763,"relics_obtained":[{"floor":4.0,"key":"Matryoshka"},{"floor":6.0,"key":"Akabeko"},{"floor":9.0,"key":"Pen Nib"},{"floor":9.0,"key":"PreservedInsect"},{"floor":11.0,"key":"Bag of Marbles"},{"floor":14.0,"key":"Dream Catcher"},{"floor":14.0,"key":"Snake Skull"},{"floor":25,"key":"MealTicket"},{"floor":26,"key":"TungstenRod"},{"floor":28,"key":"War Paint"}],"event_choices":[{"damage_healed":0.0,"max_hp_gain":0.0,"max_hp_loss":0.0,"gold_gain":0.0,"event_name":"Scrap Ooze","player_choice":"Success","floor":3.0,"gold_loss":0.0,"damage_taken":5.0,"relics_obtained":["Bag of Preparation"]},{"damage_healed":0.0,"max_hp_gain":0.0,"max_hp_loss":0.0,"gold_gain":0.0,"event_name":"Dead Adventurer","player_choice":"Searched \u00272\u0027 times","floor":12.0,"gold_loss":0.0,"damage_taken":0.0,"relics_obtained":["FossilizedHelix"]},{"damage_healed":0.0,"max_hp_gain":0.0,"max_hp_loss":0.0,"gold_gain":0.0,"cards_transformed":["Strike_G","Defend_G"],"event_name":"Drug Dealer","player_choice":"Became Test Subject","floor":19.0,"gold_loss":0.0,"damage_taken":0.0,"cards_obtained":["Crippling Poison","Masterful Stab"]},{"damage_healed":0.0,"max_hp_gain":5.0,"max_hp_loss":0.0,"gold_gain":0.0,"event_name":"Forgotten Altar","player_choice":"Shed Blood","floor":21.0,"gold_loss":0.0,"damage_taken":23.0},{"cards_removed":["Strike_G"],"damage_healed":0,"gold_gain":0,"player_choice":"Elegance","damage_taken":0,"max_hp_gain":0,"max_hp_loss":0,"event_name":"Back to Basics","floor":29,"gold_loss":0}],"is_beta":false,"boss_relics":[{"not_picked":["Ectoplasm","Runic Dome"],"picked":"Snecko Eye"}],"items_purged_floors":[5,20],"is_endless":false,"potions_floor_spawned":[11,13,16,22,25],"killed_by":"Champ","ascension_level":20}}