{"host":"kiauivt48syq9iz6","time":1609143926,"event":{"mods":["BaseMod","Conspire","Downfall","Hermit","Minty Spire (QoL Compilation)","Replay The Spire","SIMod","StSLib","The Animator","The Construct","The Cursed","The Runesmith","The Servant 0.9.4"],"gold_per_floor":[209,229,60,78,78,78,153,191,216,3,3,3,3,15,15,119,119,138,237,237,237,237,237,12,46,73,73,73,56,56,73,73,175,175,187,237,237,7,22,22,51,71,95,108,120,120,120,120],"floor_reached":47,"playtime":3051,"items_purged":["Runesmith:Defend_RS"],"score":509,"play_id":"2e81d1bf-a4a0-4903-b25d-02127f9abd51","local_time":"20201228012526","is_ascension_mode":false,"campfire_choices":[{"data":"Runesmith:LithiumIon","floor":6,"key":"SMITH"},{"floor":12,"key":"REST"},{"data":"Runesmith:Firestorm","floor":15,"key":"SMITH"},{"data":"Runesmith:ArcReactor","floor":23,"key":"SMITH"},{"floor":28,"key":"REST"},{"floor":30,"key":"REST"},{"floor":32,"key":"REST"},{"floor":40,"key":"REST"}],"circlet_count":0,"master_deck":["Runesmith:Strike_RS+1","Runesmith:Strike_RS+1","Runesmith:Strike_RS+1","Runesmith:Defend_RS+1","Runesmith:Defend_RS+1","Runesmith:CraftFirestone","Runesmith:Fortify+1","Runesmith:LithiumIon+1","Runesmith:MakeshiftArmor","Runesmith:Permafrost+1","expansioncontent:SuperHexaguard","Runesmith:EnergizedChisel","Runesmith:ChiselStab","Runesmith:Firestorm+1","Runesmith:HammerThrow","ReplayTheSpireMod:Private Reserves","Runesmith:RuneHurl","Runesmith:DuctTape+1","Runesmith:CraftMagma","Runesmith:GrandSlam+1","Runesmith:ArcReactor+1","Runesmith:HeatExchange","Runesmith:Grindstone","Runesmith:LithiumIon","Runesmith:CraftProtectio+1","Runesmith:EarthShield+1","Runesmith:UnstableHammer+1","Runesmith:CreatorForm","Runesmith:HammerThrow+1","Runesmith:Reinforce+1","Runesmith:BackupBattery","Runesmith:HeatExchange","Runesmith:Grindstone","Runesmith:HeatedChisel+1","Parasite","Runesmith:HeatedChisel+1","Runesmith:CraftProtectio","Runesmith:HammerThrow+1","Runesmith:Firestorm+1"],"relics":["Runesmith:BrokenRuby","StoneCalendar","Gremlin Food","conspire:RoyalGoblet","Happy Flower","ReplayFunnel","construct:ClawGrip","Guide Book","Simple Rune","Anchor"],"acts_visited":["Exordium","TheCity","TheBeyond"],"potions_floor_usage":[25],"damage_taken":[{"damage":0,"enemies":"Jaw Worm","floor":1,"turns":6},{"damage":0,"enemies":"conspire:RoseBush","floor":2,"turns":3},{"damage":3,"enemies":"2 Louse","floor":4,"turns":4},{"damage":2,"enemies":"conspire:MimicChest","floor":8,"turns":7},{"damage":0,"enemies":"2 Fungi Beasts","floor":14,"turns":5},{"damage":21,"enemies":"The Guardian","floor":16,"turns":12},{"damage":6,"enemies":"Shell Parasite","floor":18,"turns":7},{"damage":58,"enemies":"Slavers","floor":25,"turns":7},{"damage":4,"enemies":"2 Thieves","floor":29,"turns":5},{"damage":15,"enemies":"Centurion and Healer","floor":31,"turns":8},{"damage":53,"enemies":"Automaton","floor":33,"turns":12},{"damage":32,"enemies":"3 Darklings","floor":35,"turns":7},{"damage":1,"enemies":"3 Shapes","floor":39,"turns":7},{"damage":19,"enemies":"Nemesis","floor":41,"turns":9},{"damage":7,"enemies":"Writhing Mass","floor":42,"turns":7},{"damage":11,"enemies":"Spire Growth","floor":44,"turns":7},{"damage":17,"enemies":"Sphere and 2 Shapes","floor":45,"turns":7},{"damage":20,"enemies":"Maw","floor":47,"turns":4}],"seed_played":"1492002657229058421","potions_obtained":[{"floor":1,"key":"Doom Potion"},{"floor":4,"key":"Energy Potion"},{"floor":18,"key":"champ:CounterPotion"},{"floor":25,"key":"Dexterity Potion"},{"floor":33,"key":"Death Potion"}],"is_trial":false,"path_per_floor":["M","M","$","M","?","R","?","?","T","$","?","R","$","M","R","B",null,"M","?","?","?","?","R","$","E","T","?","R","M","R","M","R","B",null,"M","?","?","$","M","R","E","M","T","M","M","?","M"],"character_chosen":"RUNESMITH_CLASS","items_purchased":["Runesmith:Permafrost","expansioncontent:SuperHexaguard","Runesmith:Firestorm","Runesmith:HammerThrow","ReplayTheSpireMod:Private Reserves","Runesmith:HeatExchange","Runesmith:Grindstone","Runesmith:LithiumIon","Runesmith:BackupBattery","Guide Book","Runesmith:HeatExchange"],"campfire_rested":5,"item_purchase_floors":[3,3,10,10,10,24,24,24,38,38,38],"current_hp_per_floor":[70,70,70,67,72,72,61,59,59,59,59,75,75,75,75,54,75,69,69,69,69,69,69,69,11,11,11,33,29,51,36,58,5,75,43,43,43,43,42,64,45,38,38,27,10,10,0,0],"gold":120,"neow_bonus":"HUNDRED_GOLD","is_daily":false,"chose_seed":false,"campfire_upgraded":3,"win_rate":0.0,"timestamp":1609143926,"path_taken":["M","M","$","M","?","R","?","?","T","$","?","R","?","?","R","BOSS","M","?","?","?","?","R","$","E","T","?","R","M","R","M","R","BOSS","M","?","?","$","M","R","E","?","T","M","?","?","M"],"items_purchased_type":["Card","Card","Card","Card","Card","Card","Card","Card","Card","Relic","Card"],"build_version":"2020-12-22","purchased_purges":1,"victory":false,"max_hp_per_floor":[70,70,70,70,75,75,75,75,75,75,75,75,75,75,75,75,75,75,75,75,75,75,75,75,75,75,75,75,75,75,75,75,75,75,75,75,75,75,75,75,75,75,75,75,75,75,75,75],"card_choices":[{"not_picked":["Runesmith:HammerTime","Runesmith:Attraction"],"picked":"Runesmith:LithiumIon","floor":1},{"not_picked":["Runesmith:ChiselStab","Runesmith:Firewall"],"picked":"Runesmith:MakeshiftArmor","floor":2},{"not_picked":["Runesmith:CraftProtectio","Runesmith:Overpower"],"picked":"Runesmith:EnergizedChisel","floor":4},{"not_picked":["Runesmith:ElementalConversion","Runesmith:Overpower"],"picked":"Runesmith:ChiselStab","floor":8},{"not_picked":["Runesmith:OneForEveryone","Runesmith:FissionHammer"],"picked":"Runesmith:RuneHurl","floor":14},{"not_picked":["Runesmith:LastStand","Runesmith:Duplicate"],"picked":"Runesmith:DuctTape","floor":16},{"not_picked":["Runesmith:RuneHurl","Runesmith:HeatedChisel+1"],"picked":"Runesmith:CraftMagma","floor":18},{"not_picked":["Runesmith:EnergizedChisel","Runesmith:Discharge+1"],"picked":"Runesmith:CraftProtectio+1","floor":25},{"not_picked":["Runesmith:HammerThrow+1","Runesmith:MakeshiftArmor+1"],"picked":"Runesmith:EarthShield","floor":29},{"not_picked":["Runesmith:Prism","Runesmith:Repurpose"],"picked":"Runesmith:UnstableHammer+1","floor":31},{"not_picked":["Runesmith:UnlimitedPower","Runesmith:ArcReactor"],"picked":"Runesmith:CreatorForm","floor":33},{"not_picked":["Runesmith:CraftReservo","Runesmith:MakeshiftArmor"],"picked":"Runesmith:HammerThrow","floor":35},{"not_picked":["Runesmith:Terraform+1","Runesmith:MakeshiftArmor+1"],"picked":"Runesmith:Reinforce+1","floor":36},{"not_picked":["Runesmith:StaticCage","Runesmith:UnstableHammer+1"],"picked":"Runesmith:Grindstone","floor":39},{"not_picked":["Runesmith:LightningRod","Runesmith:Repurpose"],"picked":"Runesmith:HeatedChisel+1","floor":41},{"not_picked":["Runesmith:ShiftingStrike+1","Runesmith:Permafrost"],"picked":"Runesmith:HeatedChisel+1","floor":42},{"not_picked":["Runesmith:Superposition","Runesmith:UnstableHammer+1"],"picked":"Runesmith:CraftProtectio","floor":44},{"not_picked":["Runesmith:NanitesCloud","Runesmith:Discharge"],"picked":"Runesmith:HammerThrow+1","floor":45}],"player_experience":103299,"relics_obtained":[{"floor":8,"key":"StoneCalendar"},{"floor":9,"key":"Gremlin Food"},{"floor":25,"key":"Happy Flower"},{"floor":26,"key":"ReplayFunnel"},{"floor":41,"key":"Simple Rune"},{"floor":43,"key":"Anchor"}],"event_choices":[{"damage_healed":0,"gold_gain":0,"player_choice":"Donut","damage_taken":0,"max_hp_gain":5,"max_hp_loss":0,"event_name":"Big Fish","floor":5,"gold_loss":0},{"damage_healed":0,"gold_gain":75,"player_choice":"Gather Gold","damage_taken":11,"max_hp_gain":0,"max_hp_loss":0,"event_name":"World of Goop","floor":7,"gold_loss":0},{"damage_healed":0,"gold_gain":0,"player_choice":"Disagree","damage_taken":0,"max_hp_gain":0,"max_hp_loss":0,"event_name":"conspire:LoneGhost","floor":11,"gold_loss":0},{"damage_healed":0,"gold_gain":99,"player_choice":"Stole From Cult","damage_taken":0,"max_hp_gain":0,"max_hp_loss":0,"event_name":"Nest","floor":19,"gold_loss":0},{"damage_healed":0,"gold_gain":0,"player_choice":"Ignored","damage_taken":0,"max_hp_gain":0,"max_hp_loss":0,"event_name":"Ghosts","floor":20,"gold_loss":0},{"damage_healed":0,"gold_gain":0,"cards_transformed":["Runesmith:Strike_RS","Runesmith:Defend_RS"],"player_choice":"Became Test Subject","damage_taken":0,"max_hp_gain":0,"max_hp_loss":0,"event_name":"Drug Dealer","floor":21,"gold_loss":0,"cards_obtained":["Runesmith:GrandSlam","Runesmith:ArcReactor"]},{"damage_healed":0,"gold_gain":0,"player_choice":"Ignored","damage_taken":0,"max_hp_gain":0,"max_hp_loss":0,"event_name":"Beggar","floor":22,"gold_loss":0},{"damage_healed":0,"gold_gain":0,"player_choice":"Simplicity","damage_taken":0,"max_hp_gain":0,"max_hp_loss":0,"event_name":"Back to Basics","floor":27,"gold_loss":0,"cards_upgraded":["Runesmith:Strike_RS","Runesmith:Strike_RS","Runesmith:Defend_RS","Runesmith:Defend_RS"]},{"cards_removed":["ReplayTheSpireMod:Splinters"],"damage_healed":0,"gold_gain":0,"player_choice":"Removed Curses","damage_taken":0,"max_hp_gain":0,"max_hp_loss":0,"event_name":"Fountain of Cleansing","floor":37,"gold_loss":0},{"damage_healed":0,"gold_gain":0,"player_choice":"Copied","damage_taken":0,"max_hp_gain":0,"max_hp_loss":0,"event_name":"Duplicator","floor":46,"gold_loss":0,"cards_obtained":["Runesmith:Firestorm"]}],"is_beta":false,"boss_relics":[{"not_picked":["Runic Pyramid","Sozu"],"picked":"conspire:RoyalGoblet"},{"not_picked":["Painkiller Herb","Velvet Choker"],"picked":"construct:ClawGrip"}],"items_purged_floors":[24],"is_endless":false,"potions_floor_spawned":[1,4,18,25,33,35,39],"killed_by":"Maw","ascension_level":0}}