{"host":"bq4pt811tk9yrmjl","time":1609113806,"event":{"mods":["AchievementEnabler","BaseMod","Colored Map","Colored Powertips","Defuse TimeMaze Blight","Hermit","Minty Spire (QoL Compilation)","StSLib","SuperFastMode"],"gold_per_floor":[109,109,121,308,339,351,390,402,440,452,464,16,37,52,52,172,172,195,215,315,330,330,330,330],"floor_reached":23,"playtime":333,"items_purged":[],"score":225,"play_id":"f5930f7b-c35c-4ad9-97c3-8d7973141155","local_time":"20201227220326","is_ascension_mode":true,"campfire_choices":[{"data":"Rage","floor":6,"key":"SMITH"},{"data":"Sever Soul","floor":10,"key":"SMITH"},{"data":"Limit Break","floor":15,"key":"SMITH"}],"circlet_count":0,"master_deck":["Strike_R+1","Strike_R","Strike_R+1","Strike_R","Strike_R+1","Defend_R","Defend_R","Defend_R","Defend_R","Bash+1","Ghostly Armor","Rage+1","Sever Soul+1","Anger","Limit Break+1","Shockwave+1","Seeing Red+1","Necronomicurse"],"relics":["Burning Blood","NeowsBlessing","MawBank","Happy Flower","Golden Idol","Whetstone","Strawberry","SlaversCollar","Necronomicon"],"acts_visited":["Exordium","TheCity"],"potions_floor_usage":[14,16],"damage_taken":[{"damage":0,"enemies":"Small Slimes","floor":1,"turns":1},{"damage":0,"enemies":"Jaw Worm","floor":5,"turns":1},{"damage":0,"enemies":"Lagavulin","floor":7,"turns":1},{"damage":0,"enemies":"2 Louse","floor":13,"turns":2},{"damage":10,"enemies":"Lots of Slimes","floor":14,"turns":3},{"damage":23,"enemies":"The Guardian","floor":16,"turns":8},{"damage":8,"enemies":"3 Byrds","floor":18,"turns":8},{"damage":6,"enemies":"Shell Parasite","floor":19,"turns":6},{"damage":29,"enemies":"Snecko","floor":21,"turns":7},{"damage":0,"enemies":"Slavers","floor":23,"turns":1}],"seed_played":"-7357467133177305118","potions_obtained":[{"floor":7,"key":"Energy Potion"},{"floor":14,"key":"Strength Potion"},{"floor":19,"key":"Energy Potion"}],"is_trial":false,"path_per_floor":["M","?","?","?","M","R","E","?","T","R","?","$","M","M","R","B",null,"M","M","?","M","?","E"],"character_chosen":"IRONCLAD","items_purchased":["Whetstone","FairyPotion","Strawberry","Anger"],"campfire_rested":0,"item_purchase_floors":[12,12,12,12],"current_hp_per_floor":[80,77,61,61,67,67,73,73,73,73,53,60,66,62,62,45,87,85,85,85,62,46,46,46],"gold":330,"neow_bonus":"THREE_ENEMY_KILL","is_daily":false,"chose_seed":false,"campfire_upgraded":3,"win_rate":0.0,"timestamp":1609113806,"path_taken":["M","?","?","?","M","R","E","?","T","R","?","$","M","M","R","BOSS","M","M","?","?","?","E"],"items_purchased_type":["Relic","Potion","Relic","Card"],"build_version":"2020-12-22","purchased_purges":0,"victory":false,"max_hp_per_floor":[80,80,80,80,80,80,80,80,80,80,80,87,87,87,87,87,87,87,87,87,87,87,87,87],"card_choices":[{"not_picked":["Shrug It Off","Hemokinesis"],"picked":"Ghostly Armor","floor":1},{"not_picked":["Sword Boomerang","Shockwave"],"picked":"Rage","floor":5},{"not_picked":["Warcry","Entrench"],"picked":"Sever Soul","floor":7},{"not_picked":["Dropkick","Twin Strike","Body Slam"],"picked":"SKIP","floor":13},{"not_picked":["Clash","Heavy Blade"],"picked":"Limit Break","floor":14},{"not_picked":["Sentinel","Twin Strike"],"picked":"Shockwave+1","floor":18},{"not_picked":["Perfected Strike+1","Anger"],"picked":"Seeing Red+1","floor":19},{"not_picked":["Fire Breathing","Sword Boomerang+1","Pummel"],"picked":"SKIP","floor":21}],"player_experience":132764,"relics_obtained":[{"floor":7,"key":"Happy Flower"},{"floor":22,"key":"Necronomicon"}],"event_choices":[{"damage_healed":0,"gold_gain":0,"player_choice":"Success","damage_taken":3,"relics_obtained":["MawBank"],"max_hp_gain":0,"max_hp_loss":0,"event_name":"Scrap Ooze","floor":2,"gold_loss":0},{"damage_healed":0,"gold_gain":0,"player_choice":"Entered Light","damage_taken":16,"max_hp_gain":0,"max_hp_loss":0,"event_name":"Shining Light","floor":3,"gold_loss":0,"cards_upgraded":["Strike_R","Bash"]},{"damage_healed":0,"gold_gain":175,"player_choice":"AGREE","damage_taken":0,"max_hp_gain":0,"max_hp_loss":0,"event_name":"Liars Game","floor":4,"gold_loss":0,"cards_obtained":["Doubt"]},{"cards_removed":["Doubt"],"damage_healed":0,"gold_gain":0,"player_choice":"Forget","damage_taken":0,"max_hp_gain":0,"max_hp_loss":0,"event_name":"Living Wall","floor":8,"gold_loss":0},{"damage_healed":0,"gold_gain":0,"player_choice":"Take Damage","damage_taken":20,"relics_obtained":["Golden Idol"],"max_hp_gain":0,"max_hp_loss":0,"event_name":"Golden Idol","floor":11,"gold_loss":0},{"damage_healed":0,"gold_gain":100,"player_choice":"Pray","damage_taken":0,"max_hp_gain":0,"max_hp_loss":0,"event_name":"Golden Shrine","floor":20,"gold_loss":0},{"damage_healed":0,"gold_gain":0,"player_choice":"Obtained Book","damage_taken":16,"max_hp_gain":0,"max_hp_loss":0,"event_name":"Cursed Tome","floor":22,"gold_loss":0}],"is_beta":false,"boss_relics":[{"not_picked":["SacredBark","Pandora\u0027s Box"],"picked":"SlaversCollar"}],"items_purged_floors":[],"is_endless":false,"potions_floor_spawned":[7,14,19],"killed_by":"Slavers","ascension_level":1}}