{"host":"1jyvlwrg3lqf29t2","time":1609186444,"event":{"mods":["BaseMod","Colored Powertips","Downfall","Hermit","Minty Spire (QoL Compilation)","StSLib","The Blackbeard","The Cursed","The Poker Player","TheBandit"],"gold_per_floor":[110,38,38,48,48,48,76,76,101,101,135,152,164,128,128,224,224,234,248,248,267,267,267,138,154,154,169,169,189,189,189,189,189,189],"floor_reached":33,"playtime":1496,"items_purged":["Defend_P"],"score":280,"play_id":"9eb799b8-d498-4cb1-8e40-8a8e5f038a77","local_time":"20201228141404","is_ascension_mode":false,"campfire_choices":[{"data":"Tantrum","floor":6.0,"key":"SMITH"},{"data":"Vigilance","floor":8.0,"key":"SMITH"},{"floor":15.0,"key":"REST"},{"data":"RitualDagger","floor":23,"key":"SMITH"},{"floor":28,"key":"REST"},{"data":"Protect","floor":30,"key":"SMITH"},{"data":"Indignation","floor":32,"key":"SMITH"}],"circlet_count":0,"master_deck":["Strike_P","Strike_P","Strike_P","Defend_P","Defend_P","Vigilance+1","Tantrum+1","Indignation+1","Evaluate","RitualDagger+1","CarveReality","Protect+1","Evaluate+1"],"relics":["PureWater","NeowsBlessing","Smiling Mask","Boot","Guardian:PocketSentry","Empty Cage","Molten Egg 2"],"acts_visited":["Exordium","TheCity"],"potions_floor_usage":[16,27,33],"damage_taken":[{"damage":0.0,"enemies":"Jaw Worm","floor":1.0,"turns":1.0},{"damage":0.0,"enemies":"Cultist","floor":4.0,"turns":1.0},{"damage":0.0,"enemies":"Lagavulin","floor":7.0,"turns":2.0},{"damage":26.0,"enemies":"Gremlin Nob","floor":11.0,"turns":3.0},{"damage":0.0,"enemies":"Small Slimes","floor":12.0,"turns":3.0},{"damage":2.0,"enemies":"Looter","floor":13.0,"turns":3.0},{"damage":18,"enemies":"Hexaghost","floor":16,"turns":7},{"damage":5,"enemies":"Chosen","floor":18,"turns":4},{"damage":16,"enemies":"2 Thieves","floor":19,"turns":4},{"damage":13,"enemies":"Cultist and Chosen","floor":21,"turns":7},{"damage":6,"enemies":"Snecko","floor":25,"turns":6},{"damage":0,"enemies":"Centurion and Healer","floor":27,"turns":2},{"damage":0,"enemies":"3 Cultists","floor":29,"turns":3},{"damage":71,"enemies":"Automaton","floor":33,"turns":9}],"seed_played":"7521366562744592321","potions_obtained":[{"floor":4.0,"key":"champ:CounterPotion"},{"floor":10.0,"key":"EntropicBrew"},{"floor":10.0,"key":"Swift Potion"},{"floor":11.0,"key":"PowerPotion"},{"floor":16,"key":"hexamod:EctoCoolerPotion"},{"floor":19,"key":"Strength Potion"},{"floor":29,"key":"BlessingOfTheForge"}],"is_trial":false,"path_per_floor":["M","$","?","M","$","R","E","R","T","?","E","M","M","?","R","B",null,"M","M","?","M","?","R","$","M","T","M","R","M","R","?","R","B"],"character_chosen":"WATCHER","items_purchased":["Tantrum","CarveReality"],"campfire_rested":2,"item_purchase_floors":[2,24],"current_hp_per_floor":[72,72,65,65,65,65,65,65,65,65,39,39,37,37,58,40,72,67,51,45,32,32,32,32,26,26,26,47,47,47,71,71,0,0],"gold":189,"neow_bonus":"THREE_ENEMY_KILL","is_daily":false,"chose_seed":false,"campfire_upgraded":5,"win_rate":0.0,"timestamp":1609186444,"path_taken":["M","$","?","M","$","R","E","R","T","?","E","?","M","?","R","BOSS","M","M","?","M","?","R","?","?","T","?","R","M","R","?","R","BOSS"],"items_purchased_type":["Card","Card"],"build_version":"2020-12-22","purchased_purges":1,"victory":false,"max_hp_per_floor":[72,72,72,72,72,72,72,72,72,72,72,72,72,72,72,72,72,72,72,72,72,72,72,72,72,72,72,72,72,72,72,72,72,72],"card_choices":[{"not_picked":["EmptyBody","Sanctity","Vengeance"],"picked":"SKIP","floor":1.0},{"not_picked":["Halt","FollowUp","BowlingBash"],"picked":"SKIP","floor":4.0},{"not_picked":["WreathOfFlame","Halt","Study"],"picked":"SKIP","floor":7.0},{"not_picked":["Worship","JustLucky","FlyingSleeves"],"picked":"SKIP","floor":11.0},{"not_picked":["JustLucky","BowlingBash"],"picked":"Indignation","floor":12.0},{"not_picked":["Collect","BowlingBash","FlurryOfBlows"],"picked":"SKIP","floor":13.0},{"not_picked":["ForeignInfluence","Consecrate"],"picked":"Evaluate","floor":18},{"not_picked":["FollowUp","Halt","BowlingBash"],"picked":"SKIP","floor":19},{"not_picked":["BowlingBash","LikeWater","Halt+1"],"picked":"SKIP","floor":21},{"not_picked":["InnerPeace","PathToVictory+1"],"picked":"Protect","floor":25},{"not_picked":["Scrawl","Fasting2+1","Protect"],"picked":"SKIP","floor":27},{"not_picked":["Swivel+1","ThirdEye"],"picked":"Evaluate+1","floor":29}],"player_experience":381424,"relics_obtained":[{"floor":7.0,"key":"Smiling Mask"},{"floor":9.0,"key":"Boot"},{"floor":11.0,"key":"Guardian:PocketSentry"},{"floor":26,"key":"Molten Egg 2"}],"event_choices":[{"cards_removed":["Eruption"],"damage_healed":0.0,"max_hp_gain":0.0,"max_hp_loss":0.0,"gold_gain":0.0,"event_name":"Golden Wing","player_choice":"Card Removal","floor":3.0,"gold_loss":0.0,"damage_taken":7.0},{"damage_healed":0.0,"max_hp_gain":0.0,"max_hp_loss":0.0,"gold_gain":0.0,"event_name":"Lab","player_choice":"Got Potions","floor":10.0,"gold_loss":0.0,"damage_taken":0.0},{"damage_healed":0.0,"max_hp_gain":0.0,"max_hp_loss":0.0,"gold_gain":0.0,"event_name":"World of Goop","player_choice":"Left Gold","floor":14.0,"gold_loss":36.0,"damage_taken":0.0},{"damage_healed":0,"gold_gain":0,"player_choice":"Joined the Cult","damage_taken":6,"max_hp_gain":0,"max_hp_loss":0,"event_name":"Nest","floor":20,"gold_loss":0,"cards_obtained":["RitualDagger"]},{"damage_healed":0,"gold_gain":0,"player_choice":"Ignored","damage_taken":0,"max_hp_gain":0,"max_hp_loss":0,"event_name":"Ghosts","floor":22,"gold_loss":0},{"damage_healed":24,"gold_gain":0,"player_choice":"Heal","damage_taken":0,"max_hp_gain":0,"max_hp_loss":0,"event_name":"The Library","floor":31,"gold_loss":0}],"is_beta":false,"boss_relics":[{"not_picked":["Runic Dome","Astrolabe"],"picked":"Empty Cage"}],"items_purged_floors":[24],"is_endless":false,"potions_floor_spawned":[4,11,16,19,25,29],"killed_by":"Automaton","ascension_level":0}}