{"host":"tknto047uabgu3zm","time":1609179330,"event":{"mods":["AchievementEnabler","BaseMod","Bestiary","Block Reminder","Colored Map","Colored Powertips","Highlight Path","Minty Spire (QoL Compilation)","MonsterHotkey","Permanent Neow","Random Character Button","Rare Cards Sparkle","Relic Sorter","Relic Stats","StSLib"],"gold_per_floor":[13,32,32,32,46,46,89,89,89,89,89,89,104,77,77,173,173,186,186,202,220,238,257,257,257,330,330,330,349,349,367,367,367,367],"floor_reached":33,"playtime":1532,"items_purged":[],"score":461,"play_id":"5d4e945e-2d17-4ecf-ae1c-e297d9b66674","local_time":"20201228101530","is_ascension_mode":true,"campfire_choices":[{"data":"Bash","floor":6.0,"key":"SMITH"},{"data":"Offering","floor":8.0,"key":"SMITH"},{"floor":12,"key":"REST"},{"data":"Cleave","floor":15,"key":"SMITH"},{"floor":24,"key":"REST"},{"floor":27,"key":"REST"},{"data":"Rage","floor":32,"key":"SMITH"}],"circlet_count":0,"master_deck":["AscendersBane","Strike_R","Strike_R","Defend_R+1","Defend_R+1","Bash+1","True Grit","Headbutt","Offering+1","Bloodletting+1","Shrug It Off","Burning Pact","Cleave+1","Reaper","Shockwave","Reckless Charge","Intimidate","Anger+1","Writhe","Inflame","Rage+1","Corruption","Shrug It Off+1"],"relics":["Burning Blood","Golden Idol","Turnip","Ice Cream","Empty Cage","Girya","Blue Candle","MealTicket"],"acts_visited":["Exordium","TheCity"],"potions_floor_usage":[14,20,23,33,33],"damage_taken":[{"damage":7.0,"enemies":"Jaw Worm","floor":1.0,"turns":3.0},{"damage":2.0,"enemies":"2 Louse","floor":2.0,"turns":4.0},{"damage":6.0,"enemies":"Small Slimes","floor":5.0,"turns":3.0},{"damage":24.0,"enemies":"Gremlin Nob","floor":7.0,"turns":4.0},{"damage":10,"enemies":"Red Slaver","floor":13,"turns":3},{"damage":8,"enemies":"Exordium Thugs","floor":14,"turns":4},{"damage":45,"enemies":"Slime Boss","floor":16,"turns":6},{"damage":32,"enemies":"Shell Parasite","floor":18,"turns":7},{"damage":25,"enemies":"3 Byrds","floor":20,"turns":7},{"damage":19,"enemies":"Snake Plant","floor":21,"turns":4},{"damage":19,"enemies":"3 Cultists","floor":22,"turns":6},{"damage":16,"enemies":"Sentry and Sphere","floor":23,"turns":7},{"damage":12,"enemies":"Centurion and Healer","floor":29,"turns":5},{"damage":17,"enemies":"Snecko","floor":31,"turns":5},{"damage":91,"enemies":"Champ","floor":33,"turns":12}],"seed_played":"972443408181239853","potions_obtained":[{"floor":7.0,"key":"SneckoOil"},{"floor":13,"key":"ElixirPotion"},{"floor":16,"key":"Dexterity Potion"},{"floor":21,"key":"LiquidMemories"},{"floor":23,"key":"Dexterity Potion"},{"floor":29,"key":"Block Potion"}],"is_trial":false,"path_per_floor":["M","M","?","?","M","R","E","R","T","?","?","R","M","M","R","B",null,"M","?","M","M","M","M","R","?","T","R","?","M","?","M","R","B"],"character_chosen":"IRONCLAD","items_purchased":[],"campfire_rested":3,"item_purchase_floors":[],"current_hp_per_floor":[81,85,81,81,81,81,63,63,63,39,39,63,59,57,57,18,65,39,39,29,16,21,11,35,51,51,75,75,81,81,79,79,0,0],"gold":367,"neow_bonus":"TWENTY_PERCENT_HP_BONUS","is_daily":false,"chose_seed":false,"campfire_upgraded":4,"win_rate":0.0,"timestamp":1609179330,"path_taken":["M","M","?","?","M","R","E","R","T","?","?","R","M","?","R","BOSS","M","?","?","?","M","M","R","?","T","R","?","M","?","M","R","BOSS"],"items_purchased_type":[],"build_version":"2020-12-22","purchased_purges":0,"victory":false,"max_hp_per_floor":[89,89,81,81,81,81,81,81,81,81,81,81,81,81,81,81,81,81,81,81,81,81,81,81,81,81,81,81,81,81,81,81,81,81],"relic_stats":{"counters":[15,80],"Golden Idol":63,"Blue Candle":[2],"MealTicket":0,"Turnip":[22],"obtain_stats":[{"Ice Cream":9,"Girya":19,"Golden Idol":3,"Blue Candle":26,"MealTicket":28,"Turnip":7,"Empty Cage":17,"Burning Blood":0},{"Ice Cream":4,"Girya":8,"Golden Idol":2,"Blue Candle":12,"MealTicket":12,"Turnip":4,"Empty Cage":7,"Burning Blood":0},{"Ice Cream":14,"Girya":34,"Golden Idol":7,"Blue Candle":58,"MealTicket":58,"Turnip":14,"Empty Cage":27,"Burning Blood":0}],"Burning Blood":84},"card_choices":[{"not_picked":["Clothesline","Flex"],"picked":"True Grit","floor":1.0},{"not_picked":["Heavy Blade","Iron Wave"],"picked":"Headbutt","floor":2.0},{"not_picked":["Shrug It Off","Sever Soul"],"picked":"Bloodletting","floor":5.0},{"not_picked":["Blood for Blood","Heavy Blade"],"picked":"Shrug It Off","floor":7.0},{"not_picked":["Body Slam","True Grit"],"picked":"Burning Pact","floor":13},{"not_picked":["Bloodletting","Pommel Strike"],"picked":"Cleave","floor":14},{"not_picked":["Double Tap","Brutality"],"picked":"Reaper","floor":16},{"not_picked":["Disarm","True Grit"],"picked":"Shockwave","floor":18},{"not_picked":["Bloodletting","Second Wind"],"picked":"Reckless Charge","floor":20},{"not_picked":["Entrench","Power Through"],"picked":"Intimidate","floor":21},{"not_picked":["True Grit","Flex"],"picked":"Anger+1","floor":22},{"not_picked":["Havoc","Twin Strike","Searing Blow"],"picked":"SKIP","floor":23},{"not_picked":["Headbutt","Wild Strike"],"picked":"Inflame","floor":29},{"not_picked":["Headbutt","Bloodletting"],"picked":"Shrug It Off+1","floor":31}],"player_experience":491218,"relics_obtained":[{"floor":7.0,"key":"Turnip"},{"floor":9.0,"key":"Ice Cream"},{"floor":26,"key":"Blue Candle"}],"event_choices":[{"damage_healed":0.0,"max_hp_gain":0.0,"max_hp_loss":8.0,"gold_gain":0.0,"event_name":"Golden Idol","player_choice":"Lose Max HP","floor":3.0,"gold_loss":0.0,"damage_taken":0.0,"relics_obtained":["Golden Idol"]},{"damage_healed":0.0,"max_hp_gain":0.0,"max_hp_loss":0.0,"gold_gain":0.0,"cards_transformed":["Defend_R"],"event_name":"Living Wall","player_choice":"Change","floor":4.0,"gold_loss":0.0,"damage_taken":0.0,"cards_obtained":["Offering"]},{"damage_healed":0.0,"max_hp_gain":0.0,"max_hp_loss":0.0,"gold_gain":0.0,"event_name":"Shining Light","player_choice":"Entered Light","floor":10.0,"gold_loss":0.0,"damage_taken":24.0,"cards_upgraded":["Defend_R","Defend_R"]},{"damage_healed":0,"gold_gain":0,"player_choice":"Forge","damage_taken":0,"max_hp_gain":0,"max_hp_loss":0,"event_name":"Accursed Blacksmith","floor":11,"gold_loss":0,"cards_upgraded":["Bloodletting"]},{"damage_healed":0,"gold_gain":0,"player_choice":"Gave Potion","damage_taken":0,"relics_obtained":["Girya"],"max_hp_gain":0,"max_hp_loss":0,"event_name":"WeMeetAgain","floor":19,"gold_loss":0},{"damage_healed":16,"gold_gain":0,"player_choice":"Heal","damage_taken":0,"max_hp_gain":0,"max_hp_loss":0,"event_name":"The Library","floor":25,"gold_loss":0},{"damage_healed":0,"gold_gain":0,"player_choice":"Opened","damage_taken":0,"relics_obtained":["MealTicket"],"max_hp_gain":0,"max_hp_loss":0,"event_name":"The Mausoleum","floor":28,"gold_loss":0,"cards_obtained":["Writhe"]},{"damage_healed":0,"gold_gain":0,"cards_transformed":["Strike_R","Defend_R"],"player_choice":"Became Test Subject","damage_taken":0,"max_hp_gain":0,"max_hp_loss":0,"event_name":"Drug Dealer","floor":30,"gold_loss":0,"cards_obtained":["Rage","Corruption"]}],"is_beta":false,"boss_relics":[{"not_picked":["Ectoplasm","Sozu"],"picked":"Empty Cage"}],"items_purged_floors":[],"is_endless":false,"potions_floor_spawned":[7,13,16,21,23,29],"killed_by":"Champ","ascension_level":17}}