{"host":"x4eg333i40dafwq4","time":1609131393,"event":{"mods":["AchievementEnabler","BaseMod","Bestiary","Colored Powertips","Minty Spire (QoL Compilation)","Relic Stats"],"gold_per_floor":[99,99,99,99,99,99,99,99,99,99,99,99,24,24,24,24,24,24,24,24,0,0,0,0,0,0,0,0,0,0,0],"floor_reached":30,"playtime":1740,"items_purged":["Pain"],"score":644,"play_id":"dea511f0-b038-4c65-a4d0-168e4a78e399","local_time":"20201227235633","is_ascension_mode":true,"campfire_choices":[{"floor":6,"key":"REST"},{"data":"Caltrops","floor":15,"key":"SMITH"},{"floor":23,"key":"REST"},{"data":"After Image","floor":28,"key":"SMITH"}],"circlet_count":0,"master_deck":["AscendersBane","Strike_G","Strike_G","Strike_G","Defend_G","Defend_G","Defend_G","Defend_G","Defend_G","Survivor","Neutralize","Caltrops+1","Blade Dance","Deadly Poison+1","Quick Slash","Flying Knee","Dagger Spray","Predator+1","PiercingWail","Malaise+1","Backflip","Malaise","Noxious Fumes","Eviscerate","Grand Finale","Dodge and Roll+1","Cloak And Dagger","Acrobatics","Noxious Fumes","After Image+1"],"relics":["Ectoplasm","Dream Catcher","Bag of Preparation","WarpedTongs","War Paint","The Courier","Tiny House","Smiling Mask","Meat on the Bone"],"acts_visited":["Exordium","TheCity"],"potions_floor_usage":[8,8,12,25,30],"damage_taken":[{"damage":0,"enemies":"2 Louse","floor":1,"turns":3},{"damage":8,"enemies":"Cultist","floor":2,"turns":5},{"damage":7,"enemies":"Jaw Worm","floor":3,"turns":4},{"damage":5,"enemies":"Red Slaver","floor":4,"turns":3},{"damage":7,"enemies":"3 Louse","floor":5,"turns":3},{"damage":6,"enemies":"Blue Slaver","floor":7,"turns":4},{"damage":17,"enemies":"Gremlin Nob","floor":8,"turns":4},{"damage":0,"enemies":"2 Fungi Beasts","floor":10,"turns":3},{"damage":8,"enemies":"3 Sentries","floor":12,"turns":7},{"damage":6,"enemies":"Lagavulin","floor":14,"turns":7},{"damage":0,"enemies":"Hexaghost","floor":16,"turns":9},{"damage":3,"enemies":"Spheric Guardian","floor":18,"turns":5},{"damage":2,"enemies":"2 Thieves","floor":21,"turns":4},{"damage":30,"enemies":"3 Cultists","floor":22,"turns":6},{"damage":2,"enemies":"Shelled Parasite and Fungi","floor":24,"turns":7},{"damage":15,"enemies":"Book of Stabbing","floor":25,"turns":5},{"damage":36,"enemies":"Slavers","floor":30,"turns":3}],"seed_played":"7761082091683671688","potions_obtained":[{"floor":3,"key":"Block Potion"},{"floor":4,"key":"Block Potion"},{"floor":8,"key":"BlessingOfTheForge"},{"floor":12,"key":"ColorlessPotion"},{"floor":14,"key":"EssenceOfSteel"},{"floor":17,"key":"Fire Potion"},{"floor":18,"key":"Swift Potion"},{"floor":22,"key":"PowerPotion"},{"floor":25,"key":"DuplicationPotion"}],"is_trial":false,"path_per_floor":["M","M","M","M","M","R","M","E","T","M","?","E","$","E","R","B",null,"M","?","?","M","M","R","M","E","T","?","R","?","E"],"character_chosen":"THE_SILENT","items_purchased":[],"campfire_rested":2,"item_purchase_floors":[],"current_hp_per_floor":[59,51,44,39,32,51,45,28,28,28,28,20,20,14,14,14,58,55,55,55,53,23,44,42,27,27,27,27,27,0,0],"gold":0,"neow_bonus":"BOSS_RELIC","is_daily":false,"chose_seed":false,"campfire_upgraded":2,"win_rate":0.0,"timestamp":1609131393,"path_taken":["M","M","M","M","M","R","M","E","T","M","?","E","$","E","R","BOSS","M","?","?","M","?","R","M","E","T","?","R","?","E"],"items_purchased_type":[],"build_version":"2020-12-22","purchased_purges":1,"victory":false,"max_hp_per_floor":[66,66,66,66,66,66,66,66,66,66,66,66,66,66,66,66,71,71,71,71,71,71,71,71,71,71,71,71,71,71,71],"relic_stats":{"Dream Catcher":1,"counters":[17,82],"Ectoplasm":468,"Bag of Preparation":[20],"War Paint":["Malaise","Deadly Poison"],"Smiling Mask":0,"obtain_stats":[{"Dream Catcher":8,"Tiny House":17,"Ectoplasm":0,"The Courier":14,"Bag of Preparation":9,"War Paint":12,"Smiling Mask":25,"Ring of the Snake":0,"WarpedTongs":11,"Meat on the Bone":26},{"Dream Catcher":7,"Tiny House":11,"Ectoplasm":0,"The Courier":10,"Bag of Preparation":7,"War Paint":9,"Smiling Mask":16,"Ring of the Snake":0,"WarpedTongs":8,"Meat on the Bone":16},{"Dream Catcher":26,"Tiny House":52,"Ectoplasm":0,"The Courier":43,"Bag of Preparation":26,"War Paint":36,"Smiling Mask":79,"Ring of the Snake":0,"WarpedTongs":29,"Meat on the Bone":79}],"WarpedTongs":[53],"Meat on the Bone":0},"card_choices":[{"not_picked":["Bane","Concentrate"],"picked":"Caltrops","floor":1},{"not_picked":["Backflip","Catalyst"],"picked":"Blade Dance","floor":2},{"not_picked":["Well Laid Plans","Poisoned Stab"],"picked":"Deadly Poison","floor":3},{"not_picked":["Caltrops","Reflex"],"picked":"Quick Slash","floor":4},{"not_picked":["Deadly Poison","Acrobatics"],"picked":"Flying Knee","floor":5},{"not_picked":["Backflip","Concentrate"],"picked":"Dagger Spray","floor":7},{"not_picked":["Outmaneuver","Sucker Punch"],"picked":"Predator","floor":8},{"not_picked":["Bullet Time","Underhanded Strike"],"picked":"PiercingWail","floor":10},{"not_picked":["Well Laid Plans","Poisoned Stab"],"picked":"Malaise","floor":12},{"not_picked":["Blade Dance","Masterful Stab"],"picked":"Backflip","floor":14},{"not_picked":["Phantasmal Killer","Unload"],"picked":"Malaise","floor":16},{"not_picked":["Escape Plan","Sucker Punch"],"picked":"Noxious Fumes","floor":17},{"not_picked":["Outmaneuver","Prepared","Dagger Spray"],"picked":"SKIP","floor":18},{"not_picked":["Masterful Stab+1","Prepared"],"picked":"Dodge and Roll+1","floor":21},{"not_picked":["Dodge and Roll","Outmaneuver"],"picked":"Cloak And Dagger","floor":22},{"not_picked":["Blade Dance","Outmaneuver"],"picked":"Acrobatics","floor":23},{"not_picked":["Masterful Stab","PiercingWail"],"picked":"Noxious Fumes","floor":24},{"not_picked":["Distraction","Bane"],"picked":"After Image","floor":25}],"player_experience":1430747,"relics_obtained":[{"floor":8,"key":"Dream Catcher"},{"floor":9,"key":"Bag of Preparation"},{"floor":12,"key":"War Paint"},{"floor":14,"key":"The Courier"},{"floor":25,"key":"Smiling Mask"},{"floor":26,"key":"Meat on the Bone"}],"event_choices":[{"damage_healed":0,"gold_gain":0,"player_choice":"Rummage","damage_taken":0,"relics_obtained":["WarpedTongs"],"max_hp_gain":0,"max_hp_loss":0,"event_name":"Accursed Blacksmith","floor":11,"gold_loss":0,"cards_obtained":["Pain"]},{"damage_healed":0,"gold_gain":0,"cards_transformed":["Strike_G","Strike_G"],"player_choice":"Became Test Subject","damage_taken":0,"max_hp_gain":0,"max_hp_loss":0,"event_name":"Drug Dealer","floor":19,"gold_loss":0,"cards_obtained":["Eviscerate","Grand Finale"]},{"damage_healed":0,"gold_gain":0,"player_choice":"Cursed","damage_taken":0,"max_hp_gain":0,"max_hp_loss":0,"event_name":"Wheel of Change","floor":20,"gold_loss":0,"cards_obtained":["Decay"]},{"cards_removed":["Decay"],"damage_healed":0,"gold_gain":0,"player_choice":"Elegance","damage_taken":0,"max_hp_gain":0,"max_hp_loss":0,"event_name":"Back to Basics","floor":27,"gold_loss":0}],"is_beta":false,"boss_relics":[{"not_picked":["HoveringKite","SacredBark"],"picked":"Tiny House"}],"items_purged_floors":[13],"is_endless":false,"potions_floor_spawned":[3,4,8,12,14,18,22,25],"killed_by":"Slavers","ascension_level":20}}