{"host":"e4jlzdgap3yn3qj8","time":1609131212,"event":{"mods":["AchievementEnabler","BaseMod","Block Reminder","Colored Powertips","Curses Come First","Downfall","Highlight Path","Minty Spire (QoL Compilation)","Quick Restart","Random Character Button","Rare Cards Sparkle","StSLib"],"gold_per_floor":[99,111,111,43,43,28,51,51,68,68,82,182,199,199,219,219,219,219],"floor_reached":16,"playtime":1244,"items_purged":[],"score":90,"play_id":"86d0b58a-cfa8-440f-b085-077743749f3c","local_time":"20201227235332","is_ascension_mode":false,"campfire_choices":[{"floor":1,"key":"RECALL"},{"data":"champ:FocusedDefense","floor":8,"key":"SMITH"},{"data":"champ:Taunt","floor":10,"key":"SMITH"}],"circlet_count":0,"master_deck":["champ:Strike","champ:Strike","champ:Strike","champ:Strike","champ:Defend","champ:Defend","champ:Defend","champ:Defend","champ:Execute","champ:Taunt+1","champ:DeathBlow","champ:FocusedDefense+1","champ:BerserkersShout","champ:GutPunch","champ:GladiatorsShout","champ:Riposte","champ:PerfectForm","Parasite","champ:EndlessRage"],"relics":["champ:ChampionCrown","PreservedInsect"],"acts_visited":["Exordium"],"potions_floor_usage":[],"damage_taken":[{"damage":14,"enemies":"Jaw Worm","floor":2,"turns":6},{"damage":20,"enemies":"downfall:FleeingMerchant","floor":4,"turns":4},{"damage":40,"enemies":"downfall:FleeingMerchant","floor":6,"turns":4},{"damage":15,"enemies":"Cultist","floor":9,"turns":4},{"damage":15,"enemies":"2 Louse","floor":11,"turns":3},{"damage":26,"enemies":"Red Slaver","floor":13,"turns":5},{"damage":34,"enemies":"Blue Slaver","floor":15,"turns":5},{"damage":81,"enemies":"downfall:Ironclad","floor":16,"turns":6}],"seed_played":"-8111555422179901830","potions_obtained":[{"floor":9,"key":"sneckomod:MuddlingPotion"},{"floor":13,"key":"Slimebound:ThreeZeroPotion"},{"floor":15,"key":"Weak Potion"}],"is_trial":false,"path_per_floor":["R","M","?","$","T","$","T","R","M","R","M","?","M","?","M","B"],"character_chosen":"THE_CHAMP","items_purchased":["champ:BerserkersShout"],"campfire_rested":0,"item_purchase_floors":[4],"current_hp_per_floor":[99,95,95,95,95,90,90,90,86,86,79,79,58,82,63,0,0,0],"gold":219,"neow_bonus":"TEN_PERCENT_HP_BONUS","is_daily":false,"chose_seed":false,"campfire_upgraded":2,"win_rate":0.0,"timestamp":1609131212,"path_taken":["R","M","?","?","?","$","T","R","?","R","M","?","?","?","M","BOSS"],"items_purchased_type":["Card"],"build_version":"2020-12-22","purchased_purges":0,"victory":false,"max_hp_per_floor":[99,99,99,99,99,99,99,99,99,99,99,99,99,99,99,99,99,99],"card_choices":[{"not_picked":["champ:BladeFlurry","champ:Encircle"],"picked":"champ:DeathBlow","floor":2},{"not_picked":["champ:GutPunch","champ:DefensiveShout"],"picked":"champ:FocusedDefense","floor":4},{"not_picked":["champ:Lariat","champ:RecklessLeap"],"picked":"champ:GutPunch","floor":6},{"not_picked":["champ:Backstep","champ:BerserkersShout"],"picked":"champ:GladiatorsShout","floor":9},{"not_picked":["champ:FocusedGladiator","champ:Lariat"],"picked":"champ:Riposte","floor":11},{"not_picked":["champ:FocusedGladiator","champ:Haymaker"],"picked":"champ:PerfectForm","floor":13},{"not_picked":["champ:CrookedStrike","champ:PerfectedStrike"],"picked":"champ:EndlessRage","floor":15}],"player_experience":41235,"relics_obtained":[{"floor":7,"key":"PreservedInsect"}],"event_choices":[{"damage_healed":0,"gold_gain":0,"player_choice":"Ignored","damage_taken":0,"max_hp_gain":0,"max_hp_loss":0,"event_name":"Purifier","floor":3,"gold_loss":0},{"damage_healed":0,"gold_gain":100,"player_choice":"Gold","damage_taken":0,"max_hp_gain":0,"max_hp_loss":0,"event_name":"Wheel of Change","floor":12,"gold_loss":0},{"damage_healed":24,"gold_gain":0,"player_choice":"Healed and dodged fight","damage_taken":0,"max_hp_gain":0,"max_hp_loss":0,"event_name":"Mushrooms","floor":14,"gold_loss":0,"cards_obtained":["Parasite"]}],"is_beta":false,"boss_relics":[],"items_purged_floors":[],"is_endless":false,"potions_floor_spawned":[9,13,15],"killed_by":"downfall:Ironclad","ascension_level":0}}