{"host":"f1miojwxaupu79sp","time":1609120238,"event":{"mods":["BaseMod","Better Vampires","Minty Spire (QoL Compilation)","Shop Mod"],"gold_per_floor":[115,40,52,127,127,127,159,159,159,179,193,203,203,222,222,300,300,315,24,24,24,36,36,36],"floor_reached":23,"playtime":1998,"items_purged":["Strike_G"],"score":325,"play_id":"89d88971-d2bd-4ab8-acb9-0834ab13258f","local_time":"20201227205038","is_ascension_mode":true,"campfire_choices":[{"data":"Corpse Explosion","floor":6,"key":"SMITH"},{"data":"Deflect","floor":13,"key":"SMITH"},{"data":"Deadly Poison","floor":15,"key":"SMITH"}],"circlet_count":0,"master_deck":["AscendersBane","Strike_G","Strike_G","Defend_G","Defend_G","Defend_G","Defend_G","Defend_G","Survivor","Neutralize","Corpse Explosion+1","Deadly Poison+1","Deflect+1","Unload","Leg Sweep","Die Die Die","Neutralize","Backflip+1"],"relics":["Ring of the Snake","Unceasing Top","Meat on the Bone","WristBlade","Ice Cream"],"acts_visited":["Exordium","TheCity"],"potions_floor_usage":[7,18,22],"damage_taken":[{"damage":14.0,"enemies":"Small Slimes","floor":1.0,"turns":3.0},{"damage":0,"enemies":"2 Louse","floor":3,"turns":3},{"damage":12,"enemies":"Lagavulin","floor":7,"turns":5},{"damage":0,"enemies":"Cultist","floor":10,"turns":5},{"damage":2,"enemies":"3 Louse","floor":11,"turns":2},{"damage":0,"enemies":"Lots of Slimes","floor":12,"turns":1},{"damage":4,"enemies":"Blue Slaver","floor":14,"turns":5},{"damage":8,"enemies":"The Guardian","floor":16,"turns":8},{"damage":13,"enemies":"Chosen","floor":18,"turns":5},{"damage":10,"enemies":"Spheric Guardian","floor":22,"turns":4},{"damage":27,"enemies":"Book of Stabbing","floor":23,"turns":7}],"seed_played":"-8849721923827916788","potions_obtained":[{"floor":3,"key":"CunningPotion"},{"floor":14,"key":"FearPotion"},{"floor":16,"key":"Weak Potion"},{"floor":18,"key":"Fruit Juice"}],"is_trial":false,"path_per_floor":["M","$","M","?","?","R","E","?","T","M","M","M","R","M","R","B",null,"M","$","?","?","M","E"],"character_chosen":"THE_SILENT","items_purchased":["Ice Cream"],"campfire_rested":0,"item_purchase_floors":[19],"current_hp_per_floor":[45,45,45,34,27,27,15,15,15,27,37,37,37,45,45,37,59,51,51,38,38,40,13,13],"gold":36,"neow_bonus":"ONE_RANDOM_RARE_CARD","is_daily":false,"chose_seed":false,"campfire_upgraded":3,"win_rate":0.0,"timestamp":1609120238,"path_taken":["M","$","M","?","?","R","E","?","T","M","M","M","R","?","R","BOSS","M","$","?","?","?","E"],"items_purchased_type":["Relic"],"build_version":"2020-12-22","purchased_purges":1,"victory":false,"max_hp_per_floor":[66,66,66,66,66,66,66,66,66,66,66,66,66,66,66,66,66,71,71,76,76,76,76,76],"card_choices":[{"not_picked":["Dodge and Roll","Dagger Throw"],"picked":"Deadly Poison","floor":1.0},{"not_picked":["Riddle With Holes","Reflex","Quick Slash"],"picked":"SKIP","floor":3},{"not_picked":["Acrobatics","Bane","Slice"],"picked":"SKIP","floor":7},{"not_picked":["Bullet Time","Setup","Dagger Spray"],"picked":"SKIP","floor":10},{"not_picked":["Escape Plan","Underhanded Strike"],"picked":"Deflect","floor":11},{"not_picked":["Underhanded Strike","Outmaneuver","Distraction"],"picked":"SKIP","floor":12},{"not_picked":["Distraction","Acrobatics","Choke"],"picked":"SKIP","floor":14},{"not_picked":["Envenom","Malaise"],"picked":"Unload","floor":16},{"not_picked":["Backflip","Endless Agony"],"picked":"Leg Sweep","floor":18},{"not_picked":["Quick Slash","Prepared"],"picked":"Backflip+1","floor":22}],"player_experience":877229,"relics_obtained":[{"floor":7,"key":"Unceasing Top"},{"floor":9,"key":"Meat on the Bone"}],"event_choices":[{"damage_healed":0,"gold_gain":75,"player_choice":"Gather Gold","damage_taken":11,"max_hp_gain":0,"max_hp_loss":0,"event_name":"World of Goop","floor":4,"gold_loss":0},{"cards_removed":["Strike_G"],"damage_healed":0,"gold_gain":0,"player_choice":"Card Removal","damage_taken":7,"max_hp_gain":0,"max_hp_loss":0,"event_name":"Golden Wing","floor":5,"gold_loss":0},{"cards_removed":["Strike_G"],"damage_healed":0,"gold_gain":0,"player_choice":"Offered Basic","damage_taken":0,"max_hp_gain":0,"max_hp_loss":0,"event_name":"Bonfire Elementals","floor":8,"gold_loss":0},{"damage_healed":0,"gold_gain":0,"player_choice":"Shed Blood","damage_taken":18,"max_hp_gain":5,"max_hp_loss":0,"event_name":"Forgotten Altar","floor":20,"gold_loss":0},{"damage_healed":0,"gold_gain":0,"player_choice":"2 cards matched","damage_taken":0,"max_hp_gain":0,"max_hp_loss":0,"event_name":"Match and Keep!","floor":21,"gold_loss":0,"cards_obtained":["Die Die Die","Neutralize"]}],"is_beta":false,"boss_relics":[{"not_picked":["Astrolabe","Sozu"],"picked":"WristBlade"}],"items_purged_floors":[2],"is_endless":false,"potions_floor_spawned":[3,14,16,18],"killed_by":"Book of Stabbing","ascension_level":14}}