{"host":"kfy60dohpfs0wpkg","time":1609182629,"event":{"mods":["Act Like it!","BaseMod","CapriCore","Challenge The Spire","Chen","Gensokyo","Koishi","Marisa£®ÏF”Í°°ƒß¿Ì…≥£©","Minty Spire (QoL Compilation)","Quick Restart","Reimu£®≤©¿ˆ¡È√Œ£©","Remilia£®¿Ÿ√◊¿Ú—«£©","Replay The Spire","StSLib","The Administrix","The Animator","The Bug Knight","The Cursed","The Immortal","The Servant 0.9.4","Yakumo Yukari mod","Youmu£®ªÍ∆«—˝√Œ£©","Yuyuko"],"gold_per_floor":[115,115,75,127,137,137,169,20,47,47,78,93,3,3,3,100,100,116,131,131,131,150,175,175,204,250,250,250,76,76,101,200,298,598,610,665,665,42,57,91,106,136,136,136,136,147,181,181,181,181],"floor_reached":51,"playtime":1340,"items_purged":["Defend_MRS","Doubt"],"score":871,"play_id":"38105d2c-c159-4482-a3f3-bc12acc5497f","local_time":"20201229031029","is_ascension_mode":true,"campfire_choices":[{"data":"MasterSpark","floor":6.0,"key":"SMITH"},{"floor":15.0,"key":"DIG"},{"floor":24.0,"key":"REST"},{"floor":27.0,"key":"REST"},{"data":"BigCrunch","floor":45,"key":"SMITH"},{"floor":49,"key":"REST"}],"circlet_count":0,"master_deck":["Strike_MRS","Strike_MRS","Strike_MRS","Defend_MRS","Defend_MRS","Defend_MRS","MasterSpark+1","UpSweep","LuminesStrike","LuminesStrike","AlicesGift","DoubleSpark","ChargingUp","Bandage Up","BlazingStar+1","WitchLeyline+1","Singularity","IllusionStar","ChargingUp","DarkMatter","DarkMatter","Ghostly","Ghostly","Ghostly","Ghostly","Ghostly","BlazingStar+1","CollectingQuirk+1","Injury","LuminesStrike+1","SporeBomb+1","Decay","BigCrunch+1","MachineGunSpark+1"],"relics":["MiniHakkero","PaintedHorse:ReiMu","BreadOfAWashokuLover","Nunchaku","Omamori","Juzu Bracelet","Molten Egg 2","SlaversCollar","ReplayTheSpireMod:Ring of Exchange","Blood Vial","FossilizedHelix","Vajra","Pet Ghost","Membership Card","Potion Belt","Replay:Ancient Bell","ReplayTheSpireMod:Lightbulb","Replay:Ringing Soul","Old Coin","Durian","Busted Crown","HandmadeGrimoire","Iron Hammer","PreservedInsect"],"acts_visited":["Exordium","TheCity","TheBeyond"],"potions_floor_usage":[50,50,50,50],"damage_taken":[{"damage":2.0,"enemies":"Small Slimes","floor":1.0,"turns":3.0},{"damage":7.0,"enemies":"Jaw Worm","floor":5.0,"turns":3.0},{"damage":16.0,"enemies":"Gremlin Nob","floor":7.0,"turns":3.0},{"damage":25.0,"enemies":"Lagavulin","floor":11.0,"turns":4.0},{"damage":0.0,"enemies":"2 Louse","floor":12.0,"turns":2.0},{"damage":34.0,"enemies":"Hexaghost","floor":16.0,"turns":8.0},{"damage":11.0,"enemies":"Shell Parasite","floor":18.0,"turns":3.0},{"damage":23.0,"enemies":"2 Thieves","floor":19.0,"turns":3.0},{"damage":7.0,"enemies":"Chosen and Byrds","floor":22.0,"turns":3.0},{"damage":30.0,"enemies":"Gremlin Leader","floor":23.0,"turns":4.0},{"damage":32.0,"enemies":"Book of Stabbing","floor":25.0,"turns":3.0},{"damage":3.0,"enemies":"Gremlin Leader","floor":31.0,"turns":4.0},{"damage":2.0,"enemies":"Pondfish","floor":33.0,"turns":7.0},{"damage":2.0,"enemies":"3 Darklings","floor":35.0,"turns":2.0},{"damage":3.0,"enemies":"2 Orb Walkers","floor":36.0,"turns":3.0},{"damage":0.0,"enemies":"Orb Walker","floor":39.0,"turns":3.0},{"damage":0.0,"enemies":"Reptomancer","floor":40.0,"turns":2.0},{"damage":0.0,"enemies":"Sphere and 2 Shapes","floor":41.0,"turns":3.0},{"damage":3.0,"enemies":"Nemesis","floor":42.0,"turns":3.0},{"damage":12,"enemies":"Jaw Worm Horde","floor":46,"turns":3},{"damage":0,"enemies":"Reptomancer","floor":47,"turns":3},{"damage":20,"enemies":"Awakened One","floor":50,"turns":6}],"seed_played":"7085184098056687346","potions_obtained":[{"floor":1.0,"key":"ColorlessPotion"},{"floor":4.0,"key":"MagicPotion:ReiMu"},{"floor":7.0,"key":"Strength Potion"},{"floor":11.0,"key":"StarNLove"},{"floor":16.0,"key":"Adrenaline Potion"},{"floor":19.0,"key":"Venom Potion"},{"floor":33.0,"key":"PowerPotion"},{"floor":39.0,"key":"PowerPotion"},{"floor":40.0,"key":"Dexterity Potion"},{"floor":46,"key":"BottledSpark"}],"is_trial":false,"path_per_floor":["M","?","?","?","M","R","E","$","T","$","E","M","$","?","R","B",null,"M","M","?","?","M","E","R","E","T","R","?","$","?","E","R","B",null,"M","?","?","$","M","E","M","E","T","?","R","M","E","?","R","B",null],"character_chosen":"MARISA","items_purchased":["SuperNova","Bandage Up","Membership Card","DarkMatter","Busted Crown","BigCrunch"],"campfire_rested":3,"item_purchase_floors":[8,13,29,29,38,38],"current_hp_per_floor":[80,73,73,53,46,46,30,30,30,30,5,5,5,32,32,4,82,75,56,40,40,38,12,38,12,12,38,38,38,38,41,41,43,46,47,54,57,60,63,63,63,60,60,60,60,50,55,55,63,48],"gold":181,"neow_bonus":"TEN_PERCENT_HP_BONUS","is_daily":false,"chose_seed":false,"campfire_upgraded":2,"win_rate":0.0,"timestamp":1609182629,"path_taken":["M","?","?","?","M","R","E","$","T","?","E","M","$","?","R","BOSS","M","M","?","?","M","E","R","E","T","R","?","$","?","E","R","BOSS","M","?","?","$","M","E","M","E","T","?","R","M","E","?","R","BOSS"],"items_purchased_type":["Card","Card","Relic","Card","Relic","Card"],"build_version":"2020-12-22","purchased_purges":2,"victory":true,"max_hp_per_floor":[82,82,82,82,82,82,82,82,82,82,82,82,82,82,82,82,82,82,82,87,87,87,87,87,87,87,87,87,87,43,43,43,43,46,49,57,60,63,63,63,63,63,63,60,60,60,63,63,63,63],"card_choices":[{"not_picked":["IllusionStar","DC"],"picked":"LuminesStrike","floor":1.0},{"not_picked":["EnergyRecoil","Robbery"],"picked":"LuminesStrike","floor":5.0},{"not_picked":["LuminesStrike","DarkSpark"],"picked":"AlicesGift","floor":7.0},{"not_picked":["DC","SuperNova"],"picked":"DoubleSpark","floor":11.0},{"not_picked":["DoubleSpark","NonDirectionalLaser"],"picked":"ChargingUp","floor":12.0},{"not_picked":["FinalSpark+1","AbsoluteMagnitude+1"],"picked":"BlazingStar+1","floor":16.0},{"not_picked":["MilkyWay","PulseMagic"],"picked":"WitchLeyline+1","floor":18.0},{"not_picked":["LuminesStrike+1","StarlightTyphoon"],"picked":"Singularity","floor":19.0},{"not_picked":["ChargeUpSpray+1","EnergyRecoil+1"],"picked":"IllusionStar","floor":22.0},{"not_picked":["GalacticHalo","DeepEcoloBomb+1","WitchOfGreed"],"picked":"SKIP","floor":23.0},{"not_picked":["DarkSpark+1","MysteriousBeam+1"],"picked":"ChargingUp","floor":25.0},{"not_picked":["SprinkleStarSeal","Acceleration"],"picked":"BlazingStar+1","floor":31.0},{"not_picked":["UltimateShortwave","JA+1"],"picked":"CollectingQuirk+1","floor":33.0},{"not_picked":["animator:Curse_Greed","Sloth_TH"],"picked":"Gluttony_TH","floor":34.0},{"not_picked":["Voices","animator:Curse_GriefSeed"],"picked":"Injury","floor":34.0},{"not_picked":["Pain","Regret"],"picked":"Doubt","floor":34.0},{"not_picked":["MilkyWay","ChargeUpSpray+1"],"picked":"LuminesStrike+1","floor":35.0},{"not_picked":["ChargingUp","MachineGunSpark+1"],"picked":"SporeBomb+1","floor":36.0},{"not_picked":["GravityBeat+1"],"picked":"SKIP","floor":39.0},{"not_picked":["AsteroidBelt+1"],"picked":"SKIP","floor":40.0},{"not_picked":["Robbery+1"],"picked":"SKIP","floor":41.0},{"not_picked":["UnstableBomb+1"],"picked":"SKIP","floor":42.0},{"not_picked":["Acceleration"],"picked":"SKIP","floor":46},{"not_picked":["MachineGunSpark+1"],"picked":"SKIP","floor":47},{"not_picked":[],"picked":"MachineGunSpark+1","floor":47}],"player_experience":79684,"relics_obtained":[{"floor":4.0,"key":"BreadOfAWashokuLover"},{"floor":7.0,"key":"Nunchaku"},{"floor":9.0,"key":"Omamori"},{"floor":11.0,"key":"Juzu Bracelet"},{"floor":15.0,"key":"Molten Egg 2"},{"floor":21.0,"key":"ReplayTheSpireMod:Ring of Exchange"},{"floor":23.0,"key":"Blood Vial"},{"floor":25.0,"key":"FossilizedHelix"},{"floor":26.0,"key":"Vajra"},{"floor":31.0,"key":"Potion Belt"},{"floor":36.0,"key":"Durian"},{"floor":40.0,"key":"HandmadeGrimoire"},{"floor":42.0,"key":"Iron Hammer"},{"floor":47,"key":"PreservedInsect"}],"event_choices":[{"cards_removed":["Strike_MRS"],"damage_healed":0.0,"max_hp_gain":0.0,"max_hp_loss":0.0,"gold_gain":0.0,"event_name":"Golden Wing","player_choice":"Card Removal","floor":2.0,"gold_loss":0.0,"damage_taken":7.0},{"damage_healed":0.0,"max_hp_gain":0.0,"max_hp_loss":0.0,"gold_gain":0.0,"event_name":"yidonshenshe","player_choice":"»˚«Æ","floor":3.0,"gold_loss":40.0,"damage_taken":0.0,"relics_obtained":["PaintedHorse:ReiMu"]},{"damage_healed":27.0,"max_hp_gain":0.0,"max_hp_loss":0.0,"gold_gain":0.0,"event_name":"Big Fish","player_choice":"Banana","floor":14.0,"gold_loss":0.0,"damage_taken":0.0},{"damage_healed":0.0,"max_hp_gain":5.0,"max_hp_loss":0.0,"gold_gain":0.0,"event_name":"Forgotten Altar","player_choice":"Shed Blood","floor":20.0,"gold_loss":0.0,"damage_taken":21.0},{"damage_healed":0.0,"max_hp_gain":0.0,"max_hp_loss":0.0,"gold_gain":0.0,"event_name":"The Mausoleum","player_choice":"Opened","floor":28.0,"gold_loss":0.0,"damage_taken":0.0,"relics_obtained":["Pet Ghost"]},{"damage_healed":0.0,"max_hp_gain":0.0,"max_hp_loss":44.0,"gold_gain":0.0,"event_name":"Ghosts","player_choice":"Became a Ghost","floor":30.0,"gold_loss":0.0,"damage_taken":0.0,"cards_obtained":["Ghostly","Ghostly","Ghostly","Ghostly","Ghostly"]},{"damage_healed":0.0,"max_hp_gain":0.0,"max_hp_loss":0.0,"gold_gain":99.0,"event_name":"Nest","player_choice":"Stole From Cult","floor":32.0,"gold_loss":0.0,"damage_taken":0.0},{"damage_healed":0.0,"max_hp_gain":0.0,"max_hp_loss":0.0,"gold_gain":0.0,"event_name":"Mysterious Sphere","player_choice":"Fight","floor":36.0,"gold_loss":0.0,"damage_taken":0.0},{"damage_healed":0.0,"max_hp_gain":0.0,"max_hp_loss":0.0,"gold_gain":0.0,"event_name":"Wheel of Change","player_choice":"Cursed","floor":37.0,"gold_loss":0.0,"damage_taken":0.0,"cards_obtained":["Decay"]},{"damage_healed":0,"gold_gain":0,"player_choice":"Max HP","damage_taken":0,"max_hp_gain":0,"max_hp_loss":3,"event_name":"Winding Halls","floor":44,"gold_loss":0},{"cards_removed":["SuperNova"],"damage_healed":0,"gold_gain":0,"player_choice":"Removed Power","damage_taken":0,"max_hp_gain":0,"max_hp_loss":0,"event_name":"Falling","floor":48,"gold_loss":0}],"is_beta":false,"boss_relics":[{"not_picked":["Abe\u0027s Treasure","ChewingGum"],"picked":"SlaversCollar"},{"not_picked":["Cauldron","Snecko Eye"],"picked":"Replay:Ancient Bell"},{"not_picked":["MealTicket","Orichalcum"],"picked":"ReplayTheSpireMod:Lightbulb"},{"not_picked":["Eternal Feather","ReplayTheSpireMod:Ninjato"],"picked":"Replay:Ringing Soul"},{"not_picked":["Pocketwatch","Ginger"],"picked":"Old Coin"}],"items_purged_floors":[8,38],"is_endless":false,"potions_floor_spawned":[1,7,11,16,19,33,39,40,46],"ascension_level":3}}