{"host":"0nfdmr2b19ur4mbc","time":1609195813,"event":{"mods":["2.2 Compatiblity","AchievementEnabler","BaseMod","Better Match","Better Note","Better Third Choice","Better Vampires","Disable Question Mark Monsters","Hubris","Infinite Spire","Minty Spire (QoL Compilation)","Quick Restart","Rare Cards Sparkle","Replay The Spire","StSLib"],"gold_per_floor":[110,110,110,122,122,148,148,174,174,174,174,174,208,16,105,207,207,218,218,218,218,235,235,269,288,288,288,314,314,334,362,362,459,459,473,473,291,301,315,315,315,345,345,345,392,392,392,407,407,407],"floor_reached":51,"playtime":2488,"items_purged":["Strike_G"],"score":705,"play_id":"135c1559-7af1-4a1a-ad55-0d9305fe0cb4","local_time":"20201228235013","is_ascension_mode":true,"campfire_choices":[{"data":"Unload","floor":7.0,"key":"SMITH"},{"data":"Venomology","floor":10.0,"key":"SMITH"},{"data":"infinitespire:Punishment","floor":23.0,"key":"SMITH"},{"data":"ReplayTheSpireMod:From All Sides","floor":27.0,"key":"SMITH"},{"data":"Poison Darts","floor":29.0,"key":"SMITH"},{"data":"Bouncing Flask","floor":32.0,"key":"SMITH"},{"data":"Burst","floor":40.0,"key":"SMITH"},{"data":"infinitespire:Punishment","floor":47.0,"key":"SMITH"},{"floor":49.0,"key":"REST"}],"circlet_count":0,"master_deck":["Strike_G","Strike_G","Strike_G","Strike_G","Defend_G","Defend_G+1","Defend_G+1","Defend_G","Survivor","Neutralize","Dagger Spray","Bouncing Flask+1","Unload+1","Venomology+1","hubris:Counter","ReplayTheSpireMod:From All Sides+1","Bane","infinitespire:Punishment+1","PiercingWail","Caltrops","Poison Darts+1","Escape Plan","Prepared+1","Burst+1","Flechettes+1","Corpse Explosion","Well Laid Plans+1","Dagger Throw","Blur","infinitespire:Punishment+1","ReplayTheSpireMod:Exploit Weakness+1","ReplayTheSpireMod:Splinters","Noxious Fumes"],"relics":["Ring of the Snake","NeowsBlessing","War Paint","Strawberry","Basket Of Snakes","Orichalcum","Bronze Scales","Nunchaku","Membership Card","Cursed Key","Omamori","TungstenRod","Question Card","hubris:CuriousFeather","StrikeDummy","ReplayTheSpireMod:Lightbulb","Philosopher\u0027s Stone","Chemical X","Lantern","ReplayFunnel","infinitespire:Lucky Rock","Happy Flower","hubris:Icosahedron"],"acts_visited":["Exordium","TheCity","TheBeyond"],"potions_floor_usage":[50,50,50],"damage_taken":[{"damage":0.0,"enemies":"Small Slimes","floor":1.0,"turns":1.0},{"damage":0.0,"enemies":"Jaw Worm","floor":4.0,"turns":1.0},{"damage":0.0,"enemies":"3 Sentries","floor":6.0,"turns":1.0},{"damage":20.0,"enemies":"Gremlin Nob","floor":8.0,"turns":4.0},{"damage":29.0,"enemies":"Lagavulin","floor":13.0,"turns":5.0},{"damage":6.0,"enemies":"Hexaghost","floor":16.0,"turns":9.0},{"damage":4.0,"enemies":"Shell Parasite","floor":18.0,"turns":4.0},{"damage":4.0,"enemies":"2 Thieves","floor":22.0,"turns":3.0},{"damage":6.0,"enemies":"Book of Stabbing","floor":24.0,"turns":4.0},{"damage":0.0,"enemies":"Centurion and Healer","floor":25.0,"turns":6.0},{"damage":8.0,"enemies":"Gremlin Leader","floor":28.0,"turns":4.0},{"damage":11.0,"enemies":"Cultist and Chosen","floor":30.0,"turns":4.0},{"damage":4.0,"enemies":"Book of Stabbing","floor":31.0,"turns":3.0},{"damage":28.0,"enemies":"Collector","floor":33.0,"turns":7.0},{"damage":0.0,"enemies":"Orb Walker","floor":35.0,"turns":2.0},{"damage":12.0,"enemies":"3 Darklings","floor":38.0,"turns":3.0},{"damage":5.0,"enemies":"Transient","floor":39.0,"turns":5.0},{"damage":7.0,"enemies":"Nemesis","floor":42.0,"turns":3.0},{"damage":8.0,"enemies":"Writhing Mass","floor":48.0,"turns":3.0},{"damage":43,"enemies":"Replay:Hell Engine","floor":50,"turns":4}],"seed_played":"6740566256764211350","potions_obtained":[{"floor":4.0,"key":"Milkshake"},{"floor":8.0,"key":"Elixir"},{"floor":13.0,"key":"Languid Potion"},{"floor":16.0,"key":"BlessingOfTheForge"},{"floor":25.0,"key":"Venom Potion"},{"floor":33.0,"key":"SpeedPotion"},{"floor":39.0,"key":"AttackPotion"}],"is_trial":false,"path_per_floor":["M","?","$","M","?","E","R","E","T","R","$","?","E","$","R","B",null,"M","AVR","?","?","M","R","E","M","T","R","E","R","M","E","R","B",null,"M","?","$","M","M","R","?","E","T","AVR","T","?","R","M","R","B",null],"character_chosen":"THE_SILENT","items_purchased":["Membership Card","Chemical X","Corpse Explosion","Well Laid Plans+1"],"campfire_rested":1,"item_purchase_floors":[14,37,37,37],"current_hp_per_floor":[70,63,63,63,70,70,70,50,50,50,50,50,21,21,21,15,77,73,73,73,73,69,69,63,63,63,63,55,55,44,40,40,12,77,77,77,77,65,60,60,42,35,35,35,35,35,35,27,50,7],"gold":407,"neow_bonus":"THREE_ENEMY_KILL","is_daily":false,"chose_seed":false,"campfire_upgraded":8,"win_rate":0.0,"timestamp":1609195813,"path_taken":["M","?","$","M","?","E","R","E","T","R","?","?","E","$","R","BOSS","M","AVR","?","?","M","R","E","M","T","R","E","R","M","E","R","BOSS","M","?","$","M","?","R","?","E","T","AVR","?","?","R","M","R","BOSS"],"items_purchased_type":["Relic","Relic","Card","Card"],"build_version":"2020-12-22","purchased_purges":1,"victory":true,"max_hp_per_floor":[70,70,70,70,77,77,77,77,77,77,77,77,77,77,77,77,77,77,77,77,77,77,77,77,77,77,77,77,77,77,77,77,77,77,77,77,77,77,77,77,77,77,77,77,77,77,77,77,77,77],"card_choices":[{"not_picked":["Deadly Poison","Acrobatics"],"picked":"Dagger Spray","floor":1.0},{"not_picked":["ReplayTheSpireMod:Scrap Shanks","Endless Agony"],"picked":"Bouncing Flask","floor":4.0},{"not_picked":["Deadly Poison","Blur"],"picked":"Unload","floor":6.0},{"not_picked":["Escape Plan","Reflex"],"picked":"Venomology","floor":8.0},{"not_picked":["Backflip","Quick Slash"],"picked":"hubris:Counter","floor":13.0},{"not_picked":["Tools of the Trade","Unload"],"picked":"ReplayTheSpireMod:From All Sides","floor":16.0},{"not_picked":["Flying Knee","Bouncing Flask"],"picked":"Bane","floor":18.0},{"not_picked":["Hidden Blade","Distraction","Dodge and Roll"],"picked":"SKIP","floor":22.0},{"not_picked":["ReplayTheSpireMod:The Works","Cloak And Dagger"],"picked":"PiercingWail","floor":24.0},{"not_picked":["Dodge and Roll","Blade Dance","Sucker Punch"],"picked":"Caltrops","floor":25.0},{"not_picked":["Poisoned Stab","Cloak And Dagger+1","Burst"],"picked":"Poison Darts","floor":28.0},{"not_picked":["Bane","Dagger Throw","Slice"],"picked":"Escape Plan","floor":30.0},{"not_picked":["Infinite Blades","Dagger Throw","Replay:Bag of Tricks"],"picked":"Prepared+1","floor":31.0},{"not_picked":["Die Die Die","Poison Darts","Adrenaline"],"picked":"Burst","floor":33.0},{"not_picked":["Well Laid Plans","Backflip","ReplayTheSpireMod:Speed Training+1"],"picked":"Flechettes+1","floor":35.0},{"not_picked":["Well Laid Plans+1","Blade Dance+1","ReplayTheSpireMod:Speed Training+1"],"picked":"Dagger Throw","floor":38.0},{"not_picked":["hubris:SlightOfHand","Outmaneuver+1","Bane+1"],"picked":"Blur","floor":39.0},{"not_picked":["infinitespire:FinalStrike","infinitespire:FutureSight"],"picked":"infinitespire:Punishment","floor":41.0},{"not_picked":["Dagger Spray","Blade Dance","Bouncing Flask"],"picked":"ReplayTheSpireMod:Exploit Weakness+1","floor":42.0},{"not_picked":["Prepared+1","Blur+1","Bane"],"picked":"Noxious Fumes","floor":48.0}],"player_experience":117729,"relics_obtained":[{"floor":5.0,"key":"Strawberry"},{"floor":6.0,"key":"Basket Of Snakes"},{"floor":8.0,"key":"Orichalcum"},{"floor":9.0,"key":"Bronze Scales"},{"floor":13.0,"key":"Nunchaku"},{"floor":24.0,"key":"Question Card"},{"floor":26.0,"key":"hubris:CuriousFeather"},{"floor":28.0,"key":"StrikeDummy"},{"floor":31.0,"key":"ReplayTheSpireMod:Lightbulb"},{"floor":42.0,"key":"Lantern"},{"floor":43.0,"key":"ReplayFunnel"},{"floor":45.0,"key":"Happy Flower"}],"event_choices":[{"damage_healed":0.0,"max_hp_gain":0.0,"max_hp_loss":0.0,"gold_gain":0.0,"event_name":"betterThird:BetterScrap","player_choice":"Relic ","floor":2.0,"gold_loss":0.0,"damage_taken":7.0,"cards_obtained":["Sanctity"]},{"damage_healed":0.0,"max_hp_gain":0.0,"max_hp_loss":0.0,"gold_gain":0.0,"event_name":"The Cleric","player_choice":"Leave","floor":12.0,"gold_loss":0.0,"damage_taken":0.0},{"cards_removed":["Defend_G"],"damage_healed":0.0,"max_hp_gain":0.0,"max_hp_loss":0.0,"gold_gain":0.0,"event_name":"Purifier","player_choice":"Purged","floor":36.0,"gold_loss":0.0,"damage_taken":0.0}],"is_beta":false,"boss_relics":[{"not_picked":["Honey Jar","Calling Bell"],"picked":"Cursed Key"},{"not_picked":["hubris:GrandSneckoEye","Kintsugi"],"picked":"Philosopher\u0027s Stone"}],"items_purged_floors":[14],"is_endless":false,"potions_floor_spawned":[4,8,13,16,25,30,33,39],"ascension_level":2}}