{"host":"hig4mmxcip4vq5ai","time":1609163484,"event":{"mods":["Aspiration","BaseMod","Challenge The Spire","Colored Powertips","Conspire","Energized Spire","Friendly Minions","GungeonMod","Halation","Hubris","Minty Spire (QoL Compilation)","Replay The Spire","Shop Mod","Small Relic Pack","StSLib","slay the spire mod where everything is the same but ironclad has a cowboy hat","vexMod"],"gold_per_floor":[385,30,60,86,115,115,68,68,93,124,153,153,0,0,32,62,92,126],"floor_reached":19,"playtime":1256,"items_purged":[],"score":555,"play_id":"b733b755-97e9-41f4-9c47-20686c7ce6e5","local_time":"20201228165124","daily_mods":["challengethespire:Silver Difficulty","challengethespire:Elite Rush","Uncertain Future"],"is_ascension_mode":true,"campfire_choices":[{"data":"Heavy Blade","floor":8,"key":"SMITH"},{"data":"Leg Sweep","floor":14,"key":"SMITH"}],"circlet_count":0,"master_deck":["AscendersBane","Strike_G","Strike_G","Strike_G","Strike_G","Strike_G","Defend_G","Defend_G","Defend_G","Defend_G","Defend_G","Survivor","Neutralize","Catalyst","Noxious Fumes","Bane","Leg Sweep+1","Bouncing Flask","Crippling Poison","Heavy Blade+1","Terror","Metallicize","Leg Sweep+1","Ghostly Armor","Shrug It Off","Shrug It Off","ReplayTheSpireMod:Limb From Limb"],"relics":["Ring of the Snake","Black Star","Sling","PreservedInsect","halation:TwoAmDonut","Mirror","Chameleon Ring","aspiration:HummingbirdHeart","Byrd Skull","MealTicket","ReplayFunnel","ReplayTheSpireMod:Lightbulb","halation:PrussianBluePaint","aspiration:IroncladSkillbook","Bag of Preparation","vexMod:ScavengeHelm","Potion Belt","Lantern","Ornamental Fan","Strawberry","energizedSpire:CursedPentagram","Cauldron","Bottled Lightning","Gremlin Horn","vexMod:BerryBomb","hubris:ToyBattleship","hubris:CrystalStatue","Toy Ornithopter","DemoMod:GlassGuonStoneRelic","conspire:TopHat","vexMod:MemoryStick"],"acts_visited":["Exordium"],"potions_floor_usage":[10,15,15,15,18,18,18,18],"damage_taken":[{"damage":12,"enemies":"Lagavulin","floor":3,"turns":5},{"damage":0,"enemies":"Gremlin Nob","floor":4,"turns":4},{"damage":7,"enemies":"3 Sentries","floor":5,"turns":7},{"damage":20,"enemies":"Gremlin Leader","floor":9,"turns":7},{"damage":13,"enemies":"Slavers","floor":10,"turns":6},{"damage":16,"enemies":"Book of Stabbing","floor":11,"turns":4},{"damage":9,"enemies":"Reptomancer","floor":15,"turns":7},{"damage":0,"enemies":"Nemesis","floor":16,"turns":7},{"damage":23,"enemies":"Giant Head","floor":17,"turns":6},{"damage":13,"enemies":"Shield and Spear","floor":18,"turns":8}],"seed_played":"4751489898098915864","potions_obtained":[{"floor":13,"key":"CultistPotion"},{"floor":13,"key":"SneckoOil"},{"floor":13,"key":"Weak Potion"},{"floor":13,"key":"EssenceOfSteel"},{"floor":13,"key":"ColorlessPotion"},{"floor":15,"key":"Energy Potion"},{"floor":16,"key":"Strength Potion"},{"floor":17,"key":"Dexterity Potion"}],"is_trial":true,"path_per_floor":["$","$","E","E","E","T","$","R","E","E","E","T","$","R","E","E","E","E",null],"character_chosen":"THE_SILENT","items_purchased":["halation:TwoAmDonut","Catalyst","Noxious Fumes","Mirror","Bane","Chameleon Ring","AttackPotion","Heavy Blade","Cauldron"],"campfire_rested":0,"item_purchase_floors":[1,1,1,1,2,2,2,7,13],"current_hp_per_floor":[63,63,51,51,44,44,59,59,43,34,29,29,44,44,39,49,30,41],"gold":126,"neow_bonus":"","is_daily":false,"chose_seed":false,"campfire_upgraded":2,"win_rate":0.0,"timestamp":1609163484,"path_taken":["$","$","E","E","E","T","$","R","E","E","E","T","$","R","E","E","E","E"],"items_purchased_type":["Relic","Card","Card","Relic","Card","Relic","Potion","Card","Relic"],"build_version":"2020-12-22","purchased_purges":0,"victory":true,"max_hp_per_floor":[70,70,70,70,70,70,70,70,70,70,77,77,77,77,77,83,83,83],"card_choices":[],"player_experience":407006,"relics_obtained":[{"floor":3,"key":"aspiration:HummingbirdHeart"},{"floor":3,"key":"Byrd Skull"},{"floor":4,"key":"MealTicket"},{"floor":4,"key":"ReplayFunnel"},{"floor":5,"key":"ReplayTheSpireMod:Lightbulb"},{"floor":5,"key":"halation:PrussianBluePaint"},{"floor":9,"key":"Bag of Preparation"},{"floor":9,"key":"vexMod:ScavengeHelm"},{"floor":10,"key":"Potion Belt"},{"floor":10,"key":"Lantern"},{"floor":11,"key":"Ornamental Fan"},{"floor":11,"key":"Strawberry"},{"floor":15,"key":"Bottled Lightning"},{"floor":15,"key":"Gremlin Horn"},{"floor":16,"key":"vexMod:BerryBomb"},{"floor":16,"key":"hubris:ToyBattleship"},{"floor":17,"key":"hubris:CrystalStatue"},{"floor":17,"key":"Toy Ornithopter"},{"floor":18,"key":"conspire:TopHat"},{"floor":18,"key":"vexMod:MemoryStick"}],"event_choices":[],"is_beta":false,"boss_relics":[{"not_picked":["halation:PlatinumPhoenix","energizedSpire:OgreHead"],"picked":"aspiration:IroncladSkillbook"},{"not_picked":["Snecko Scales","Astrolabe"],"picked":"energizedSpire:CursedPentagram"}],"items_purged_floors":[],"is_endless":false,"potions_floor_spawned":[15,16,17],"ascension_level":10}}