{"host":"khm4we1ijduz33xh","time":1609163047,"event":{"mods":["AchievementEnabler","BaseMod","Colored Map","Minty Spire (QoL Compilation)","Rare Cards Sparkle","StSLib"],"gold_per_floor":[114,127,137,237,251,61,78,78,78,97,97,110,128,143,143,143,143],"floor_reached":16,"playtime":841,"items_purged":["Strike_P"],"score":98,"play_id":"3c6fdf36-e12b-41d0-b082-346ef08aec58","local_time":"20201228224407","is_ascension_mode":false,"campfire_choices":[{"data":"Adaptation","floor":8,"key":"SMITH"},{"data":"Eruption","floor":11,"key":"SMITH"},{"floor":15,"key":"REST"}],"circlet_count":0,"master_deck":["Strike_P","Strike_P","Strike_P","Defend_P","Defend_P","Defend_P","Defend_P","Eruption+1","Vigilance","Adaptation+1","FearNoEvil","FlurryOfBlows"],"relics":["PureWater","NeowsBlessing"],"acts_visited":["Exordium"],"potions_floor_usage":[7,14,16,16],"damage_taken":[{"damage":0,"enemies":"2 Louse","floor":1,"turns":1},{"damage":0,"enemies":"Cultist","floor":2,"turns":1},{"damage":0,"enemies":"Jaw Worm","floor":3,"turns":1},{"damage":34,"enemies":"Large Slime","floor":5,"turns":11},{"damage":16,"enemies":"Exordium Wildlife","floor":7,"turns":5},{"damage":4,"enemies":"Gremlin Gang","floor":10,"turns":5},{"damage":3,"enemies":"3 Louse","floor":12,"turns":4},{"damage":14,"enemies":"Large Slime","floor":13,"turns":6},{"damage":0,"enemies":"Looter","floor":14,"turns":1},{"damage":24,"enemies":"Hexaghost","floor":16,"turns":8}],"seed_played":"91618090200503405","potions_obtained":[{"floor":1,"key":"ColorlessPotion"},{"floor":5,"key":"StancePotion"},{"floor":7,"key":"FearPotion"},{"floor":12,"key":"PowerPotion"},{"floor":13,"key":"Fire Potion"}],"is_trial":false,"path_per_floor":["M","M","M","?","M","$","M","R","T","M","R","M","M","M","R","B"],"character_chosen":"WATCHER","items_purchased":["Adaptation","FearNoEvil"],"campfire_rested":1,"item_purchase_floors":[6,6],"current_hp_per_floor":[72,72,72,72,38,38,22,22,22,18,18,15,1,1,22,0,0],"gold":143,"neow_bonus":"THREE_ENEMY_KILL","is_daily":false,"chose_seed":false,"campfire_upgraded":2,"win_rate":0.0,"timestamp":1609163047,"path_taken":["M","M","M","?","M","$","M","R","T","M","R","M","?","M","R","BOSS"],"items_purchased_type":["Card","Card"],"build_version":"2020-12-22","purchased_purges":1,"victory":false,"max_hp_per_floor":[72,72,72,72,72,72,72,72,72,72,72,72,72,72,72,72,72],"card_choices":[{"not_picked":["BattleHymn","FlyingSleeves","EmptyFist"],"picked":"SKIP","floor":1},{"not_picked":["EmptyFist","Protect","ThirdEye"],"picked":"SKIP","floor":2},{"not_picked":["EmptyBody","SashWhip","ForeignInfluence"],"picked":"SKIP","floor":3},{"not_picked":["ThirdEye","Crescendo","Meditate"],"picked":"SKIP","floor":5},{"not_picked":["Halt","Worship","EmptyBody"],"picked":"SKIP","floor":7},{"not_picked":["WaveOfTheHand","EmptyBody","TalkToTheHand"],"picked":"SKIP","floor":10},{"not_picked":["Swivel","Indignation","ThirdEye"],"picked":"SKIP","floor":12},{"not_picked":["Study","CutThroughFate","Weave"],"picked":"SKIP","floor":13},{"not_picked":["ThirdEye","Meditate"],"picked":"FlurryOfBlows","floor":14}],"player_experience":141413,"relics_obtained":[],"event_choices":[{"damage_healed":0,"gold_gain":100,"player_choice":"Pray","damage_taken":0,"max_hp_gain":0,"max_hp_loss":0,"event_name":"Golden Shrine","floor":4,"gold_loss":0}],"is_beta":false,"boss_relics":[],"items_purged_floors":[6],"is_endless":false,"potions_floor_spawned":[1,5,7,12,13],"killed_by":"Hexaghost","ascension_level":0}}