{"host":"baymyijz6sxaqj5s","time":1609150001,"event":{"mods":["AchievementEnabler","BaseMod","Colored Map","Colored Powertips","DeckTracker","Highlight Path","KOR Keyword Fix","Keyboard Shortcuts","Minty Spire (QoL Compilation)","Quick Restart","StSLib","SuperFastMode"],"gold_per_floor":[109,127,146,96,96,96,116,116,142,156,167,178,131,210,210,210,210],"floor_reached":16,"playtime":341,"items_purged":[],"score":103,"play_id":"da3aa857-ea9b-47ca-9eaa-eadc118d06e2","local_time":"20201228190641","is_ascension_mode":true,"campfire_choices":[{"data":"Entrench","floor":6,"key":"SMITH"},{"data":"Body Slam","floor":8,"key":"SMITH"},{"floor":15,"key":"REST"}],"circlet_count":0,"master_deck":["Strike_R","Strike_R","Strike_R","Strike_R","Defend_R","Defend_R","Defend_R","Defend_R","Bash","Entrench+1","Ghostly Armor","Body Slam+1","Power Through+1","Body Slam","Heavy Blade"],"relics":["Burning Blood","Toxic Egg 2","Potion Belt","Bottled Flame"],"acts_visited":["Exordium"],"potions_floor_usage":[7,10,16],"damage_taken":[{"damage":13,"enemies":"Jaw Worm","floor":1,"turns":4},{"damage":7,"enemies":"Small Slimes","floor":2,"turns":4},{"damage":0,"enemies":"2 Louse","floor":3,"turns":5},{"damage":28,"enemies":"Exordium Wildlife","floor":7,"turns":7},{"damage":12,"enemies":"Lots of Slimes","floor":10,"turns":5},{"damage":1,"enemies":"Looter","floor":11,"turns":3},{"damage":12,"enemies":"3 Louse","floor":12,"turns":5},{"damage":83,"enemies":"Slime Boss","floor":16,"turns":10}],"seed_played":"8730063615238111171","potions_obtained":[{"floor":1,"key":"FearPotion"},{"floor":2,"key":"Swift Potion"},{"floor":7,"key":"LiquidMemories"}],"is_trial":false,"path_per_floor":["M","M","M","?","T","R","M","R","T","M","M","M","$","T","R","B"],"character_chosen":"IRONCLAD","items_purchased":["Heavy Blade"],"campfire_rested":1,"item_purchase_floors":[13],"current_hp_per_floor":[81,80,86,86,86,86,64,64,64,58,63,57,57,57,83,0,0],"gold":210,"neow_bonus":"TEN_PERCENT_HP_BONUS","is_daily":false,"chose_seed":false,"campfire_upgraded":2,"win_rate":0.0,"timestamp":1609150001,"path_taken":["M","M","M","?","?","R","M","R","T","M","M","M","$","?","R","BOSS"],"items_purchased_type":["Card"],"build_version":"2020-12-22","purchased_purges":0,"victory":false,"max_hp_per_floor":[88,88,88,88,88,88,88,88,88,88,88,88,88,88,88,88,88],"card_choices":[{"not_picked":["Iron Wave","True Grit"],"picked":"Entrench","floor":1},{"not_picked":["Dual Wield","Sword Boomerang"],"picked":"Ghostly Armor","floor":2},{"not_picked":["Second Wind","True Grit","Fire Breathing"],"picked":"SKIP","floor":3},{"not_picked":["Headbutt","True Grit+1"],"picked":"Body Slam","floor":7},{"not_picked":["Searing Blow","Disarm+1","Sever Soul"],"picked":"SKIP","floor":10},{"not_picked":["Reckless Charge","Pommel Strike"],"picked":"Power Through+1","floor":11},{"not_picked":["Wild Strike","Berserk"],"picked":"Body Slam","floor":12}],"player_experience":273118,"relics_obtained":[{"floor":5,"key":"Toxic Egg 2"},{"floor":9,"key":"Potion Belt"},{"floor":14,"key":"Bottled Flame"}],"event_choices":[{"cards_removed":["Strike_R"],"damage_healed":0,"gold_gain":0,"player_choice":"Card Removal","damage_taken":0,"max_hp_gain":0,"max_hp_loss":0,"event_name":"The Cleric","floor":4,"gold_loss":50}],"is_beta":false,"boss_relics":[],"items_purged_floors":[],"is_endless":false,"potions_floor_spawned":[1,2,7],"killed_by":"Slime Boss","ascension_level":2}}