{"host":"zdmzy2d4yvl8k6jn","time":1609131818,"event":{"mods":["AchievementEnabler","BaseMod","BetterRewards","Key Reminder","Marisa????????","Minty Spire (QoL Compilation)","Quick Restart","Shop Mod","StSLib","The Runesmith","Unceasing Turn Reminder","[IsaacMod]????"],"gold_per_floor":[115,129,179,190,190,232,247,263,331,109,178,102,116,129,129,230,230,243,243,243,257,257,257,257,257,257,271,299,310,325,337,337,440,440,454,505,516,516,529,529,595,621,693,743,743,743,743,774,774,774],"floor_reached":51,"playtime":2814,"items_purged":["Defend_G","Defend_G","Strike_G","Strike_G"],"score":952,"play_id":"8ab01e56-123a-4949-967c-b20bb31bdc7c","local_time":"20201228000338","is_ascension_mode":false,"campfire_choices":[{"floor":15,"key":"REST"},{"data":"Blade Dance","floor":23,"key":"SMITH"},{"data":"Blade Dance","floor":32,"key":"SMITH"},{"floor":46,"key":"REST"},{"data":"Accuracy","floor":49,"key":"SMITH"}],"circlet_count":0,"master_deck":["Strike_G","Strike_G","Strike_G","Defend_G","Survivor","Neutralize","BettingIsNotGood","Blade Dance","Blade Dance","Blade Dance+1","Dagger Spray","Backstab+1","Blade Dance+1","Accuracy","Accuracy","Dagger Spray+1","Accuracy+1","Blade Dance+1"],"relics":["Ring of the Snake","HushsDoor","DeadEye","NeowsBlessing","Blue Candle","Dream Catcher","AnarchistCookbook","PillsDrop","Membership Card","SteamSale","Juzu Bracelet","Happy Flower","MagicMushroom","Orichalcum","MealTicket","Habit","MutagenicStrength","MaYiHuaBei","InkBottle","Philosopher\u0027s Stone","GuppysTail","Thread and Needle","Meat on the Bone","TwistedFunnel","CatCart","Prayer Wheel","Sundial","Gambling Chip","Mercury Hourglass"],"acts_visited":["Exordium","TheCity","TheBeyond"],"potions_floor_usage":[1,6,16,16,33,42,50],"damage_taken":[{"damage":0,"enemies":"Small Slimes","floor":1,"turns":1},{"damage":3,"enemies":"Cultist","floor":2,"turns":1},{"damage":0,"enemies":"Hiden Room Battle","floor":3,"turns":1},{"damage":0,"enemies":"Jaw Worm","floor":4,"turns":1},{"damage":13,"enemies":"3 Sentries","floor":6,"turns":4},{"damage":8,"enemies":"Lots of Slimes","floor":7,"turns":3},{"damage":0,"enemies":"Exordium Wildlife","floor":8,"turns":1},{"damage":3,"enemies":"Gremlin Gang","floor":13,"turns":3},{"damage":0,"enemies":"Looter","floor":14,"turns":1},{"damage":20,"enemies":"Hexaghost","floor":16,"turns":4},{"damage":0,"enemies":"Spheric Guardian","floor":18,"turns":1},{"damage":0,"enemies":"3 Byrds","floor":21,"turns":2},{"damage":0,"enemies":"Sentry and Sphere","floor":27,"turns":1},{"damage":12,"enemies":"Slavers","floor":28,"turns":3},{"damage":0,"enemies":"Snake Plant","floor":29,"turns":1},{"damage":0,"enemies":"3 Cultists","floor":30,"turns":2},{"damage":0,"enemies":"Centurion and Healer","floor":31,"turns":2},{"damage":0,"enemies":"Champ","floor":33,"turns":4},{"damage":0,"enemies":"3 Darklings","floor":35,"turns":1},{"damage":25,"enemies":"2 Orb Walkers","floor":36,"turns":2},{"damage":11,"enemies":"3 Shapes","floor":37,"turns":1},{"damage":0,"enemies":"Transient","floor":39,"turns":5},{"damage":0,"enemies":"Orin","floor":41,"turns":7},{"damage":0,"enemies":"Nemesis","floor":42,"turns":2},{"damage":0,"enemies":"Mind Bloom Boss Battle","floor":44,"turns":1},{"damage":0,"enemies":"Giant Head","floor":48,"turns":3},{"damage":10,"enemies":"Donu and Deca","floor":50,"turns":4}],"seed_played":"7055618703163830062","potions_obtained":[{"floor":1,"key":"Fruit Juice"},{"floor":2,"key":"ColorlessPotion"},{"floor":7,"key":"SteroidPotion"},{"floor":13,"key":"LiquidBronze"},{"floor":16,"key":"SneckoOil"},{"floor":18,"key":"Dexterity Potion"},{"floor":36,"key":"Ancient Potion"},{"floor":42,"key":"EssenceOfSteel"}],"is_trial":false,"path_per_floor":["M","M","?","M","?","E","M","M","T","$","?","$","M","M","R","B",null,"M","?","?","M","?","R","$","?","T","M","E","M","M","M","R","B",null,"M","?","M","$","M","?","?","E","T","?","?","R","?","E","R","B",null],"character_chosen":"THE_SILENT","items_purchased":["Membership Card","Backstab","SteamSale","Juzu Bracelet","Happy Flower","FairyPotion","Orichalcum","MealTicket","Habit","CunningPotion","GuppysTail","Meat on the Bone","TwistedFunnel"],"campfire_rested":2,"item_purchase_floors":[10,10,12,12,12,12,24,24,24,24,34,38,38],"current_hp_per_floor":[75,72,57,57,57,44,41,41,41,41,26,26,23,23,44,24,77,77,77,77,77,77,77,77,77,77,77,65,65,66,67,67,68,67,67,42,31,46,47,47,48,49,49,49,49,64,64,64,64,54],"gold":774,"neow_bonus":"THREE_ENEMY_KILL","is_daily":false,"chose_seed":false,"campfire_upgraded":3,"win_rate":0.0,"timestamp":1609131818,"path_taken":["M","M","?","?","?","E","M","?","T","$","?","?","M","M","R","BOSS","M","?","?","M","?","R","$","?","T","M","E","M","M","M","R","BOSS","M","?","M","$","M","?","?","E","T","?","?","R","?","E","R","BOSS"],"items_purchased_type":["Relic","Card","Relic","Relic","Relic","Potion","Relic","Relic","Relic","Potion","Relic","Relic","Relic"],"build_version":"2020-12-22","purchased_purges":4,"victory":true,"max_hp_per_floor":[75,75,75,75,75,75,75,75,75,75,75,75,75,70,70,70,77,77,77,77,77,77,77,77,77,77,77,77,77,77,77,77,77,67,67,67,67,67,67,67,67,67,67,67,64,64,64,64,64,64],"card_choices":[{"not_picked":[],"picked":"BettingIsNotGood","floor":0},{"not_picked":["Flying Knee","Outmaneuver"],"picked":"Blade Dance","floor":1},{"not_picked":["Quick Slash","Underhanded Strike"],"picked":"Blade Dance","floor":2},{"not_picked":["Bomb","Outmaneuver"],"picked":"Blade Dance","floor":3},{"not_picked":["A Thousand Cuts","Bomb","Finisher"],"picked":"SKIP","floor":4},{"not_picked":["Sucker Punch","Flechettes","Bane"],"picked":"SKIP","floor":6},{"not_picked":["Bomb","Outmaneuver"],"picked":"Dagger Spray","floor":7},{"not_picked":["Acrobatics","Cloak And Dagger","Concentrate"],"picked":"SKIP","floor":8},{"not_picked":["Distraction","Dagger Throw","Underhanded Strike"],"picked":"SKIP","floor":13},{"not_picked":["Acrobatics","Malaise"],"picked":"Blade Dance","floor":14},{"not_picked":["Skewer+1","Flying Knee","Dodge and Roll"],"picked":"SKIP","floor":18},{"not_picked":["Backflip+1","Catalyst"],"picked":"Accuracy","floor":21},{"not_picked":["Bouncing Flask","Cloak And Dagger","Bane"],"picked":"SKIP","floor":27},{"not_picked":["Choke","Well Laid Plans","Masterful Stab"],"picked":"SKIP","floor":28},{"not_picked":["Underhanded Strike","Terror","Tools of the Trade"],"picked":"SKIP","floor":29},{"not_picked":["Noxious Fumes","Blur","Choke+1"],"picked":"SKIP","floor":30},{"not_picked":["Acrobatics","Leg Sweep"],"picked":"Accuracy","floor":31},{"not_picked":["Underhanded Strike+1","Sucker Punch+1"],"picked":"Dagger Spray+1","floor":35},{"not_picked":["Cloak And Dagger+1","Underhanded Strike","PiercingWail"],"picked":"SKIP","floor":37},{"not_picked":["Underhanded Strike+1","Backflip"],"picked":"Accuracy","floor":39},{"not_picked":["Deadly Poison+1","Escape Plan","Footwork"],"picked":"SKIP","floor":42},{"not_picked":["Corpse Explosion","Dagger Throw"],"picked":"Blade Dance+1","floor":48}],"player_experience":309746,"relics_obtained":[{"floor":3,"key":"Blue Candle"},{"floor":3,"key":"Dream Catcher"},{"floor":6,"key":"AnarchistCookbook"},{"floor":9,"key":"PillsDrop"},{"floor":26,"key":"MaYiHuaBei"},{"floor":28,"key":"InkBottle"},{"floor":36,"key":"Thread and Needle"},{"floor":41,"key":"CatCart"},{"floor":42,"key":"Prayer Wheel"},{"floor":43,"key":"Sundial"},{"floor":44,"key":"Gambling Chip"},{"floor":48,"key":"Mercury Hourglass"}],"event_choices":[{"damage_healed":0,"gold_gain":0,"player_choice":"Fight","damage_taken":0,"max_hp_gain":0,"max_hp_loss":0,"event_name":"HidenRoomEvent","floor":3,"gold_loss":0},{"cards_removed":["Defend_G"],"damage_healed":0,"gold_gain":0,"player_choice":"Forget","damage_taken":0,"max_hp_gain":0,"max_hp_loss":0,"event_name":"Living Wall","floor":5,"gold_loss":0},{"cards_removed":["Defend_G"],"damage_healed":0,"gold_gain":0,"player_choice":"Elegance","damage_taken":0,"max_hp_gain":0,"max_hp_loss":0,"event_name":"Back to Basics","floor":19,"gold_loss":0},{"damage_healed":0,"gold_gain":0,"player_choice":"Ignored","damage_taken":0,"max_hp_gain":0,"max_hp_loss":0,"event_name":"NoteForYourself","floor":20,"gold_loss":0},{"damage_healed":0,"gold_gain":0,"player_choice":"Upgraded","damage_taken":0,"max_hp_gain":0,"max_hp_loss":0,"event_name":"Upgrade Shrine","floor":22,"gold_loss":0,"cards_upgraded":["Backstab"]},{"damage_healed":0,"gold_gain":0,"player_choice":"Inject Mutagens","damage_taken":0,"relics_obtained":["MutagenicStrength"],"max_hp_gain":0,"max_hp_loss":0,"event_name":"Drug Dealer","floor":25,"gold_loss":0},{"damage_healed":0,"gold_gain":0,"player_choice":"Fight","damage_taken":0,"max_hp_gain":0,"max_hp_loss":0,"event_name":"Mysterious Sphere","floor":36,"gold_loss":0},{"damage_healed":0,"gold_gain":0,"player_choice":"Ignored","damage_taken":0,"max_hp_gain":0,"max_hp_loss":0,"event_name":"Tomb of Lord Red Mask","floor":40,"gold_loss":0},{"damage_healed":0,"gold_gain":0,"player_choice":"Fight","damage_taken":0,"max_hp_gain":0,"max_hp_loss":0,"event_name":"OrinTheCat","floor":41,"gold_loss":0},{"damage_healed":0,"gold_gain":0,"player_choice":"Fight","damage_taken":0,"max_hp_gain":0,"max_hp_loss":0,"event_name":"MindBloom","floor":44,"gold_loss":0},{"damage_healed":0,"gold_gain":0,"player_choice":"Max HP","damage_taken":0,"max_hp_gain":0,"max_hp_loss":3,"event_name":"Winding Halls","floor":45,"gold_loss":0},{"damage_healed":0,"gold_gain":0,"player_choice":"Memory 1","damage_taken":0,"max_hp_gain":0,"max_hp_loss":0,"event_name":"SensoryStone","floor":47,"gold_loss":0}],"is_beta":false,"boss_relics":[{"not_picked":["Black Star","Astrolabe"],"picked":"MagicMushroom"},{"not_picked":[]},{"not_picked":["SacredBark","Runic Pyramid"],"picked":"Philosopher\u0027s Stone"},{"not_picked":[]}],"items_purged_floors":[10,12,24,38],"is_endless":false,"potions_floor_spawned":[1,2,7,13,16,18,29,30,31,36,41,42,48],"ascension_level":0}}