{"host":"bq4pt811tk9yrmjl","time":1609115702,"event":{"mods":["AchievementEnabler","BaseMod","Colored Map","Colored Powertips","Defuse TimeMaze Blight","Hermit","Minty Spire (QoL Compilation)","StSLib","SuperFastMode"],"gold_per_floor":[111,111,76,151,170,170,16,16,16,43,43,62,81,91,91,91,91],"floor_reached":16,"playtime":257,"items_purged":[],"score":131,"play_id":"414b5b82-dc83-4ce7-af1a-0a2a0b031f11","local_time":"20201227223502","is_ascension_mode":true,"campfire_choices":[{"data":"hermit:ItchyTrigger","floor":6,"key":"SMITH"},{"data":"hermit:Vantage","floor":8,"key":"SMITH"},{"data":"hermit:GhostlyPresence","floor":11,"key":"SMITH"},{"data":"hermit:FlashPowder","floor":15,"key":"SMITH"}],"circlet_count":0,"master_deck":["hermit:Strike_Hermit+1","hermit:Strike_Hermit","hermit:Strike_Hermit","hermit:Strike_Hermit+1","hermit:Defend_Hermit","hermit:Defend_Hermit","hermit:Defend_Hermit","hermit:Defend_Hermit","hermit:Snapshot","hermit:Covet","hermit:ItchyTrigger+1","hermit:Vantage+1","hermit:GhostlyPresence+1","hermit:FlashPowder+1"],"relics":["hermit:Momento","NeowsBlessing","Lee\u0027s Waffle","Darkstone Periapt"],"acts_visited":["Exordium"],"potions_floor_usage":[],"damage_taken":[{"damage":0,"enemies":"Small Slimes","floor":1,"turns":1},{"damage":0,"enemies":"2 Louse","floor":5,"turns":1},{"damage":0,"enemies":"Lagavulin","floor":10,"turns":1},{"damage":0,"enemies":"Jaw Worm","floor":12,"turns":5},{"damage":5,"enemies":"Exordium Thugs","floor":13,"turns":4},{"damage":5,"enemies":"Lots of Slimes","floor":14,"turns":6},{"damage":61,"enemies":"Hexaghost","floor":16,"turns":15}],"seed_played":"-7981639098179132442","potions_obtained":[{"floor":1,"key":"SteroidPotion"}],"is_trial":false,"path_per_floor":["M","?","?","?","M","R","$","R","T","E","R","M","M","M","R","B"],"character_chosen":"HERMIT","items_purchased":["Lee\u0027s Waffle"],"campfire_rested":0,"item_purchase_floors":[7],"current_hp_per_floor":[75,60,75,64,64,64,82,82,82,82,82,82,77,72,72,11,11],"gold":91,"neow_bonus":"THREE_ENEMY_KILL","is_daily":false,"chose_seed":false,"campfire_upgraded":4,"win_rate":0.0,"timestamp":1609115702,"path_taken":["M","?","?","?","?","R","?","R","T","E","R","M","M","?","R","BOSS"],"items_purchased_type":["Relic"],"build_version":"2020-12-22","purchased_purges":0,"victory":false,"max_hp_per_floor":[75,75,75,75,75,75,82,82,82,82,82,82,82,82,82,82,82],"card_choices":[{"not_picked":["hermit:Midnight","hermit:Enervate"],"picked":"hermit:ItchyTrigger","floor":1},{"not_picked":["hermit:Roulette","hermit:Misfire"],"picked":"hermit:Vantage","floor":5},{"not_picked":["hermit:Scavenge","hermit:Combo"],"picked":"hermit:GhostlyPresence","floor":10},{"not_picked":["hermit:DeadMansHand","hermit:Showdown","hermit:TrackingShot"],"picked":"SKIP","floor":12},{"not_picked":["hermit:ItchyTrigger","hermit:TakeCover","hermit:HoleUp"],"picked":"SKIP","floor":13},{"not_picked":["hermit:Showdown","hermit:ShadowCloak"],"picked":"hermit:FlashPowder","floor":14}],"player_experience":133376,"relics_obtained":[{"floor":10,"key":"Darkstone Periapt"}],"event_choices":[{"damage_healed":0,"gold_gain":0,"player_choice":"Entered Light","damage_taken":15,"max_hp_gain":0,"max_hp_loss":0,"event_name":"Shining Light","floor":2,"gold_loss":0,"cards_upgraded":["hermit:Strike_Hermit","hermit:Strike_Hermit"]},{"damage_healed":18,"gold_gain":0,"player_choice":"Healed","damage_taken":0,"max_hp_gain":0,"max_hp_loss":0,"event_name":"The Cleric","floor":3,"gold_loss":35},{"damage_healed":0,"gold_gain":75,"player_choice":"Gather Gold","damage_taken":11,"max_hp_gain":0,"max_hp_loss":0,"event_name":"World of Goop","floor":4,"gold_loss":0}],"is_beta":false,"boss_relics":[],"items_purged_floors":[],"is_endless":false,"potions_floor_spawned":[1],"killed_by":"Hexaghost","ascension_level":1}}