{"host":"svab9sudlrudptws","time":1609190603,"event":{"mods":["BaseMod","Colored Powertips","Minty Spire (QoL Compilation)","Robot Space Explorer","Shade Mod","StSLib","The Blackbeard","The Mystic","The Necromancer","The Poker Player","The Servant 0.9.4"],"gold_per_floor":[116,136,151,151,151,151,170,195,254,298,323,348,360,397,409,522,534,566,578,601,536,536,568,175,223,299,299,299,259,259,269,269,368,368,379,399,399,100,113,144,160,187,187,205,231,231,263,263,263,263,263,263,30,65,65],"floor_reached":56,"playtime":5102,"items_purged":[],"score":1648,"play_id":"b11220ed-9eb7-411e-bbb6-76889466ea26","local_time":"20201228232323","is_ascension_mode":true,"campfire_choices":[{"floor":6,"key":"REST"},{"data":"Shade:Carnophage","floor":15,"key":"SMITH"},{"data":"Shade:TouchOfTheGrave","floor":28,"key":"SMITH"},{"data":"Shade:OfferingToTheBeyond","floor":30,"key":"SMITH"},{"floor":32,"key":"REST"},{"floor":49,"key":"RECALL"},{"data":"Shade:AblativeArmor","floor":52,"key":"SMITH"}],"circlet_count":0,"master_deck":["Shade:Strike_Shade","Shade:Strike_Shade","Shade:Strike_Shade","Shade:Strike_Shade+1","Shade:Defend_Shade","Shade:Defend_Shade","Shade:Defend_Shade","Shade:AnimateDead+1","Shade:CarefulCut","Shade:ScuttlingHand+1","Shade:SpectralStrikes","Shade:ClawBack","Shade:Bonestorm","Shade:Carnophage+1","Shade:FuneraryJewels+1","Shade:Bonestorm","Shade:OfferingToTheBeyond+1","Shade:PotionOfRestlessness+1","Shade:TouchOfTheGrave+1","Shade:Tombstone","Shade:ExtraLimbs","Shade:Bite_Shade","Shade:StitchTogether","Shade:FuneraryJewels+1","Shade:DangerousRitual+1","Shade:AuraOfUnlife","Pain","Parasite","Shade:AblativeArmor+1","Shade:Premonition","Shade:OpenGraves+1"],"relics":["Shade:YorickPolishedSkull","Anchor","Meat on the Bone","MawBank","Lantern","Ice Cream","Bag of Preparation","CaptainsWheel","Juzu Bracelet","OrangePellets","Sundial","War Paint","Shuriken","Cursed Key","Potion Belt","Nunchaku","Pen Nib","Frozen Egg 2","Blue Candle","Du-Vu Doll","Torii","Art of War","Happy Flower"],"acts_visited":["Exordium","TheCity","TheBeyond","TheEnding"],"potions_floor_usage":[10,23,25,25,42,44,45,54,55,55,55],"damage_taken":[{"damage":0,"enemies":"Small Slimes","floor":1,"turns":3},{"damage":0,"enemies":"Jaw Worm","floor":2,"turns":3},{"damage":0,"enemies":"2 Louse","floor":3,"turns":3},{"damage":10,"enemies":"Large Slime","floor":7,"turns":4},{"damage":20,"enemies":"3 Sentries","floor":8,"turns":5},{"damage":22,"enemies":"Gremlin Nob","floor":10,"turns":4},{"damage":0,"enemies":"2 Fungi Beasts","floor":11,"turns":2},{"damage":0,"enemies":"Exordium Thugs","floor":12,"turns":4},{"damage":0,"enemies":"Lagavulin","floor":14,"turns":5},{"damage":0,"enemies":"Slime Boss","floor":16,"turns":6},{"damage":0,"enemies":"3 Byrds","floor":18,"turns":3},{"damage":0,"enemies":"Spheric Guardian","floor":20,"turns":3},{"damage":21,"enemies":"Book of Stabbing","floor":23,"turns":5},{"damage":10,"enemies":"Slavers","floor":25,"turns":4},{"damage":7,"enemies":"Shelled Parasite and Fungi","floor":31,"turns":4},{"damage":13,"enemies":"Champ","floor":33,"turns":6},{"damage":26,"enemies":"3 Darklings","floor":35,"turns":3},{"damage":0,"enemies":"Orb Walker","floor":36,"turns":2},{"damage":15,"enemies":"Maw","floor":39,"turns":5},{"damage":31,"enemies":"Nemesis","floor":40,"turns":5},{"damage":0,"enemies":"Spire Growth","floor":41,"turns":3},{"damage":13,"enemies":"Reptomancer","floor":42,"turns":4},{"damage":6,"enemies":"Writhing Mass","floor":44,"turns":4},{"damage":1,"enemies":"Giant Head","floor":45,"turns":5},{"damage":2,"enemies":"Reptomancer","floor":47,"turns":3},{"damage":29,"enemies":"Donu and Deca","floor":50,"turns":6},{"damage":5,"enemies":"Shield and Spear","floor":54,"turns":3},{"damage":58,"enemies":"The Heart","floor":55,"turns":8}],"seed_played":"-4651041684499153220","potions_obtained":[{"floor":1,"key":"Dexterity Potion"},{"floor":8,"key":"GamblersBrew"},{"floor":10,"key":"ColorlessPotion"},{"floor":12,"key":"DuplicationPotion"},{"floor":29,"key":"DuplicationPotion"},{"floor":29,"key":"SneckoOil"},{"floor":29,"key":"DuplicationPotion"},{"floor":31,"key":"Dexterity Potion"},{"floor":39,"key":"DuplicationPotion"},{"floor":40,"key":"GamblersBrew"},{"floor":42,"key":"Block Potion"},{"floor":44,"key":"DistilledChaos"}],"is_trial":false,"path_per_floor":["M","M","M","?","?","R","M","E","T","E","M","M","T","E","R","B",null,"M","?","M","$","?","E","$","E","T","?","R","?","R","M","R","B",null,"M","M","?","$","M","E","M","E","T","M","E","?","E","?","R","B",null,"R","$","E","B",null],"character_chosen":"SHADE","items_purchased":["Shade:TouchOfTheGrave","OrangePellets","Sundial","Potion Belt","Nunchaku","Shade:OpenGraves+1","Art of War"],"campfire_rested":2,"item_purchase_floors":[21,24,24,38,38,53,53],"current_hp_per_floor":[65,65,65,58,45,64,54,34,34,24,36,36,36,36,36,36,58,58,47,47,47,40,31,31,33,33,33,33,33,33,38,59,46,64,38,40,40,40,39,24,38,39,39,47,48,48,48,48,48,40,63,63,63,60,25],"gold":65,"neow_bonus":"RANDOM_COMMON_RELIC","is_daily":false,"chose_seed":false,"campfire_upgraded":4,"win_rate":0.0,"timestamp":1609190603,"path_taken":["M","M","M","?","?","R","M","E","T","E","M","M","?","E","R","BOSS","M","?","M","$","?","E","$","E","T","?","R","?","R","M","R","BOSS","M","M","?","$","M","E","M","E","T","M","E","?","E","?","R","BOSS","R","$","E","BOSS"],"items_purchased_type":["Card","Relic","Relic","Relic","Relic","Card","Relic"],"build_version":"2020-12-22","purchased_purges":0,"victory":true,"max_hp_per_floor":[65,65,65,65,65,65,65,65,65,65,65,65,65,65,65,65,65,65,70,70,70,70,70,70,70,70,70,70,70,70,70,70,70,70,70,70,70,70,70,70,70,70,70,70,70,70,70,70,70,70,70,70,70,70,70],"card_choices":[{"not_picked":["Shade:Doomsay","Shade:AncientSpear"],"picked":"Shade:ScuttlingHand","floor":1},{"not_picked":["Shade:FingerOfDeath","Shade:AncientSpear"],"picked":"Shade:SpectralStrikes","floor":2},{"not_picked":["Shade:FingerOfDeath","Shade:GreyBargain"],"picked":"Shade:ClawBack","floor":3},{"not_picked":["Shade:CoffinDance","Shade:CommandSoldier"],"picked":"Shade:Bonestorm","floor":7},{"not_picked":["Shade:FuneraryJewels","Shade:Excise"],"picked":"Shade:Carnophage","floor":8},{"not_picked":["Shade:RitualOffering","Shade:CommandSoldier","Shade:GreyBargain"],"picked":"SKIP","floor":10},{"not_picked":["Shade:Premonition","Shade:Excise","Shade:Trample"],"picked":"SKIP","floor":11},{"not_picked":["Shade:FleshToFlesh","Shade:Frenzy"],"picked":"Shade:FuneraryJewels","floor":12},{"not_picked":["Shade:SkeletonArmy","Shade:CoffinDance","Shade:Bonestorm"],"picked":"SKIP","floor":14},{"not_picked":["Shade:SkeletonArmy","Shade:CoffinDance"],"picked":"Shade:Bonestorm","floor":14},{"not_picked":["Shade:OminousRitual","Shade:LoseControl"],"picked":"Shade:OfferingToTheBeyond","floor":16},{"not_picked":["Shade:ExtraLimbs","Shade:Carnophage"],"picked":"Shade:PotionOfRestlessness","floor":18},{"not_picked":["Shade:Trample","Shade:Asphyxiate","Shade:Brains"],"picked":"SKIP","floor":20},{"not_picked":["Shade:RitualOffering+1","Shade:ClawBack"],"picked":"Shade:Tombstone","floor":23},{"not_picked":["Shade:Trample","Shade:FleshToFlesh+1","Shade:RitualOffering+1"],"picked":"SKIP","floor":25},{"not_picked":["Shade:FingerOfDeath","Shade:SpectralStrikes+1"],"picked":"Shade:ExtraLimbs","floor":31},{"not_picked":["Shade:GraveStillness+1","Shade:GoDigging"],"picked":"Shade:Bite_Shade","floor":35},{"not_picked":["Shade:BoneShards+1","Shade:Brains+1"],"picked":"Shade:StitchTogether","floor":36},{"not_picked":["Shade:FuneraryArmor","Shade:PressTheAttack+1"],"picked":"Shade:FuneraryJewels+1","floor":39},{"not_picked":["Shade:GraveStillness+1","Shade:LyeBath"],"picked":"Shade:DangerousRitual+1","floor":40},{"not_picked":["Shade:SpontaneousRitual+1","Shade:GraveStillness+1"],"picked":"Shade:AuraOfUnlife","floor":41},{"not_picked":["Shade:FreshBones","Shade:ClawBack+1","Shade:LastGasp"],"picked":"SKIP","floor":42},{"not_picked":["Shade:CommandSoldier+1","Shade:RitualOffering"],"picked":"Shade:AblativeArmor","floor":44},{"not_picked":["Shade:CommandSoldier+1","Shade:FleshToFlesh+1","Shade:GoDigging"],"picked":"SKIP","floor":45},{"not_picked":["Shade:Trample+1","Shade:AncientSpear+1"],"picked":"Shade:Premonition","floor":47},{"not_picked":["Shade:Brains+1","Shade:Consume","Shade:FeralStrike"],"picked":"SKIP","floor":54}],"player_experience":1660324,"relics_obtained":[{"floor":8,"key":"MawBank"},{"floor":9,"key":"Lantern"},{"floor":10,"key":"Ice Cream"},{"floor":14,"key":"Bag of Preparation"},{"floor":23,"key":"Juzu Bracelet"},{"floor":25,"key":"War Paint"},{"floor":26,"key":"Shuriken"},{"floor":40,"key":"Pen Nib"},{"floor":42,"key":"Frozen Egg 2"},{"floor":43,"key":"Blue Candle"},{"floor":45,"key":"Du-Vu Doll"},{"floor":47,"key":"Torii"},{"floor":54,"key":"Happy Flower"}],"event_choices":[{"damage_healed":0,"gold_gain":0,"player_choice":"Success","damage_taken":7,"relics_obtained":["Meat on the Bone"],"max_hp_gain":0,"max_hp_loss":0,"event_name":"Scrap Ooze","floor":4,"gold_loss":0},{"damage_healed":0,"gold_gain":0,"player_choice":"Entered Light","damage_taken":13,"max_hp_gain":0,"max_hp_loss":0,"event_name":"Shining Light","floor":5,"gold_loss":0,"cards_upgraded":["Shade:Strike_Shade","Shade:ScuttlingHand"]},{"damage_healed":0,"gold_gain":0,"player_choice":"Shed Blood","damage_taken":16,"max_hp_gain":5,"max_hp_loss":0,"event_name":"Forgotten Altar","floor":19,"gold_loss":0},{"damage_healed":0,"gold_gain":0,"player_choice":"CaptainsWheel","damage_taken":0,"relics_obtained":["CaptainsWheel"],"max_hp_gain":0,"max_hp_loss":0,"event_name":"blackbeard:ShipwreckEvent","floor":22,"gold_loss":0},{"damage_healed":0,"gold_gain":0,"player_choice":"Ignored","damage_taken":0,"max_hp_gain":0,"max_hp_loss":0,"event_name":"Ghosts","floor":27,"gold_loss":0},{"damage_healed":0,"gold_gain":0,"player_choice":"Bought 3 Potions","damage_taken":0,"max_hp_gain":0,"max_hp_loss":0,"event_name":"The Woman in Blue","floor":29,"gold_loss":0},{"damage_healed":0,"gold_gain":0,"player_choice":"Ignored","damage_taken":0,"max_hp_gain":0,"max_hp_loss":0,"event_name":"Tomb of Lord Red Mask","floor":37,"gold_loss":0},{"cards_removed":["Shade:Defend_Shade"],"damage_healed":0,"gold_gain":0,"player_choice":"Removed Skill","damage_taken":0,"max_hp_gain":0,"max_hp_loss":0,"event_name":"Falling","floor":46,"gold_loss":0},{"damage_healed":0,"gold_gain":0,"player_choice":"Upgraded","damage_taken":0,"max_hp_gain":0,"max_hp_loss":0,"event_name":"Upgrade Shrine","floor":48,"gold_loss":0,"cards_upgraded":["Shade:PotionOfRestlessness"]}],"is_beta":false,"boss_relics":[{"not_picked":["Velvet Choker","Philosopher\u0027s Stone"],"picked":"Shade:YorickPolishedSkull"},{"not_picked":["Empty Cage","Busted Crown"],"picked":"Cursed Key"}],"items_purged_floors":[],"is_endless":false,"potions_floor_spawned":[1,8,10,12,31,33,39,40,41,42,44],"ascension_level":5}}