{"host":"kdt6w7ix8lwe69i9","time":1609151341,"event":{"mods":["Bartender","BaseMod","ChefMod","Downfall","Fiend Mod","Jorbs\u0027s Wanderer Trilogy","Minty Spire (QoL Compilation)","Reimu（博丽灵梦）","Robot Space Explorer","StSLib","The Cursed","The Disciple","The Dragon Tamer","The Druid","The Elementalist","The Forsaken","The Gatherer","The Judge","The Marked","TheBandit"],"gold_per_floor":[113,188,188,205,205,205,237,237,237,237,250,250,98,110,110,211,211,227,237,249,262,262,262,262],"floor_reached":23,"playtime":2055,"items_purged":[],"score":241,"play_id":"88ad20df-c3bc-43c1-afee-8f3afd8fe063","local_time":"20201228052901","is_ascension_mode":false,"campfire_choices":[{"data":"chefmod:CayenneCloud","floor":6,"key":"SMITH"},{"data":"chefmod:IceCreamCone","floor":8,"key":"SMITH"},{"data":"chefmod:Gelato","floor":10,"key":"SMITH"},{"floor":12,"key":"REST"},{"data":"chefmod:Tenderizer","floor":15,"key":"SMITH"}],"circlet_count":0,"master_deck":["chefmod:Strike","chefmod:Strike","chefmod:Strike","chefmod:Strike","chefmod:Strike","chefmod:Defend","chefmod:Defend+1","chefmod:Defend","chefmod:QuickThaw","chefmod:TodaysSpecial+1","chefmod:Gelato+1","Pain","chefmod:CayenneCloud+1","chefmod:IceCreamCone+1","chefmod:DinoKale+1","chefmod:Tenderizer+1","chefmod:FrozenTuna","chefmod:FireUp+1","chefmod:FullBurn+1","chefmod:KnifeFlurry","chefmod:DinoKale+1","Ghostly+1","Ghostly+1","Ghostly+1","Ghostly+1","Ghostly+1"],"relics":["chefmod:TrustyPot","NeowsBlessing","WarpedTongs","Boot","War Paint","Toxic Egg 2","chefmod:RollingPin","SacredBark"],"acts_visited":["Exordium","TheCity"],"potions_floor_usage":[18,20,21],"damage_taken":[{"damage":0,"enemies":"Jaw Worm","floor":1,"turns":1},{"damage":2,"enemies":"2 Louse","floor":4,"turns":1},{"damage":3,"enemies":"3 Sentries","floor":7,"turns":2},{"damage":16,"enemies":"Cultist","floor":11,"turns":3},{"damage":1,"enemies":"Looter","floor":14,"turns":3},{"damage":20,"enemies":"The Guardian","floor":16,"turns":8},{"damage":2,"enemies":"3 Byrds","floor":18,"turns":2},{"damage":0,"enemies":"Chosen","floor":19,"turns":3},{"damage":35,"enemies":"Centurion and Healer","floor":20,"turns":5},{"damage":16,"enemies":"Snecko","floor":21,"turns":4},{"damage":27,"enemies":"Gremlin Leader","floor":23,"turns":4}],"seed_played":"8727332002545352946","potions_obtained":[{"floor":1,"key":"SteroidPotion"},{"floor":11,"key":"sneckomod:MuddlingPotion"},{"floor":14,"key":"BlessingOfTheForge"},{"floor":16,"key":"Ancient Potion"},{"floor":20,"key":"AttackPotion"}],"is_trial":false,"path_per_floor":["M","?","?","M","?","R","E","R","T","R","M","R","$","M","R","B",null,"M","M","M","M","?","E"],"character_chosen":"THE_CHEF","items_purchased":["chefmod:RollingPin"],"campfire_rested":1,"item_purchase_floors":[13],"current_hp_per_floor":[76,65,65,63,63,63,60,60,60,60,44,66,66,65,65,45,76,74,74,39,23,23,0,0],"gold":262,"neow_bonus":"THREE_ENEMY_KILL","is_daily":false,"chose_seed":false,"campfire_upgraded":4,"win_rate":0.0,"timestamp":1609151341,"path_taken":["M","?","?","?","?","R","E","R","T","R","?","R","$","M","R","BOSS","M","M","M","M","?","E"],"items_purchased_type":["Relic"],"build_version":"2020-12-22","purchased_purges":0,"victory":false,"max_hp_per_floor":[76,76,76,76,76,76,76,76,76,76,76,76,76,76,76,76,76,76,76,76,76,38,38,38],"card_choices":[{"not_picked":["chefmod:Granita","chefmod:ZaruSoba"],"picked":"chefmod:Gelato","floor":1},{"not_picked":["chefmod:SpaghettiCarbonara","chefmod:Leftovers"],"picked":"chefmod:CayenneCloud","floor":4},{"not_picked":["chefmod:Gelato","chefmod:SpaghettiCarbonara"],"picked":"chefmod:IceCreamCone","floor":7},{"not_picked":["chefmod:FireUp","chefmod:HotSoup"],"picked":"chefmod:DinoKale+1","floor":11},{"not_picked":["chefmod:FarmersMarket+1","chefmod:SliceAndDice"],"picked":"chefmod:Tenderizer","floor":14},{"not_picked":["chefmod:RisingDough+1","chefmod:Mince"],"picked":"chefmod:FrozenTuna","floor":16},{"not_picked":["chefmod:DinoKale+1","chefmod:IcePick"],"picked":"chefmod:FireUp+1","floor":18},{"not_picked":["chefmod:Defrost+1","chefmod:MonsterBait"],"picked":"chefmod:FullBurn+1","floor":19},{"not_picked":["chefmod:FarmersMarket+1","chefmod:MonsterBait"],"picked":"chefmod:KnifeFlurry","floor":20},{"not_picked":["chefmod:MonsterBait","chefmod:BaoBuns+1"],"picked":"chefmod:DinoKale+1","floor":21}],"player_experience":1625675,"relics_obtained":[{"floor":7,"key":"War Paint"},{"floor":9,"key":"Toxic Egg 2"}],"event_choices":[{"damage_healed":0,"gold_gain":75,"player_choice":"Gather Gold","damage_taken":11,"max_hp_gain":0,"max_hp_loss":0,"event_name":"World of Goop","floor":2,"gold_loss":0},{"damage_healed":0,"gold_gain":0,"player_choice":"Rummage","damage_taken":0,"relics_obtained":["WarpedTongs"],"max_hp_gain":0,"max_hp_loss":0,"event_name":"Accursed Blacksmith","floor":3,"gold_loss":0,"cards_obtained":["Pain"]},{"damage_healed":0,"gold_gain":0,"player_choice":"Gave Potion","damage_taken":0,"relics_obtained":["Boot"],"max_hp_gain":0,"max_hp_loss":0,"event_name":"WeMeetAgain","floor":5,"gold_loss":0},{"damage_healed":0,"gold_gain":0,"player_choice":"Became a Ghost","damage_taken":0,"max_hp_gain":0,"max_hp_loss":38,"event_name":"Ghosts","floor":22,"gold_loss":0,"cards_obtained":["Ghostly","Ghostly","Ghostly","Ghostly","Ghostly"]}],"is_beta":false,"boss_relics":[{"not_picked":["Fusion Hammer","SlaversCollar"],"picked":"SacredBark"}],"items_purged_floors":[],"is_endless":false,"potions_floor_spawned":[1,11,14,16,20],"killed_by":"Gremlin Leader","ascension_level":0}}