{"host":"pr6x8hyknev46vut","time":1609113738,"event":{"mods":["Aspiration","BaseMod","CCEM","Colored Map","Downfall","Googly Eyes","Hermit","Highlight Path","Minty Spire (QoL Compilation)","Permanent Neow","Replay The Spire","Shop Mod","StSLib","The Bug Knight","The Construct","The Cursed","The Disciple","The Necromancer","The Runesmith","The Servant 0.9.4"],"gold_per_floor":[110,122,172,137,159,202,225,225,225,259,287,328,355,355,355,467,467,497,526,326,241,273,273,320,320,320,340,388,388,415,340,340,458,458,495,71,71,110,137,147,147],"floor_reached":40,"playtime":2934,"items_purged":[],"score":613,"play_id":"feeb5f32-b61a-45f2-aa50-d0977969fec2","local_time":"20201228010218","is_ascension_mode":false,"campfire_choices":[{"floor":8.0,"key":"REST"},{"floor":15.0,"key":"REST"},{"data":"Go for the Eyes","floor":23,"key":"SMITH"},{"floor":25,"key":"REST"},{"floor":32,"key":"REST"}],"circlet_count":0,"master_deck":["Strike_B+1","Strike_B","Strike_B","Strike_B","Defend_B","Defend_B","Defend_B","Defend_B","Zap","Dualcast","Zap","construct:Defend_Gold","Violence","Chill","Coolheaded","Go for the Eyes+1","Scrape","Self Repair","Voices","Darkness","Gash","Steam","Cold Snap","Sickly","Mirror Shield+1","BootSequence","Replay:Hysterical Blindness","Go for the Eyes+1","Sweeping Beam+1","Auto Shields+1","Scrape+1","Ball Lightning+1","Beam Cell","ReplayTheSpireMod:GoodbyeWorld","SwitchConfidence","Thunder Strike+1","Heatsinks","ReplayGash+1","Cold Snap+1","expansioncontent:LastStand+1","Discovery","Streamline","Go for the Eyes"],"relics":["FrozenCore","Ring of Hypnosis","Ring of Greed","MealTicket","Replay:Bandana","Golden Egg","Kunai","Toy Ornithopter","Ring of Chaos","Bag of Marbles","Mercury Hourglass","Replay:Bottled Steam","Matryoshka","Juzu Bracelet","Oddly Smooth Stone","Letter Opener"],"acts_visited":["Exordium","TheCity","TheBeyond"],"potions_floor_usage":[22,28,33,33,40],"damage_taken":[{"damage":8.0,"enemies":"Jaw Worm","floor":1.0,"turns":4.0},{"damage":0.0,"enemies":"2 Louse","floor":2.0,"turns":2.0},{"damage":5.0,"enemies":"Small Slimes","floor":5.0,"turns":5.0},{"damage":21.0,"enemies":"3 Sentries","floor":6.0,"turns":12.0},{"damage":3.0,"enemies":"Blue Slaver","floor":7.0,"turns":3.0},{"damage":3.0,"enemies":"Large Slime","floor":10.0,"turns":6.0},{"damage":7.0,"enemies":"Looter","floor":11.0,"turns":3.0},{"damage":49.0,"enemies":"Gremlin Nob","floor":12.0,"turns":6.0},{"damage":0.0,"enemies":"2 Fungi Beasts","floor":13.0,"turns":4.0},{"damage":31.0,"enemies":"The Guardian","floor":16.0,"turns":13.0},{"damage":4.0,"enemies":"Chosen","floor":18.0,"turns":4.0},{"damage":15.0,"enemies":"Spheric Guardian","floor":19.0,"turns":5.0},{"damage":9,"enemies":"Chosen and Byrds","floor":22,"turns":5},{"damage":33,"enemies":"Replay:Snechameleon","floor":24,"turns":8},{"damage":10,"enemies":"Centurion and Healer","floor":27,"turns":5},{"damage":29,"enemies":"Slavers","floor":28,"turns":5},{"damage":46,"enemies":"Pondfish","floor":33,"turns":16},{"damage":0,"enemies":"Orb Walker","floor":35,"turns":3},{"damage":48,"enemies":"3 Darklings","floor":38,"turns":7},{"damage":26,"enemies":"4 Shapes","floor":39,"turns":7},{"damage":46,"enemies":"Giant Head","floor":40,"turns":9}],"seed_played":"6404082875258654599","potions_obtained":[{"floor":1.0,"key":"CultistPotion"},{"floor":5.0,"key":"Toxic Potion"},{"floor":10.0,"key":"Fire Potion"},{"floor":13.0,"key":"FocusPotion"},{"floor":18.0,"key":"SteroidPotion"},{"floor":22,"key":"DistilledChaos"},{"floor":35,"key":"Weak Potion"}],"is_trial":false,"path_per_floor":["M","M","?","?","M","E","M","R","T","M","M","E","M","?","R","B",null,"M","M","$","?","M","R","E","R","T","M","E","?","T","?","R","B",null,"M","$","?","M","M","E"],"character_chosen":"DEFECT","items_purchased":["Sweeping Beam","Auto Shields","Scrape","Letter Opener","ReplayGash","Cold Snap","expansioncontent:LastStand"],"campfire_rested":4,"item_purchase_floors":[20,20,20,36,36,36,36],"current_hp_per_floor":[67,67,67,75,70,49,46,68,68,72,72,30,30,30,52,28,75,75,67,75,75,66,66,40,62,62,59,35,35,35,35,57,28,75,75,75,75,34,25,0,0],"gold":147,"neow_bonus":"RANDOM_COLORLESS_2","is_daily":false,"chose_seed":false,"campfire_upgraded":1,"win_rate":0.0,"timestamp":1609113738,"path_taken":["M","M","?","?","M","E","M","R","T","M","M","E","M","?","R","BOSS","M","M","$","?","M","R","E","R","T","M","E","?","?","?","R","BOSS","M","$","?","M","M","E"],"items_purchased_type":["Card","Card","Card","Relic","Card","Card","Card"],"build_version":"2020-12-22","purchased_purges":0,"victory":false,"max_hp_per_floor":[75,75,75,75,75,75,75,75,75,75,75,75,75,75,75,75,75,75,75,75,75,75,75,75,75,75,75,75,75,75,75,75,75,75,75,75,75,75,75,75,75],"card_choices":[{"not_picked":["Thinking Ahead","Secret Technique"],"picked":"Violence","floor":0.0},{"not_picked":["Panic Button","Darkness"],"picked":"Chill","floor":1.0},{"not_picked":["Redo","Sweeping Beam"],"picked":"Coolheaded","floor":2.0},{"not_picked":["Compile Driver","Reprogram"],"picked":"Go for the Eyes","floor":5.0},{"not_picked":["Capacitor","Force Field"],"picked":"Scrape","floor":6.0},{"not_picked":["Steam Power","Capacitor"],"picked":"Self Repair","floor":7.0},{"not_picked":["Panic Button","Hologram"],"picked":"Darkness","floor":10.0},{"not_picked":["Barrage","Conserve Battery"],"picked":"Gash","floor":11.0},{"not_picked":["Capacitor","Fission"],"picked":"Steam","floor":12.0},{"not_picked":["Chaos","Redo"],"picked":"Cold Snap","floor":13.0},{"not_picked":["Machine Learning","Buffer"],"picked":"Mirror Shield","floor":16.0},{"not_picked":["Coolheaded","Beam Cell"],"picked":"BootSequence","floor":18.0},{"not_picked":["Force Field","BootSequence"],"picked":"Go for the Eyes+1","floor":19.0},{"not_picked":["FTL","Double Energy"],"picked":"Ball Lightning+1","floor":22},{"not_picked":["BootSequence","ReplaySolidLightProjector"],"picked":"Beam Cell","floor":24},{"not_picked":["Storm","Redo","ReplayTheSpireMod:Calculation Training"],"picked":"SKIP","floor":27},{"not_picked":["Aggregate","Multi-Cast"],"picked":"ReplayTheSpireMod:GoodbyeWorld","floor":28},{"not_picked":["Biased Cognition","Creative AI"],"picked":"Thunder Strike","floor":33},{"not_picked":["BasicCrystalCard+1","Tempest+1"],"picked":"Heatsinks","floor":35},{"not_picked":["Finesse","Secret Weapon"],"picked":"Discovery","floor":37},{"not_picked":["aspiration:Polymerization","ReplayTheSpireMod:Calculation Training"],"picked":"Streamline","floor":38},{"not_picked":["Barrage+1","Capacitor+1"],"picked":"Go for the Eyes","floor":39}],"player_experience":36507,"relics_obtained":[{"floor":3.0,"key":"Ring of Hypnosis"},{"floor":3.0,"key":"Ring of Greed"},{"floor":3.0,"key":"MealTicket"},{"floor":3.0,"key":"Replay:Bandana"},{"floor":6.0,"key":"Golden Egg"},{"floor":9.0,"key":"Kunai"},{"floor":12.0,"key":"Toy Ornithopter"},{"floor":24,"key":"Mercury Hourglass"},{"floor":26,"key":"Replay:Bottled Steam"},{"floor":28,"key":"Matryoshka"},{"floor":30,"key":"Juzu Bracelet"},{"floor":30,"key":"Oddly Smooth Stone"}],"event_choices":[{"damage_healed":18.0,"max_hp_gain":0.0,"max_hp_loss":0.0,"gold_gain":0.0,"event_name":"The Cleric","player_choice":"Healed","floor":4.0,"gold_loss":35.0,"damage_taken":0.0},{"damage_healed":0,"gold_gain":0,"player_choice":"Obtained Relic","damage_taken":0,"relics_obtained":["Bag of Marbles"],"max_hp_gain":0,"max_hp_loss":0,"event_name":"Addict","floor":21,"gold_loss":85},{"damage_healed":0,"gold_gain":0,"player_choice":"Ignored","damage_taken":0,"max_hp_gain":0,"max_hp_loss":0,"event_name":"Vampires","floor":29,"gold_loss":0},{"cards_removed":["Normality"],"damage_healed":0,"gold_gain":0,"player_choice":"Gave Gold","damage_taken":0,"max_hp_gain":0,"max_hp_loss":0,"event_name":"Beggar","floor":31,"gold_loss":75},{"damage_healed":0,"gold_gain":0,"player_choice":"Memory 1","damage_taken":0,"max_hp_gain":0,"max_hp_loss":0,"event_name":"SensoryStone","floor":37,"gold_loss":0}],"is_beta":false,"boss_relics":[{"not_picked":["Replay:Drink Me","Busted Crown"],"picked":"Ring of Chaos"},{"not_picked":["aspiration:Stellarator","Replay:Bronze Core"],"picked":"FrozenCore"}],"items_purged_floors":[],"is_endless":false,"potions_floor_spawned":[1,5,10,13,16,18,22,24,35],"killed_by":"Giant Head","ascension_level":0}}