{"host":"u9xtr94typ21duox","time":1609128138,"event":{"mods":["BaseMod","Key Reminder","KinomotoSakuraMod(木之本樱)","LagranYue(拉格朗・月)","Marisa（F雨　魔理沙）","Minty Spire (QoL Compilation)","Reimu（博丽灵梦）","Remilia（蕾米莉亚）","Replay The Spire","StSLib","Td1madao Mod","The Administrix","The Bladedancer","The Bug Knight","The Construct","The Cursed","The Gatherer","The Runesmith","The Servant 0.9.4","WarShipGirlsR/战舰少女R mod","Youmu（魂魄妖梦）","vexMod"],"gold_per_floor":[119,62,17,52,85,135,135,173,173,216,21,21,21,81,81,203,203,244,280,280,320,320,320,320],"floor_reached":23,"playtime":2139,"items_purged":[],"score":274,"play_id":"34b50c97-7eed-4e50-8c99-1c509810bb0c","local_time":"20201228120218","is_ascension_mode":true,"campfire_choices":[{"data":"WitchOfGreed","floor":7,"key":"SMITH"},{"data":"Apotheosis","floor":12,"key":"SMITH"},{"floor":15,"key":"RECALL"}],"circlet_count":0,"master_deck":["Defend_MRS","Defend_MRS","Defend_MRS","Defend_MRS","MasterSpark","UpSweep","WitchOfGreed+1","AsteroidBelt","SporeBomb","ChargeUpSpray","GrandCross","Apotheosis+1","EarthLightRay","TreasureHunter","Bite","Bite","Bite","Bite","Bite"],"relics":["MiniHakkero","LagranYue:RandomDrawCardRelic","Simple Rune","Matryoshka","vexMod:FocusSash","vexMod:BerryBomb","keyreminder:keyreminder","LagranYue:SoulBurningRelic"],"acts_visited":["Exordium","TheCity"],"potions_floor_usage":[6,8,14,14,19,23],"damage_taken":[{"damage":4,"enemies":"Small Slimes","floor":1,"turns":3},{"damage":3,"enemies":"Cultist","floor":4,"turns":4},{"damage":0,"enemies":"Jaw Worm","floor":5,"turns":3},{"damage":21,"enemies":"3 Sentries","floor":6,"turns":9},{"damage":7,"enemies":"Gremlin Gang","floor":8,"turns":6},{"damage":4,"enemies":"3 Louse","floor":10,"turns":4},{"damage":0,"enemies":"Lagavulin","floor":14,"turns":4},{"damage":32,"enemies":"Fading Forest","floor":16,"turns":11},{"damage":12,"enemies":"Chosen","floor":18,"turns":3},{"damage":17,"enemies":"3 Byrds","floor":19,"turns":6},{"damage":42,"enemies":"Shelled Parasite and Fungi","floor":21,"turns":5},{"damage":39,"enemies":"Book of Stabbing","floor":23,"turns":5}],"seed_played":"-239626161061606327","potions_obtained":[{"floor":4,"key":"Dexterity Potion"},{"floor":5,"key":"ColorlessPotion"},{"floor":6,"key":"Venom Potion"},{"floor":6,"key":"GrandPatriotsElixir:ReiMu"},{"floor":8,"key":"Energy Potion"},{"floor":10,"key":"Fire Potion"},{"floor":14,"key":"SpeedPotion"},{"floor":14,"key":"PowerPotion"},{"floor":16,"key":"PowerPotion"},{"floor":19,"key":"EssenceOfSteel"},{"floor":21,"key":"Strength Potion"}],"is_trial":false,"path_per_floor":["M","?","$","M","M","E","R","M","T","M","$","R","?","E","R","B",null,"M","M","?","M","?","E"],"character_chosen":"MARISA","items_purchased":["WitchOfGreed","Apotheosis"],"campfire_rested":0,"item_purchase_floors":[3,11],"current_hp_per_floor":[71,71,71,68,68,47,47,40,46,42,42,42,42,42,42,28,81,74,63,63,25,25,0,0],"gold":320,"neow_bonus":"RANDOM_COMMON_RELIC","is_daily":false,"chose_seed":false,"campfire_upgraded":2,"win_rate":0.0,"timestamp":1609128138,"path_taken":["M","?","?","M","M","E","R","M","T","?","$","R","?","E","R","BOSS","M","?","?","M","?","E"],"items_purchased_type":["Card","Card"],"build_version":"2020-12-22","purchased_purges":0,"victory":false,"max_hp_per_floor":[75,75,75,75,75,75,75,75,81,81,81,81,81,81,81,81,81,81,81,81,81,81,81,81],"card_choices":[{"not_picked":["IllusionStar","DC","UnstableBomb"],"picked":"SKIP","floor":1},{"not_picked":["DoubleSpark","Singularity"],"picked":"AsteroidBelt","floor":4},{"not_picked":["MysteriousBeam","UnstableBomb"],"picked":"SporeBomb","floor":5},{"not_picked":["BigCrunch","Robbery"],"picked":"ChargeUpSpray","floor":6},{"not_picked":["RefractionSpark","WitchLeyline","Orbital"],"picked":"SKIP","floor":8},{"not_picked":["PowerUp","AsteroidBelt"],"picked":"GrandCross","floor":10},{"not_picked":["GalacticHalo","DarkMatter"],"picked":"EarthLightRay","floor":14},{"not_picked":["CollectingQuirk","UltimateShortwave"],"picked":"TreasureHunter","floor":16},{"not_picked":["GalacticHalo","OneTimeOff+1","GravityBeat+1"],"picked":"SKIP","floor":18},{"not_picked":["MagicAbsorber","AsteroidBelt","FinalSpark"],"picked":"SKIP","floor":19},{"not_picked":["6A","WitchLeyline","PowerUp"],"picked":"SKIP","floor":21}],"player_experience":255276,"relics_obtained":[{"floor":6,"key":"vexMod:FocusSash"},{"floor":9,"key":"vexMod:BerryBomb"},{"floor":14,"key":"Blood Vial"}],"event_choices":[{"damage_healed":0,"gold_gain":0,"player_choice":"Paid Gold","damage_taken":0,"relics_obtained":["Matryoshka"],"max_hp_gain":0,"max_hp_loss":0,"event_name":"WeMeetAgain","floor":2,"gold_loss":57},{"cards_removed":["Strike_MRS"],"damage_healed":0,"gold_gain":0,"player_choice":"Card Removal","damage_taken":0,"max_hp_gain":0,"max_hp_loss":0,"event_name":"Wheel of Change","floor":13,"gold_loss":0},{"damage_healed":0,"gold_gain":0,"player_choice":"Became a vampire (Vial)","damage_taken":0,"max_hp_gain":0,"max_hp_loss":0,"event_name":"Vampires","floor":22,"relics_lost":["Blood Vial"],"gold_loss":0,"cards_obtained":["Bite","Bite","Bite","Bite","Bite"]}],"is_beta":false,"boss_relics":[{"not_picked":["Kintsugi","LagranYue:ContractPerformanceRelic"],"picked":"LagranYue:SoulBurningRelic"}],"items_purged_floors":[],"is_endless":false,"potions_floor_spawned":[6,8,14,21],"killed_by":"Book of Stabbing","ascension_level":2}}