{"host":"nmyw38vkdf8owddb","time":1609170411,"event":{"mods":["BaseMod","Colored Map","Colored Powertips","DeckTracker","JesterMod","Minty Spire (QoL Compilation)","Spikes Relics","StSLib","The Alterego","The Animator","The Caster","The Disciple","The Hierophant","The Mystic","The Showman","TheHero","Waifu the Spire"],"gold_per_floor":[114,133,158,233,248,280,280,280,280,297,312,332,359,139,139,139,139],"floor_reached":16,"playtime":1187,"items_purged":["jesterMod:Strike"],"score":112,"play_id":"ad5fad1c-b086-4755-a391-d1c5cb64a93f","local_time":"20201229004651","is_ascension_mode":false,"campfire_choices":[{"floor":8,"key":"REST"},{"data":"jesterMod:Haste","floor":15,"key":"SMITH"}],"circlet_count":0,"master_deck":["jesterMod:Strike","jesterMod:Strike","jesterMod:Sickle","jesterMod:Defend","jesterMod:Defend","jesterMod:Defend","jesterMod:Defend","jesterMod:Dodge","jesterMod:RecklessStrike","jesterMod:JackInTheBox","jesterMod:Haste+1","jesterMod:Overthink","jesterMod:SmokeScreen","jesterMod:Twirl","jesterMod:BoilDown","jesterMod:Twirl"],"relics":["jesterMod:JesterCap","NeowsBlessing","Centennial Puzzle","jesterMod:JesterMask","FossilizedHelix","Dream Catcher","jesterMod:MirrorMask"],"acts_visited":["Exordium"],"potions_floor_usage":[],"damage_taken":[{"damage":0,"enemies":"Cultist","floor":1,"turns":1},{"damage":0,"enemies":"2 Louse","floor":2,"turns":1},{"damage":0,"enemies":"Small Slimes","floor":5,"turns":1},{"damage":44,"enemies":"3 Sentries","floor":6,"turns":15},{"damage":0,"enemies":"Looter","floor":10,"turns":3},{"damage":0,"enemies":"2 Fungi Beasts","floor":11,"turns":4},{"damage":0,"enemies":"3 Louse","floor":12,"turns":5},{"damage":12,"enemies":"Gremlin Nob","floor":13,"turns":4},{"damage":38,"enemies":"Hexaghost","floor":16,"turns":11}],"seed_played":"-2850407737419589801","potions_obtained":[{"floor":5,"key":"FearPotion"},{"floor":10,"key":"DistilledChaos"},{"floor":12,"key":"CultistPotion"}],"is_trial":false,"path_per_floor":["M","M","T","?","M","E","?","R","T","M","M","M","E","$","R","B"],"character_chosen":"THE_JESTER","items_purchased":["jesterMod:MirrorMask"],"campfire_rested":1,"item_purchase_floors":[14],"current_hp_per_floor":[70,70,70,63,63,19,12,33,33,35,38,41,30,30,30,0,0],"gold":139,"neow_bonus":"THREE_ENEMY_KILL","is_daily":false,"chose_seed":false,"campfire_upgraded":1,"win_rate":0.0,"timestamp":1609170411,"path_taken":["M","M","?","?","?","E","?","R","T","M","M","M","E","$","R","BOSS"],"items_purchased_type":["Relic"],"build_version":"2020-12-22","purchased_purges":1,"victory":false,"max_hp_per_floor":[70,70,70,70,70,70,70,70,70,70,70,70,70,70,70,70,70],"card_choices":[{"not_picked":["jesterMod:Feint","jesterMod:TrickyDodge"],"picked":"jesterMod:RecklessStrike","floor":1},{"not_picked":["jesterMod:SmokeScreen","jesterMod:TrickyDodge"],"picked":"jesterMod:JackInTheBox","floor":2},{"not_picked":["jesterMod:Hide","jesterMod:Illness"],"picked":"jesterMod:Haste","floor":5},{"not_picked":["jesterMod:Anticipation","jesterMod:QuickStrike"],"picked":"jesterMod:Overthink","floor":6},{"not_picked":["jesterMod:RecklessStrike","jesterMod:Prankster"],"picked":"jesterMod:SmokeScreen","floor":10},{"not_picked":["jesterMod:Anticipation","jesterMod:Feint"],"picked":"jesterMod:Twirl","floor":11},{"not_picked":["jesterMod:Rebuff","jesterMod:DancingMad"],"picked":"jesterMod:BoilDown","floor":12},{"not_picked":["jesterMod:DancingMad","jesterMod:Hide"],"picked":"jesterMod:Twirl","floor":13}],"player_experience":331745,"relics_obtained":[{"floor":3,"key":"Centennial Puzzle"},{"floor":6,"key":"jesterMod:JesterMask"},{"floor":9,"key":"FossilizedHelix"},{"floor":13,"key":"Dream Catcher"}],"event_choices":[{"damage_healed":0,"gold_gain":75,"player_choice":"Touch","damage_taken":7,"max_hp_gain":0,"max_hp_loss":0,"event_name":"FaceTrader","floor":4,"gold_loss":0},{"cards_removed":["jesterMod:Strike"],"damage_healed":0,"gold_gain":0,"player_choice":"Card Removal","damage_taken":7,"max_hp_gain":0,"max_hp_loss":0,"event_name":"Golden Wing","floor":7,"gold_loss":0}],"is_beta":false,"boss_relics":[],"items_purged_floors":[14],"is_endless":false,"potions_floor_spawned":[5,10,12,13],"killed_by":"Hexaghost","ascension_level":0}}