{"host":"szp1d6dso4pv7ddl","time":1609195085,"event":{"mods":["AchievementEnabler","Alarm Clock","BaseMod","Bestiary","Block Reminder","Colored Map","Colored Powertips","Curses Come First","Displayed Cursed Tome","Highlight Path","Minty Spire (QoL Compilation)","Permanent Neow","Quick Restart","Relic Sorter","Relic Stats","StSLib","Synergy Search"],"gold_per_floor":[115,65,143,154,167,167,177,188,188,216,216,216,216,226,226,322,322,336,336,346,179,197,197,112,112,112,112,130,55,80,80,80,179,179,192,192,206,222,240,240,240,240],"floor_reached":41,"playtime":2133,"items_purged":["Strike_B"],"score":569,"play_id":"8b258b40-147b-4b3e-a998-965b0c6b794f","local_time":"20201228143805","is_ascension_mode":true,"campfire_choices":[{"data":"Buffer","floor":6.0,"key":"SMITH"},{"data":"Hologram","floor":11,"key":"SMITH"},{"data":"Machine Learning","floor":13,"key":"SMITH"},{"data":"Streamline","floor":15,"key":"SMITH"},{"data":"Enlightenment","floor":23,"key":"SMITH"},{"data":"Echo Form","floor":25,"key":"SMITH"},{"data":"Sunder","floor":27,"key":"SMITH"},{"floor":32,"key":"REST"},{"floor":40,"key":"REST"}],"circlet_count":0,"master_deck":["Defend_B","Defend_B","Defend_B","Dualcast","Buffer+1","Melter","Hologram+1","Doom and Gloom","Streamline+1","Machine Learning+1","Go for the Eyes","Echo Form+1","Redo+1","Enlightenment+1","Sunder+1","Amplify","Buffer","CurseOfTheBell","Redo+1"],"relics":["Cracked Core","Kunai","Mummified Hand","Strawberry","Empty Cage","Sundial","Meat on the Bone","Blue Candle","Calling Bell","Tiny Chest","Cables","Dead Branch","Calipers"],"acts_visited":["Exordium","TheCity","TheBeyond"],"potions_floor_usage":[14,28,33,33,33],"damage_taken":[{"damage":0.0,"enemies":"2 Louse","floor":1.0,"turns":2.0},{"damage":13.0,"enemies":"Jaw Worm","floor":4.0,"turns":3.0},{"damage":10.0,"enemies":"Small Slimes","floor":5.0,"turns":4.0},{"damage":1.0,"enemies":"2 Fungi Beasts","floor":7.0,"turns":4.0},{"damage":0.0,"enemies":"Looter","floor":8.0,"turns":3.0},{"damage":0,"enemies":"Lagavulin","floor":10,"turns":4},{"damage":0,"enemies":"Large Slime","floor":14,"turns":4},{"damage":27,"enemies":"Hexaghost","floor":16,"turns":9},{"damage":0,"enemies":"Spheric Guardian","floor":18,"turns":4},{"damage":3,"enemies":"Chosen","floor":20,"turns":6},{"damage":0,"enemies":"Sentry and Sphere","floor":22,"turns":3},{"damage":25,"enemies":"Snake Plant","floor":28,"turns":3},{"damage":29,"enemies":"Book of Stabbing","floor":30,"turns":4},{"damage":13,"enemies":"Champ","floor":33,"turns":7},{"damage":33,"enemies":"3 Darklings","floor":35,"turns":6},{"damage":17,"enemies":"3 Shapes","floor":37,"turns":5},{"damage":0,"enemies":"Transient","floor":38,"turns":5},{"damage":23,"enemies":"Jaw Worm Horde","floor":39,"turns":6},{"damage":103,"enemies":"Reptomancer","floor":41,"turns":8}],"seed_played":"5538229991714727850","potions_obtained":[{"floor":1.0,"key":"Fruit Juice"},{"floor":7.0,"key":"AttackPotion"},{"floor":14,"key":"LiquidMemories"},{"floor":16,"key":"Block Potion"},{"floor":18,"key":"Strength Potion"},{"floor":28,"key":"PowerPotion"},{"floor":33,"key":"ColorlessPotion"},{"floor":38,"key":"FairyPotion"}],"is_trial":false,"path_per_floor":["M","?","T","M","M","R","M","M","T","E","R","?","R","M","R","B",null,"M","?","M","$","M","R","?","R","T","R","M","?","E","$","R","B",null,"M","?","M","M","M","R","E"],"character_chosen":"DEFECT","items_purchased":["Enlightenment"],"campfire_rested":2,"item_purchase_floors":[21],"current_hp_per_floor":[73,73,73,60,50,50,49,49,49,56,56,56,56,56,56,29,73,73,73,70,70,70,70,70,70,70,70,45,45,28,28,54,53,79,46,46,41,53,42,68,0,0],"gold":240,"neow_bonus":"ONE_RANDOM_RARE_CARD","is_daily":false,"chose_seed":false,"campfire_upgraded":7,"win_rate":0.0,"timestamp":1609195085,"path_taken":["M","?","?","M","M","R","M","M","T","E","R","?","R","M","R","BOSS","M","?","M","$","M","R","?","R","T","R","M","?","E","$","R","BOSS","M","?","M","M","M","R","E"],"items_purchased_type":["Card"],"build_version":"2020-12-22","purchased_purges":1,"victory":false,"max_hp_per_floor":[80,80,80,80,80,80,80,80,80,87,87,87,87,87,87,87,87,87,87,87,87,87,87,87,87,87,87,87,87,87,87,87,87,87,87,87,87,87,87,87,87,87],"relic_stats":{"counters":[19,90],"Mummified Hand":[61],"Sundial":[8],"Blue Candle":[3],"Dead Branch":[7],"Tiny Chest":0,"Kunai":[25],"obtain_stats":[{"Calipers":36,"Blue Candle":30,"Dead Branch":34,"Empty Cage":17,"Cables":34,"Calling Bell":34,"Mummified Hand":9,"Sundial":24,"Strawberry":10,"Tiny Chest":34,"Kunai":3,"Cracked Core":0,"Meat on the Bone":26},{"Calipers":15,"Blue Candle":13,"Dead Branch":14,"Empty Cage":8,"Cables":14,"Calling Bell":14,"Mummified Hand":5,"Sundial":11,"Strawberry":6,"Tiny Chest":14,"Kunai":1,"Cracked Core":0,"Meat on the Bone":11},{"Calipers":66,"Blue Candle":53,"Dead Branch":60,"Empty Cage":33,"Cables":60,"Calling Bell":60,"Mummified Hand":16,"Sundial":46,"Strawberry":20,"Tiny Chest":60,"Kunai":2,"Cracked Core":0,"Meat on the Bone":46}],"Meat on the Bone":60,"Cables":[27,20,1,6,0]},"card_choices":[{"not_picked":["Lockon","Steam"],"picked":"Melter","floor":1.0},{"not_picked":["Steam","Aggregate"],"picked":"Hologram","floor":4.0},{"not_picked":["Go for the Eyes","Hologram"],"picked":"Doom and Gloom","floor":5.0},{"not_picked":["Blizzard","Hologram","Force Field"],"picked":"SKIP","floor":7.0},{"not_picked":["Steam","Barrage"],"picked":"Streamline","floor":8.0},{"not_picked":["Gash","Recycle"],"picked":"Machine Learning","floor":10},{"not_picked":["Reinforced Body","Blizzard","Go for the Eyes"],"picked":"SKIP","floor":14},{"not_picked":["Core Surge","Reboot"],"picked":"Echo Form","floor":16},{"not_picked":["FTL+1","Turbo"],"picked":"Redo+1","floor":18},{"not_picked":["Compile Driver","Barrage+1","Recycle"],"picked":"SKIP","floor":20},{"not_picked":["Gash+1","Conserve Battery+1"],"picked":"Sunder","floor":22},{"not_picked":["Gash","BootSequence","FTL+1"],"picked":"SKIP","floor":28},{"not_picked":["Stack","Self Repair"],"picked":"Amplify","floor":30},{"not_picked":["Fission","Rainbow"],"picked":"Buffer","floor":33},{"not_picked":["Barrage+1","Storm+1","Coolheaded+1"],"picked":"SKIP","floor":35},{"not_picked":["Reinforced Body","Darkness"],"picked":"Redo+1","floor":37},{"not_picked":["Heatsinks+1","Streamline+1","Ball Lightning+1"],"picked":"SKIP","floor":38},{"not_picked":["Turbo","Sweeping Beam+1","Rebound"],"picked":"SKIP","floor":39}],"player_experience":1055316,"relics_obtained":[{"floor":3.0,"key":"Kunai"},{"floor":9.0,"key":"Mummified Hand"},{"floor":10,"key":"Strawberry"},{"floor":26,"key":"Meat on the Bone"},{"floor":30,"key":"Blue Candle"},{"floor":34,"key":"Tiny Chest"},{"floor":34,"key":"Cables"},{"floor":34,"key":"Dead Branch"}],"event_choices":[{"cards_removed":["Defend_B"],"damage_healed":0.0,"max_hp_gain":0.0,"max_hp_loss":0.0,"gold_gain":0.0,"event_name":"The Cleric","player_choice":"Card Removal","floor":2.0,"gold_loss":50.0,"damage_taken":0.0},{"damage_healed":0,"gold_gain":0,"cards_transformed":["Strike_B"],"player_choice":"Change","damage_taken":0,"max_hp_gain":0,"max_hp_loss":0,"event_name":"Living Wall","floor":12,"gold_loss":0,"cards_obtained":["Go for the Eyes"]},{"damage_healed":0,"gold_gain":0,"player_choice":"Ignored","damage_taken":0,"max_hp_gain":0,"max_hp_loss":0,"event_name":"Vampires","floor":19,"gold_loss":0},{"damage_healed":0,"gold_gain":0,"player_choice":"Obtained Relic","damage_taken":0,"relics_obtained":["Sundial"],"max_hp_gain":0,"max_hp_loss":0,"event_name":"Addict","floor":24,"gold_loss":85},{"cards_removed":["Strike_B"],"damage_healed":0,"gold_gain":0,"player_choice":"Gave Gold","damage_taken":0,"max_hp_gain":0,"max_hp_loss":0,"event_name":"Beggar","floor":29,"gold_loss":75},{"damage_healed":0,"gold_gain":0,"player_choice":"Gave Potion","damage_taken":0,"relics_obtained":["Calipers"],"max_hp_gain":0,"max_hp_loss":0,"event_name":"WeMeetAgain","floor":36,"gold_loss":0}],"is_beta":false,"boss_relics":[{"not_picked":["Coffee Dripper","SacredBark"],"picked":"Empty Cage"},{"not_picked":["Snecko Eye","SlaversCollar"],"picked":"Calling Bell"}],"items_purged_floors":[21],"is_endless":false,"potions_floor_spawned":[1,7,14,16,18,28,33,38],"killed_by":"Reptomancer","ascension_level":6}}