{"host":"nsxzlb359hv0da5z","time":1609118413,"event":{"mods":["BaseMod","Bestiary","Colored Map","Minty Spire (QoL Compilation)","Permanent Neow","Relic Stats","Slay the Relics Exporter","ojb\u0027s Info Mod"],"gold_per_floor":[213,230,242,317,7,7,7,7,87,112,131,158,158,170,170,247,247,267,267,267,284,199,227,227,238,285,313,324,324,89,89,89,166,166,185,185,185,202,215,215,215],"floor_reached":40,"playtime":5931,"items_purged":["Strike_G"],"score":868,"play_id":"49b8a78c-ccab-4e71-8d27-62d8197e6b89","local_time":"20201227172013","is_ascension_mode":true,"campfire_choices":[{"data":"Noxious Fumes","floor":6,"key":"SMITH"},{"data":"Neutralize","floor":8,"key":"SMITH"},{"data":"Poisoned Stab","floor":13,"key":"SMITH"},{"data":"Footwork","floor":15,"key":"SMITH"},{"floor":24,"key":"REST"},{"floor":32,"key":"REST"}],"circlet_count":0,"master_deck":["AscendersBane","Strike_G","Strike_G","Strike_G","Strike_G","Defend_G","Defend_G","Defend_G","Defend_G","Defend_G","Survivor","Neutralize+1","Noxious Fumes+1","Poisoned Stab+1","Unload","Dagger Spray","Footwork+1","Backstab","Backflip","Die Die Die","Sucker Punch+1","Well Laid Plans+1","Dodge and Roll","Backstab+1","Leg Sweep","PiercingWail","Wraith Form v2","PiercingWail+1"],"relics":["Ring of the Snake","Happy Flower","StrikeDummy","Du-Vu Doll","Juzu Bracelet","Philosopher\u0027s Stone","MutagenicStrength","Tough Bandages","Tiny Chest","Bag of Marbles","Mercury Hourglass","Gambling Chip","Velvet Choker"],"acts_visited":["Exordium","TheCity","TheBeyond"],"potions_floor_usage":[12,23,27,33,33,40],"damage_taken":[{"damage":4,"enemies":"Cultist","floor":1,"turns":4},{"damage":0,"enemies":"2 Louse","floor":2,"turns":3},{"damage":0,"enemies":"Small Slimes","floor":3,"turns":3},{"damage":11,"enemies":"Lagavulin","floor":10,"turns":6},{"damage":1,"enemies":"Gremlin Gang","floor":11,"turns":4},{"damage":10,"enemies":"3 Sentries","floor":12,"turns":5},{"damage":2,"enemies":"3 Louse","floor":14,"turns":2},{"damage":8,"enemies":"Hexaghost","floor":16,"turns":9},{"damage":0,"enemies":"3 Byrds","floor":18,"turns":4},{"damage":26,"enemies":"Shell Parasite","floor":21,"turns":5},{"damage":13,"enemies":"Gremlin Leader","floor":23,"turns":6},{"damage":10,"enemies":"Cultist and Chosen","floor":25,"turns":6},{"damage":6,"enemies":"Book of Stabbing","floor":27,"turns":4},{"damage":0,"enemies":"Centurion and Healer","floor":28,"turns":2},{"damage":56,"enemies":"Champ","floor":33,"turns":17},{"damage":0,"enemies":"3 Shapes","floor":35,"turns":3},{"damage":7,"enemies":"3 Darklings","floor":38,"turns":2},{"damage":0,"enemies":"Jaw Worm Horde","floor":39,"turns":1},{"damage":52,"enemies":"Nemesis","floor":40,"turns":12}],"seed_played":"250019737003633068","potions_obtained":[{"floor":10,"key":"PowerPotion"},{"floor":16,"key":"SteroidPotion"},{"floor":23,"key":"Poison Potion"},{"floor":35,"key":"SneckoOil"},{"floor":38,"key":"Strength Potion"}],"is_trial":false,"path_per_floor":["M","M","M","?","$","R","?","R","T","E","M","E","R","M","R","B",null,"M","?","?","M","?","E","R","M","T","E","M","?","$","T","R","B",null,"M","?","T","M","M","E"],"character_chosen":"THE_SILENT","items_purchased":["Dagger Spray","Footwork","Happy Flower","Fire Potion","GhostInAJar","PiercingWail"],"campfire_rested":2,"item_purchase_floors":[5,5,5,5,30,30],"current_hp_per_floor":[55,55,55,44,44,44,44,44,44,33,32,22,22,20,20,12,53,53,53,76,50,50,37,59,49,49,43,43,43,43,43,65,9,59,59,59,59,52,52,0,0],"gold":215,"neow_bonus":"HUNDRED_GOLD","is_daily":false,"chose_seed":false,"campfire_upgraded":4,"win_rate":0.0,"timestamp":1609118413,"path_taken":["M","M","M","?","$","R","?","R","T","E","M","E","R","M","R","BOSS","M","?","?","M","?","E","R","M","T","E","M","?","$","?","R","BOSS","M","?","?","M","M","E"],"items_purchased_type":["Card","Card","Relic","Potion","Potion","Card"],"build_version":"2020-12-22","purchased_purges":1,"victory":false,"max_hp_per_floor":[66,66,66,66,66,66,66,66,66,66,66,66,66,66,66,66,66,66,66,76,76,76,76,76,76,76,76,76,76,76,76,76,76,76,76,72,72,72,72,72,72],"relic_stats":{"Tough Bandages":[90],"Happy Flower":[29],"counters":[19,98],"Gambling Chip":[11],"Tiny Chest":1,"Juzu Bracelet":1,"obtain_stats":[{"Happy Flower":5,"Velvet Choker":34,"Juzu Bracelet":12,"Mercury Hourglass":27,"Du-Vu Doll":10,"Tough Bandages":22,"MutagenicStrength":19,"Gambling Chip":31,"Philosopher\u0027s Stone":17,"Tiny Chest":23,"Bag of Marbles":26,"StrikeDummy":9,"Ring of the Snake":0},{"Happy Flower":3,"Velvet Choker":15,"Juzu Bracelet":6,"Mercury Hourglass":13,"Du-Vu Doll":4,"Tough Bandages":10,"MutagenicStrength":9,"Gambling Chip":14,"Philosopher\u0027s Stone":8,"Tiny Chest":11,"Bag of Marbles":12,"StrikeDummy":3,"Ring of the Snake":0},{"Happy Flower":10,"Velvet Choker":80,"Juzu Bracelet":25,"Mercury Hourglass":61,"Du-Vu Doll":16,"Tough Bandages":45,"MutagenicStrength":40,"Gambling Chip":63,"Philosopher\u0027s Stone":36,"Tiny Chest":51,"Bag of Marbles":57,"StrikeDummy":10,"Ring of the Snake":0}],"Ring of the Snake":[38],"Mercury Hourglass":[71]},"card_choices":[{"not_picked":["Dagger Spray","Underhanded Strike"],"picked":"Noxious Fumes","floor":1},{"not_picked":["Flying Knee","Caltrops"],"picked":"Poisoned Stab","floor":2},{"not_picked":["Backflip","Deflect"],"picked":"Unload","floor":3},{"not_picked":["Distraction","Sucker Punch"],"picked":"Backstab","floor":10},{"not_picked":["Endless Agony","Underhanded Strike"],"picked":"Backflip","floor":11},{"not_picked":["Dash","Prepared"],"picked":"Die Die Die","floor":12},{"not_picked":["Accuracy","Slice","Deflect"],"picked":"SKIP","floor":14},{"not_picked":["Tools of the Trade","Storm of Steel"],"picked":"Venomology","floor":16},{"not_picked":["Predator","Backstab"],"picked":"Sucker Punch+1","floor":18},{"not_picked":["Dodge and Roll","Skewer+1"],"picked":"Well Laid Plans+1","floor":21},{"not_picked":["Outmaneuver","Underhanded Strike","Prepared"],"picked":"SKIP","floor":23},{"not_picked":["Outmaneuver","Underhanded Strike","Prepared"],"picked":"SKIP","floor":23},{"not_picked":["Backstab","Masterful Stab"],"picked":"Dodge and Roll","floor":25},{"not_picked":["Phantasmal Killer","Prepared+1"],"picked":"Backstab+1","floor":27},{"not_picked":["Dash","Finisher","Dagger Spray"],"picked":"SKIP","floor":28},{"not_picked":["Unload","Venomology"],"picked":"Wraith Form v2","floor":33},{"not_picked":["Sucker Punch","Accuracy","Flying Knee"],"picked":"SKIP","floor":35},{"not_picked":["Flying Knee","Underhanded Strike","Storm of Steel"],"picked":"SKIP","floor":38},{"not_picked":["Acrobatics","Underhanded Strike"],"picked":"PiercingWail+1","floor":39}],"player_experience":1866368,"relics_obtained":[{"floor":9,"key":"StrikeDummy"},{"floor":10,"key":"Du-Vu Doll"},{"floor":12,"key":"Juzu Bracelet"},{"floor":23,"key":"Tiny Chest"},{"floor":26,"key":"Bag of Marbles"},{"floor":27,"key":"Mercury Hourglass"},{"floor":31,"key":"Gambling Chip"}],"event_choices":[{"damage_healed":0,"gold_gain":75,"player_choice":"Gather Gold","damage_taken":11,"max_hp_gain":0,"max_hp_loss":0,"event_name":"World of Goop","floor":4,"gold_loss":0},{"damage_healed":0,"gold_gain":0,"player_choice":"Ignored","damage_taken":0,"max_hp_gain":0,"max_hp_loss":0,"event_name":"Liars Game","floor":7,"gold_loss":0},{"damage_healed":0,"gold_gain":0,"player_choice":"Inject Mutagens","damage_taken":0,"relics_obtained":["MutagenicStrength"],"max_hp_gain":0,"max_hp_loss":0,"event_name":"Drug Dealer","floor":19,"gold_loss":0},{"cards_removed":["Venomology"],"damage_healed":13,"gold_gain":0,"player_choice":"Offered Rare","damage_taken":0,"max_hp_gain":10,"max_hp_loss":0,"event_name":"Bonfire Elementals","floor":20,"gold_loss":0},{"damage_healed":0,"gold_gain":0,"player_choice":"Obtained Relic","damage_taken":0,"relics_obtained":["Tough Bandages"],"max_hp_gain":0,"max_hp_loss":0,"event_name":"Addict","floor":22,"gold_loss":85},{"damage_healed":0,"gold_gain":0,"player_choice":"1 cards matched","damage_taken":0,"max_hp_gain":0,"max_hp_loss":0,"event_name":"Match and Keep!","floor":29,"gold_loss":0,"cards_obtained":["Leg Sweep"]},{"damage_healed":0,"gold_gain":0,"player_choice":"Max HP","damage_taken":0,"max_hp_gain":0,"max_hp_loss":4,"event_name":"Winding Halls","floor":36,"gold_loss":0}],"is_beta":false,"boss_relics":[{"not_picked":["Coffee Dripper","Astrolabe"],"picked":"Philosopher\u0027s Stone"},{"not_picked":["Ring of the Serpent","Tiny House"],"picked":"Velvet Choker"}],"items_purged_floors":[30],"is_endless":false,"potions_floor_spawned":[10,16,18,21,23,35,38],"killed_by":"Nemesis","ascension_level":20}}