{"host":"0cgp910o8339lr91","time":1609129852,"event":{"mods":["BaseMod","Colored Map","Filter the Spire","Minty Spire (QoL Compilation)","Relic Stats","Slay-I","ojb\u0027s Better Paths Mod","ojb\u0027s Info Mod"],"gold_per_floor":[110,121,135,135,151,181,191,226,305,68,85,85,116,191,191,293,293,308,308,308,308,308,334,334,360,387,287,317,327,354,373,373,469,469,487,338,357,374,229,255,255,290,317,317,317,332,332,363,363,363,363,363,67,96,96],"floor_reached":56,"playtime":7627,"items_purged":["PathToVictory","Writhe"],"score":1868,"play_id":"e4740821-8467-42c5-86be-b1a3dd3a1bbc","local_time":"20201228053052","is_ascension_mode":true,"campfire_choices":[{"data":"Wallop","floor":12.0,"key":"SMITH"},{"data":"Establishment","floor":15.0,"key":"SMITH"},{"data":"Omniscience","floor":24.0,"key":"SMITH"},{"data":"Wallop","floor":32.0,"key":"SMITH"},{"data":"TalkToTheHand","floor":41.0,"key":"SMITH"},{"floor":44.0,"key":"RECALL"},{"data":"Blasphemy","floor":49,"key":"SMITH"},{"data":"Omniscience","floor":52,"key":"SMITH"}],"circlet_count":0,"master_deck":["Eruption+1","Vigilance","Meditate","DeusExMachina","BattleHymn","Pray","Establishment+1","Conclude","Adaptation","MasterReality","Discovery","BattleHymn","DevaForm","Wallop+1","Flash of Steel","Protect+1","Blasphemy+1","Omniscience+1","ForeignInfluence+1","Bite","Bite","Bite","Bite+1","Bite","SpiritShield+1","LessonLearned","Crescendo+1","Wallop+1","Alpha","InnerPeace+1","Omniscience+1","DevaForm","Omniscience+1","TalkToTheHand+1","Wireheading","ClearTheMind","Weave+1","Vault","Secret Weapon","Forethought","Dramatic Entrance","BattleHymn+1","WheelKick+1"],"relics":["Kunai","Shuriken","Question Card","Dead Branch","Sozu","Akabeko","Orichalcum","Nloth\u0027s Gift","Letter Opener","Omamori","Nunchaku","Oddly Smooth Stone","Du-Vu Doll","SlaversCollar","DollysMirror","Orrery","Bronze Scales","Eternal Feather","Ornamental Fan","Bag of Preparation","Lantern","Pear"],"acts_visited":["Exordium","TheCity","TheBeyond","TheEnding"],"potions_floor_usage":[],"damage_taken":[{"damage":4.0,"enemies":"Jaw Worm","floor":1.0,"turns":3.0},{"damage":0.0,"enemies":"Cultist","floor":2.0,"turns":3.0},{"damage":0.0,"enemies":"Small Slimes","floor":3.0,"turns":2.0},{"damage":8.0,"enemies":"3 Louse","floor":5.0,"turns":2.0},{"damage":0.0,"enemies":"Lagavulin","floor":6.0,"turns":4.0},{"damage":0.0,"enemies":"Blue Slaver","floor":7.0,"turns":1.0},{"damage":22.0,"enemies":"3 Sentries","floor":8.0,"turns":4.0},{"damage":13.0,"enemies":"Looter","floor":11.0,"turns":3.0},{"damage":0.0,"enemies":"Lagavulin","floor":13.0,"turns":5.0},{"damage":0.0,"enemies":"Slime Boss","floor":16.0,"turns":5.0},{"damage":10.0,"enemies":"3 Byrds","floor":18.0,"turns":3.0},{"damage":23.0,"enemies":"Book of Stabbing","floor":23.0,"turns":4.0},{"damage":7.0,"enemies":"Gremlin Leader","floor":25.0,"turns":3.0},{"damage":20.0,"enemies":"Book of Stabbing","floor":28.0,"turns":5.0},{"damage":0.0,"enemies":"Shell Parasite","floor":29.0,"turns":4.0},{"damage":0.0,"enemies":"Gremlin Leader","floor":30.0,"turns":3.0},{"damage":0.0,"enemies":"Sentry and Sphere","floor":31.0,"turns":3.0},{"damage":9.0,"enemies":"Automaton","floor":33.0,"turns":6.0},{"damage":0.0,"enemies":"3 Darklings","floor":35.0,"turns":1.0},{"damage":9.0,"enemies":"Orb Walker","floor":37.0,"turns":2.0},{"damage":0.0,"enemies":"Jaw Worm Horde","floor":38.0,"turns":2.0},{"damage":5.0,"enemies":"Reptomancer","floor":40.0,"turns":4.0},{"damage":7.0,"enemies":"Giant Head","floor":42.0,"turns":5.0},{"damage":0.0,"enemies":"4 Shapes","floor":46.0,"turns":1.0},{"damage":15,"enemies":"Reptomancer","floor":48,"turns":2},{"damage":11,"enemies":"Awakened One","floor":50,"turns":6},{"damage":0,"enemies":"Shield and Spear","floor":54,"turns":2},{"damage":39,"enemies":"The Heart","floor":55,"turns":8}],"seed_played":"4592141314520890125","potions_obtained":[{"floor":1.0,"key":"GamblersBrew"},{"floor":5.0,"key":"StancePotion"},{"floor":7.0,"key":"Energy Potion"}],"is_trial":false,"path_per_floor":["M","M","M","?","M","E","M","E","T","$","M","R","E","?","R","B",null,"M","?","?","T","?","E","R","E","T","$","E","M","E","M","R","B",null,"M","$","M","M","$","E","R","E","T","R","?","M","?","E","R","B",null,"R","$","E","B",null],"character_chosen":"WATCHER","items_purchased":["Wallop","Flash of Steel","DollysMirror","Orrery","Bag of Preparation","Lantern"],"campfire_rested":0,"item_purchase_floors":[10,10,36,39,53,53],"current_hp_per_floor":[61,61,61,61,53,53,53,31,31,31,18,18,18,7,7,7,56,46,46,46,46,46,31,31,26,26,26,12,18,22,28,28,25,44,48,48,43,47,47,44,44,48,48,50,40,40,40,25,49,44,49,50,50,60,25],"gold":96,"neow_bonus":"BOSS_RELIC","is_daily":false,"chose_seed":false,"campfire_upgraded":7,"win_rate":0.0,"timestamp":1609129852,"path_taken":["M","M","M","?","M","E","M","E","T","?","M","R","E","?","R","BOSS","M","?","?","?","?","E","R","E","T","$","E","M","E","M","R","BOSS","M","$","M","?","$","E","R","E","T","R","?","M","?","E","R","BOSS","R","$","E","BOSS"],"items_purchased_type":["Card","Card","Relic","Relic","Relic","Relic"],"build_version":"2020-12-22","purchased_purges":2,"victory":true,"max_hp_per_floor":[72,72,72,72,72,72,72,72,72,72,72,72,72,72,72,72,72,72,72,50,50,50,50,50,50,50,50,50,50,50,50,50,50,50,50,50,50,50,50,50,50,50,50,50,50,50,50,50,50,50,50,50,50,60,60],"relic_stats":{"counters":[28,96],"Dead Branch":[227],"Eternal Feather":27,"Bag of Preparation":[5],"Letter Opener":[354],"Orichalcum":[54],"Question Card":27,"Sozu":8,"Nunchaku":[18],"Shuriken":[52],"Ornamental Fan":[80],"Bronze Scales":[81],"Nloth\u0027s Gift":9,"Kunai":[53],"obtain_stats":[{"Lantern":53,"Pear":54,"Dead Branch":13,"Oddly Smooth Stone":28,"Eternal Feather":42,"Omamori":25,"Bag of Preparation":53,"Letter Opener":23,"Orichalcum":21,"Question Card":9,"Akabeko":19,"Sozu":17,"Du-Vu Doll":30,"SlaversCollar":34,"Nunchaku":26,"Shuriken":8,"DollysMirror":36,"Ornamental Fan":48,"Bronze Scales":40,"Orrery":39,"Pandora\u0027s Box":0,"Nloth\u0027s Gift":22,"Kunai":6,"PureWater":0},{"Lantern":26,"Pear":27,"Dead Branch":9,"Oddly Smooth Stone":14,"Eternal Feather":23,"Omamori":13,"Bag of Preparation":26,"Letter Opener":12,"Orichalcum":11,"Question Card":7,"Akabeko":11,"Sozu":10,"Du-Vu Doll":16,"SlaversCollar":18,"Nunchaku":13,"Shuriken":7,"DollysMirror":19,"Ornamental Fan":25,"Bronze Scales":22,"Orrery":21,"Pandora\u0027s Box":0,"Nloth\u0027s Gift":11,"Kunai":5,"PureWater":0},{"Lantern":86,"Pear":88,"Dead Branch":27,"Oddly Smooth Stone":47,"Eternal Feather":77,"Omamori":42,"Bag of Preparation":86,"Letter Opener":39,"Orichalcum":35,"Question Card":19,"Akabeko":35,"Sozu":32,"Du-Vu Doll":54,"SlaversCollar":63,"Nunchaku":42,"Shuriken":19,"DollysMirror":64,"Ornamental Fan":80,"Bronze Scales":72,"Orrery":68,"Pandora\u0027s Box":0,"Nloth\u0027s Gift":35,"Kunai":14,"PureWater":0}]},"card_choices":[{"not_picked":["LikeWater","FearNoEvil","JustLucky"],"picked":"SKIP","floor":1.0},{"not_picked":["EmptyBody","Evaluate","FollowUp"],"picked":"SKIP","floor":2.0},{"not_picked":["Perseverance","Indignation","EmptyBody"],"picked":"SKIP","floor":3.0},{"not_picked":["Wireheading","BowlingBash"],"picked":"BattleHymn","floor":5.0},{"not_picked":["CutThroughFate","MentalFortress"],"picked":"DevaForm","floor":6.0},{"not_picked":["Prostrate","BowlingBash","Vengeance"],"picked":"SKIP","floor":7.0},{"not_picked":["Devotion","BowlingBash","FlurryOfBlows"],"picked":"SKIP","floor":8.0},{"not_picked":["FollowUp","ClearTheMind","Conclude"],"picked":"Protect","floor":11.0},{"not_picked":["Wireheading","SandsOfTime","FlyingSleeves"],"picked":"Blasphemy","floor":13.0},{"not_picked":["Vault","Judgement","MasterReality"],"picked":"Omniscience","floor":16.0},{"not_picked":["JustLucky+1","Evaluate","Perseverance"],"picked":"ForeignInfluence+1","floor":18.0},{"not_picked":["WaveOfTheHand+1","ThirdEye","Adaptation"],"picked":"SpiritShield","floor":23.0},{"not_picked":["Meditate","Sanctity","Devotion","Judgement"],"picked":"SKIP","floor":25.0},{"not_picked":["Protect","PathToVictory","DeusExMachina"],"picked":"LessonLearned","floor":28.0},{"not_picked":["WindmillStrike","BattleHymn","Nirvana"],"picked":"Crescendo+1","floor":29.0},{"not_picked":["Halt","Judgement","WaveOfTheHand+1","ClearTheMind"],"picked":"SKIP","floor":30.0},{"not_picked":["ThirdEye","Fasting2","FlurryOfBlows+1"],"picked":"Wallop","floor":31.0},{"not_picked":["Establishment","Vault","MasterReality"],"picked":"Alpha","floor":33.0},{"not_picked":["FlyingSleeves+1","CarveReality","SashWhip"],"picked":"InnerPeace+1","floor":35.0},{"not_picked":["FollowUp+1","CrushJoints+1","Consecrate"],"picked":"DevaForm","floor":37.0},{"not_picked":["JustLucky+1","Prostrate","ClearTheMind+1","FlyingSleeves+1"],"picked":"SKIP","floor":38.0},{"not_picked":["BattleHymn","Halt","Crescendo"],"picked":"Omniscience","floor":39.0},{"not_picked":["FlurryOfBlows","SashWhip","FollowUp+1"],"picked":"TalkToTheHand","floor":39.0},{"not_picked":["Prostrate","Study","ReachHeaven"],"picked":"Wireheading","floor":39.0},{"not_picked":["CrushJoints","EmptyBody","Establishment"],"picked":"ClearTheMind","floor":39.0},{"not_picked":["Indignation","FearNoEvil+1","JustLucky"],"picked":"Weave+1","floor":39.0},{"not_picked":["Scrawl","ClearTheMind+1","Sanctity","WreathOfFlame"],"picked":"SKIP","floor":40.0},{"not_picked":["Prostrate+1","Halt+1","Protect+1"],"picked":"Vault","floor":42.0},{"not_picked":["Bandage Up","Impatience","Purity"],"picked":"Secret Weapon","floor":45.0},{"not_picked":["Good Instincts","Mind Blast","Deep Breath"],"picked":"Forethought","floor":45.0},{"not_picked":["Good Instincts","Purity","Sadistic Nature"],"picked":"Dramatic Entrance","floor":45.0},{"not_picked":["Protect","Halt+1","CutThroughFate+1"],"picked":"BattleHymn+1","floor":46.0},{"not_picked":["ClearTheMind+1","FlurryOfBlows+1","Protect"],"picked":"WheelKick+1","floor":48},{"not_picked":["SashWhip","Halt+1","Crescendo","MasterReality"],"picked":"SKIP","floor":54}],"player_experience":1031351,"relics_obtained":[{"floor":6.0,"key":"Kunai"},{"floor":8.0,"key":"Shuriken"},{"floor":9.0,"key":"Question Card"},{"floor":13.0,"key":"Dead Branch"},{"floor":21.0,"key":"Orichalcum"},{"floor":23.0,"key":"Letter Opener"},{"floor":25.0,"key":"Omamori"},{"floor":26.0,"key":"Nunchaku"},{"floor":28.0,"key":"Oddly Smooth Stone"},{"floor":30.0,"key":"Du-Vu Doll"},{"floor":40.0,"key":"Bronze Scales"},{"floor":42.0,"key":"Eternal Feather"},{"floor":48,"key":"Ornamental Fan"},{"floor":54,"key":"Pear"}],"event_choices":[{"damage_healed":0.0,"max_hp_gain":0.0,"max_hp_loss":0.0,"gold_gain":0.0,"event_name":"Match and Keep!","player_choice":"2 cards matched","floor":4.0,"gold_loss":0.0,"damage_taken":0.0,"cards_obtained":["MasterReality","Discovery"]},{"damage_healed":0.0,"max_hp_gain":0.0,"max_hp_loss":0.0,"gold_gain":75.0,"event_name":"World of Goop","player_choice":"Gather Gold","floor":14.0,"gold_loss":0.0,"damage_taken":11.0},{"damage_healed":0.0,"max_hp_gain":0.0,"max_hp_loss":0.0,"gold_gain":0.0,"event_name":"The Mausoleum","player_choice":"Opened","floor":19.0,"gold_loss":0.0,"damage_taken":0.0,"relics_obtained":["Akabeko"],"cards_obtained":["Writhe"]},{"damage_healed":0.0,"max_hp_gain":0.0,"max_hp_loss":22.0,"gold_gain":0.0,"event_name":"Vampires","player_choice":"Became a vampire","floor":20.0,"gold_loss":0.0,"damage_taken":0.0,"cards_obtained":["Bite","Bite","Bite","Bite","Bite"]},{"damage_healed":0.0,"max_hp_gain":0.0,"max_hp_loss":0.0,"gold_gain":0.0,"event_name":"N\u0027loth","player_choice":"Traded Relic","floor":22.0,"relics_lost":["Pandora\u0027s Box"],"gold_loss":0.0,"damage_taken":0.0,"relics_obtained":["Nloth\u0027s Gift"]},{"damage_healed":0.0,"max_hp_gain":0.0,"max_hp_loss":0.0,"gold_gain":0.0,"event_name":"SensoryStone","player_choice":"Memory 3","floor":45.0,"gold_loss":0.0,"damage_taken":10.0},{"damage_healed":0.0,"max_hp_gain":0.0,"max_hp_loss":0.0,"gold_gain":0.0,"event_name":"Tomb of Lord Red Mask","player_choice":"Ignored","floor":47.0,"gold_loss":0.0,"damage_taken":0.0}],"is_beta":false,"boss_relics":[{"not_picked":["Philosopher\u0027s Stone","Cursed Key"],"picked":"Sozu"},{"not_picked":["SacredBark","Runic Dome"],"picked":"SlaversCollar"}],"items_purged_floors":[10,27],"is_endless":false,"potions_floor_spawned":[1,5,7,11,16,25,28,31,33,38,42,48,54],"ascension_level":6}}