{"host":"zt8a6xk8zi449pm4","time":1609120131,"event":{"mods":["AchievementEnabler","Aspiration","BaseMod","Conspire","Energized Spire","Infinite Spire","Minty Spire (QoL Compilation)","Rare Cards Sparkle","Relic Stats","Replay The Spire","StSLib"],"gold_per_floor":[116,126,145,145,160,189,204,279,333,367,367,16,33,43,43,141,141,157,172,183,183,183,183,183,183,183,216,232,243,261,280,280,377,377,377,29,63,159],"floor_reached":39,"playtime":3638,"items_purged":["Strike_B"],"score":713,"play_id":"49f84baa-1e44-4f41-99df-d90f03dc74b7","local_time":"20201228014851","is_ascension_mode":false,"campfire_choices":[{"floor":11,"key":"REST"},{"floor":15,"key":"REST"},{"floor":23,"key":"REST"},{"data":"infinitespire:UltimateForm","floor":25,"key":"SMITH"},{"floor":32,"key":"REST"},{"data":"Crystallizer","floor":35,"key":"SMITH"}],"circlet_count":0,"master_deck":["Strike_B","Strike_B","Strike_B","Defend_B","Defend_B","Defend_B","Defend_B","Zap","Dualcast","Gash","Genetic Algorithm","Beam Cell","Go for the Eyes","Leap","FTL","ReplayTheSpireMod:Calculation Training","Hologram","Steam","Genetic Algorithm","Go for the Eyes","Redo+1","Beam Cell","BootSequence","Go for the Eyes","J.A.X.","Defragment","infinitespire:UltimateForm+1","Crystallizer+1","Beam Cell","Scrape","Panic Button","ReplayTheSpireMod:Repulse","Turbo+1","Turbo","Beam Cell","Beam Cell","ReplayTheSpireMod:Calculation Training","Echo Form","Creative AI"],"relics":["Cracked Core","aspiration:Nostalgia","infinitespire:DarkRift","Oddly Smooth Stone","ReplayTheSpireMod:Shallot","Happy Flower","ReplayTheSpireMod:Ninjato","Membership Card","infinitespire:FocusingShard","conspire:SpecialSausage","Prayer Wheel","infinitespire:CursedDice","Solar Panel","Pet Ghost","conspire:RunicOctahedron","Torii","TungstenRod","conspire:DecoderRing"],"acts_visited":["Exordium","TheCity","TheEnding"],"potions_floor_usage":[6,16,16,27,27,37,37,38],"damage_taken":[{"damage":0,"enemies":"Small Slimes","floor":1,"turns":2},{"damage":6,"enemies":"Jaw Worm","floor":2,"turns":3},{"damage":0,"enemies":"2 Louse","floor":3,"turns":3},{"damage":1,"enemies":"2 Fungi Beasts","floor":5,"turns":4},{"damage":22,"enemies":"Lagavulin","floor":6,"turns":7},{"damage":5,"enemies":"Exordium Wildlife","floor":7,"turns":4},{"damage":4,"enemies":"Gremlin Nob","floor":10,"turns":4},{"damage":0,"enemies":"Looter","floor":13,"turns":2},{"damage":0,"enemies":"3 Louse","floor":14,"turns":3},{"damage":52,"enemies":"Fading Forest","floor":16,"turns":11},{"damage":7,"enemies":"Shell Parasite","floor":18,"turns":5},{"damage":8,"enemies":"2 Thieves","floor":19,"turns":4},{"damage":20,"enemies":"Shelled Parasite and Fungi","floor":20,"turns":4},{"damage":27,"enemies":"Nightmare","floor":27,"turns":6},{"damage":3,"enemies":"Centurion and Healer","floor":28,"turns":6},{"damage":10,"enemies":"Snake Plant","floor":29,"turns":5},{"damage":8,"enemies":"Snecko","floor":30,"turns":4},{"damage":18,"enemies":"Sentry and Sphere","floor":31,"turns":5},{"damage":10,"enemies":"conspire:MysteriousRune","floor":33,"turns":3},{"damage":20,"enemies":"Shield and Spear","floor":37,"turns":6},{"damage":75,"enemies":"The Heart","floor":38,"turns":8}],"seed_played":"-1391167766570387605","potions_obtained":[{"floor":1,"key":"Venom Potion"},{"floor":6,"key":"Explosive Potion"},{"floor":10,"key":"Explosive Potion"},{"floor":16,"key":"Energy Potion"},{"floor":20,"key":"Venom Potion"},{"floor":27,"key":"SpeedPotion"},{"floor":29,"key":"BlessingOfTheForge"},{"floor":30,"key":"ColorlessPotion"},{"floor":37,"key":"Strength Potion"}],"is_trial":false,"path_per_floor":["M","M","M","?","M","E","M","?","T","E","R","$","M","M","R","B",null,"M","M","M","?","?","R","AVR","R","T","NM","M","M","M","M","R","B",null,"R","$","E","B",null],"character_chosen":"DEFECT","items_purchased":["Membership Card","FTL","ReplayTheSpireMod:Calculation Training","infinitespire:FocusingShard","Beam Cell","ReplayTheSpireMod:Calculation Training","Torii","TungstenRod"],"campfire_rested":4,"item_purchase_floors":[12,12,12,12,36,36,36,36],"current_hp_per_floor":[75,69,69,69,75,53,48,37,37,33,55,55,55,55,75,31,75,68,60,40,40,40,62,62,62,62,37,36,28,32,16,38,30,75,75,75,57,29],"gold":159,"neow_bonus":"NOSTALGIA","is_daily":false,"chose_seed":false,"campfire_upgraded":2,"win_rate":0.0,"timestamp":1609120131,"path_taken":["M","M","M","?","M","E","M","?","T","E","R","$","M","M","R","BOSS","M","M","M","?","?","R","AVR","R","T","NM","M","M","?","M","R","BOSS","R","$","E","BOSS"],"items_purchased_type":["Relic","Card","Card","Relic","Card","Card","Relic","Relic"],"build_version":"2020-12-22","purchased_purges":1,"victory":true,"max_hp_per_floor":[75,75,75,75,75,75,75,75,75,75,75,75,75,75,75,75,75,75,75,75,75,75,75,75,75,75,75,75,75,75,75,75,75,75,75,75,75,75],"relic_stats":{"Happy Flower":[25],"Torii":9,"counters":[21,99],"Prayer Wheel":7,"obtain_stats":[{"Solar Panel":26,"ReplayTheSpireMod:Ninjato":10,"Happy Flower":9,"Torii":36,"aspiration:Nostalgia":0,"infinitespire:CursedDice":24,"Oddly Smooth Stone":4,"conspire:SpecialSausage":17,"conspire:RunicOctahedron":34,"infinitespire:FocusingShard":12,"Pet Ghost":27,"infinitespire:DarkRift":0,"ReplayTheSpireMod:Shallot":6,"conspire:DecoderRing":37,"Prayer Wheel":18,"Membership Card":12,"Cracked Core":0,"TungstenRod":36},{"Solar Panel":13,"ReplayTheSpireMod:Ninjato":7,"Happy Flower":6,"Torii":19,"aspiration:Nostalgia":0,"infinitespire:CursedDice":13,"Oddly Smooth Stone":3,"conspire:SpecialSausage":10,"conspire:RunicOctahedron":19,"infinitespire:FocusingShard":7,"Pet Ghost":14,"infinitespire:DarkRift":0,"ReplayTheSpireMod:Shallot":5,"conspire:DecoderRing":20,"Prayer Wheel":11,"Membership Card":7,"Cracked Core":0,"TungstenRod":19},{"Solar Panel":56,"ReplayTheSpireMod:Ninjato":27,"Happy Flower":23,"Torii":85,"aspiration:Nostalgia":0,"infinitespire:CursedDice":56,"Oddly Smooth Stone":8,"conspire:SpecialSausage":43,"conspire:RunicOctahedron":85,"infinitespire:FocusingShard":27,"Pet Ghost":62,"infinitespire:DarkRift":0,"ReplayTheSpireMod:Shallot":19,"conspire:DecoderRing":91,"Prayer Wheel":44,"Membership Card":27,"Cracked Core":0,"TungstenRod":85}],"TungstenRod":39},"card_choices":[{"not_picked":["Rebound","Stack"],"picked":"Gash","floor":1},{"not_picked":["BasicCrystalCard","Crystallizer"],"picked":"Genetic Algorithm","floor":2},{"not_picked":["Electrodynamics","Turbo"],"picked":"Beam Cell","floor":3},{"not_picked":["Chill","Sweeping Beam"],"picked":"Go for the Eyes","floor":5},{"not_picked":["Sweeping Beam","ReplayTheSpireMod:System Scan"],"picked":"Leap","floor":6},{"not_picked":["Amplify","Cold Snap","Compile Driver"],"picked":"SKIP","floor":7},{"not_picked":["Static Discharge","Cold Snap","Ball Lightning"],"picked":"SKIP","floor":10},{"not_picked":["BasicCrystalCard","Ball Lightning"],"picked":"Hologram","floor":13},{"not_picked":["Buffer","Panic Button"],"picked":"Steam","floor":14},{"not_picked":["Reboot","Multi-Cast"],"picked":"ReplayTheSpireMod:Fabricate Wheel","floor":16},{"not_picked":["ReplayTheSpireMod:Reroute Power+1","Conserve Battery"],"picked":"Genetic Algorithm","floor":18},{"not_picked":["Aggregate+1","Rip and Tear+1"],"picked":"Go for the Eyes","floor":18},{"not_picked":["Stack","Compile Driver"],"picked":"Redo+1","floor":19},{"not_picked":["conspire:SharedLibrary+1","Streamline"],"picked":"Beam Cell","floor":19},{"not_picked":["Stack","Coolheaded"],"picked":"BootSequence","floor":20},{"not_picked":["Melter","BasicCrystalCard"],"picked":"Go for the Eyes","floor":20},{"not_picked":["Hologram","BasicCrystalCard"],"picked":"Crystallizer","floor":27},{"not_picked":["Sweeping Beam+1","Chaos+1"],"picked":"Beam Cell","floor":28},{"not_picked":["Cold Snap","Rainbow"],"picked":"Scrape","floor":28},{"not_picked":["ReplayTheSpireMod:GoodbyeWorld","Auto Shields"],"picked":"Panic Button","floor":29},{"not_picked":["Sweeping Beam","Streamline","Coolheaded"],"picked":"SKIP","floor":29},{"not_picked":["Barrage","Sweeping Beam"],"picked":"ReplayTheSpireMod:Repulse","floor":30},{"not_picked":["Hologram+1","Steam"],"picked":"Turbo+1","floor":30},{"not_picked":["Sunder","Redo+1"],"picked":"Turbo","floor":31},{"not_picked":["Storm+1","Conserve Battery","ReplaySolidLightProjector"],"picked":"SKIP","floor":31},{"not_picked":["Coolheaded","FIFO Queue"],"picked":"Echo Form","floor":37},{"not_picked":["Thunder Strike","Hyperbeam"],"picked":"Creative AI","floor":38}],"player_experience":272140,"relics_obtained":[{"floor":4,"key":"Oddly Smooth Stone"},{"floor":6,"key":"ReplayTheSpireMod:Shallot"},{"floor":9,"key":"Happy Flower"},{"floor":10,"key":"ReplayTheSpireMod:Ninjato"},{"floor":26,"key":"Solar Panel"},{"floor":27,"key":"Pet Ghost"},{"floor":37,"key":"conspire:DecoderRing"}],"event_choices":[{"damage_healed":0,"gold_gain":75,"player_choice":"Gather Gold","damage_taken":11,"max_hp_gain":0,"max_hp_loss":0,"event_name":"World of Goop","floor":8,"gold_loss":0},{"damage_healed":0,"gold_gain":0,"player_choice":"Obtain J.A.X.","damage_taken":0,"max_hp_gain":0,"max_hp_loss":0,"event_name":"Drug Dealer","floor":21,"gold_loss":0,"cards_obtained":["J.A.X."]},{"damage_healed":0,"gold_gain":0,"player_choice":"Read","damage_taken":0,"max_hp_gain":0,"max_hp_loss":0,"event_name":"The Library","floor":22,"gold_loss":0,"cards_obtained":["Defragment"]}],"is_beta":false,"boss_relics":[{"not_picked":["energizedSpire:StickyHand","infinitespire:Cupcake"],"picked":"conspire:SpecialSausage"},{"not_picked":["aspiration:Stellarator","Busted Crown"],"picked":"conspire:RunicOctahedron"}],"items_purged_floors":[24],"is_endless":true,"potions_floor_spawned":[1,6,10,16,20,27,29,30,37],"ascension_level":0}}