{"host":"i2dzm7mf0pic4rds","time":1609177316,"event":{"mods":["BaseMod","Minty Spire (QoL Compilation)","Permanent Neow","Quick Restart","StSLib"],"gold_per_floor":[110,43,43,58,75,75,3,3,54,54,54,54,4,21,21,117,167,183,200,300,225,241,241,258,269,295,295,60,75,75,87,87,189,189,202,202,215,215,227,227,24,24,24,41,52,52,63,63,63,63],"floor_reached":51,"playtime":3121,"items_purged":["Strike_B","Defend_B"],"score":689,"play_id":"41369947-0904-4e3e-8d81-d9267af33124","local_time":"20201228184156","daily_mods":["Heirloom"],"is_ascension_mode":false,"campfire_choices":[{"data":"Machine Learning","floor":6,"key":"SMITH"},{"data":"Defragment","floor":8,"key":"SMITH"},{"data":"Zap","floor":12,"key":"SMITH"},{"data":"Hologram","floor":15,"key":"SMITH"},{"data":"Fusion","floor":23,"key":"SMITH"},{"data":"Capacitor","floor":32,"key":"SMITH"},{"data":"Seek","floor":40,"key":"SMITH"},{"data":"Ghostly","floor":42,"key":"SMITH"},{"floor":49,"key":"REST"}],"circlet_count":0,"master_deck":["Defend_B","Defend_B","Defend_B","Zap+1","Dualcast+1","Glacier","Loop+1","Leap","Machine Learning+1","Defragment+1","Hologram+1","Electrodynamics","Steam","Fusion+1","Capacitor+1","Go for the Eyes","Conserve Battery","Hello World","Capacitor","Coolheaded","Hologram+1","Ghostly+1","Ghostly","Ghostly","Ghostly","Ghostly","Fusion+1","Seek+1","Darkness","Capacitor+1","Parasite","Compile Driver+1","Skim","Creative AI","Defragment","Writhe"],"relics":["Cracked Core","Ice Cream","Smiling Mask","Pantograph","Tiny House","Blood Vial","ClockworkSouvenir","Philosopher\u0027s Stone","TheAbacus","Girya"],"acts_visited":["Exordium","TheCity","TheBeyond"],"potions_floor_usage":[16,25,25,33,45,50,50,50],"damage_taken":[{"damage":3,"enemies":"Jaw Worm","floor":1,"turns":4},{"damage":0,"enemies":"Cultist","floor":4,"turns":5},{"damage":0,"enemies":"Small Slimes","floor":5,"turns":3},{"damage":1,"enemies":"Looter","floor":14,"turns":3},{"damage":1,"enemies":"The Guardian","floor":16,"turns":11},{"damage":17,"enemies":"3 Byrds","floor":18,"turns":4},{"damage":15,"enemies":"2 Thieves","floor":19,"turns":3},{"damage":0,"enemies":"Snecko","floor":22,"turns":8},{"damage":2,"enemies":"Cultist and Chosen","floor":24,"turns":7},{"damage":6,"enemies":"Snake Plant","floor":25,"turns":3},{"damage":4,"enemies":"3 Cultists","floor":29,"turns":3},{"damage":0,"enemies":"Snecko","floor":31,"turns":7},{"damage":26,"enemies":"Automaton","floor":33,"turns":10},{"damage":0,"enemies":"3 Darklings","floor":35,"turns":6},{"damage":7,"enemies":"Orb Walker","floor":37,"turns":6},{"damage":0,"enemies":"Writhing Mass","floor":39,"turns":7},{"damage":22,"enemies":"Jaw Worm Horde","floor":44,"turns":6},{"damage":10,"enemies":"Sphere and 2 Shapes","floor":45,"turns":5},{"damage":2,"enemies":"4 Shapes","floor":47,"turns":6},{"damage":22,"enemies":"Time Eater","floor":50,"turns":11}],"seed_played":"2484482003373010834","potions_obtained":[{"floor":5,"key":"BlessingOfTheForge"},{"floor":14,"key":"AttackPotion"},{"floor":16,"key":"FocusPotion"},{"floor":17,"key":"CultistPotion"},{"floor":18,"key":"Swift Potion"},{"floor":31,"key":"PowerPotion"},{"floor":33,"key":"Ancient Potion"},{"floor":44,"key":"GamblersBrew"},{"floor":45,"key":"SpeedPotion"}],"is_trial":true,"path_per_floor":["M","$","?","M","M","R","$","R","T","?","T","R","$","M","R","B",null,"M","M","?","$","M","R","M","M","T","?","$","M","?","M","R","B",null,"M","$","M","?","M","R","$","R","T","M","M","?","M","?","R","B",null],"character_chosen":"DEFECT","items_purchased":["Loop","Defragment","Capacitor","ClockworkSouvenir","Capacitor","Coolheaded","TheAbacus"],"campfire_rested":1,"item_purchase_floors":[2,7,21,28,28,28,41],"current_hp_per_floor":[72,72,72,72,72,72,72,72,72,72,72,72,72,71,71,74,80,63,48,48,48,48,48,46,40,40,40,40,38,38,40,40,14,40,40,40,33,33,35,35,35,35,35,15,7,7,7,17,29,18],"gold":63,"neow_bonus":"","is_daily":false,"chose_seed":false,"campfire_upgraded":8,"win_rate":0.0,"timestamp":1609177316,"path_taken":["M","$","?","M","M","R","?","R","T","?","?","R","$","M","R","BOSS","M","?","?","?","M","R","M","M","T","?","$","?","?","M","R","BOSS","M","$","M","?","M","R","$","R","T","M","M","?","?","?","R","BOSS"],"items_purchased_type":["Card","Card","Card","Relic","Card","Card","Relic"],"build_version":"2020-12-22","purchased_purges":2,"victory":true,"max_hp_per_floor":[75,75,75,75,75,75,75,75,75,75,75,75,75,75,75,75,80,80,80,80,80,80,80,80,80,80,80,80,80,40,40,40,40,40,40,40,40,40,40,40,40,40,40,40,40,40,40,40,40,40],"card_choices":[{"not_picked":["Steam","Blizzard"],"picked":"Glacier","floor":1},{"not_picked":["Rebound","Redo"],"picked":"Leap","floor":4},{"not_picked":["FTL","Rip and Tear"],"picked":"Machine Learning","floor":5},{"not_picked":["Beam Cell","Recycle"],"picked":"Hologram","floor":14},{"not_picked":["Seek","Creative AI"],"picked":"Electrodynamics","floor":16},{"not_picked":["Gash+1","Auto Shields"],"picked":"Steam","floor":18},{"not_picked":["Cold Snap","Leap"],"picked":"Fusion","floor":19},{"not_picked":["Barrage","Streamline+1"],"picked":"Go for the Eyes","floor":22},{"not_picked":["Recycle","Leap"],"picked":"Conserve Battery","floor":24},{"not_picked":["Steam","Reboot"],"picked":"Hello World","floor":25},{"not_picked":["Compile Driver","Streamline"],"picked":"Hologram+1","floor":29},{"not_picked":["Reprogram","Rebound"],"picked":"Fusion+1","floor":31},{"not_picked":["Rainbow","Fission"],"picked":"Seek","floor":33},{"not_picked":["Coolheaded","Steam Power"],"picked":"Darkness","floor":35},{"not_picked":["Scrape","Go for the Eyes"],"picked":"Capacitor+1","floor":37},{"not_picked":["Conserve Battery","Turbo+1"],"picked":"Compile Driver+1","floor":39},{"not_picked":["Ball Lightning","Gash+1"],"picked":"Skim","floor":44},{"not_picked":["Leap","White Noise+1"],"picked":"Creative AI","floor":45},{"not_picked":["Stack+1","Hologram+1"],"picked":"Defragment","floor":47}],"player_experience":131035,"relics_obtained":[{"floor":9,"key":"Smiling Mask"},{"floor":11,"key":"Pantograph"},{"floor":26,"key":"Blood Vial"},{"floor":43,"key":"Girya"}],"event_choices":[{"cards_removed":["Strike_B"],"damage_healed":0,"gold_gain":0,"player_choice":"Purged","damage_taken":0,"max_hp_gain":0,"max_hp_loss":0,"event_name":"Purifier","floor":3,"gold_loss":0},{"damage_healed":0,"gold_gain":0,"player_choice":"Grow","damage_taken":0,"max_hp_gain":0,"max_hp_loss":0,"event_name":"Living Wall","floor":10,"gold_loss":0,"cards_upgraded":["Loop"]},{"damage_healed":0,"gold_gain":100,"player_choice":"Pray","damage_taken":0,"max_hp_gain":0,"max_hp_loss":0,"event_name":"Golden Shrine","floor":20,"gold_loss":0},{"cards_removed":["Strike_B"],"damage_healed":0,"gold_gain":0,"player_choice":"Offered Basic","damage_taken":0,"max_hp_gain":0,"max_hp_loss":0,"event_name":"Bonfire Elementals","floor":27,"gold_loss":0},{"damage_healed":0,"gold_gain":0,"player_choice":"Became a Ghost","damage_taken":0,"max_hp_gain":0,"max_hp_loss":40,"event_name":"Ghosts","floor":30,"gold_loss":0,"cards_obtained":["Ghostly","Ghostly","Ghostly","Ghostly","Ghostly"]},{"cards_removed":["Strike_B"],"damage_healed":0,"gold_gain":0,"player_choice":"Removed Attack","damage_taken":0,"max_hp_gain":0,"max_hp_loss":0,"event_name":"Falling","floor":38,"gold_loss":0},{"damage_healed":0,"gold_gain":0,"player_choice":"Ignored","damage_taken":0,"max_hp_gain":0,"max_hp_loss":0,"event_name":"SecretPortal","floor":46,"gold_loss":0},{"damage_healed":10,"gold_gain":0,"player_choice":"Writhe","damage_taken":0,"max_hp_gain":0,"max_hp_loss":0,"event_name":"Winding Halls","floor":48,"gold_loss":0,"cards_obtained":["Writhe"]}],"is_beta":false,"boss_relics":[{"not_picked":["Calling Bell","Runic Dome"],"picked":"Tiny House"},{"not_picked":["Pandora\u0027s Box","Cursed Key"],"picked":"Philosopher\u0027s Stone"}],"items_purged_floors":[13,41],"is_endless":false,"potions_floor_spawned":[5,14,16,18,19,31,33,44,45],"ascension_level":0}}