{"host":"h5golg54dem4i27y","time":1609130846,"event":{"mods":["BaseMod","Colored Map","Colored Powertips","Minty Spire (QoL Compilation)","Replay The Spire","StSLib","SuperFastMode","The Hierophant"],"gold_per_floor":[114,114,39,39,55,82,82,82,82,94,90,90,149,149,149,154,154,172,183,123,137,171,171,151,149,149,149,183,82,97,115,115,218,218,203,203,154,172,166,166,158,158,182,178,78,99,321,360,360,310],"floor_reached":51,"playtime":1393,"items_purged":["hierophant:Punish","hierophant:FaithHealing"],"score":1071,"play_id":"b0d80b9c-3331-4e5c-8650-ca339b2976b0","local_time":"20201228134726","is_ascension_mode":true,"campfire_choices":[{"data":"hierophant:ChurchCoffers","floor":7.0,"key":"SMITH"},{"floor":15.0,"key":"REST"},{"data":"hierophant:Kindle","floor":23.0,"key":"SMITH"},{"data":"hierophant:Chorus","floor":32.0,"key":"SMITH"},{"data":"hierophant:Kindle","floor":40.0,"key":"SMITH"},{"data":"hierophant:Doomsaying","floor":42.0,"key":"SMITH"},{"floor":49,"key":"DIG"}],"circlet_count":0,"master_deck":["hierophant:ChurchCoffers+1","hierophant:SolarFlare","hierophant:Doomsaying+1","hierophant:FlamingChariot+1","hierophant:DisplayOfPower+1","hierophant:Kindle+1","hierophant:Chorus+1","hierophant:HammerAndAnvil+1","hierophant:Kindle+1","hierophant:Doubloon+1"],"relics":["hierophant:PropheticMaskRelic","NeowsBlessing","Happy Flower","Molten Egg 2","Vajra","StoneCalendar","Replay:Accelerometer","Pandora\u0027s Box","Red Mask","Ornamental Fan","Pantograph","Smiling Mask","SacredBark","hierophant:DonationBoxRelic","Blue Doll","Meat on the Bone","ReplayTheSpireMod:Lightbulb"],"acts_visited":["Exordium","TheCity","TheBeyond"],"potions_floor_usage":[50,50,50],"damage_taken":[{"damage":0.0,"enemies":"Jaw Worm","floor":1.0,"turns":1.0},{"damage":0.0,"enemies":"Small Slimes","floor":5.0,"turns":1.0},{"damage":0.0,"enemies":"Lagavulin","floor":6.0,"turns":1.0},{"damage":0.0,"enemies":"2 Louse","floor":10.0,"turns":3.0},{"damage":9.0,"enemies":"3 Sentries","floor":11.0,"turns":10.0},{"damage":0.0,"enemies":"3 Sentries","floor":13.0,"turns":7.0},{"damage":62.0,"enemies":"Hexaghost","floor":16.0,"turns":8.0},{"damage":12.0,"enemies":"3 Byrds","floor":18.0,"turns":3.0},{"damage":0.0,"enemies":"Spheric Guardian","floor":19.0,"turns":2.0},{"damage":0.0,"enemies":"Shelled Parasite and Fungi","floor":21.0,"turns":1.0},{"damage":0.0,"enemies":"Masked Bandits","floor":22.0,"turns":2.0},{"damage":0.0,"enemies":"Centurion and Healer","floor":24.0,"turns":1.0},{"damage":4.0,"enemies":"Book of Stabbing","floor":25.0,"turns":2.0},{"damage":0.0,"enemies":"Slavers","floor":28.0,"turns":2.0},{"damage":0.0,"enemies":"Cultist and Chosen","floor":30.0,"turns":2.0},{"damage":0.0,"enemies":"Sentry and Sphere","floor":31.0,"turns":1.0},{"damage":0.0,"enemies":"Automaton","floor":33.0,"turns":2.0},{"damage":0.0,"enemies":"Orb Walker","floor":35.0,"turns":1.0},{"damage":0.0,"enemies":"3 Shapes","floor":37.0,"turns":3.0},{"damage":0.0,"enemies":"3 Darklings","floor":38.0,"turns":2.0},{"damage":0.0,"enemies":"4 Shapes","floor":39.0,"turns":3.0},{"damage":0.0,"enemies":"Reptomancer","floor":41.0,"turns":1.0},{"damage":0,"enemies":"Transient","floor":44,"turns":4},{"damage":0,"enemies":"Maw","floor":46,"turns":2},{"damage":2,"enemies":"R_Hoarder","floor":48,"turns":3},{"damage":0,"enemies":"Awakened One","floor":50,"turns":3}],"seed_played":"6602477395675443009","potions_obtained":[{"floor":6.0,"key":"Fire Potion"},{"floor":10.0,"key":"Swift Potion"},{"floor":11.0,"key":"SpeedPotion"},{"floor":19.0,"key":"AttackPotion"},{"floor":22.0,"key":"SmokeBomb"},{"floor":24.0,"key":"PowerPotion"},{"floor":28.0,"key":"Swift Potion"},{"floor":31.0,"key":"SpeedPotion"},{"floor":39.0,"key":"BlessingOfTheForge"},{"floor":44,"key":"Toxic Potion"}],"is_trial":false,"path_per_floor":["M","?","$","?","M","E","R","$","T","M","E","?","?","T","R","B",null,"M","M","?","M","?","R","M","E","T","?","E","$","M","M","R","B",null,"M","?","M","M","M","R","E","R","T","M","$","M","?","E","R_BF","B",null],"character_chosen":"HIEROPHANT","items_purchased":["PowerPotion","Block Potion","Weak Potion"],"campfire_rested":1,"item_purchase_floors":[29,45,45],"current_hp_per_floor":[75,68,68,68,68,68,68,68,68,68,59,44,44,44,66,4,75,63,63,63,63,63,63,63,59,59,75,75,75,75,75,75,75,75,75,75,75,75,75,75,75,75,75,75,75,75,75,73,73,75],"gold":310,"neow_bonus":"THREE_ENEMY_KILL","is_daily":false,"chose_seed":false,"campfire_upgraded":5,"win_rate":0.0,"timestamp":1609130846,"path_taken":["M","?","$","?","M","E","R","$","T","M","E","?","?","?","R","BOSS","M","M","?","?","?","R","M","E","T","?","E","$","M","?","R","BOSS","M","?","M","?","M","R","E","R","T","M","$","M","?","E","R_BF","BOSS"],"items_purchased_type":["Potion","Potion","Potion"],"build_version":"2020-12-22","purchased_purges":2,"victory":true,"max_hp_per_floor":[75,75,75,75,75,75,75,75,75,75,75,75,75,75,75,75,75,75,75,75,75,75,75,75,75,75,75,75,75,75,75,75,75,75,75,75,75,75,75,75,75,75,75,75,75,75,75,75,75,75],"card_choices":[{"not_picked":["hierophant:Zeal","hierophant:FlamingChariot","hierophant:Shelter"],"picked":"SKIP","floor":1.0},{"not_picked":["hierophant:RustyCrate","hierophant:Doubloon","hierophant:Embezzle"],"picked":"SKIP","floor":5.0},{"not_picked":["hierophant:ConvertCurrency","hierophant:Patience"],"picked":"hierophant:SolarFlare","floor":6.0},{"not_picked":["hierophant:Bribe","hierophant:Shelter","hierophant:Flagellation"],"picked":"SKIP","floor":10.0},{"not_picked":["hierophant:Cornucopia","hierophant:CursedGold","hierophant:CoinFling+1"],"picked":"SKIP","floor":11.0},{"not_picked":["hierophant:Empathy","hierophant:FlamingChariot+1","hierophant:Doubloon"],"picked":"SKIP","floor":18.0},{"not_picked":["hierophant:RecallFunds","hierophant:Repentance","hierophant:AuricBeam+1"],"picked":"SKIP","floor":19.0},{"not_picked":["hierophant:OrnateBuckler","hierophant:Mercenaries+1","hierophant:Rebuild"],"picked":"SKIP","floor":21.0},{"not_picked":["hierophant:Alms","hierophant:OrnateJavelin+1"],"picked":"hierophant:Chorus","floor":22.0},{"not_picked":["hierophant:DisplayOfPower+1","hierophant:Upheaval+1","hierophant:Doubloon"],"picked":"SKIP","floor":24.0},{"not_picked":["hierophant:Dazzle+1","hierophant:PassingBell+1"],"picked":"hierophant:HammerAndAnvil+1","floor":25.0},{"not_picked":["hierophant:Shelter","hierophant:Racketeering","hierophant:Anathema+1"],"picked":"SKIP","floor":28.0},{"not_picked":["hierophant:FlamingChariot+1","hierophant:Endure","hierophant:Doubloon"],"picked":"SKIP","floor":30.0},{"not_picked":["hierophant:Smite+1","hierophant:Endure+1","hierophant:Upheaval+1"],"picked":"SKIP","floor":31.0},{"not_picked":["hierophant:Determination","hierophant:Invocation"],"picked":"hierophant:Kindle","floor":33.0},{"not_picked":["hierophant:RustyCrate+1","hierophant:Endure+1","hierophant:Racketeering"],"picked":"SKIP","floor":35.0},{"not_picked":["hierophant:ThreeLashes+1","hierophant:Zeal+1","hierophant:RustyCrate"],"picked":"SKIP","floor":37.0},{"not_picked":["hierophant:AuricBeam+1","hierophant:Refuge","hierophant:DisplayOfPower+1"],"picked":"SKIP","floor":38.0},{"not_picked":["hierophant:Patience+1","hierophant:RepressedViolence+1","hierophant:OrnateBuckler"],"picked":"SKIP","floor":39.0},{"not_picked":["hierophant:Remorse+1","hierophant:HolyVerse+1","hierophant:FieryStrike+1"],"picked":"SKIP","floor":41.0},{"not_picked":["hierophant:Cornucopia","hierophant:Doubloon+1","hierophant:Shelter+1"],"picked":"SKIP","floor":44},{"not_picked":["hierophant:Cornucopia","hierophant:Shelter+1"],"picked":"hierophant:Doubloon+1","floor":44},{"not_picked":["hierophant:Levitation","hierophant:MorningPrayer+1","hierophant:FieryStrike+1"],"picked":"SKIP","floor":46},{"not_picked":["hierophant:OrnateJavelin+1","hierophant:Determination","hierophant:Empathy+1"],"picked":"SKIP","floor":48},{"not_picked":["hierophant:OrnateJavelin+1","hierophant:Determination","hierophant:Empathy+1"],"picked":"SKIP","floor":48}],"player_experience":631357,"relics_obtained":[{"floor":6.0,"key":"Happy Flower"},{"floor":9.0,"key":"Molten Egg 2"},{"floor":11.0,"key":"Vajra"},{"floor":14.0,"key":"Replay:Accelerometer"},{"floor":22.0,"key":"Red Mask"},{"floor":25.0,"key":"Ornamental Fan"},{"floor":26.0,"key":"Pantograph"},{"floor":28.0,"key":"Smiling Mask"},{"floor":41.0,"key":"hierophant:DonationBoxRelic"},{"floor":43.0,"key":"Blue Doll"},{"floor":48,"key":"Meat on the Bone"},{"floor":49,"key":"ReplayTheSpireMod:Lightbulb"}],"event_choices":[{"cards_removed":["hierophant:Strike_Hierophant"],"damage_healed":0.0,"max_hp_gain":0.0,"max_hp_loss":0.0,"gold_gain":0.0,"event_name":"Golden Wing","player_choice":"Card Removal","floor":2.0,"gold_loss":0.0,"damage_taken":7.0},{"cards_removed":["hierophant:Defend_Hierophant"],"damage_healed":0.0,"max_hp_gain":0.0,"max_hp_loss":0.0,"gold_gain":0.0,"event_name":"Living Wall","player_choice":"Forget","floor":4.0,"gold_loss":0.0,"damage_taken":0.0},{"damage_healed":0.0,"max_hp_gain":0.0,"max_hp_loss":0.0,"gold_gain":0.0,"event_name":"Shining Light","player_choice":"Entered Light","floor":12.0,"gold_loss":0.0,"damage_taken":15.0,"cards_upgraded":["hierophant:Strike_Hierophant","hierophant:Strike_Hierophant"]},{"damage_healed":0.0,"max_hp_gain":0.0,"max_hp_loss":0.0,"gold_gain":0.0,"event_name":"Dead Adventurer","player_choice":"Searched \u00272\u0027 times","floor":13.0,"gold_loss":0.0,"damage_taken":0.0,"relics_obtained":["StoneCalendar"]},{"cards_removed":["hierophant:Repentance"],"damage_healed":0.0,"max_hp_gain":0.0,"max_hp_loss":0.0,"gold_gain":0.0,"event_name":"Designer","player_choice":"Single Remove","floor":20.0,"gold_loss":60.0,"damage_taken":0.0},{"damage_healed":0.0,"max_hp_gain":0.0,"max_hp_loss":0.0,"gold_gain":0.0,"event_name":"Masked Bandits","player_choice":"Fought Bandits","floor":22.0,"gold_loss":0.0,"damage_taken":0.0},{"damage_healed":25.0,"max_hp_gain":0.0,"max_hp_loss":0.0,"gold_gain":0.0,"event_name":"The Library","player_choice":"Heal","floor":27.0,"gold_loss":0.0,"damage_taken":0.0},{"damage_healed":0.0,"max_hp_gain":0.0,"max_hp_loss":0.0,"gold_gain":0.0,"event_name":"Match and Keep!","player_choice":"0 cards matched","floor":36.0,"gold_loss":0.0,"damage_taken":0.0,"cards_obtained":[]},{"damage_healed":0,"gold_gain":222,"player_choice":"Wore Mask","damage_taken":0,"max_hp_gain":0,"max_hp_loss":0,"event_name":"Tomb of Lord Red Mask","floor":47,"gold_loss":0}],"is_beta":false,"boss_relics":[{"not_picked":["Runic Dome","Ectoplasm"],"picked":"Pandora\u0027s Box"},{"not_picked":["Cursed Key","Sozu"],"picked":"SacredBark"}],"items_purged_floors":[3,29],"is_endless":false,"potions_floor_spawned":[6,10,11,19,22,24,28,31,39,44],"ascension_level":2}}