{"host":"2se5dq1do2gp0x9k","time":1609138944,"event":{"mods":["AchievementEnabler","BaseMod","Block Reminder","Colored Map","Colored Powertips","Minty Spire (QoL Compilation)","Relic Stats","StSLib","SuperFastMode"],"gold_per_floor":[115,11,11,161,161,161,6,42,90,126,145,70,70,86,86,86,86],"floor_reached":16,"playtime":292,"items_purged":["Strike_R","Doubt"],"score":312,"play_id":"4ba9348e-e580-47f3-8ab1-69826a3c2765","local_time":"20201227230224","is_ascension_mode":true,"campfire_choices":[{"data":"Anger","floor":6,"key":"SMITH"},{"data":"Burning Pact","floor":13,"key":"SMITH"},{"data":"Juggernaut","floor":15,"key":"SMITH"}],"circlet_count":0,"master_deck":["AscendersBane","Strike_R","Strike_R","Strike_R","Strike_R","Defend_R","Defend_R","Defend_R","Defend_R","Anger+1","Shrug It Off","Shrug It Off","Burning Pact+1","Thunderclap","Shrug It Off","Juggernaut+1"],"relics":["Burning Blood","NeowsBlessing","Golden Idol","PreservedInsect","Centennial Puzzle","Red Skull"],"acts_visited":["Exordium"],"potions_floor_usage":[16],"damage_taken":[{"damage":0,"enemies":"Small Slimes","floor":1,"turns":1},{"damage":0,"enemies":"Gremlin Nob","floor":8,"turns":1},{"damage":0,"enemies":"3 Sentries","floor":10,"turns":2},{"damage":1,"enemies":"2 Louse","floor":11,"turns":3},{"damage":12,"enemies":"Jaw Worm","floor":14,"turns":2},{"damage":72,"enemies":"Hexaghost","floor":16,"turns":9}],"seed_played":"4039352268357003458","potions_obtained":[{"floor":10,"key":"DuplicationPotion"},{"floor":11,"key":"DuplicationPotion"}],"is_trial":false,"path_per_floor":["M","$","?","?","?","R","$","E","T","E","M","?","R","M","R","B"],"character_chosen":"IRONCLAD","items_purchased":["Shrug It Off","Shrug It Off"],"campfire_rested":0,"item_purchase_floors":[2,7],"current_hp_per_floor":[74,74,48,48,73,73,73,75,75,75,75,75,75,69,69,0,0],"gold":86,"neow_bonus":"THREE_ENEMY_KILL","is_daily":false,"chose_seed":false,"campfire_upgraded":3,"win_rate":0.0,"timestamp":1609138944,"path_taken":["M","$","?","?","?","R","$","E","T","E","M","?","R","M","R","BOSS"],"items_purchased_type":["Card","Card"],"build_version":"2020-12-22","purchased_purges":2,"victory":false,"max_hp_per_floor":[75,75,75,75,75,75,75,75,75,75,75,75,75,75,75,75,75],"relic_stats":{"Centennial Puzzle":[9],"counters":[6,18],"Golden Idol":21,"PreservedInsect":0,"obtain_stats":[{"Centennial Puzzle":9,"NeowsBlessing":0,"Golden Idol":3,"PreservedInsect":8,"Burning Blood":0,"Red Skull":10},{"Centennial Puzzle":2,"NeowsBlessing":0,"Golden Idol":1,"PreservedInsect":2,"Burning Blood":0,"Red Skull":3},{"Centennial Puzzle":2,"NeowsBlessing":0,"Golden Idol":1,"PreservedInsect":2,"Burning Blood":0,"Red Skull":4}],"Burning Blood":15},"card_choices":[{"not_picked":["Wild Strike","Body Slam"],"picked":"Anger","floor":1},{"not_picked":["Dual Wield","Ghostly Armor"],"picked":"Burning Pact","floor":8},{"not_picked":["Havoc","Clothesline"],"picked":"Thunderclap","floor":10},{"not_picked":["Armaments","Feel No Pain"],"picked":"Shrug It Off","floor":11},{"not_picked":["Shrug It Off","Evolve"],"picked":"Juggernaut","floor":14}],"player_experience":3627964,"relics_obtained":[{"floor":8,"key":"PreservedInsect"},{"floor":9,"key":"Centennial Puzzle"},{"floor":10,"key":"Red Skull"}],"event_choices":[{"damage_healed":0,"gold_gain":0,"player_choice":"Take Damage","damage_taken":26,"relics_obtained":["Golden Idol"],"max_hp_gain":0,"max_hp_loss":0,"event_name":"Golden Idol","floor":3,"gold_loss":0},{"damage_healed":0,"gold_gain":150,"player_choice":"AGREE","damage_taken":0,"max_hp_gain":0,"max_hp_loss":0,"event_name":"Liars Game","floor":4,"gold_loss":0,"cards_obtained":["Doubt"]},{"damage_healed":25,"gold_gain":0,"player_choice":"Banana","damage_taken":0,"max_hp_gain":0,"max_hp_loss":0,"event_name":"Big Fish","floor":5,"gold_loss":0},{"cards_removed":["Bash"],"damage_healed":0,"gold_gain":0,"player_choice":"Card Removal","damage_taken":0,"max_hp_gain":0,"max_hp_loss":0,"event_name":"The Cleric","floor":12,"gold_loss":75}],"is_beta":false,"boss_relics":[],"items_purged_floors":[2,7],"is_endless":false,"potions_floor_spawned":[10,11],"killed_by":"Hexaghost","ascension_level":20}}