{"host":"agbyy69nq62afhwx","time":1609162555,"event":{"mods":["BaseMod","Colored Map","DeckTracker","Highlight Path","Keyboard Shortcuts","Minty Spire (QoL Compilation)","Quick Restart","StSLib","SuperFastMode","everything is the same but u backflip on backflip"],"gold_per_floor":[110,122,122,122,136,136,436,436,436,436,586,91,107,107,107,186,186,196,246,246,260,278,278,307,277,348,348,368,380,396,412,412,484,484,504,504,5,5,20,31,31,31,31,31,47,47,61,75,75,75],"floor_reached":51,"playtime":1665,"items_purged":["Doubt"],"score":1341,"play_id":"fb51de3b-1a69-4bf1-b14e-891de2378237","local_time":"20201228223555","is_ascension_mode":true,"campfire_choices":[{"data":"A Thousand Cuts","floor":6.0,"key":"SMITH"},{"data":"Prepared","floor":8.0,"key":"SMITH"},{"data":"Dagger Throw","floor":10.0,"key":"SMITH"},{"floor":15.0,"key":"REST"},{"floor":23.0,"key":"REST"},{"floor":27.0,"key":"REST"},{"floor":32.0,"key":"REST"},{"floor":42.0,"key":"REST"},{"data":"Tactician","floor":44.0,"key":"SMITH"},{"floor":49.0,"key":"REST"}],"circlet_count":0,"master_deck":["AscendersBane","Strike_G","Strike_G","Strike_G","Defend_G","Defend_G","Defend_G","Survivor","Neutralize","A Thousand Cuts+1","Prepared+1","Dagger Throw+1","Flash of Steel","After Image","Dash","Die Die Die","Underhanded Strike","Flechettes","Bullet Time","Backflip","Tactician+1","Footwork+1"],"relics":["Ring of the Serpent","Old Coin","Singing Bowl","Letter Opener","HoveringKite","Darkstone Periapt","Shuriken","Ice Cream","Toolbox","Pear"],"acts_visited":["Exordium","TheCity","TheBeyond"],"potions_floor_usage":[],"damage_taken":[{"damage":12.0,"enemies":"Small Slimes","floor":1.0,"turns":4.0},{"damage":0.0,"enemies":"2 Louse","floor":2.0,"turns":3.0},{"damage":5.0,"enemies":"Cultist","floor":5.0,"turns":5.0},{"damage":16.0,"enemies":"Exordium Thugs","floor":13.0,"turns":6.0},{"damage":3.0,"enemies":"Hexaghost","floor":16.0,"turns":13.0},{"damage":13.0,"enemies":"Chosen","floor":18.0,"turns":7.0},{"damage":29.0,"enemies":"2 Thieves","floor":21.0,"turns":4.0},{"damage":11.0,"enemies":"Shelled Parasite and Fungi","floor":22.0,"turns":5.0},{"damage":0.0,"enemies":"Gremlin Leader","floor":24.0,"turns":5.0},{"damage":5.0,"enemies":"Centurion and Healer","floor":28.0,"turns":6.0},{"damage":19.0,"enemies":"Snecko","floor":29.0,"turns":5.0},{"damage":1.0,"enemies":"3 Cultists","floor":30.0,"turns":4.0},{"damage":4.0,"enemies":"Chosen and Byrds","floor":31.0,"turns":6.0},{"damage":32.0,"enemies":"Collector","floor":33.0,"turns":8.0},{"damage":0.0,"enemies":"3 Shapes","floor":35.0,"turns":5.0},{"damage":17.0,"enemies":"Orb Walker","floor":39.0,"turns":5.0},{"damage":11.0,"enemies":"Maw","floor":40.0,"turns":7.0},{"damage":9.0,"enemies":"4 Shapes","floor":45.0,"turns":5.0},{"damage":6.0,"enemies":"3 Darklings","floor":47.0,"turns":5.0},{"damage":0.0,"enemies":"Transient","floor":48.0,"turns":5.0},{"damage":14,"enemies":"Awakened One","floor":50,"turns":12}],"seed_played":"5454094766867207791","potions_obtained":[{"floor":5.0,"key":"LiquidMemories"},{"floor":25.0,"key":"Fire Potion"},{"floor":25.0,"key":"SteroidPotion"},{"floor":30.0,"key":"DistilledChaos"},{"floor":33.0,"key":"CunningPotion"},{"floor":39.0,"key":"Swift Potion"}],"is_trial":false,"path_per_floor":["M","M","?","?","M","R","T","R","T","R","?","$","M","?","R","B",null,"M","?","?","M","M","R","E","?","T","R","M","M","M","M","R","B",null,"M","?","$","?","M","M","$","R","T","R","M","$","M","M","R","B",null],"character_chosen":"THE_SILENT","items_purchased":["Flash of Steel","After Image","GhostInAJar","Dash","Ice Cream","Toolbox"],"campfire_rested":6,"item_purchase_floors":[12,12,12,12,37,37],"current_hp_per_floor":[47,47,40,40,35,35,35,35,35,35,35,35,21,16,34,31,54,41,41,41,12,3,22,24,24,24,43,38,21,22,20,41,11,58,60,56,56,56,41,32,32,56,66,66,57,57,53,55,83,69],"gold":75,"neow_bonus":"THREE_RARE_CARDS","is_daily":false,"chose_seed":false,"campfire_upgraded":4,"win_rate":0.0,"timestamp":1609162555,"path_taken":["M","M","?","?","?","R","?","R","T","R","?","$","M","?","R","BOSS","M","?","?","M","M","R","E","?","T","R","M","M","?","M","R","BOSS","M","?","$","?","M","M","$","R","T","R","M","?","M","?","R","BOSS"],"items_purchased_type":["Card","Card","Potion","Card","Relic","Relic"],"build_version":"2020-12-22","purchased_purges":1,"victory":true,"max_hp_per_floor":[60,60,60,60,60,60,60,60,60,60,60,60,62,62,62,62,62,62,62,62,62,64,64,66,66,66,66,66,68,70,72,72,74,74,76,82,82,78,80,82,82,82,92,92,92,92,94,96,96,96],"card_choices":[{"not_picked":["Glass Knife","After Image"],"picked":"A Thousand Cuts","floor":0.0},{"not_picked":["Sucker Punch","Outmaneuver"],"picked":"Prepared","floor":1.0},{"not_picked":["Setup","Well Laid Plans","Outmaneuver"],"picked":"SKIP","floor":2.0},{"not_picked":["Dodge and Roll","All Out Attack"],"picked":"Dagger Throw","floor":5.0},{"not_picked":["Acrobatics","Deflect","Blade Dance"],"picked":"Singing Bowl","floor":13.0},{"not_picked":["Malaise","Phantasmal Killer"],"picked":"Die Die Die","floor":16.0},{"not_picked":["Blade Dance","Finisher"],"picked":"Underhanded Strike","floor":18.0},{"not_picked":["Outmaneuver","Blur"],"picked":"Backflip","floor":21.0},{"not_picked":["Heel Hook+1","PiercingWail","Setup"],"picked":"Singing Bowl","floor":22.0},{"not_picked":["Dagger Spray","Dagger Throw+1","Cloak And Dagger"],"picked":"Singing Bowl","floor":24.0},{"not_picked":["Deflect","Dagger Spray"],"picked":"Tactician","floor":28.0},{"not_picked":["Crippling Poison","Dagger Throw","Underhanded Strike"],"picked":"Singing Bowl","floor":29.0},{"not_picked":["Setup","Terror+1","Infinite Blades"],"picked":"Singing Bowl","floor":30.0},{"not_picked":["Night Terror","Bane","Cloak And Dagger"],"picked":"Singing Bowl","floor":31.0},{"not_picked":["After Image","Malaise","Unload"],"picked":"Singing Bowl","floor":33.0},{"not_picked":["PiercingWail","Flying Knee","Slice+1"],"picked":"Singing Bowl","floor":35.0},{"not_picked":["Jack Of All Trades","Mind Blast","Enlightenment"],"picked":"Singing Bowl","floor":36.0},{"not_picked":["Purity","Deep Breath","The Bomb"],"picked":"Singing Bowl","floor":36.0},{"not_picked":["Jack Of All Trades","Purity","Madness"],"picked":"Singing Bowl","floor":36.0},{"not_picked":["Choke","Dagger Spray","Dagger Throw"],"picked":"Singing Bowl","floor":39.0},{"not_picked":["Accuracy","Deflect","Dagger Throw"],"picked":"Singing Bowl","floor":40.0},{"not_picked":["Deadly Poison","Dodge and Roll"],"picked":"Footwork+1","floor":45.0},{"not_picked":["Flying Knee","Caltrops","Poisoned Stab+1"],"picked":"Singing Bowl","floor":47.0},{"not_picked":["Prepared","Noxious Fumes+1","Caltrops+1"],"picked":"Singing Bowl","floor":48.0}],"player_experience":391260,"relics_obtained":[{"floor":7.0,"key":"Old Coin"},{"floor":9.0,"key":"Singing Bowl"},{"floor":24.0,"key":"Darkstone Periapt"},{"floor":26.0,"key":"Shuriken"},{"floor":43.0,"key":"Pear"}],"event_choices":[{"cards_removed":["Strike_G"],"damage_healed":0.0,"max_hp_gain":0.0,"max_hp_loss":0.0,"gold_gain":0.0,"event_name":"Golden Wing","player_choice":"Card Removal","floor":3.0,"gold_loss":0.0,"damage_taken":7.0},{"cards_removed":["Strike_G"],"damage_healed":0.0,"max_hp_gain":0.0,"max_hp_loss":0.0,"gold_gain":0.0,"event_name":"Purifier","player_choice":"Purged","floor":4.0,"gold_loss":0.0,"damage_taken":0.0},{"damage_healed":0.0,"max_hp_gain":0.0,"max_hp_loss":0.0,"gold_gain":150.0,"event_name":"Liars Game","player_choice":"AGREE","floor":11.0,"gold_loss":0.0,"damage_taken":0.0,"cards_obtained":["Doubt"]},{"damage_healed":0.0,"max_hp_gain":0.0,"max_hp_loss":0.0,"gold_gain":0.0,"event_name":"Scrap Ooze","player_choice":"Success","floor":14.0,"gold_loss":0.0,"damage_taken":5.0,"relics_obtained":["Letter Opener"]},{"damage_healed":0.0,"max_hp_gain":0.0,"max_hp_loss":0.0,"gold_gain":50.0,"event_name":"Nest","player_choice":"Stole From Cult","floor":19.0,"gold_loss":0.0,"damage_taken":0.0},{"damage_healed":0.0,"max_hp_gain":0.0,"max_hp_loss":0.0,"gold_gain":0.0,"cards_transformed":["Defend_G","Defend_G"],"event_name":"Drug Dealer","player_choice":"Became Test Subject","floor":20.0,"gold_loss":0.0,"damage_taken":0.0,"cards_obtained":["Flechettes","Bullet Time"]},{"damage_healed":0.0,"max_hp_gain":0.0,"max_hp_loss":0.0,"gold_gain":0.0,"event_name":"The Woman in Blue","player_choice":"Bought 2 Potions","floor":25.0,"gold_loss":0.0,"damage_taken":0.0},{"damage_healed":0.0,"max_hp_gain":0.0,"max_hp_loss":0.0,"gold_gain":0.0,"event_name":"SensoryStone","player_choice":"Memory 3","floor":36.0,"gold_loss":0.0,"damage_taken":10.0},{"damage_healed":0.0,"max_hp_gain":0.0,"max_hp_loss":4.0,"gold_gain":0.0,"event_name":"Winding Halls","player_choice":"Max HP","floor":38.0,"gold_loss":0.0,"damage_taken":0.0}],"is_beta":false,"boss_relics":[{"not_picked":["Ectoplasm","Coffee Dripper"],"picked":"HoveringKite"},{"not_picked":["Snecko Eye","Velvet Choker"],"picked":"Ring of the Serpent"}],"items_purged_floors":[12],"is_endless":false,"potions_floor_spawned":[5,13,16,21,22,30,31,33,39],"ascension_level":16}}