{"host":"q9718omregw4er46","time":1609167007,"event":{"mods":["BaseMod","Bestiary","Colored Powertips","Minty Spire (QoL Compilation)","Quick Restart","Relic Stats"],"gold_per_floor":[117,137,212,225,243,243,243,243,268,268,297,297,297],"floor_reached":12,"playtime":241,"items_purged":[],"score":156,"play_id":"ddcad39d-2b96-43e2-9684-993ce2ec2193","local_time":"20201228195007","is_ascension_mode":true,"campfire_choices":[{"floor":6,"key":"REST"},{"data":"Ball Lightning","floor":8,"key":"SMITH"},{"data":"Loop","floor":10,"key":"SMITH"}],"circlet_count":0,"master_deck":["AscendersBane","Strike_B","Strike_B","Strike_B","Strike_B","Defend_B","Defend_B","Defend_B","Defend_B","Zap","Dualcast","FTL","BootSequence","Ball Lightning+1","Loop+1","Melter"],"relics":["Cracked Core","WingedGreaves","Blood Vial","Art of War"],"acts_visited":["Exordium"],"potions_floor_usage":[11],"damage_taken":[{"damage":0,"enemies":"2 Louse","floor":1,"turns":2},{"damage":7,"enemies":"Jaw Worm","floor":2,"turns":2},{"damage":0,"enemies":"Small Slimes","floor":4,"turns":3},{"damage":0,"enemies":"Blue Slaver","floor":5,"turns":3},{"damage":30,"enemies":"Gremlin Nob","floor":11,"turns":4},{"damage":25,"enemies":"3 Sentries","floor":12,"turns":3}],"seed_played":"-6344875796314547636","potions_obtained":[{"floor":2,"key":"Swift Potion"}],"is_trial":false,"path_per_floor":["M","M","?","M","M","R","?","R","T","R","E","E"],"character_chosen":"DEFECT","items_purchased":[],"campfire_rested":1,"item_purchase_floors":[],"current_hp_per_floor":[46,39,28,28,28,49,49,49,49,49,21,0,0],"gold":297,"neow_bonus":"ONE_RARE_RELIC","is_daily":false,"chose_seed":false,"campfire_upgraded":2,"win_rate":0.0,"timestamp":1609167007,"path_taken":["M","M","?","M","M","R","?","R","T","R","E","E"],"items_purchased_type":[],"build_version":"2020-12-22","purchased_purges":0,"victory":false,"max_hp_per_floor":[71,71,71,71,71,71,71,71,71,71,71,71,71],"relic_stats":{"Blood Vial":4,"counters":[6,17],"Art of War":[0],"obtain_stats":[{"Blood Vial":9,"WingedGreaves":0,"Art of War":11,"Cracked Core":0},{"Blood Vial":4,"WingedGreaves":0,"Art of War":5,"Cracked Core":0},{"Blood Vial":10,"WingedGreaves":0,"Art of War":14,"Cracked Core":0}]},"card_choices":[{"not_picked":["Rebound","Reprogram"],"picked":"FTL","floor":1},{"not_picked":["Stack","Heatsinks"],"picked":"BootSequence","floor":2},{"not_picked":["Leap","Redo"],"picked":"Ball Lightning","floor":4},{"not_picked":["Steam Power","Barrage"],"picked":"Loop","floor":5},{"not_picked":["Steam","Compile Driver"],"picked":"Melter","floor":11}],"player_experience":1131403,"relics_obtained":[{"floor":9,"key":"Blood Vial"},{"floor":11,"key":"Art of War"}],"event_choices":[{"damage_healed":0,"gold_gain":75,"player_choice":"Gather Gold","damage_taken":11,"max_hp_gain":0,"max_hp_loss":0,"event_name":"World of Goop","floor":3,"gold_loss":0},{"damage_healed":0,"gold_gain":0,"player_choice":"Ignored","damage_taken":0,"max_hp_gain":0,"max_hp_loss":0,"event_name":"Liars Game","floor":7,"gold_loss":0}],"is_beta":false,"boss_relics":[],"items_purged_floors":[],"is_endless":false,"potions_floor_spawned":[2],"killed_by":"3 Sentries","ascension_level":20}}