{"host":"n9qtmgye2hz5t4ok","time":1609176749,"event":{"mods":["Act Like it!","BaseMod","Colored Map","Downfall","Gensokyo","Infinite Spire","Koishi","Marisa????????","Minty Spire (QoL Compilation)","StSLib","The Jungle","The Servant 0.9.4"],"gold_per_floor":[69000,67657,67160,67160,67175,67175,67202,67202,67202,67220,67220,67238,67252,66567,66567,66668,66668,66684,66684,66704,66704,65663,65663,65688,65688,65740,65773,64747,64777,64788,64788,64788,64890,64890,64900,64919,64052,64065,64065,64095,64095,64095,64095,64127,63634,63684,63718,63733,63733,63839,63839,63845,63421,63429,63429,62998,63010,63010,63015,63015,63041,63088,63110,63122,63145,63145,63229,63229,63234,62897,62897,62897,62897,62906,62904,62924,62994,63011,63010,63010,63010,63011,63011,63097,63097,63091,63091,63091,63088,63088,63107,63107,63116,63169,63154,63158,62806,62820,62819,62819,62903,62903,62909,62660,62660,62303,62312,62327,62327,62346,62346,62346,61966,61966,61972,61991,61991,62075,62075,62081,62081,62095,61841,61847,61847,61847,61529,61529,61529,61537,61560,61560,61581,61581,61674,61674,61682,61183,61217,61217,61218,61518,61517,61517,61589,61589,61168,61168,61078,61078,61078,61118,61118,61118,60688,60701,60773],"floor_reached":158,"playtime":15477,"items_purged":["Defend_B","Meteor Strike+1","Defend_B","Reprogram+1","Strike_B+1","Strike_B+1","Dualcast","Melter+1","Chill+1","Pain","Redo+1","Pain","Zap+1","Skim+1","infinitespire:Gouge+1","Loop","expansioncontent:Corrupt+1","Steam+1"],"score":4833,"play_id":"df11a319-43f5-46a7-bf32-26969bc61272","local_time":"20201228183229","is_ascension_mode":true,"campfire_choices":[{"data":"infinitespire:Gouge","floor":6.0,"key":"SMITH"},{"data":"Storm","floor":15,"key":"SMITH"},{"data":"Loop","floor":23,"key":"SMITH"},{"data":"Creative AI","floor":25,"key":"SMITH"},{"floor":32,"key":"RECALL"},{"data":"expansioncontent:DashGenerateEvil","floor":41,"key":"SMITH"},{"data":"Storm","floor":49,"key":"SMITH"},{"data":"Storm","floor":58,"key":"SMITH"},{"data":"Echo Form","floor":66,"key":"SMITH"},{"data":"Capacitor","floor":83,"key":"SMITH"},{"data":"Heatsinks","floor":92,"key":"SMITH"},{"data":"Creative AI","floor":100,"key":"SMITH"},{"data":"Heatsinks","floor":112,"key":"SMITH"},{"data":"Biased Cognition","floor":117,"key":"SMITH"},{"data":"Biased Cognition","floor":125,"key":"SMITH"},{"data":"Thunder Strike","floor":134,"key":"SMITH"},{"floor":142,"key":"DIG"},{"floor":146,"key":"DIG"},{"floor":151,"key":"DIG"},{"floor":154,"key":"DIG"}],"circlet_count":2,"master_deck":["Stack+1","Loop+1","Reboot+1","Heatsinks+1","Force Field+1","Storm+1","Stack+1","Steam+1","Thunder Strike+1","CurseOfTheBell","Heatsinks+1","infinitespire:Fortify+1","expansioncontent:DashGenerateEvil+1","Creative AI+1","Thinking Ahead+1","Stack+1","Seek+1","infinitespire:Gouge+1","Amplify+1","White Noise+1","Storm+1","Echo Form+1","Biased Cognition+1","Biased Cognition+1","Aggregate+1","Capacitor+1","White Noise+1","infinitespire:Fortify+1","Creative AI+1","Aggregate+1","Capacitor+1","White Noise+1","Defragment+1","Storm+1","White Noise+1","Double Energy+1","Seek+1","Storm+1","Seek+1","Seek+1","Thunder Strike","Master of Strategy+1","Amplify+1","Electrodynamics+1"],"relics":["Astrolabe","infinitespire:CheckeredPen","Toxic Egg 2","ClockworkSouvenir","infinitespire:EmpoweringShard","Bottled Tornado","Ornamental Fan","Anchor","TheAbacus","Whetstone","Calling Bell","Vajra","infinitespire:WardingShard","StoneCalendar","Nilry\u0027s Codex","InkBottle","Meat on the Bone","Frozen Eye","Question Card","infinitespire:PuzzleCube","Bag of Preparation","TungstenRod","Bronze Scales","Sling","Girya","SlaversCollar","infinitespire:Eraser","OrangePellets","infinitespire:BottledMercury","Toy Ornithopter","infinitespire:Midas Blood","Mercury Hourglass","Membership Card","Juzu Bracelet","War Paint","CatCart","Bag of Marbles","Black Star","infinitespire:ShieldingShard","Dream Catcher","Lee\u0027s Waffle","Sundial","Nunchaku","Gambling Chip","Centennial Puzzle","Potion Belt","Lantern","Pear","Regal Pillow","Smiling Mask","infinitespire:Beetle Shell","PreservedInsect","SacredBark","Eternal Feather","Oddly Smooth Stone","Toolbox","MutagenicStrength","infinitespire:Cupcake","Gremlin Horn","Pen Nib","Kunai","Shuriken","Calipers","Coffee Dripper","infinitespire:Satchel","WarpedTongs","Happy Flower","CaptainsWheel","infinitespire:Freezer","Frozen Egg 2","MealTicket","infinitespire:CursedDice","Orichalcum","DollysMirror","Matryoshka","infinitespire:SolderingIron","Philosopher\u0027s Stone","White Beast Statue","Boot","WarpedTongs","Strawberry","Blood Vial","infinitespire:FocusingShard","HornCleat","Omamori","Mummified Hand","Bottled Lightning","Darkstone Periapt","Letter Opener","Strange Spoon","Ancient Tea Set","Empty Cage","Red Mask","Pantograph","Chemical X","Circlet","infinitespire:Lucky Rock","Molten Egg 2","Cauldron","Tiny Chest","Mango","Ginger","Prayer Wheel","infinitespire:Lychee Nut","Incense Burner","Ice Cream","Busted Crown","infinitespire:Magic Flask","Shovel","Orrery","Thread and Needle","Old Coin","Lizard Tail","infinitespire:Joker Card","infinitespire:Golems Mask","Torii","Pocketwatch","HandDrill","Bird Faced Urn","Nuclear Battery","FossilizedHelix","WingedGreaves","Du-Vu Doll","Medical Kit","Unceasing Top"],"acts_visited":["Exordium","TheCity","TheBeyond","Exordium","TheCity","TheBeyond","Exordium","TheCity","TheBeyond","TheEnding"],"potions_floor_usage":[27,137,138],"damage_taken":[{"damage":2.0,"enemies":"2 Louse","floor":1.0,"turns":2.0},{"damage":9.0,"enemies":"Jaw Worm","floor":5.0,"turns":3.0},{"damage":0.0,"enemies":"Lagavulin","floor":7.0,"turns":4.0},{"damage":4.0,"enemies":"Small Slimes","floor":10.0,"turns":2.0},{"damage":8.0,"enemies":"2 Fungi Beasts","floor":12.0,"turns":3.0},{"damage":0.0,"enemies":"3 Louse","floor":13.0,"turns":3.0},{"damage":0,"enemies":"The Guardian","floor":16,"turns":5},{"damage":0,"enemies":"Shell Parasite","floor":18,"turns":3},{"damage":0,"enemies":"Spheric Guardian","floor":20,"turns":2},{"damage":16,"enemies":"Nightmare","floor":24,"turns":7},{"damage":17,"enemies":"Gremlin Leader","floor":27,"turns":4},{"damage":0,"enemies":"Book of Stabbing","floor":29,"turns":5},{"damage":1,"enemies":"Centurion and Healer","floor":30,"turns":4},{"damage":0,"enemies":"Champ","floor":33,"turns":7},{"damage":0,"enemies":"Orb Walker","floor":35,"turns":3},{"damage":0,"enemies":"3 Shapes","floor":36,"turns":4},{"damage":0,"enemies":"Jaw Worm Horde","floor":38,"turns":3},{"damage":0,"enemies":"Nemesis","floor":40,"turns":3},{"damage":0,"enemies":"Giant Head","floor":44,"turns":4},{"damage":0,"enemies":"Orin","floor":46,"turns":4},{"damage":0,"enemies":"Nemesis","floor":47,"turns":6},{"damage":0,"enemies":"Maw","floor":48,"turns":5},{"damage":1,"enemies":"Awakened One","floor":50,"turns":6},{"damage":0,"enemies":"Cultist","floor":52,"turns":2},{"damage":0,"enemies":"Jaw Worm","floor":57,"turns":2},{"damage":0,"enemies":"2 Louse","floor":59,"turns":1},{"damage":4,"enemies":"3 Sentries","floor":61,"turns":2},{"damage":0,"enemies":"Lagavulin Event","floor":62,"turns":2},{"damage":0,"enemies":"Lagavulin","floor":63,"turns":1},{"damage":0,"enemies":"Looter","floor":64,"turns":1},{"damage":24,"enemies":"Nightmare","floor":65,"turns":3},{"damage":2,"enemies":"The Guardian","floor":67,"turns":3},{"damage":3,"enemies":"Chosen","floor":69,"turns":2},{"damage":1,"enemies":"Shell Parasite","floor":74,"turns":2},{"damage":0,"enemies":"3 Cultists","floor":75,"turns":1},{"damage":0,"enemies":"Gremlin Leader","floor":76,"turns":2},{"damage":0,"enemies":"Slavers","floor":78,"turns":1},{"damage":0,"enemies":"Chosen and Byrds","floor":79,"turns":4},{"damage":0,"enemies":"Shelled Parasite and Fungi","floor":82,"turns":2},{"damage":0,"enemies":"Collector","floor":84,"turns":2},{"damage":0,"enemies":"3 Shapes","floor":86,"turns":2},{"damage":0,"enemies":"3 Darklings","floor":89,"turns":1},{"damage":0,"enemies":"Reptomancer","floor":91,"turns":1},{"damage":6,"enemies":"Giant Head","floor":93,"turns":3},{"damage":0,"enemies":"Transient","floor":95,"turns":4},{"damage":0,"enemies":"4 Shapes","floor":96,"turns":2},{"damage":0,"enemies":"Nemesis","floor":98,"turns":1},{"damage":0,"enemies":"Spire Growth","floor":99,"turns":1},{"damage":0,"enemies":"infinitespire:MassOfShapes","floor":101,"turns":1},{"damage":0,"enemies":"Jaw Worm","floor":103,"turns":1},{"damage":0,"enemies":"Small Slimes","floor":107,"turns":1},{"damage":0,"enemies":"Lagavulin","floor":108,"turns":1},{"damage":0,"enemies":"3 Sentries","floor":110,"turns":1},{"damage":0,"enemies":"2 Louse","floor":115,"turns":1},{"damage":0,"enemies":"Lagavulin","floor":116,"turns":1},{"damage":0,"enemies":"Hexaghost","floor":118,"turns":2},{"damage":0,"enemies":"2 Thieves","floor":120,"turns":1},{"damage":0,"enemies":"Masked Bandits","floor":122,"turns":1},{"damage":0,"enemies":"3 Byrds","floor":124,"turns":1},{"damage":0,"enemies":"Centurion and Healer","floor":130,"turns":1},{"damage":0,"enemies":"Slavers","floor":131,"turns":1},{"damage":0,"enemies":"Snecko","floor":132,"turns":1},{"damage":0,"enemies":"Gremlin Leader","floor":133,"turns":1},{"damage":0,"enemies":"Automaton","floor":135,"turns":1},{"damage":0,"enemies":"Orb Walker","floor":137,"turns":1},{"damage":0,"enemies":"2 Orb Walkers","floor":139,"turns":1},{"damage":0,"enemies":"3 Darklings","floor":141,"turns":1},{"damage":0,"enemies":"Sphere and 2 Shapes","floor":143,"turns":1},{"damage":0,"enemies":"infinitespire:LordOfFortification","floor":152,"turns":4},{"damage":0,"enemies":"Shield and Spear","floor":156,"turns":1},{"damage":0,"enemies":"The Heart","floor":157,"turns":5}],"seed_played":"7021079564801097491","potions_obtained":[{"floor":12.0,"key":"PotionOfCapacity"},{"floor":27,"key":"SteroidPotion"},{"floor":35,"key":"hexamod:EctoCoolerPotion"},{"floor":44,"key":"PotionOfCapacity"},{"floor":61,"key":"BlessingOfTheForge"},{"floor":62,"key":"EntropicBrew"},{"floor":109,"key":"PowerPotion"},{"floor":137,"key":"Fruit Juice"}],"is_trial":false,"path_per_floor":["M","$","?","?","M","R","E","T","T","M","?","M","M","$","R","B",null,"M","AVR","M","?","$","R","NM","R","T","E","$","E","M","?","R","B",null,"M","M","$","M","?","E","R","?","T","E","$","?","E","M","R","B",null,"M","$","?","?","$","M","R","M","T","E","?","E","M","NM","R","B",null,"M","$","?","?","AVR","M","M","E","T","E","M","?","?","M","R","B",null,"M","?","T","M","?","E","R","E","T","M","M","$","E","M","R","B",null,"M","$","?","$","M","E","?","E","T","R","$","?","M","E","R","B",null,"M","?","?","$","M","R","?","$","T","?","M","E","M","E","R","B",null,"M","$","?","?","M","R","M","T","T","R","$","?","?","?","R","B",null,"R","$","E","B",null],"character_chosen":"DEFECT","items_purchased":["infinitespire:CheckeredPen","Toxic Egg 2","ClockworkSouvenir","LiquidMemories","DuplicationPotion","EssenceOfSteel","Chill+1","Skim+1","Loop","Sadistic Nature","Anchor","TheAbacus","Whetstone","Storm","Stack+1","Steam+1","InkBottle","Meat on the Bone","Frozen Eye","EssenceOfDarkness","expansioncontent:DashGenerateEvil","TungstenRod","Bronze Scales","Sling","Thinking Ahead+1","Self Repair","Stack+1","infinitespire:Eraser","OrangePellets","PowerPotion","infinitespire:BottledMercury","Membership Card","Juzu Bracelet","War Paint","expansioncontent:Corrupt+1","infinitespire:ShieldingShard","Dream Catcher","Lee\u0027s Waffle","Storm","Nunchaku","Gambling Chip","Biased Cognition","Eternal Feather","Oddly Smooth Stone","Toolbox","infinitespire:CursedDice","Orichalcum","DollysMirror","White Beast Statue","Boot","Strawberry","Blood Vial","Thunder Strike","Master of Strategy+1","Darkstone Periapt","Letter Opener","Strange Spoon","Pantograph","Chemical X","infinitespire:Lucky Rock","Molten Egg 2","Cauldron","infinitespire:Magic Flask","Shovel","Fruit Juice","Orrery","FocusPotion","Torii","Pocketwatch","HandDrill","WingedGreaves","Du-Vu Doll","Medical Kit"],"campfire_rested":0,"item_purchase_floors":[2,2,2,2,2,2,2,2,2,2,14,14,14,14,14,14,22,22,22,22,22,28,28,28,28,28,28,37,37,37,37,45,45,45,45,53,53,53,53,56,56,56,70,70,70,97,97,97,104,104,106,106,106,106,113,113,113,123,123,127,127,127,138,138,138,138,138,147,147,147,155,155,155],"current_hp_per_floor":[73,73,73,73,64,64,64,64,64,60,60,52,52,52,52,52,75,75,75,75,59,59,59,43,43,43,38,38,38,56,56,56,63,75,75,75,75,75,75,75,75,75,75,75,75,75,75,75,75,74,75,75,82,68,73,73,73,73,73,73,69,79,79,79,55,55,53,97,94,94,94,94,94,93,93,93,93,93,93,93,93,93,97,97,97,97,97,97,97,97,97,97,91,91,91,91,97,97,97,97,97,97,97,97,97,104,104,104,104,104,104,104,104,104,104,104,104,104,104,104,104,104,104,104,104,104,104,118,118,118,88,88,88,88,88,88,98,108,108,108,108,108,108,108,108,108,108,103,103,103,103,103,103,103,103,103,103],"gold":60773,"neow_bonus":"BOSS_RELIC","is_daily":false,"chose_seed":false,"campfire_upgraded":15,"win_rate":0.0,"timestamp":1609176749,"path_taken":["M","$","?","?","M","R","E","?","T","M","?","M","M","$","R","BOSS","M","AVR","M","?","$","R","NM","R","T","E","$","E","M","?","R","BOSS","M","?","$","M","?","E","R","?","T","E","$","?","E","M","R","BOSS","M","$","?","?","$","M","R","M","T","E","?","E","M","NM","R","BOSS","M","$","?","?","AVR","M","M","E","T","E","M","?","?","M","R","BOSS","M","?","?","M","?","E","R","E","T","M","M","$","E","M","R","BOSS","M","$","?","?","M","E","?","E","T","R","$","?","M","E","R","BOSS","M","?","?","$","M","R","?","$","T","?","M","E","M","E","R","BOSS","M","$","?","?","M","R","M","?","T","R","$","?","?","?","R","BOSS","R","$","E","BOSS"],"items_purchased_type":["Relic","Relic","Relic","Potion","Potion","Potion","Card","Card","Card","Card","Relic","Relic","Relic","Card","Card","Card","Relic","Relic","Relic","Potion","Card","Relic","Relic","Relic","Card","Card","Card","Relic","Relic","Potion","Relic","Relic","Relic","Relic","Card","Relic","Relic","Relic","Card","Relic","Relic","Card","Relic","Relic","Relic","Relic","Relic","Relic","Relic","Relic","Relic","Relic","Card","Card","Relic","Relic","Relic","Relic","Relic","Relic","Relic","Relic","Relic","Relic","Potion","Relic","Potion","Relic","Relic","Relic","Relic","Relic","Relic"],"build_version":"2020-12-22","purchased_purges":18,"victory":true,"max_hp_per_floor":[75,75,75,75,75,75,75,75,75,75,75,75,75,75,75,75,75,75,75,75,75,75,75,75,75,75,75,75,75,75,75,75,75,75,75,75,75,75,75,75,75,75,75,75,75,75,75,75,75,75,75,75,82,82,87,87,87,87,87,87,87,97,97,97,97,97,97,97,97,97,97,97,97,97,97,97,97,97,97,97,97,97,97,97,97,97,97,97,97,97,97,97,97,97,97,97,97,97,97,97,97,97,97,97,97,104,104,104,104,104,104,104,104,104,104,104,104,104,104,104,104,104,104,104,104,104,104,118,118,118,88,88,88,88,88,88,98,108,108,108,108,108,108,108,108,108,108,103,103,103,103,103,103,103,103,103,103],"card_choices":[{"not_picked":["Hologram","Barrage"],"picked":"Stack","floor":1.0},{"not_picked":["infinitespire:FinalStrike","infinitespire:Starlight"],"picked":"infinitespire:Gouge","floor":3.0},{"not_picked":["Barrage","Chaos+1"],"picked":"Loop","floor":5.0},{"not_picked":["Lockon","Hologram+1"],"picked":"Reboot+1","floor":7.0},{"not_picked":["Conserve Battery+1","Stack+1"],"picked":"Heatsinks","floor":10.0},{"not_picked":["Conserve Battery+1","Rebound","Streamline"],"picked":"SKIP","floor":12.0},{"not_picked":["Turbo+1","Hologram+1"],"picked":"Force Field+1","floor":13.0},{"not_picked":["Seek+1","All For One"],"picked":"Thunder Strike","floor":16},{"not_picked":["Stack+1","Doom and Gloom"],"picked":"Heatsinks","floor":18},{"not_picked":["Go for the Eyes+1","FTL"],"picked":"Steam+1","floor":20},{"not_picked":["Reprogram+1","Static Discharge"],"picked":"Creative AI","floor":24},{"not_picked":["Ball Lightning","Reprogram+1","Conserve Battery+1"],"picked":"Go for the Eyes+1","floor":27},{"not_picked":["Leap+1","Steam Power+1","Compile Driver","Beam Cell"],"picked":"SKIP","floor":29},{"not_picked":["Rebound+1","Streamline","Chill+1"],"picked":"Seek+1","floor":30},{"not_picked":["Fission+1","Meteor Strike","Reboot+1"],"picked":"Amplify+1","floor":33},{"not_picked":["Rebound","Barrage+1","Stack+1","Coolheaded+1"],"picked":"SKIP","floor":35},{"not_picked":["Stack+1","Chill+1","Meteor Strike","Rebound"],"picked":"SKIP","floor":36},{"not_picked":["Stack+1","Sweeping Beam","Sunder+1"],"picked":"White Noise+1","floor":38},{"not_picked":["Turbo+1","Scrape+1","Stack+1","Reprogram+1"],"picked":"SKIP","floor":40},{"not_picked":["Turbo+1","Force Field+1","Cold Snap+1","Go for the Eyes+1"],"picked":"SKIP","floor":44},{"not_picked":["Consume+1","Thunder Strike","Steam+1"],"picked":"Storm","floor":47},{"not_picked":["Hello World+1","Streamline+1","Cold Snap","Redo+1"],"picked":"SKIP","floor":48},{"not_picked":["All For One","Electrodynamics","Machine Learning"],"picked":"Echo Form","floor":50},{"not_picked":["Tempest+1","Coolheaded+1","Genetic Algorithm+1","Stack+1"],"picked":"SKIP","floor":52},{"not_picked":["Hologram+1","Conserve Battery+1","Chaos+1"],"picked":"Biased Cognition","floor":57},{"not_picked":["Cold Snap","Undo+1","Auto Shields+1"],"picked":"Aggregate+1","floor":59},{"not_picked":["Rip and Tear","Glacier+1","Cold Snap","Consume+1"],"picked":"SKIP","floor":61},{"not_picked":["Amplify+1","Gash","Conserve Battery+1"],"picked":"Capacitor","floor":62},{"not_picked":["Beam Cell","Barrage","Storm"],"picked":"White Noise+1","floor":63},{"not_picked":["Rebound","Leap+1","Chaos+1","Multi-Cast+1"],"picked":"SKIP","floor":64},{"not_picked":["Redo+1","Compile Driver","Conserve Battery+1","Biased Cognition"],"picked":"SKIP","floor":65},{"not_picked":["infinitespire:Execution","infinitespire:DeathsTouch"],"picked":"infinitespire:Fortify","floor":67},{"not_picked":["Rainbow+1","All For One","Machine Learning"],"picked":"Creative AI","floor":67},{"not_picked":["Barrage","Force Field+1","Fusion+1"],"picked":"Aggregate+1","floor":69},{"not_picked":["Stack+1","Redo+1","Gash"],"picked":"Capacitor","floor":74},{"not_picked":["Chill+1","Sweeping Beam","Tempest+1"],"picked":"White Noise+1","floor":75},{"not_picked":["Consume+1","Redo+1","Coolheaded+1","Turbo+1"],"picked":"SKIP","floor":76},{"not_picked":["Buffer","Go for the Eyes+1","Genetic Algorithm+1"],"picked":"Defragment+1","floor":78},{"not_picked":["Genetic Algorithm+1","Tempest+1","Sweeping Beam","Capacitor"],"picked":"SKIP","floor":79},{"not_picked":["Scrape","Blizzard","Coolheaded+1"],"picked":"Double Energy+1","floor":82},{"not_picked":["Electrodynamics","Echo Form","Creative AI"],"picked":"Seek+1","floor":84},{"not_picked":["Hello World+1","Turbo+1","Leap+1","Storm"],"picked":"SKIP","floor":86},{"not_picked":["Aggregate+1","Go for the Eyes+1","Conserve Battery+1","Steam Power+1"],"picked":"SKIP","floor":89},{"not_picked":["Self Repair+1","Buffer","Redo+1","Chill+1"],"picked":"SKIP","floor":91},{"not_picked":["Hologram+1","Static Discharge+1","Reprogram+1"],"picked":"Double Energy+1","floor":93},{"not_picked":["Barrage+1","Steam+1","Stack+1","Turbo+1"],"picked":"SKIP","floor":95},{"not_picked":["Fusion+1","Rip and Tear","Rebound","Hologram+1"],"picked":"SKIP","floor":96},{"not_picked":["Heatsinks+1","Go for the Eyes","Cold Snap+1"],"picked":"Seek+1","floor":98},{"not_picked":["Compile Driver+1","Rebound","Sweeping Beam","Reinforced Body+1"],"picked":"SKIP","floor":99},{"not_picked":["Biased Cognition+1","Fission+1","Machine Learning+1"],"picked":"Seek+1","floor":101},{"not_picked":["Barrage","Redo+1","Stack+1","Rebound"],"picked":"SKIP","floor":103},{"not_picked":["Streamline","Conserve Battery+1","Barrage","Compile Driver"],"picked":"SKIP","floor":107},{"not_picked":["Turbo+1","Sweeping Beam","Chill+1","Leap+1"],"picked":"SKIP","floor":108},{"not_picked":["Auto Shields+1","Fusion+1","Steam+1","Barrage"],"picked":"SKIP","floor":110},{"not_picked":["Barrage","Reinforced Body+1","Steam Power+1","Sweeping Beam"],"picked":"SKIP","floor":115},{"not_picked":["Undo+1","Self Repair+1","Storm+1","Chaos+1"],"picked":"SKIP","floor":116},{"not_picked":["Seek+1","Multi-Cast+1","Rainbow+1"],"picked":"Amplify+1","floor":118},{"not_picked":["Blizzard","Sunder","BootSequence+1","Go for the Eyes"],"picked":"SKIP","floor":120},{"not_picked":["Go for the Eyes","Rebound","Redo+1","Coolheaded+1"],"picked":"SKIP","floor":124},{"not_picked":["Rebound+1","Machine Learning+1","Gash+1","Scrape+1"],"picked":"SKIP","floor":130},{"not_picked":["Ball Lightning+1","Streamline+1","Gash+1","Chaos+1"],"picked":"SKIP","floor":131},{"not_picked":["Defragment+1","Loop+1","Steam+1","Self Repair+1"],"picked":"SKIP","floor":132},{"not_picked":["Beam Cell+1","Melter+1","Streamline+1","Gash+1"],"picked":"SKIP","floor":132},{"not_picked":["Compile Driver+1","Redo+1","Reboot+1","Rebound+1"],"picked":"SKIP","floor":133},{"not_picked":["Cold Snap+1","Undo+1"],"picked":"SKIP","floor":137},{"not_picked":["Go for the Eyes+1","Steam+1"],"picked":"SKIP","floor":137},{"not_picked":["Barrage+1"],"picked":"Electrodynamics+1","floor":138},{"not_picked":["Hologram+1","Beam Cell+1"],"picked":"SKIP","floor":141},{"not_picked":["Leap+1","Storm+1"],"picked":"SKIP","floor":141},{"not_picked":["Reinforced Body+1","Steam+1"],"picked":"SKIP","floor":143},{"not_picked":["Static Discharge+1","Steam+1"],"picked":"SKIP","floor":143},{"not_picked":["Turbo+1","Darkness+1"],"picked":"SKIP","floor":156}],"player_experience":60891,"relics_obtained":[{"floor":7.0,"key":"infinitespire:EmpoweringShard"},{"floor":8.0,"key":"Bottled Tornado"},{"floor":11.0,"key":"Ornamental Fan"},{"floor":17,"key":"Vajra"},{"floor":17,"key":"infinitespire:WardingShard"},{"floor":17,"key":"StoneCalendar"},{"floor":21,"key":"Nilry\u0027s Codex"},{"floor":24,"key":"Question Card"},{"floor":26,"key":"infinitespire:PuzzleCube"},{"floor":27,"key":"Bag of Preparation"},{"floor":29,"key":"Girya"},{"floor":40,"key":"Toy Ornithopter"},{"floor":43,"key":"infinitespire:Midas Blood"},{"floor":44,"key":"Mercury Hourglass"},{"floor":46,"key":"CatCart"},{"floor":47,"key":"Bag of Marbles"},{"floor":60,"key":"Centennial Puzzle"},{"floor":61,"key":"Potion Belt"},{"floor":61,"key":"Lantern"},{"floor":63,"key":"Regal Pillow"},{"floor":63,"key":"Smiling Mask"},{"floor":65,"key":"infinitespire:Beetle Shell"},{"floor":65,"key":"PreservedInsect"},{"floor":76,"key":"Gremlin Horn"},{"floor":76,"key":"Pen Nib"},{"floor":77,"key":"Kunai"},{"floor":78,"key":"Shuriken"},{"floor":78,"key":"Calipers"},{"floor":88,"key":"infinitespire:Satchel"},{"floor":91,"key":"Happy Flower"},{"floor":91,"key":"CaptainsWheel"},{"floor":93,"key":"infinitespire:Freezer"},{"floor":93,"key":"Frozen Egg 2"},{"floor":94,"key":"MealTicket"},{"floor":98,"key":"Matryoshka"},{"floor":98,"key":"infinitespire:SolderingIron"},{"floor":108,"key":"infinitespire:FocusingShard"},{"floor":110,"key":"HornCleat"},{"floor":110,"key":"Omamori"},{"floor":111,"key":"Mummified Hand"},{"floor":111,"key":"Bottled Lightning"},{"floor":116,"key":"Ancient Tea Set"},{"floor":122,"key":"Red Mask"},{"floor":128,"key":"Tiny Chest"},{"floor":128,"key":"Mango"},{"floor":131,"key":"Prayer Wheel"},{"floor":131,"key":"infinitespire:Lychee Nut"},{"floor":133,"key":"Incense Burner"},{"floor":133,"key":"Ice Cream"},{"floor":139,"key":"Thread and Needle"},{"floor":142,"key":"Old Coin"},{"floor":144,"key":"Lizard Tail"},{"floor":145,"key":"infinitespire:Joker Card"},{"floor":146,"key":"infinitespire:Golems Mask"},{"floor":151,"key":"Bird Faced Urn"},{"floor":154,"key":"FossilizedHelix"},{"floor":156,"key":"Unceasing Top"},{"floor":156,"key":"Circlet"}],"event_choices":[{"damage_healed":0.0,"max_hp_gain":0.0,"max_hp_loss":0.0,"gold_gain":0.0,"cards_transformed":["Defend_B"],"event_name":"Living Wall","player_choice":"Change","floor":4.0,"gold_loss":0.0,"damage_taken":0.0,"cards_obtained":["Reprogram"]},{"damage_healed":0,"gold_gain":0,"player_choice":"Obtained Book","damage_taken":16,"max_hp_gain":0,"max_hp_loss":0,"event_name":"Cursed Tome","floor":21,"gold_loss":0},{"damage_healed":0,"gold_gain":0,"player_choice":"Copied","damage_taken":0,"max_hp_gain":0,"max_hp_loss":0,"event_name":"Duplicator","floor":31,"gold_loss":0,"cards_obtained":["infinitespire:Gouge"]},{"cards_removed":["Self Repair"],"damage_healed":0,"gold_gain":0,"player_choice":"Removed Power","damage_taken":0,"max_hp_gain":0,"max_hp_loss":0,"event_name":"Falling","floor":39,"gold_loss":0},{"damage_healed":0,"gold_gain":0,"player_choice":"Ignored","damage_taken":0,"max_hp_gain":0,"max_hp_loss":0,"event_name":"Tomb of Lord Red Mask","floor":42,"gold_loss":0},{"damage_healed":0,"gold_gain":0,"player_choice":"Fight","damage_taken":0,"max_hp_gain":0,"max_hp_loss":0,"event_name":"OrinTheCat","floor":46,"gold_loss":0},{"damage_healed":0,"gold_gain":0,"player_choice":"Success","damage_taken":18,"relics_obtained":["Sundial"],"max_hp_gain":0,"max_hp_loss":0,"event_name":"Scrap Ooze","floor":54,"gold_loss":0},{"damage_healed":0,"gold_gain":0,"player_choice":"Donut","damage_taken":0,"max_hp_gain":5,"max_hp_loss":0,"event_name":"Big Fish","floor":55,"gold_loss":0},{"damage_healed":0,"gold_gain":0,"player_choice":"Searched \u00272\u0027 times","damage_taken":0,"relics_obtained":["Pear"],"max_hp_gain":0,"max_hp_loss":0,"event_name":"Dead Adventurer","floor":62,"gold_loss":0},{"damage_healed":0,"gold_gain":0,"player_choice":"Ignored","damage_taken":0,"max_hp_gain":0,"max_hp_loss":0,"event_name":"Ghosts","floor":71,"gold_loss":0},{"damage_healed":0,"gold_gain":0,"player_choice":"Inject Mutagens","damage_taken":0,"relics_obtained":["MutagenicStrength"],"max_hp_gain":0,"max_hp_loss":0,"event_name":"Drug Dealer","floor":72,"gold_loss":0},{"damage_healed":0,"gold_gain":0,"player_choice":"Copied","damage_taken":0,"max_hp_gain":0,"max_hp_loss":0,"event_name":"Duplicator","floor":80,"gold_loss":0,"cards_obtained":["Storm"]},{"damage_healed":0,"gold_gain":0,"player_choice":"Read","damage_taken":0,"max_hp_gain":0,"max_hp_loss":0,"event_name":"The Library","floor":81,"gold_loss":0,"cards_obtained":["White Noise"]},{"damage_healed":0,"gold_gain":0,"player_choice":"Memory 1","damage_taken":0,"max_hp_gain":0,"max_hp_loss":0,"event_name":"SensoryStone","floor":87,"gold_loss":0},{"damage_healed":0,"gold_gain":0,"player_choice":"Rummage","damage_taken":0,"relics_obtained":["WarpedTongs"],"max_hp_gain":0,"max_hp_loss":0,"event_name":"Accursed Blacksmith","floor":90,"gold_loss":0,"cards_obtained":["Pain"]},{"damage_healed":0,"gold_gain":0,"player_choice":"Rummage","damage_taken":0,"relics_obtained":["WarpedTongs"],"max_hp_gain":0,"max_hp_loss":0,"event_name":"Accursed Blacksmith","floor":105,"gold_loss":0,"cards_obtained":["Pain"]},{"damage_healed":0,"gold_gain":0,"player_choice":"Got Potions","damage_taken":0,"max_hp_gain":0,"max_hp_loss":0,"event_name":"Lab","floor":109,"gold_loss":0},{"cards_removed":["Storm"],"damage_healed":0,"gold_gain":0,"player_choice":"Elegance","damage_taken":0,"max_hp_gain":0,"max_hp_loss":0,"event_name":"Back to Basics","floor":121,"gold_loss":0},{"damage_healed":0,"gold_gain":0,"player_choice":"Fought Bandits","damage_taken":0,"max_hp_gain":0,"max_hp_loss":0,"event_name":"Masked Bandits","floor":122,"gold_loss":0},{"damage_healed":0,"gold_gain":0,"player_choice":"Inject Mutagens","damage_taken":0,"relics_obtained":["Circlet"],"max_hp_gain":0,"max_hp_loss":0,"event_name":"Drug Dealer","floor":126,"gold_loss":0},{"damage_healed":0,"gold_gain":0,"player_choice":"Opened","damage_taken":0,"relics_obtained":["Ginger"],"max_hp_gain":0,"max_hp_loss":0,"event_name":"The Mausoleum","floor":129,"gold_loss":0,"cards_obtained":["Writhe"]},{"damage_healed":0,"gold_gain":0,"player_choice":"Fight","damage_taken":0,"max_hp_gain":0,"max_hp_loss":0,"event_name":"Mysterious Sphere","floor":139,"gold_loss":0},{"damage_healed":0,"gold_gain":0,"player_choice":"Memory 1","damage_taken":0,"max_hp_gain":0,"max_hp_loss":0,"event_name":"SensoryStone","floor":140,"gold_loss":0},{"damage_healed":0,"gold_gain":0,"player_choice":"Max HP","damage_taken":0,"max_hp_gain":0,"max_hp_loss":5,"event_name":"Winding Halls","floor":148,"gold_loss":0},{"cards_removed":["Double Energy"],"damage_healed":0,"gold_gain":0,"player_choice":"Upgrade and Remove","damage_taken":0,"max_hp_gain":0,"max_hp_loss":0,"event_name":"Designer","floor":149,"gold_loss":90,"cards_upgraded":["Capacitor"]},{"damage_healed":0,"gold_gain":0,"player_choice":"Bought 0 Potions","damage_taken":0,"max_hp_gain":0,"max_hp_loss":0,"event_name":"The Woman in Blue","floor":150,"gold_loss":0}],"is_beta":false,"boss_relics":[{"not_picked":["Runic Pyramid","SacredBark"],"picked":"Calling Bell"},{"not_picked":["Fusion Hammer","Snecko Eye"],"picked":"SlaversCollar"},{"not_picked":["Runic Dome","Sozu"],"picked":"Black Star"},{"not_picked":["Sozu","Velvet Choker"],"picked":"SacredBark"},{"not_picked":["Empty Cage","Cursed Key"],"picked":"Coffee Dripper"},{"not_picked":["Snecko Eye","Nuclear Battery"],"picked":"Philosopher\u0027s Stone"},{"not_picked":["Inserter","Sozu"],"picked":"Empty Cage"},{"not_picked":["Snecko Eye","Tiny House"],"picked":"Busted Crown"},{"not_picked":["Velvet Choker","Runic Dome"],"picked":"Nuclear Battery"}],"items_purged_floors":[2,14,22,28,37,45,53,56,70,97,104,106,113,123,127,138,147,155],"is_endless":true,"potions_floor_spawned":[7,10,12,13,16,27,29,35,38,44,47,48,50,57,61,62,63,78,79,82,84,93,95,96,99,103,107,108,110,115,116,118,120,122,124,130,131,132,133,135,137,139,141,143,152,156,157],"ascension_level":1}}