{"host":"v9w6spxba3pepxck","time":1609136164,"event":{"mods":["BaseMod","Downfall","Friendly Minions","Minty Spire (QoL Compilation)","StSLib","[IsaacMod]ÒÔÈö¼âËþ"],"gold_per_floor":[116,216,216,232,250,276,197,214,285,297,297,297,297,329,329,402,402,422,422,438,448,460,494,512,512,512,521,539,539,559,602,602,685,712,729,747,747,761,771,800,856,856,934,934,934,934,934,950,950,950,950],"floor_reached":52,"playtime":1485,"items_purged":["Defend_P","Defend_P","Strike_P","Defend_P","EpicFetus","Strike_P","FlurryOfBlows"],"score":2518,"play_id":"5d5007b0-37a5-40a4-b486-a631f326a77d","local_time":"20201228141604","is_ascension_mode":true,"campfire_choices":[{"floor":12.0,"key":"REST"},{"floor":15.0,"key":"RECALL"},{"floor":25.0,"key":"REST"},{"data":"Defend_P","floor":32,"key":"PURGE"},{"data":"Strike_P+1","floor":42,"key":"PURGE"},{"data":"Fasting2","floor":46,"key":"PURGE"},{"data":"BowlingBash+1","floor":49,"key":"PURGE"}],"circlet_count":9,"master_deck":["AscendersBane","Eruption+1","Vigilance+1","Blasphemy+1","Wish+1","Tantrum+1","Wallop","DevaForm+1","Adaptation+1","Purity+1","Adaptation+1","Scrawl+1","Omniscience+1","LessonLearned+1","Scrawl+1","Master of Strategy+1","Wallop+1","TalkToTheHand+1"],"relics":["HushsDoor","SteamSale","Fusion Hammer","Bird Faced Urn","Membership Card","White Beast Statue","D6","Kunai","Lee\u0027s Waffle","Orichalcum","GuppysHead","PunchingBag","Runic Pyramid","Melange","TeardropLocket","PillsDrop","The Courier","DoctorsRemote","CaptainsWheel","DeadEye","Thread and Needle","Incense Burner","GoldenEye","Pen Nib","Toxic Egg 2","StoneCalendar","Potion Belt","Ancient Tea Set","Mercury Hourglass","BelialBook","MoneyPower","Nunchaku","Bottled Lightning","Molten Egg 2","Bottled Flame","Bronze Scales","Pear","Omamori","Darkstone Periapt","Vajra","Centennial Puzzle","TheBean","Letter Opener","PreservedInsect","SharpPlug","Boot","BookOfRevelations","Question Card","ForgetMeNow","BookofShadows","StrikeDummy","CeramicFish","Eternal Feather","Oddly Smooth Stone","TungstenRod","DeathBook","Regal Pillow","Toy Ornithopter","InkBottle","Ornamental Fan","Art of War","SatanicBible","Bottled Tornado","PokeGo","Dream Catcher","Whetstone","YumHeart","SalivaCoin","HowToJump","Juzu Bracelet","AnarchistCookbook","Damaru","TheBible","HornCleat","Frozen Egg 2","Sundial","EdensBlessing","BloodDonationMachine","Pantograph","Prayer Wheel","Akabeko","Blue Candle","Peace Pipe","Lantern","Blood Vial","TuHaoJin","Meat on the Bone","UnicornStump","Bag of Marbles","Yang","Diplopia","Mummified Hand","Anchor","Singing Bowl","Shuriken","Gremlin Horn","Strawberry","Matryoshka","GnawedLeaf","GuppysTail","Tiny Chest","Gambling Chip","CloakClasp","Dead Branch","Turnip","Shovel","Lizard Tail","D4","War Paint","Bag of Preparation","GuppysPaw","FossilizedHelix","Happy Flower","Mango","Unceasing Top","WingedGreaves","MealTicket","Ice Cream","Void","Ginger","Leech","Du-Vu Doll","BlankCard","Damocles","Calipers","Pocketwatch","Circlet","Torii","TheBattery","Busted Crown","GuppysCollar","TheAbacus","ClockworkSouvenir"],"acts_visited":["Exordium","TheCity","TheBeyond"],"potions_floor_usage":[],"damage_taken":[{"damage":13.0,"enemies":"2 Louse","floor":1.0,"turns":3.0},{"damage":0.0,"enemies":"Cultist","floor":4.0,"turns":4.0},{"damage":7.0,"enemies":"Jaw Worm","floor":5.0,"turns":2.0},{"damage":20.0,"enemies":"3 Sentries","floor":6.0,"turns":5.0},{"damage":4.0,"enemies":"3 Louse","floor":8.0,"turns":2.0},{"damage":3.0,"enemies":"Blue Slaver","floor":10.0,"turns":2.0},{"damage":0.0,"enemies":"Gremlin Nob","floor":14.0,"turns":3.0},{"damage":7.0,"enemies":"Hexaghost","floor":16.0,"turns":5.0},{"damage":20.0,"enemies":"2 Thieves","floor":18.0,"turns":3.0},{"damage":0.0,"enemies":"Spheric Guardian","floor":20.0,"turns":3.0},{"damage":0.0,"enemies":"Snake Plant","floor":21.0,"turns":3.0},{"damage":9.0,"enemies":"Cultist and Chosen","floor":22.0,"turns":5.0},{"damage":33.0,"enemies":"Gremlin Leader","floor":23.0,"turns":3.0},{"damage":12.0,"enemies":"Snecko","floor":24.0,"turns":5.0},{"damage":0,"enemies":"Snake Plant","floor":28,"turns":1},{"damage":0,"enemies":"Cultist and Chosen","floor":30,"turns":1},{"damage":0,"enemies":"Slavers","floor":31,"turns":1},{"damage":0,"enemies":"Automaton","floor":33,"turns":1},{"damage":0,"enemies":"3 Shapes","floor":35,"turns":1},{"damage":0,"enemies":"Orb Walker","floor":37,"turns":1},{"damage":0,"enemies":"Writhing Mass","floor":38,"turns":1},{"damage":0,"enemies":"Maw","floor":39,"turns":1},{"damage":0,"enemies":"Nemesis","floor":40,"turns":1},{"damage":0,"enemies":"2 Orb Walkers","floor":41,"turns":1},{"damage":0,"enemies":"Jaw Worm Horde","floor":48,"turns":1},{"damage":0,"enemies":"Donu and Deca","floor":50,"turns":1},{"damage":0,"enemies":"Time Eater","floor":51,"turns":1}],"seed_played":"1421969618656080830","potions_obtained":[{"floor":5.0,"key":"Energy Potion"},{"floor":6.0,"key":"Strength Potion"},{"floor":8.0,"key":"DistilledChaos"},{"floor":10.0,"key":"CultistPotion"},{"floor":14.0,"key":"GamblersBrew"},{"floor":16.0,"key":"EntropicBrew"},{"floor":20.0,"key":"FairyPotion"},{"floor":23.0,"key":"champ:CounterPotion"},{"floor":24.0,"key":"Guardian:BlockOnCardUsePotion"},{"floor":28,"key":"SkillPotion"},{"floor":30,"key":"LiquidMemories"}],"is_trial":false,"path_per_floor":["M","?","?","M","M","E","$","M","T","M","?","R","$","E","R","B",null,"M","$","M","M","M","E","M","R","T","$","M","?","M","E","R","B",null,"M","$","M","M","M","E","?","R","T","$","?","R","T","M","R","B","B",null],"character_chosen":"WATCHER","items_purchased":["Membership Card","White Beast Statue","D6","Guardian:BlockOnCardUsePotion","Fasting2","Lee\u0027s Waffle","Orichalcum","GuppysHead","StancePotion","Tantrum","Melange","TeardropLocket","PillsDrop","Adaptation","CaptainsWheel","DeadEye","Thread and Needle","Incense Burner","GoldenEye","Pen Nib","Toxic Egg 2","StoneCalendar","Potion Belt","Ancient Tea Set","Mercury Hourglass","BelialBook","MoneyPower","Nunchaku","Bottled Lightning","Molten Egg 2","Bottled Flame","Bronze Scales","Pear","Omamori","Darkstone Periapt","Vajra","Centennial Puzzle","TheBean","Letter Opener","PreservedInsect","SharpPlug","Boot","BookOfRevelations","Question Card","ForgetMeNow","BookofShadows","StrikeDummy","CeramicFish","Eternal Feather","Oddly Smooth Stone","TungstenRod","DeathBook","Regal Pillow","Toy Ornithopter","InkBottle","Ornamental Fan","Art of War","SatanicBible","Bottled Tornado","PokeGo","Dream Catcher","Whetstone","YumHeart","SalivaCoin","HowToJump","Juzu Bracelet","AnarchistCookbook","Damaru","TheBible","HornCleat","Frozen Egg 2","Sundial","EdensBlessing","BloodDonationMachine","Pantograph","Prayer Wheel","Akabeko","Blue Candle","Peace Pipe","Lantern","Blood Vial","TuHaoJin","Meat on the Bone","UnicornStump","Bag of Marbles","Yang","Diplopia","Mummified Hand","Anchor","Singing Bowl","Shuriken","Gremlin Horn","Strawberry","Matryoshka","GnawedLeaf","GuppysTail","Tiny Chest","Gambling Chip","CloakClasp","Dead Branch","Turnip","Shovel","Lizard Tail","D4","War Paint","Bag of Preparation","GuppysPaw","FossilizedHelix","Happy Flower","Mango","Unceasing Top","WingedGreaves","MealTicket","Ice Cream","Void","Ginger","Leech","Du-Vu Doll","BlankCard","Damocles","Calipers","Pocketwatch","Circlet","Circlet","Circlet","Circlet","Torii","Circlet","TheBattery","Purity+1","Omniscience+1","LessonLearned+1","Scrawl+1","GuppysCollar","TheAbacus","Master of Strategy+1","Wallop+1","ClockworkSouvenir"],"campfire_rested":2,"item_purchase_floors":[7,7,7,7,7,13,13,13,13,13,19,19,19,19,27,27,27,27,27,27,27,27,27,27,27,27,27,27,27,27,27,27,27,27,27,27,27,27,27,27,27,27,27,27,27,27,27,27,27,27,27,27,27,27,27,27,27,27,27,27,27,27,27,27,27,27,27,27,27,27,27,27,27,27,27,27,27,27,27,27,27,27,27,27,27,27,27,27,27,27,27,27,27,27,27,27,27,27,27,27,27,27,27,27,27,27,27,27,27,27,27,27,27,27,27,27,27,27,27,27,27,27,27,27,27,27,27,27,27,27,34,34,34,34,36,36,36,44],"current_hp_per_floor":[48,48,48,48,41,21,21,19,19,18,18,38,75,75,75,69,74,55,55,57,62,61,30,24,47,47,83,96,96,109,116,125,135,105,109,109,113,117,121,123,123,123,123,123,117,117,127,131,131,131,131],"gold":950,"neow_bonus":"BOSS_RELIC","is_daily":false,"chose_seed":false,"campfire_upgraded":0,"win_rate":0.0,"timestamp":1609136164,"path_taken":["M","?","?","M","M","E","$","M","T","M","?","R","$","E","R","BOSS","M","$","M","M","M","E","M","R","T","$","M","?","M","E","R","BOSS","M","$","M","M","M","E","?","R","T","$","?","R","?","M","R","BOSS","BOSS"],"items_purchased_type":["Relic","Relic","Relic","Potion","Card","Relic","Relic","Relic","Potion","Card","Relic","Relic","Relic","Card","Relic","Relic","Relic","Relic","Relic","Relic","Relic","Relic","Relic","Relic","Relic","Relic","Relic","Relic","Relic","Relic","Relic","Relic","Relic","Relic","Relic","Relic","Relic","Relic","Relic","Relic","Relic","Relic","Relic","Relic","Relic","Relic","Relic","Relic","Relic","Relic","Relic","Relic","Relic","Relic","Relic","Relic","Relic","Relic","Relic","Relic","Relic","Relic","Relic","Relic","Relic","Relic","Relic","Relic","Relic","Relic","Relic","Relic","Relic","Relic","Relic","Relic","Relic","Relic","Relic","Relic","Relic","Relic","Relic","Relic","Relic","Relic","Relic","Relic","Relic","Relic","Relic","Relic","Relic","Relic","Relic","Relic","Relic","Relic","Relic","Relic","Relic","Relic","Relic","Relic","Relic","Relic","Relic","Relic","Relic","Relic","Relic","Relic","Relic","Relic","Card","Relic","Relic","Relic","Relic","Relic","Relic","Relic","Undefined","Undefined","Undefined","Undefined","Relic","Undefined","Relic","Card","Card","Card","Card","Relic","Relic","Card","Card","Relic"],"build_version":"2020-12-22","purchased_purges":7,"victory":true,"max_hp_per_floor":[68,68,68,68,68,68,68,68,68,68,68,68,75,75,75,75,75,75,75,75,78,78,78,78,78,78,114,123,123,132,135,135,135,105,109,109,113,117,121,123,123,123,123,123,117,117,127,131,131,131,131],"card_choices":[{"not_picked":[],"picked":"EpicFetus","floor":0.0},{"not_picked":["Crescendo","Evaluate","ThirdEye"],"picked":"SKIP","floor":1.0},{"not_picked":["WreathOfFlame","FollowUp","EmptyFist"],"picked":"SKIP","floor":4.0},{"not_picked":["Brilliance","EmptyBody"],"picked":"FlurryOfBlows","floor":5.0},{"not_picked":["Omniscience","Wireheading"],"picked":"Blasphemy","floor":6.0},{"not_picked":["JustLucky","MentalFortress"],"picked":"BowlingBash","floor":8.0},{"not_picked":["FlurryOfBlows","WaveOfTheHand","PathToVictory"],"picked":"SKIP","floor":10.0},{"not_picked":["Establishment","Halt"],"picked":"Wallop","floor":14.0},{"not_picked":["Establishment","Devotion"],"picked":"DevaForm","floor":16.0},{"not_picked":["Pray+1","SandsOfTime","Halt"],"picked":"SKIP","floor":18.0},{"not_picked":["Sanctity","SashWhip","Study"],"picked":"SKIP","floor":20.0},{"not_picked":["BattleHymn","FlyingSleeves","SashWhip"],"picked":"SKIP","floor":21.0},{"not_picked":["ClearTheMind","EmptyMind","EmptyBody"],"picked":"SKIP","floor":22.0},{"not_picked":["Vengeance","EmptyFist","Pray"],"picked":"SKIP","floor":23.0},{"not_picked":["Pray","Fasting2","Crescendo"],"picked":"SKIP","floor":24.0},{"not_picked":["Meditate+1","PathToVictory+1","Weave+1","EmptyMind+1"],"picked":"Singing Bowl","floor":28},{"not_picked":["Protect+1","Consecrate+1","Swivel+1","WreathOfFlame+1"],"picked":"Singing Bowl","floor":28},{"not_picked":["CutThroughFate+1","WheelKick+1","Perseverance+1","Protect+1"],"picked":"Singing Bowl","floor":30},{"not_picked":["BowlingBash+1","LikeWater+1","Consecrate+1","SignatureMove+1"],"picked":"Singing Bowl","floor":30},{"not_picked":["BowlingBash+1","WheelKick+1","Indignation+1"],"picked":"Adaptation+1","floor":31},{"not_picked":["Establishment+1","Judgement+1","SpiritShield+1"],"picked":"Scrawl+1","floor":33},{"not_picked":["Collect+1","FlyingSleeves+1"],"picked":"Singing Bowl","floor":35},{"not_picked":["CutThroughFate+1","Perseverance+1"],"picked":"Singing Bowl","floor":35},{"not_picked":["Prostrate+1","ForeignInfluence+1"],"picked":"Singing Bowl","floor":37},{"not_picked":["Worship+1","CrushJoints+1"],"picked":"Singing Bowl","floor":37},{"not_picked":["CrushJoints+1","BattleHymn+1"],"picked":"Singing Bowl","floor":38},{"not_picked":["FlurryOfBlows+1","Wireheading+1"],"picked":"Singing Bowl","floor":38},{"not_picked":["Vengeance+1","Crescendo+1"],"picked":"Singing Bowl","floor":39},{"not_picked":["Swivel+1","SpiritShield+1"],"picked":"Singing Bowl","floor":39},{"not_picked":["Pray+1","Halt+1"],"picked":"Singing Bowl","floor":40},{"not_picked":["BowlingBash+1"],"picked":"TalkToTheHand+1","floor":41},{"not_picked":["Consecrate+1","Swivel+1"],"picked":"Singing Bowl","floor":48},{"not_picked":["MentalFortress+1","FollowUp+1"],"picked":"Singing Bowl","floor":48}],"player_experience":707074,"relics_obtained":[{"floor":6.0,"key":"Bird Faced Urn"},{"floor":9.0,"key":"Kunai"},{"floor":14.0,"key":"PunchingBag"},{"floor":23.0,"key":"The Courier"},{"floor":26.0,"key":"DoctorsRemote"},{"floor":28,"key":"Circlet"},{"floor":30,"key":"Circlet"},{"floor":47,"key":"Circlet"},{"floor":47,"key":"Circlet"}],"event_choices":[{"damage_healed":0.0,"max_hp_gain":0.0,"max_hp_loss":0.0,"gold_gain":0.0,"event_name":"Liars Game","player_choice":"Ignored","floor":3.0,"gold_loss":0.0,"damage_taken":0.0},{"damage_healed":0.0,"max_hp_gain":0.0,"max_hp_loss":0.0,"gold_gain":0.0,"cards_transformed":["Strike_P"],"event_name":"Transmorgrifier","player_choice":"Transformed","floor":11.0,"gold_loss":0.0,"damage_taken":0.0,"cards_obtained":["Wish"]},{"damage_healed":0,"gold_gain":0,"player_choice":"Fight","damage_taken":0,"max_hp_gain":0,"max_hp_loss":0,"event_name":"Mysterious Sphere","floor":41,"gold_loss":0},{"damage_healed":0,"gold_gain":0,"player_choice":"Max HP","damage_taken":0,"max_hp_gain":0,"max_hp_loss":6,"event_name":"Winding Halls","floor":45,"gold_loss":0}],"is_beta":false,"boss_relics":[{"not_picked":["Velvet Choker","Runic Dome"],"picked":"Runic Pyramid"},{"not_picked":[]},{"not_picked":["Black Star","Cursed Key"],"picked":"Busted Crown"},{"not_picked":[]}],"items_purged_floors":[7,13,19,27,34,36,44],"is_endless":false,"potions_floor_spawned":[5,6,8,10,14,16,18,20,21,22,23,24,28,30,33,35,37,38,40,48],"ascension_level":20}}