{"host":"1tl36azeqm6yhdgj","time":1609152642,"event":{"mods":["AchievementEnabler","BaseMod","Minty Spire (QoL Compilation)","StSLib","The IronCluck","everything is the same but u backflip on backflip"],"gold_per_floor":[114,132,132,7,19,45,45,64,88,88,103,132,132,142,142,142,142],"floor_reached":16,"playtime":475,"items_purged":["Strike_R"],"score":202,"play_id":"98dba9f2-76cd-4499-a755-db2a0241147a","local_time":"20201228055042","is_ascension_mode":true,"campfire_choices":[{"data":"Bash","floor":7.0,"key":"SMITH"},{"floor":10,"key":"REST"},{"floor":15,"key":"REST"}],"circlet_count":0,"master_deck":["AscendersBane","Strike_R","Strike_R","Strike_R","Defend_R","Defend_R","Defend_R","Defend_R","Bash+1","Clash","Headbutt","Rupture","Anger","Burning Pact","Metallicize","Fire Breathing","Shrug It Off","Thunderclap"],"relics":["Burning Blood","NeowsBlessing","Nunchaku","Vajra","InkBottle"],"acts_visited":["Exordium"],"potions_floor_usage":[],"damage_taken":[{"damage":0.0,"enemies":"2 Louse","floor":1.0,"turns":1.0},{"damage":0.0,"enemies":"Cultist","floor":2.0,"turns":1.0},{"damage":0.0,"enemies":"Small Slimes","floor":5.0,"turns":1.0},{"damage":32.0,"enemies":"Gremlin Nob","floor":6.0,"turns":4.0},{"damage":39.0,"enemies":"Gremlin Gang","floor":8.0,"turns":5.0},{"damage":10,"enemies":"Exordium Thugs","floor":11,"turns":5},{"damage":24,"enemies":"Lagavulin","floor":12,"turns":7},{"damage":5,"enemies":"2 Fungi Beasts","floor":14,"turns":4},{"damage":40,"enemies":"Hexaghost","floor":16,"turns":9}],"seed_played":"-69737453878927159","potions_obtained":[{"floor":1.0,"key":"SkillPotion"},{"floor":2.0,"key":"LiquidMemories"}],"is_trial":false,"path_per_floor":["M","M","?","$","M","E","R","M","T","R","M","E","?","M","R","B"],"character_chosen":"IRONCLAD","items_purchased":["Anger"],"campfire_rested":2,"item_purchase_floors":[4],"current_hp_per_floor":[74,75,75,75,75,49,49,16,16,38,34,16,16,17,39,0,0],"gold":142,"neow_bonus":"THREE_ENEMY_KILL","is_daily":false,"chose_seed":false,"campfire_upgraded":1,"win_rate":0.0,"timestamp":1609152642,"path_taken":["M","M","?","$","?","E","R","M","T","R","M","E","?","M","R","BOSS"],"items_purchased_type":["Card"],"build_version":"2020-12-22","purchased_purges":1,"victory":false,"max_hp_per_floor":[75,75,75,75,75,75,75,75,75,75,75,75,75,75,75,75,75],"card_choices":[{"not_picked":["Rupture","Perfected Strike"],"picked":"Clash","floor":1.0},{"not_picked":["Heavy Blade","Sword Boomerang"],"picked":"Headbutt","floor":2.0},{"not_picked":["Blood for Blood","Battle Trance"],"picked":"Burning Pact","floor":5.0},{"not_picked":["Thunderclap","Clash"],"picked":"Metallicize","floor":6.0},{"not_picked":["Body Slam","Ghostly Armor"],"picked":"Fire Breathing","floor":8.0},{"not_picked":["Twin Strike","Havoc","Sword Boomerang"],"picked":"SKIP","floor":11},{"not_picked":["Ghostly Armor","Heavy Blade"],"picked":"Shrug It Off","floor":12},{"not_picked":["Seeing Red","Iron Wave"],"picked":"Thunderclap","floor":14}],"player_experience":1977426,"relics_obtained":[{"floor":6.0,"key":"Nunchaku"},{"floor":12,"key":"Vajra"},{"floor":13,"key":"InkBottle"}],"event_choices":[{"damage_healed":0.0,"max_hp_gain":0.0,"max_hp_loss":0.0,"gold_gain":0.0,"cards_transformed":["Strike_R"],"event_name":"Transmorgrifier","player_choice":"Transformed","floor":3.0,"gold_loss":0.0,"damage_taken":0.0,"cards_obtained":["Rupture"]},{"damage_healed":0,"gold_gain":0,"player_choice":"Relic","damage_taken":0,"max_hp_gain":0,"max_hp_loss":0,"event_name":"Wheel of Change","floor":13,"gold_loss":0}],"is_beta":false,"boss_relics":[],"items_purged_floors":[4],"is_endless":false,"potions_floor_spawned":[1,2,5],"killed_by":"Hexaghost","ascension_level":16}}