{"host":"27orjd4x57cthwql","time":1609150964,"event":{"mods":["AchievementEnabler","BaseMod","Colored Powertips","Minty Spire (QoL Compilation)","StSLib"],"gold_per_floor":[111,130,147,163,163,204,204,220,220,255,255,280,21,90,90,215,215,233,233,233,249,273,307,331,369,369,369,369,384,407,1,1,120,120,139,139,159,183,198,198,214,249,249,19,35,35,48,8,8,8],"floor_reached":51,"playtime":8450,"items_purged":[],"score":758,"play_id":"14426d09-873a-4059-9aea-8a25b2035cd3","local_time":"20201228052244","is_ascension_mode":false,"campfire_choices":[{"floor":7,"key":"REST"},{"floor":15,"key":"REST"},{"floor":28,"key":"REST"},{"floor":32,"key":"REST"},{"floor":40,"key":"REST"},{"data":"Rainbow","floor":46,"key":"SMITH"},{"data":"Rainbow","floor":49,"key":"SMITH"}],"circlet_count":0,"master_deck":["Strike_B+1","Strike_B+1","Defend_B+1","Defend_B+1","Defend_B+1","Zap","Dualcast","Barrage","Cold Snap","Go for the Eyes","Redo","Static Discharge","Self Repair","Auto Shields","Reprogram","Rainbow+1","Storm+1","Darkness","Hello World+1","Thunder Strike","Force Field+1","Rip and Tear+1","Chill","Chaos","Storm+1","Defragment+1","Aggregate","BootSequence+1","Mayhem+1","Blizzard+1","Creative AI+1","Redo+1","Auto Shields","Reinforced Body+1","Conserve Battery","Fusion+1","White Noise+1","Decay","Thunder Strike+1","Defragment+1","Fusion","Defragment+1","Rainbow+1","Defragment+1"],"relics":["Cracked Core","Boot","Golden Idol","Meat on the Bone","Frozen Egg 2","Smiling Mask","Orichalcum","HornCleat","Black Star","Bottled Tornado","Ancient Tea Set","Ornamental Fan","Question Card","Sundial","Molten Egg 2","Toolbox","Cursed Key","Pear","Nunchaku","Eternal Feather"],"acts_visited":["Exordium","TheCity","TheBeyond"],"potions_floor_usage":[21,21,39,50,50,50],"damage_taken":[{"damage":1,"enemies":"Jaw Worm","floor":1,"turns":4},{"damage":0,"enemies":"Cultist","floor":2,"turns":4},{"damage":8,"enemies":"Small Slimes","floor":3,"turns":2},{"damage":16,"enemies":"Exordium Thugs","floor":4,"turns":5},{"damage":15,"enemies":"Lagavulin","floor":6,"turns":6},{"damage":0,"enemies":"Looter","floor":8,"turns":4},{"damage":31,"enemies":"3 Sentries","floor":10,"turns":8},{"damage":4,"enemies":"2 Fungi Beasts","floor":12,"turns":3},{"damage":1,"enemies":"Gremlin Nob","floor":14,"turns":4},{"damage":10,"enemies":"Hexaghost","floor":16,"turns":9},{"damage":12,"enemies":"3 Byrds","floor":18,"turns":5},{"damage":12,"enemies":"2 Thieves","floor":21,"turns":4},{"damage":8,"enemies":"Chosen and Byrds","floor":22,"turns":6},{"damage":17,"enemies":"Book of Stabbing","floor":23,"turns":6},{"damage":9,"enemies":"Snake Plant","floor":24,"turns":4},{"damage":44,"enemies":"Gremlin Leader","floor":25,"turns":8},{"damage":7,"enemies":"Centurion and Healer","floor":29,"turns":6},{"damage":14,"enemies":"Sentry and Sphere","floor":30,"turns":4},{"damage":19,"enemies":"Champ","floor":33,"turns":7},{"damage":0,"enemies":"Orb Walker","floor":35,"turns":2},{"damage":11,"enemies":"3 Darklings","floor":37,"turns":3},{"damage":5,"enemies":"Writhing Mass","floor":38,"turns":4},{"damage":29,"enemies":"4 Shapes","floor":39,"turns":4},{"damage":3,"enemies":"Spire Growth","floor":41,"turns":3},{"damage":17,"enemies":"Giant Head","floor":42,"turns":6},{"damage":7,"enemies":"Jaw Worm Horde","floor":45,"turns":3},{"damage":0,"enemies":"Sphere and 2 Shapes","floor":47,"turns":2},{"damage":84,"enemies":"Awakened One","floor":50,"turns":7}],"seed_played":"-3199754340914042459","potions_obtained":[{"floor":2,"key":"Fire Potion"},{"floor":4,"key":"ColorlessPotion"},{"floor":10,"key":"Ancient Potion"},{"floor":21,"key":"LiquidMemories"},{"floor":23,"key":"Swift Potion"},{"floor":24,"key":"ColorlessPotion"},{"floor":25,"key":"DuplicationPotion"},{"floor":33,"key":"Fruit Juice"},{"floor":38,"key":"Fire Potion"},{"floor":39,"key":"BlessingOfTheForge"}],"is_trial":false,"path_per_floor":["M","M","M","M","?","E","R","M","T","E","?","M","$","?","R","B",null,"M","?","T","M","M","E","M","E","T","?","R","M","M","$","R","B",null,"M","?","M","M","M","R","M","E","T","$","M","R","M","$","R","B",null],"character_chosen":"DEFECT","items_purchased":["Orichalcum","Storm+1","Darkness","Mayhem+1","Blizzard+1","Toolbox","Thunder Strike+1","Defragment+1","Fusion","Defragment+1"],"campfire_rested":5,"item_purchase_floors":[13,13,13,31,31,31,44,44,44,48],"current_hp_per_floor":[74,74,66,50,32,17,39,39,39,27,27,42,42,48,70,67,75,70,70,70,65,64,54,52,27,27,27,49,49,54,54,75,63,75,75,75,64,66,52,76,80,80,80,80,73,90,90,90,90,25],"gold":8,"neow_bonus":"RANDOM_COMMON_RELIC","is_daily":false,"chose_seed":false,"campfire_upgraded":2,"win_rate":0.0,"timestamp":1609150964,"path_taken":["M","M","M","M","?","E","R","M","T","E","?","?","$","?","R","BOSS","M","?","?","M","M","E","M","E","T","?","R","M","M","$","R","BOSS","M","?","M","M","M","R","M","E","T","$","M","R","M","?","R","BOSS"],"items_purchased_type":["Relic","Card","Card","Card","Card","Relic","Card","Card","Card","Card"],"build_version":"2020-12-22","purchased_purges":0,"victory":true,"max_hp_per_floor":[75,75,75,75,75,75,75,75,75,75,75,75,75,75,75,75,75,75,75,75,75,75,75,75,75,75,75,75,75,75,75,75,75,75,75,75,75,75,80,80,80,90,90,90,90,90,90,90,90,90],"card_choices":[{"not_picked":["Stack","Skim"],"picked":"Barrage","floor":1},{"not_picked":["Barrage","Beam Cell"],"picked":"Cold Snap","floor":2},{"not_picked":["Scrape","Cold Snap"],"picked":"Go for the Eyes","floor":3},{"not_picked":["Scrape","Heatsinks"],"picked":"Redo","floor":4},{"not_picked":["Reprogram","Hello World"],"picked":"Static Discharge","floor":6},{"not_picked":["Leap","Aggregate"],"picked":"Self Repair","floor":8},{"not_picked":["Beam Cell","Stack"],"picked":"Auto Shields","floor":10},{"not_picked":["Aggregate","Sweeping Beam"],"picked":"Rainbow","floor":12},{"not_picked":["Steam","Stack"],"picked":"Hello World+1","floor":14},{"not_picked":["Multi-Cast","Seek"],"picked":"Thunder Strike","floor":16},{"not_picked":["Heatsinks+1","Compile Driver+1"],"picked":"Force Field+1","floor":18},{"not_picked":["Leap","Sweeping Beam"],"picked":"Rip and Tear+1","floor":21},{"not_picked":["Gash","Cold Snap"],"picked":"Chill","floor":22},{"not_picked":["Streamline","Gash"],"picked":"Chaos","floor":23},{"not_picked":["Steam","Coolheaded"],"picked":"Storm+1","floor":24},{"not_picked":["Machine Learning+1","Coolheaded"],"picked":"Defragment+1","floor":25},{"not_picked":["Glacier","Coolheaded","Sweeping Beam+1"],"picked":"Aggregate","floor":29},{"not_picked":["Ball Lightning+1","Heatsinks+1","Redo+1"],"picked":"BootSequence+1","floor":30},{"not_picked":["Multi-Cast","Buffer+1","Seek"],"picked":"Creative AI+1","floor":33},{"not_picked":["Leap","Conserve Battery","Hologram+1"],"picked":"Redo+1","floor":35},{"not_picked":["Consume","Compile Driver+1","Redo"],"picked":"Auto Shields","floor":37},{"not_picked":["Steam+1","Gash+1","Genetic Algorithm"],"picked":"Reinforced Body+1","floor":38},{"not_picked":["Steam","Storm+1","Redo"],"picked":"Conserve Battery","floor":39},{"not_picked":["Sweeping Beam+1","Storm+1","Compile Driver+1"],"picked":"Fusion+1","floor":41},{"not_picked":["Cold Snap+1","Beam Cell+1","Steam Power"],"picked":"White Noise+1","floor":42},{"not_picked":["Machine Learning+1","Leap","Stack+1"],"picked":"Defragment+1","floor":45},{"not_picked":["Steam","Barrage+1","Self Repair+1"],"picked":"Rainbow","floor":47}],"player_experience":90031,"relics_obtained":[{"floor":6,"key":"Meat on the Bone"},{"floor":9,"key":"Frozen Egg 2"},{"floor":10,"key":"Smiling Mask"},{"floor":14,"key":"HornCleat"},{"floor":20,"key":"Bottled Tornado"},{"floor":23,"key":"Ancient Tea Set"},{"floor":23,"key":"Ornamental Fan"},{"floor":25,"key":"Question Card"},{"floor":25,"key":"Sundial"},{"floor":26,"key":"Molten Egg 2"},{"floor":42,"key":"Pear"},{"floor":42,"key":"Nunchaku"},{"floor":43,"key":"Eternal Feather"}],"event_choices":[{"damage_healed":0,"gold_gain":0,"player_choice":"Take Damage","damage_taken":18,"relics_obtained":["Golden Idol"],"max_hp_gain":0,"max_hp_loss":0,"event_name":"Golden Idol","floor":5,"gold_loss":0},{"damage_healed":0,"gold_gain":0,"cards_transformed":["Strike_B"],"player_choice":"Transformed","damage_taken":0,"max_hp_gain":0,"max_hp_loss":0,"event_name":"Transmorgrifier","floor":11,"gold_loss":0,"cards_obtained":["Reprogram"]},{"damage_healed":0,"gold_gain":0,"player_choice":"Searched \u00271\u0027 times","damage_taken":0,"max_hp_gain":0,"max_hp_loss":0,"event_name":"Dead Adventurer","floor":14,"gold_loss":0},{"damage_healed":0,"gold_gain":0,"player_choice":"Simplicity","damage_taken":0,"max_hp_gain":0,"max_hp_loss":0,"event_name":"Back to Basics","floor":19,"gold_loss":0,"cards_upgraded":["Strike_B","Strike_B","Strike_B","Defend_B","Defend_B","Defend_B","Defend_B"]},{"cards_removed":["Strike_B"],"damage_healed":0,"gold_gain":0,"player_choice":"Offered Basic","damage_taken":0,"max_hp_gain":0,"max_hp_loss":0,"event_name":"Bonfire Elementals","floor":27,"gold_loss":0},{"cards_removed":["Defend_B"],"damage_healed":0,"gold_gain":0,"player_choice":"Card Removal","damage_taken":0,"max_hp_gain":0,"max_hp_loss":0,"event_name":"Wheel of Change","floor":36,"gold_loss":0}],"is_beta":false,"boss_relics":[{"not_picked":["Sozu","Empty Cage"],"picked":"Black Star"},{"not_picked":["Astrolabe","Nuclear Battery"],"picked":"Cursed Key"}],"items_purged_floors":[],"is_endless":false,"potions_floor_spawned":[2,4,10,21,23,24,25,30,33,38,39,45,47],"ascension_level":0}}