{"host":"sjo4oracihb00px1","time":1609188125,"event":{"mods":["Astrologer","BaseMod","Better Note","Colored Powertips","Defective Defect","Friendly Minions","Hermit","HololiveMod","Hubris","Jorbs\u0027s Wanderer Trilogy","Kiyohime????","Marisa????????","Minty Spire (QoL Compilation)","Quick Restart","Random Character Button","Remilia??????","Replay The Spire","Shop Mod","ShortenTheSpire","Somnambulant","StSLib","The Administrix","The Animator","The Awakened One except there are too many feathers","The Bug Knight","The Cursed","The Death Knight","The Disciple","The Gatherer","The IronCluck","The Necromancer","The Problem Sleuth","The Runesmith","The Servant 0.9.4","The Vixen","TheBandit","Waifu the Spire","Wandering Minibosses","Yuri Mod","everything is the same but u backflip on backflip","slay the spire mod where everything is the same but ironclad has a cowboy hat","thorton"],"gold_per_floor":[120,140,45,65,75,75,350,367,367,367,384,397,397,409,409,514,514,514,514],"floor_reached":18,"playtime":995,"items_purged":[],"score":268,"play_id":"068c2a88-afd7-45e3-aa24-9cf932b8cd23","local_time":"20201228154205","is_ascension_mode":true,"campfire_choices":[{"data":"yuri:Oolong","floor":6.0,"key":"SMITH"},{"data":"Regret","floor":15.0,"key":"PURGE"}],"circlet_count":0,"master_deck":["yuri:Oolong+1","yuri:yuriStab+1","yuri:Spin","yuri:MPose","yuri:Stalk","yuri:yuriHeavyStrike","yuri:DragonForm","yuri:InsanityDefense","yuri:SturdyUniform","yuri:DejaVu","yuri:Spin","yuri:yuriHeavyStrike","yuri:BlackTea","yuri:BookBlue","yuri:WickedSlash","yuri:Stalk","yuri:DebugCard","yuri:GlitchRemove","yuri:ReloadGame","yuri:Parry","yuri:HoldBack","yuri:RelentlessStrikes","yuri:ThrowBook"],"relics":["hubris:VirtuousBlindfold","Shuriken","NlothsMask","Replay:Grab Bag","Cursed Key","hubris:RunicObelisk","Black Star","Pandora\u0027s Box"],"acts_visited":["Exordium","TheCity"],"potions_floor_usage":[],"damage_taken":[{"damage":2.0,"enemies":"Cultist","floor":1.0,"turns":3.0},{"damage":8.0,"enemies":"Jaw Worm","floor":2.0,"turns":3.0},{"damage":0.0,"enemies":"Small Slimes","floor":4.0,"turns":1.0},{"damage":2.0,"enemies":"Looter","floor":5.0,"turns":3.0},{"damage":2.0,"enemies":"Exordium Wildlife","floor":8.0,"turns":2.0},{"damage":9.0,"enemies":"Gremlin Gang","floor":11.0,"turns":4.0},{"damage":2.0,"enemies":"Large Slime","floor":12.0,"turns":3.0},{"damage":6.0,"enemies":"Exordium Wildlife","floor":14.0,"turns":3.0},{"damage":4.0,"enemies":"Slime Boss","floor":16.0,"turns":4.0},{"damage":0,"enemies":"3 Byrds","floor":18,"turns":1}],"seed_played":"-3862412178556053373","potions_obtained":[{"floor":2.0,"key":"Weak Potion"},{"floor":5.0,"key":"DuplicationPotion"},{"floor":8.0,"key":"Fire Potion"},{"floor":12.0,"key":"Fire Potion"},{"floor":14.0,"key":"EntropicBrew"}],"is_trial":false,"path_per_floor":["M","M","$","M","M","R","?","M","T","?","M","M","?","M","R","B",null,"M"],"character_chosen":"YURI","items_purchased":["yuri:Stalk","yuri:yuriHeavyStrike"],"campfire_rested":0,"item_purchase_floors":[3,3],"current_hp_per_floor":[74,70,70,70,72,72,72,77,77,77,75,78,78,74,74,70,78,78,78],"gold":514,"neow_bonus":"BOSS_RELIC","is_daily":false,"chose_seed":false,"campfire_upgraded":1,"win_rate":0.0,"timestamp":1609188125,"path_taken":["M","M","$","M","M","R","?","?","T","?","M","?","?","?","R","BOSS","M"],"items_purchased_type":["Card","Card"],"build_version":"2020-12-22","purchased_purges":0,"victory":false,"max_hp_per_floor":[80,80,80,80,80,80,80,80,80,80,80,80,80,80,80,80,80,80,80],"card_choices":[{"not_picked":["yuri:CalmingAura","yuri:DebugCard"],"picked":"yuri:Spin","floor":1.0},{"not_picked":["yuri:SeeingDouble","yuri:CalmingAura"],"picked":"yuri:MPose","floor":2.0},{"not_picked":["yuri:Stalk","yuri:WickedSlash"],"picked":"yuri:DragonForm","floor":4.0},{"not_picked":["yuri:Stare","yuri:TPose"],"picked":"yuri:InsanityDefense","floor":5.0},{"not_picked":["yuri:DejaVu","yuri:yuriQuickStrike"],"picked":"yuri:SturdyUniform","floor":8.0},{"not_picked":["yuri:SeeingDouble","yuri:ThornRemove"],"picked":"yuri:DejaVu","floor":11.0},{"not_picked":["yuri:ThrowBook","yuri:CorruptHitbox"],"picked":"yuri:Spin","floor":12.0},{"not_picked":["yuri:ReloadGame","yuri:UnstableStrike"],"picked":"yuri:yuriHeavyStrike","floor":14.0},{"not_picked":["yuri:RelentlessStrikes","yuri:MirrorInsanity"],"picked":"yuri:BlackTea","floor":16.0}],"player_experience":671557,"relics_obtained":[{"floor":9.0,"key":"Shuriken"}],"event_choices":[{"damage_healed":0.0,"max_hp_gain":0.0,"max_hp_loss":0.0,"gold_gain":275.0,"event_name":"Golden Shrine","player_choice":"Desecrate","floor":7.0,"gold_loss":0.0,"damage_taken":0.0,"cards_obtained":["Regret"]},{"damage_healed":0.0,"max_hp_gain":0.0,"max_hp_loss":0.0,"gold_gain":0.0,"event_name":"Upgrade Shrine","player_choice":"Upgraded","floor":10.0,"gold_loss":0.0,"damage_taken":0.0,"cards_upgraded":["yuri:yuriStab"]},{"damage_healed":0.0,"max_hp_gain":0.0,"max_hp_loss":0.0,"gold_gain":0.0,"event_name":"FaceTrader","player_choice":"Trade","floor":13.0,"gold_loss":0.0,"damage_taken":0.0,"relics_obtained":["NlothsMask"]}],"is_beta":false,"boss_relics":[{"not_picked":["hubris:BlackHole","ChewingGum"],"picked":"Replay:Grab Bag"},{"not_picked":["Sozu","Runesmith:UraniumAnvil"],"picked":"Cursed Key"},{"not_picked":["Replay:Bronze Core","hubris:CrackedHourglass"],"picked":"hubris:RunicObelisk"},{"not_picked":["Kintsugi","Hololive_TopUpMoneyS"],"picked":"Black Star"},{"not_picked":["Ring of Chaos","Snecko Eye"],"picked":"Pandora\u0027s Box"}],"items_purged_floors":[],"is_endless":false,"potions_floor_spawned":[2,5,8,12,14],"killed_by":"3 Byrds","ascension_level":6}}