{"host":"28bpuzdckreop5i0","time":1609167791,"event":{"mods":["Act Like it!","Aspiration","BaseMod","Beaked The Cultist","Best Route Mod","BetterRewards","Challenge The Spire","Conspire","Defuse TimeMaze Blight","Downfall","Energized Spire","GifTheSpireLib","Googly Eyes","Hubris","Infinite Spire","Lobotomy","Mimic Mod","Minty Spire (QoL Compilation)","Relic Stats","Shop Mod","Spicy Shops","StSLib","Stuff the Spire","The Awakened One except there are too many feathers","The Construct","The Cursed","The Disciple","The Hierophant","The IronCluck","The Jungle","Thieving Mod","Transform Curses","Wandering Minibosses","slay the spire mod where everything is the same but ironclad has a cowboy hat"],"gold_per_floor":[111,121,0,12,29,29,48,68,114,289,289,306,306,339,339,436,436,447,100,100,100,117,117,117,117],"floor_reached":24,"playtime":916,"items_purged":["beaked:Strike_Y"],"score":198,"play_id":"0287be03-14a7-4d8d-88b1-27ca2ed94e9f","local_time":"20201228090311","is_ascension_mode":false,"campfire_choices":[{"data":"beaked:Windmill","floor":6,"key":"SMITH"},{"data":"beaked:StickSmack","floor":11,"key":"SMITH"},{"floor":13,"key":"REST"},{"floor":15,"key":"REST"},{"data":"beaked:Windmill","floor":23,"key":"SMITH"}],"circlet_count":0,"master_deck":["beaked:Strike_Y+1","beaked:Strike_Y+1","beaked:Strike_Y+1","beaked:Strike_Y+1","beaked:Strike_Y+1","beaked:Defend_Y+1","beaked:Defend_Y+1","beaked:Defend_Y+1","beaked:Defend_Y+1","beaked:Ceremony","beaked:Ceremony","beaked:Ceremony","beaked:LiftOff","beaked:Daydream","beaked:Windmill+1","beaked:StickSmack+1","beaked:Insight","beaked:Insight","beaked:Windmill+1"],"relics":["beaked:MendingPlumage","MealTicket","conspire:DecoderRing","hubris:ScarierMask","Letter Opener"],"acts_visited":["Exordium","TheCity"],"potions_floor_usage":[1,16,16,24],"damage_taken":[{"damage":7,"enemies":"Cultist","floor":1,"turns":5},{"damage":8,"enemies":"Small Slimes","floor":2,"turns":5},{"damage":11,"enemies":"2 Louse","floor":4,"turns":4},{"damage":12,"enemies":"Looter","floor":5,"turns":4},{"damage":24,"enemies":"Lots of Slimes","floor":7,"turns":5},{"damage":10,"enemies":"Exordium Wildlife","floor":8,"turns":5},{"damage":27,"enemies":"3 Louse","floor":12,"turns":5},{"damage":47,"enemies":"3 Sentries","floor":14,"turns":7},{"damage":50,"enemies":"Hexaghost","floor":16,"turns":8},{"damage":26,"enemies":"Chosen","floor":18,"turns":6},{"damage":4,"enemies":"2 Thieves","floor":22,"turns":4},{"damage":70,"enemies":"Gremlin Leader","floor":24,"turns":5}],"seed_played":"2202966821837607618","potions_obtained":[{"floor":1,"key":"Fruit Juice"},{"floor":7,"key":"Dexterity Potion"},{"floor":12,"key":"Guardian:BlockOnCardUsePotion"},{"floor":14,"key":"AttackPotion"}],"is_trial":false,"path_per_floor":["M","M","$","M","M","R","M","M","T","?","R","M","R","E","R","B",null,"M","$","?","?","M","R","E"],"character_chosen":"BEAKED_THE_CULTIST","items_purchased":["beaked:Windmill","beaked:Insight","Letter Opener","beaked:Windmill"],"campfire_rested":2,"item_purchase_floors":[3,19,19,19],"current_hp_per_floor":[55,51,51,51,51,51,43,47,47,47,47,35,51,28,44,24,55,47,55,55,55,55,55,0,0],"gold":117,"neow_bonus":"ONE_RANDOM_RARE_CARD","is_daily":false,"chose_seed":false,"campfire_upgraded":3,"win_rate":0.0,"timestamp":1609167791,"path_taken":["M","M","$","?","M","R","M","M","T","?","R","M","R","E","R","BOSS","M","$","?","?","?","R","E"],"items_purchased_type":["Card","Card","Relic","Card"],"build_version":"2020-12-22","purchased_purges":1,"victory":false,"max_hp_per_floor":[55,55,55,55,55,55,55,55,55,55,55,55,55,55,55,55,55,55,55,55,55,55,55,55,55],"relic_stats":{"counters":[12,63],"MealTicket":8,"Letter Opener":[0],"obtain_stats":[{"conspire:DecoderRing":14,"hubris:ScarierMask":17,"MealTicket":9,"Letter Opener":19,"beaked:MendingPlumage":0},{"conspire:DecoderRing":8,"hubris:ScarierMask":9,"MealTicket":6,"Letter Opener":10,"beaked:MendingPlumage":0},{"conspire:DecoderRing":40,"hubris:ScarierMask":48,"MealTicket":28,"Letter Opener":54,"beaked:MendingPlumage":0}]},"card_choices":[{"not_picked":["beaked:DesperateSwing","beaked:Pecker"],"picked":"beaked:Daydream","floor":1},{"not_picked":["beaked:VigorBurst","beaked:Tweet","beaked:WarriorEssence"],"picked":"SKIP","floor":2},{"not_picked":["beaked:FeelMyPain","beaked:TuckingFeathers","beaked:HuntressEssence"],"picked":"SKIP","floor":4},{"not_picked":["beaked:BounceBack","beaked:BloodForTheGods","beaked:Recite"],"picked":"SKIP","floor":5},{"not_picked":["beaked:CursingBlood","beaked:MimicWarrior","beaked:Cower"],"picked":"SKIP","floor":7},{"not_picked":["beaked:WarriorEssence","beaked:Evade"],"picked":"beaked:StickSmack","floor":8},{"not_picked":["beaked:CrazyRituals","beaked:RuinSticks"],"picked":"beaked:Insight","floor":12},{"not_picked":["beaked:Replenish","beaked:WarriorEssence","beaked:SacrificialDive"],"picked":"SKIP","floor":14},{"not_picked":["beaked:Cower+1","beaked:StunningBlow+1","beaked:Struggle"],"picked":"SKIP","floor":18},{"not_picked":["beaked:TuckingFeathers","beaked:Tweet","beaked:BloodRitual"],"picked":"SKIP","floor":22}],"player_experience":905825,"relics_obtained":[{"floor":9,"key":"MealTicket"},{"floor":14,"key":"conspire:DecoderRing"}],"event_choices":[{"damage_healed":0,"gold_gain":175,"player_choice":"AGREE","damage_taken":0,"max_hp_gain":0,"max_hp_loss":0,"event_name":"Liars Game","floor":10,"gold_loss":0,"cards_obtained":["Doubt"]},{"damage_healed":0,"gold_gain":0,"player_choice":"Simplicity","damage_taken":0,"max_hp_gain":0,"max_hp_loss":0,"event_name":"Back to Basics","floor":20,"gold_loss":0,"cards_upgraded":["beaked:Strike_Y","beaked:Strike_Y","beaked:Strike_Y","beaked:Strike_Y","beaked:Strike_Y","beaked:Defend_Y","beaked:Defend_Y","beaked:Defend_Y","beaked:Defend_Y"]},{"cards_removed":["Doubt"],"damage_healed":0,"gold_gain":0,"player_choice":"Purged","damage_taken":0,"max_hp_gain":0,"max_hp_loss":0,"event_name":"Purifier","floor":21,"gold_loss":0}],"is_beta":false,"boss_relics":[{"not_picked":["energizedSpire:MagnifyingGlass","Sozu"],"picked":"hubris:ScarierMask"}],"items_purged_floors":[3],"is_endless":false,"potions_floor_spawned":[1,7,12,14],"killed_by":"Gremlin Leader","ascension_level":0}}