{"host":"ln38befi3ugo1bsw","time":1609143877,"event":{"mods":["BaseMod","BetterRewards","Colored Map","Colored Powertips","Downfall","Hermit","Jorbs\u0027s Wanderer Trilogy","Lobotomy","Minty Spire (QoL Compilation)","READ ME - Guardian Mod","READ ME - Snecko Mod","StSLib","SuperFastMode","The Cursed","The Disciple","The Hierophant","The Servant 0.9.4"],"gold_per_floor":[117,140,140,140,19,38,68,88,111,140,140,150,165,165,165,270,270,284,132,146,71,87,103,120,120,120,120,132,132,144,144,144],"floor_reached":31,"playtime":1695,"items_purged":[],"score":249,"play_id":"cf86be83-b3e3-4991-8398-ad64cbb41942","local_time":"20201228032437","is_ascension_mode":false,"campfire_choices":[{"floor":15,"key":"REST"},{"floor":25,"key":"REST"},{"floor":29,"key":"REST"}],"circlet_count":0,"master_deck":["Strike_G","Strike_G","Strike_G","Strike_G","Defend_G","Defend_G","Defend_G","Defend_G","Survivor","Neutralize","Master of Strategy","Poisoned Stab","Outmaneuver","Deadly Poison","Bouncing Flask","Crippling Poison","Envenom","Acrobatics","Quick Slash","Backstab","Dagger Throw","Burst","Tactician","Tools of the Trade","Footwork","Backflip+1","Prepared","Acrobatics","Noxious Fumes","Endless Agony+1","Dodge and Roll","PiercingWail","Endless Agony","Poisoned Stab"],"relics":["Ring of the Snake","Bronze Scales","The Specimen","Boot","Unceasing Top","Shuriken","WarpedTongs","WristBlade","Orrery","Pear"],"acts_visited":["Exordium","TheCity"],"potions_floor_usage":[7,20,22,22,31,31],"damage_taken":[{"damage":8,"enemies":"Cultist","floor":1,"turns":6},{"damage":2,"enemies":"2 Louse","floor":6,"turns":2},{"damage":2,"enemies":"3 Sentries","floor":7,"turns":4},{"damage":6,"enemies":"Jaw Worm","floor":8,"turns":3},{"damage":16,"enemies":"Lagavulin","floor":10,"turns":5},{"damage":5,"enemies":"2 Fungi Beasts","floor":12,"turns":3},{"damage":7,"enemies":"Lots of Slimes","floor":13,"turns":3},{"damage":29,"enemies":"The Guardian","floor":16,"turns":7},{"damage":18,"enemies":"Spheric Guardian","floor":18,"turns":5},{"damage":5,"enemies":"Chosen","floor":20,"turns":4},{"damage":8,"enemies":"Sentry and Sphere","floor":22,"turns":6},{"damage":13,"enemies":"Cultist and Chosen","floor":23,"turns":5},{"damage":8,"enemies":"Centurion and Healer","floor":24,"turns":6},{"damage":14,"enemies":"Chosen and Byrds","floor":28,"turns":5},{"damage":10,"enemies":"Snake Plant","floor":30,"turns":4},{"damage":72,"enemies":"Gremlin Leader","floor":31,"turns":6}],"seed_played":"7148571847402605787","potions_obtained":[{"floor":6,"key":"ColorlessPotion"},{"floor":10,"key":"Block Potion"},{"floor":12,"key":"Regen Potion"},{"floor":16,"key":"Energy Potion"},{"floor":20,"key":"Strength Potion"},{"floor":23,"key":"SkillPotion"},{"floor":30,"key":"Swift Potion"}],"is_trial":false,"path_per_floor":["M","T","?","?","$","M","E","M","T","E","T","M","M","?","R","B",null,"M","$","M","?","M","M","M","R","T","?","M","R","M","E"],"character_chosen":"THE_SILENT","items_purchased":["Deadly Poison","Bouncing Flask","Orrery"],"campfire_rested":3,"item_purchase_floors":[5,5,19],"current_hp_per_floor":[62,62,55,55,55,53,51,45,45,29,29,24,17,17,38,9,70,52,52,47,47,51,38,30,51,61,61,47,71,61,0,0],"gold":144,"neow_bonus":"RANDOM_COLORLESS_2","is_daily":false,"chose_seed":false,"campfire_upgraded":0,"win_rate":0.0,"timestamp":1609143877,"path_taken":["M","?","?","?","$","M","E","?","T","E","?","M","M","?","R","BOSS","M","$","?","?","M","M","M","R","T","?","M","R","M","E"],"items_purchased_type":["Card","Card","Relic"],"build_version":"2020-12-22","purchased_purges":0,"victory":false,"max_hp_per_floor":[70,70,70,70,70,70,70,70,70,70,70,70,70,70,70,70,70,70,70,70,70,70,70,70,70,80,80,80,80,80,80,80],"card_choices":[{"not_picked":["Transmutation","Magnetism"],"picked":"Master of Strategy","floor":0},{"not_picked":["Flying Knee","PiercingWail"],"picked":"Poisoned Stab","floor":1},{"not_picked":["Choke","Quick Slash"],"picked":"Crippling Poison","floor":6},{"not_picked":["Finisher","Riddle With Holes"],"picked":"Envenom","floor":7},{"not_picked":["Predator","Underhanded Strike"],"picked":"Acrobatics","floor":8},{"not_picked":["Slice","Malaise"],"picked":"Quick Slash","floor":10},{"not_picked":["Eviscerate","Riddle With Holes"],"picked":"Backstab","floor":12},{"not_picked":["Calculated Gamble","Slice"],"picked":"Dagger Throw","floor":13},{"not_picked":["Glass Knife","A Thousand Cuts"],"picked":"Burst","floor":16},{"not_picked":["Prepared","Blur"],"picked":"Tactician","floor":18},{"not_picked":["Underhanded Strike","Slice+1"],"picked":"Tools of the Trade","floor":19},{"not_picked":["PiercingWail","Burst"],"picked":"Footwork","floor":19},{"not_picked":["Dash","Quick Slash"],"picked":"Backflip+1","floor":19},{"not_picked":["Finisher","Reflex+1"],"picked":"Prepared","floor":19},{"not_picked":["Malaise","Quick Slash"],"picked":"Acrobatics","floor":19},{"not_picked":["Bane+1","Cloak And Dagger"],"picked":"Noxious Fumes","floor":20},{"not_picked":["Bouncing Flask","Reflex"],"picked":"Endless Agony+1","floor":22},{"not_picked":["Underhanded Strike+1","Outmaneuver"],"picked":"Dodge and Roll","floor":23},{"not_picked":["Heel Hook+1","Dodge and Roll"],"picked":"PiercingWail","floor":24},{"not_picked":["Quick Slash","Wraith Form v2"],"picked":"Endless Agony","floor":28},{"not_picked":["Backflip+1","Outmaneuver+1"],"picked":"Poisoned Stab","floor":30}],"player_experience":62812,"relics_obtained":[{"floor":2,"key":"Bronze Scales"},{"floor":7,"key":"The Specimen"},{"floor":9,"key":"Boot"},{"floor":10,"key":"Unceasing Top"},{"floor":11,"key":"Shuriken"},{"floor":26,"key":"Pear"}],"event_choices":[{"cards_removed":["Guardian:Aged"],"damage_healed":0,"gold_gain":0,"player_choice":"Card Removal","damage_taken":7,"max_hp_gain":0,"max_hp_loss":0,"event_name":"Golden Wing","floor":3,"gold_loss":0},{"damage_healed":0,"gold_gain":0,"cards_transformed":["Strike_G"],"player_choice":"Transformed","damage_taken":0,"max_hp_gain":0,"max_hp_loss":0,"event_name":"Transmorgrifier","floor":4,"gold_loss":0,"cards_obtained":["Outmaneuver"]},{"damage_healed":0,"gold_gain":0,"player_choice":"Rummage","damage_taken":0,"relics_obtained":["WarpedTongs"],"max_hp_gain":0,"max_hp_loss":0,"event_name":"Accursed Blacksmith","floor":14,"gold_loss":0,"cards_obtained":["Pain"]},{"cards_removed":["Pain"],"damage_healed":0,"gold_gain":0,"player_choice":"Gave Gold","damage_taken":0,"max_hp_gain":0,"max_hp_loss":0,"event_name":"Beggar","floor":21,"gold_loss":75},{"cards_removed":["Defend_G"],"damage_healed":0,"gold_gain":0,"player_choice":"Purged","damage_taken":0,"max_hp_gain":0,"max_hp_loss":0,"event_name":"Purifier","floor":27,"gold_loss":0}],"is_beta":false,"boss_relics":[{"not_picked":["Astrolabe","SlaversCollar"],"picked":"WristBlade"}],"items_purged_floors":[],"is_endless":false,"potions_floor_spawned":[6,10,12,16,20,23,30],"killed_by":"Gremlin Leader","ascension_level":0}}