{"host":"uikxj58mzlixykyi","time":1609169229,"event":{"mods":["AchievementEnabler","BaseMod","BetterRewards","Colored Map","Colored Powertips","Downfall","Highlight Path","Minty Spire (QoL Compilation)","Shop Mod","StSLib"],"gold_per_floor":[99,99,99,99,199,199,199,199,199,199,214,242,242,256,276,378,378,378,397,411,411,411,422,422,439,458,458,458,458],"floor_reached":27,"playtime":834,"items_purged":[],"score":232,"play_id":"7949012d-beaa-44fc-b46e-6eaac3391f08","local_time":"20201228172709","is_ascension_mode":true,"campfire_choices":[{"data":"Slimebound:CorrosiveSpit","floor":1.0,"key":"SMITH"},{"data":"Slimebound:LeadByExample","floor":10.0,"key":"SMITH"},{"floor":13.0,"key":"REST"},{"data":"Slimebound:TagTeam","floor":18,"key":"SMITH"}],"circlet_count":0,"master_deck":["Slimebound:Strike_Slimebound+1","Slimebound:Strike_Slimebound+1","Slimebound:Tackle+1","Slimebound:Defend_Slimebound","Slimebound:Defend_Slimebound","Slimebound:Split","Slimebound:CorrosiveSpit+1","Slimebound:SlimeBarrage","Slimebound:LeadByExample+1","Regret","Slimebound:PressTheAttack","Slimebound:SplitMire","Slimebound:PressTheAttack","Slimebound:DivideAndConquer","Slimebound:SplitBruiser","Slimebound:TagTeam+1","Slimebound:Replication+1","Slimebound:Equalize+1","Slimebound:RejuvenatingLick+1","Slimebound:ServeAndProtect","Slimebound:DuplicatedForm","Slimebound:SlimeTap+1","Slimebound:HauntingLick"],"relics":["Slimebound:AbsorbEndCombat","downfall:HeartsMalice","Slimebound:AggressiveSlimeRelic","Darkstone Periapt","Astrolabe"],"acts_visited":["Exordium","TheCity"],"potions_floor_usage":[16,19,23],"damage_taken":[{"damage":0.0,"enemies":"Jaw Worm","floor":2.0,"turns":1.0},{"damage":0.0,"enemies":"2 Louse","floor":3.0,"turns":1.0},{"damage":0.0,"enemies":"Cultist","floor":9.0,"turns":1.0},{"damage":26.0,"enemies":"Lots of Slimes","floor":11.0,"turns":3.0},{"damage":22.0,"enemies":"Lagavulin","floor":12.0,"turns":4.0},{"damage":25.0,"enemies":"Large Slime","floor":14.0,"turns":3.0},{"damage":8.0,"enemies":"Gremlin Gang","floor":15.0,"turns":2.0},{"damage":62,"enemies":"downfall:Ironclad","floor":16,"turns":5},{"damage":12,"enemies":"3 Byrds","floor":19,"turns":2},{"damage":30,"enemies":"3 Cultists","floor":20,"turns":3},{"damage":51,"enemies":"Snake Plant","floor":23,"turns":3},{"damage":23,"enemies":"Snecko","floor":25,"turns":3},{"damage":31,"enemies":"Sentry and Sphere","floor":26,"turns":4},{"damage":34,"enemies":"Book of Stabbing","floor":27,"turns":1}],"seed_played":"-8857756545421699057","potions_obtained":[{"floor":12.0,"key":"ColorlessPotion"},{"floor":14.0,"key":"DuplicationPotion"},{"floor":16,"key":"SkillPotion"},{"floor":20,"key":"sneckomod:MuddlingPotion"}],"is_trial":false,"path_per_floor":["R","M","M","?","?","?","T","T","M","R","M","E","R","M","M","B",null,"R","M","M","?","?","M","T","M","M","E"],"character_chosen":"SLIMEBOUND","items_purchased":[],"campfire_rested":1,"item_purchase_floors":[],"current_hp_per_floor":[60,60,60,65,65,65,65,65,65,65,49,45,64,55,57,19,65,65,65,51,51,51,29,29,32,21,0,0,0],"gold":458,"neow_bonus":"THREE_ENEMY_KILL","is_daily":false,"chose_seed":false,"campfire_upgraded":3,"win_rate":0.0,"timestamp":1609169229,"path_taken":["R","M","M","?","?","?","T","?","M","R","M","E","R","M","M","BOSS","R","M","M","?","?","?","T","?","?","E"],"items_purchased_type":[],"build_version":"2020-12-22","purchased_purges":0,"victory":false,"max_hp_per_floor":[60,60,60,65,65,65,65,65,65,65,65,65,65,65,65,65,65,65,65,65,65,65,65,65,65,65,65,65,65],"card_choices":[{"not_picked":["Slimebound:ForwardTackle","Slimebound:SplitAcid"],"picked":"Slimebound:SlimeBarrage","floor":2.0},{"not_picked":["Slimebound:FinishingTackle","Slimebound:FirmFortitude"],"picked":"Slimebound:LeadByExample","floor":3.0},{"not_picked":["Slimebound:Recollect","Slimebound:SamplingLick"],"picked":"Slimebound:PressTheAttack","floor":9.0},{"not_picked":["Slimebound:SplitLeeching","Slimebound:SamplingLick"],"picked":"Slimebound:SplitMire","floor":11.0},{"not_picked":["Slimebound:Grow","Slimebound:SplitAcid"],"picked":"Slimebound:PressTheAttack","floor":12.0},{"not_picked":["Slimebound:RollThrough","Slimebound:LevelUp"],"picked":"Slimebound:DivideAndConquer","floor":14.0},{"not_picked":["Slimebound:GoopSpray","Slimebound:CheckThePlaybook"],"picked":"Slimebound:SplitBruiser","floor":15.0},{"not_picked":["Slimebound:PrepareCrush","Slimebound:OozeBath"],"picked":"Slimebound:TagTeam","floor":16},{"not_picked":["Slimebound:SplitAcid","Slimebound:GoopSpray","Slimebound:DivideAndConquer"],"picked":"SKIP","floor":19},{"not_picked":["Slimebound:Schlurp","Slimebound:GoopSpray"],"picked":"Slimebound:ServeAndProtect","floor":20},{"not_picked":["Slimebound:SpikyOuterGoop","Slimebound:LeechEnergy","Slimebound:RollThrough"],"picked":"SKIP","floor":23},{"not_picked":["Slimebound:GoopTackle","Slimebound:SplitMire"],"picked":"Slimebound:SlimeTap+1","floor":25},{"not_picked":["Slimebound:TongueLash+1","Slimebound:SamplingLick"],"picked":"Slimebound:HauntingLick","floor":26}],"player_experience":51178,"relics_obtained":[{"floor":7.0,"key":"Letter Opener"},{"floor":8.0,"key":"Slimebound:AggressiveSlimeRelic"},{"floor":12.0,"key":"Darkstone Periapt"}],"event_choices":[{"damage_healed":0.0,"max_hp_gain":5.0,"max_hp_loss":0.0,"gold_gain":0.0,"event_name":"Big Fish","player_choice":"Donut","floor":4.0,"gold_loss":0.0,"damage_taken":0.0}],"is_beta":false,"boss_relics":[{"not_picked":["Runic Dome","Coffee Dripper"],"picked":"Astrolabe"}],"items_purged_floors":[],"is_endless":false,"potions_floor_spawned":[12,14,16,20],"killed_by":"Book of Stabbing","ascension_level":2}}