{"host":"w4b7hmige5bnqipq","time":1609197739,"event":{"mods":["BaseMod","Minty Spire (QoL Compilation)","Rare Cards Sparkle","SuperFastMode","everything is the same but u backflip on backflip","slay the spire mod where everything is the same but ironclad has a cowboy hat"],"gold_per_floor":[14,14,14,33,43,43,54,79,79,79,109,126,126,156,156,232,232,188,39,51,69,80,80,28,61,61,87,102,115,129,159,159,233,233,252,93,0,25,25,52,69,101,101,127,127,1,1,18,18,18,18],"floor_reached":50,"playtime":2162,"items_purged":["Strike_G","Strike_G"],"score":1370,"play_id":"787b1568-b5d2-4eeb-a258-a8a9ff375e57","local_time":"20201229082219","is_ascension_mode":true,"campfire_choices":[{"data":"Neutralize","floor":6.0,"key":"SMITH"},{"data":"Masterful Stab","floor":10.0,"key":"SMITH"},{"data":"Tools of the Trade","floor":15.0,"key":"SMITH"},{"floor":23.0,"key":"REST"},{"floor":32.0,"key":"REST"},{"floor":45,"key":"RECALL"},{"data":"Accuracy","floor":47,"key":"SMITH"},{"floor":49,"key":"REST"}],"circlet_count":0,"master_deck":["AscendersBane","Defend_G","Defend_G","Defend_G","Defend_G","Defend_G","Survivor","Neutralize+1","Apotheosis+1","Dagger Spray","Masterful Stab+1","Blur","Night Terror","Accuracy+1","Deadly Poison","Tools of the Trade+1","Envenom","Eviscerate","Reflex","Venomology","Blade Dance","A Thousand Cuts","Backflip","Infinite Blades","Acrobatics","Blur","Phantasmal Killer","Distraction+1","Storm of Steel+1","Adrenaline+1","Cloak And Dagger","Bane+1","Blur+1","Terror"],"relics":["Ring of the Snake","Sundial","Bottled Flame","HornCleat","Toy Ornithopter","WristBlade","Lantern","Kunai","Mummified Hand","Bottled Tornado","Astrolabe","Red Mask","Torii","PreservedInsect","The Courier","Centennial Puzzle","OrangePellets"],"acts_visited":["Exordium","TheCity","TheBeyond"],"potions_floor_usage":[35,35,38,40,41,42,44,50],"damage_taken":[{"damage":4.0,"enemies":"Small Slimes","floor":1.0,"turns":5.0},{"damage":0.0,"enemies":"Cultist","floor":4.0,"turns":3.0},{"damage":1.0,"enemies":"Jaw Worm","floor":5.0,"turns":3.0},{"damage":0.0,"enemies":"Blue Slaver","floor":7.0,"turns":4.0},{"damage":0.0,"enemies":"3 Sentries","floor":8.0,"turns":4.0},{"damage":0.0,"enemies":"Gremlin Nob","floor":11.0,"turns":3.0},{"damage":0.0,"enemies":"Exordium Wildlife","floor":12.0,"turns":3.0},{"damage":5.0,"enemies":"3 Sentries","floor":14.0,"turns":8.0},{"damage":3.0,"enemies":"Hexaghost","floor":16.0,"turns":9.0},{"damage":22.0,"enemies":"2 Thieves","floor":18.0,"turns":5.0},{"damage":0.0,"enemies":"Spheric Guardian","floor":20.0,"turns":2.0},{"damage":24.0,"enemies":"Centurion and Healer","floor":21.0,"turns":10.0},{"damage":0.0,"enemies":"Snecko","floor":22.0,"turns":4.0},{"damage":9.0,"enemies":"Slavers","floor":25.0,"turns":4.0},{"damage":27.0,"enemies":"Gremlin Leader","floor":27.0,"turns":11.0},{"damage":17.0,"enemies":"Chosen and Byrds","floor":28.0,"turns":7.0},{"damage":25.0,"enemies":"Cultist and Chosen","floor":29.0,"turns":6.0},{"damage":0.0,"enemies":"3 Cultists","floor":30.0,"turns":1.0},{"damage":40.0,"enemies":"Slavers","floor":31.0,"turns":6.0},{"damage":4.0,"enemies":"Champ","floor":33.0,"turns":8.0},{"damage":9,"enemies":"3 Shapes","floor":35,"turns":7},{"damage":0,"enemies":"Mind Bloom Boss Battle","floor":38,"turns":2},{"damage":1,"enemies":"Giant Head","floor":40,"turns":4},{"damage":0,"enemies":"Orb Walker","floor":41,"turns":2},{"damage":0,"enemies":"Reptomancer","floor":42,"turns":4},{"damage":29,"enemies":"Giant Head","floor":44,"turns":5},{"damage":0,"enemies":"Sphere and 2 Shapes","floor":48,"turns":3},{"damage":84,"enemies":"Time Eater","floor":50,"turns":6}],"seed_played":"4307650037288350511","potions_obtained":[{"floor":4.0,"key":"AttackPotion"},{"floor":5.0,"key":"SteroidPotion"},{"floor":11.0,"key":"Strength Potion"},{"floor":18.0,"key":"SneckoOil"},{"floor":21.0,"key":"DistilledChaos"},{"floor":22.0,"key":"CultistPotion"},{"floor":33.0,"key":"Fire Potion"}],"is_trial":false,"path_per_floor":["M","?","?","M","M","R","M","E","T","R","E","M","?","E","R","B",null,"M","$","M","M","M","R","$","E","T","E","M","M","M","E","R","B",null,"M","$","?","?","?","E","M","E","T","E","R","$","R","M","R","B"],"character_chosen":"THE_SILENT","items_purchased":["Reflex","Blade Dance","Cloak And Dagger","OrangePellets"],"campfire_rested":3,"item_purchase_floors":[19,24,36,46],"current_hp_per_floor":[55,55,55,55,54,54,54,54,54,54,54,54,50,45,45,47,61,39,39,39,20,20,39,39,40,40,43,31,11,11,20,39,40,60,61,61,61,66,66,66,66,66,66,38,38,38,38,38,57,0,0],"gold":18,"neow_bonus":"RANDOM_COLORLESS_2","is_daily":false,"chose_seed":false,"campfire_upgraded":4,"win_rate":0.0,"timestamp":1609197739,"path_taken":["M","?","?","M","M","R","M","E","T","R","E","M","?","E","R","BOSS","M","$","M","M","?","R","$","E","T","E","M","M","M","E","R","BOSS","M","?","?","?","?","E","M","E","T","E","R","$","R","M","R","BOSS"],"items_purchased_type":["Card","Card","Card","Relic"],"build_version":"2020-12-22","purchased_purges":2,"victory":false,"max_hp_per_floor":[66,66,66,66,66,66,66,66,66,66,66,66,66,66,66,66,66,66,66,66,66,66,66,66,66,66,66,66,66,66,66,66,66,66,66,66,66,66,66,66,66,66,66,66,66,66,66,66,66,66,66],"card_choices":[{"not_picked":["Transmutation","Metamorphosis"],"picked":"Apotheosis","floor":0.0},{"not_picked":["Choke","Terror"],"picked":"Dagger Spray","floor":1.0},{"not_picked":["Setup","Cloak And Dagger"],"picked":"Masterful Stab","floor":4.0},{"not_picked":["Dagger Spray","Quick Slash","Bane"],"picked":"SKIP","floor":5.0},{"not_picked":["PiercingWail","Concentrate"],"picked":"Blur","floor":7.0},{"not_picked":["Heel Hook","PiercingWail"],"picked":"Night Terror","floor":8.0},{"not_picked":["Setup","Catalyst"],"picked":"Accuracy","floor":11.0},{"not_picked":["Flying Knee","Deadly Poison","Dagger Spray"],"picked":"SKIP","floor":12.0},{"not_picked":["Flying Knee","Dagger Spray"],"picked":"Deadly Poison","floor":12.0},{"not_picked":["Expertise","Accuracy"],"picked":"Tools of the Trade","floor":14.0},{"not_picked":["Doppelganger","Tools of the Trade"],"picked":"Envenom","floor":16.0},{"not_picked":["PiercingWail","Outmaneuver"],"picked":"Eviscerate","floor":18.0},{"not_picked":["Deflect","Endless Agony","Deadly Poison"],"picked":"SKIP","floor":20.0},{"not_picked":["Flying Knee+1","Underhanded Strike","Setup"],"picked":"SKIP","floor":21.0},{"not_picked":["Sucker Punch","Expertise"],"picked":"Venomology","floor":22.0},{"not_picked":["Dagger Spray","Tools of the Trade","Dash"],"picked":"SKIP","floor":25.0},{"not_picked":["Quick Slash","Deflect"],"picked":"A Thousand Cuts","floor":27.0},{"not_picked":["Slice+1","Sucker Punch"],"picked":"Backflip","floor":28.0},{"not_picked":["Distraction","Underhanded Strike"],"picked":"Infinite Blades","floor":29.0},{"not_picked":["All Out Attack","Quick Slash"],"picked":"Acrobatics","floor":30.0},{"not_picked":["Burst","Distraction"],"picked":"Blur","floor":31.0},{"not_picked":["Venomology","After Image"],"picked":"Phantasmal Killer","floor":33.0},{"not_picked":["Underhanded Strike","Deflect","Poisoned Stab"],"picked":"SKIP","floor":35},{"not_picked":["Dagger Spray","PiercingWail"],"picked":"Bane+1","floor":38},{"not_picked":["Dodge and Roll","Night Terror","Blade Dance"],"picked":"SKIP","floor":40},{"not_picked":["Distraction","Backstab","Deflect"],"picked":"SKIP","floor":41},{"not_picked":["Infinite Blades","Outmaneuver","All Out Attack"],"picked":"SKIP","floor":42},{"not_picked":["Blade Dance","Underhanded Strike"],"picked":"Blur+1","floor":44},{"not_picked":["Escape Plan","Choke"],"picked":"Terror","floor":48}],"player_experience":435868,"relics_obtained":[{"floor":8.0,"key":"Sundial"},{"floor":9.0,"key":"Bottled Flame"},{"floor":11.0,"key":"HornCleat"},{"floor":14.0,"key":"Toy Ornithopter"},{"floor":25.0,"key":"Lantern"},{"floor":26.0,"key":"Kunai"},{"floor":27.0,"key":"Mummified Hand"},{"floor":31.0,"key":"Bottled Tornado"},{"floor":38,"key":"Torii"},{"floor":40,"key":"PreservedInsect"},{"floor":42,"key":"The Courier"},{"floor":44,"key":"Centennial Puzzle"}],"event_choices":[{"damage_healed":0.0,"max_hp_gain":0.0,"max_hp_loss":0.0,"gold_gain":0.0,"event_name":"Living Wall","player_choice":"Grow","floor":2.0,"gold_loss":0.0,"damage_taken":0.0,"cards_upgraded":["Apotheosis"]},{"damage_healed":0.0,"max_hp_gain":0.0,"max_hp_loss":0.0,"gold_gain":0.0,"event_name":"Liars Game","player_choice":"Ignored","floor":3.0,"gold_loss":0.0,"damage_taken":0.0},{"damage_healed":0.0,"max_hp_gain":0.0,"max_hp_loss":0.0,"gold_gain":0.0,"event_name":"The Woman in Blue","player_choice":"Bought 0 Potions","floor":13.0,"gold_loss":0.0,"damage_taken":0.0},{"damage_healed":0,"gold_gain":0,"player_choice":"Paid","damage_taken":0,"relics_obtained":["Red Mask"],"max_hp_gain":0,"max_hp_loss":0,"event_name":"Tomb of Lord Red Mask","floor":37,"gold_loss":93},{"damage_healed":0,"gold_gain":0,"player_choice":"Fight","damage_taken":0,"max_hp_gain":0,"max_hp_loss":0,"event_name":"MindBloom","floor":38,"gold_loss":0},{"damage_healed":0,"gold_gain":0,"player_choice":"Ignored","damage_taken":0,"max_hp_gain":0,"max_hp_loss":0,"event_name":"SecretPortal","floor":39,"gold_loss":0}],"is_beta":false,"boss_relics":[{"not_picked":["Velvet Choker","Cursed Key"],"picked":"WristBlade"},{"not_picked":["Ring of the Serpent","Pandora\u0027s Box"],"picked":"Astrolabe"}],"items_purged_floors":[19,36],"is_endless":false,"potions_floor_spawned":[4,5,7,11,18,21,22,28,33,40,42],"killed_by":"Time Eater","ascension_level":20}}