{"host":"dcj2yvrgcvh5dl2s","time":1609137993,"event":{"mods":["BaseMod","Better Note","Block Reminder","Colored Powertips","DeckTracker","Minty Spire (QoL Compilation)","Quick Restart","Rare Cards Sparkle","Relic Stats","StSLib"],"gold_per_floor":[112,112,112,139,189,189,189,189],"floor_reached":7,"playtime":149,"items_purged":[],"score":70,"play_id":"0b2d3161-08c0-47dc-b9cc-657ce49b10ca","local_time":"20201228164633","is_ascension_mode":true,"campfire_choices":[{"data":"Entrench","floor":6,"key":"SMITH"}],"circlet_count":0,"master_deck":["AscendersBane","Strike_R","Strike_R","Strike_R","Strike_R","Defend_R","Defend_R","Defend_R","Bash","Entrench+1","Ghostly Armor","Body Slam+1"],"relics":["Burning Blood","Golden Idol","Vajra"],"acts_visited":["Exordium"],"potions_floor_usage":[],"damage_taken":[{"damage":3,"enemies":"Small Slimes","floor":1,"turns":5},{"damage":40,"enemies":"3 Sentries","floor":7,"turns":7}],"seed_played":"6803496045651320812","potions_obtained":[],"is_trial":false,"path_per_floor":["M","?","?","T","?","R","E"],"character_chosen":"IRONCLAD","items_purchased":[],"campfire_rested":0,"item_purchase_floors":[],"current_hp_per_floor":[68,45,45,45,39,39,0,0],"gold":189,"neow_bonus":"TRANSFORM_TWO_CARDS","is_daily":false,"chose_seed":false,"campfire_upgraded":1,"win_rate":0.0,"timestamp":1609137993,"path_taken":["M","?","?","?","?","R","E"],"items_purchased_type":[],"build_version":"2020-12-22","purchased_purges":0,"victory":false,"max_hp_per_floor":[68,68,68,68,68,68,68,68],"relic_stats":{"counters":[2,12],"Golden Idol":0,"obtain_stats":[{"Golden Idol":2,"Vajra":4,"Burning Blood":0},{"Golden Idol":1,"Vajra":1,"Burning Blood":0},{"Golden Idol":5,"Vajra":5,"Burning Blood":0}],"Burning Blood":3},"card_choices":[{"not_picked":["Thunderclap","Clothesline"],"picked":"Body Slam","floor":1}],"player_experience":2095842,"relics_obtained":[{"floor":4,"key":"Vajra"}],"event_choices":[{"damage_healed":0,"gold_gain":0,"player_choice":"Take Damage","damage_taken":23,"relics_obtained":["Golden Idol"],"max_hp_gain":0,"max_hp_loss":0,"event_name":"Golden Idol","floor":2,"gold_loss":0},{"damage_healed":0,"gold_gain":0,"player_choice":"Grow","damage_taken":0,"max_hp_gain":0,"max_hp_loss":0,"event_name":"Living Wall","floor":3,"gold_loss":0,"cards_upgraded":["Body Slam"]},{"damage_healed":0,"gold_gain":50,"player_choice":"Touch","damage_taken":6,"max_hp_gain":0,"max_hp_loss":0,"event_name":"FaceTrader","floor":5,"gold_loss":0}],"is_beta":false,"boss_relics":[],"items_purged_floors":[],"is_endless":false,"potions_floor_spawned":[],"killed_by":"3 Sentries","ascension_level":18}}