{"host":"y89x8uui45kcjy42","time":1609129245,"event":{"mods":["2.2 Compatiblity","BaseMod","CapriCore","Colored Map","Colored Powertips","Custom Start","Friendly Minions","Highlight Path","Keyboard Shortcuts","Minty Spire (QoL Compilation)","Relic Stats","Slay the Relics Exporter","StSLib","SuperFastMode","Waifu the Spire"],"gold_per_floor":[113,113,129,129,54,54,67,82,106,106,131,56,74,74,74,167,167,187,182,232,245,17,51,72,95,146,187,187,206,206,227,227,227,227],"floor_reached":33,"playtime":755,"items_purged":["Strike_B","Strike_B","Defend_B"],"score":608,"play_id":"c5a0a8f1-e020-418e-9ebc-2232b3ce9bca","local_time":"20201228132045","is_ascension_mode":true,"campfire_choices":[{"data":"Zap","floor":6,"key":"SMITH"},{"data":"Dualcast","floor":10,"key":"SMITH"},{"data":"Sweeping Beam","floor":15,"key":"SMITH"},{"data":"Blizzard","floor":30,"key":"SMITH"},{"data":"Electrodynamics","floor":32,"key":"SMITH"}],"circlet_count":0,"master_deck":["AscendersBane","Defend_B","Defend_B","Defend_B","Zap+1","Dualcast+1","Rebound","Cold Snap","Cold Snap","Sweeping Beam+1","Thunder Strike","Ball Lightning+1","Blizzard+1","Undo+1","Electrodynamics+1","Ball Lightning+1"],"relics":["Cracked Core","FrozenCore","Inserter","DataDisk","Golden Idol","Inserter","Cursed Key","Membership Card","Runic Capacitor","Calipers","ClockworkSouvenir","Anchor","Happy Flower","Strawberry","Molten Egg 2","Pen Nib","Omamori"],"acts_visited":["Exordium","TheCity"],"potions_floor_usage":[23,27,33],"damage_taken":[{"damage":4,"enemies":"Jaw Worm","floor":1,"turns":2},{"damage":0,"enemies":"Small Slimes","floor":3,"turns":3},{"damage":0,"enemies":"Cultist","floor":7,"turns":3},{"damage":12,"enemies":"3 Louse","floor":8,"turns":3},{"damage":1,"enemies":"2 Fungi Beasts","floor":11,"turns":2},{"damage":3,"enemies":"Exordium Wildlife","floor":13,"turns":3},{"damage":8,"enemies":"Hexaghost","floor":16,"turns":10},{"damage":28,"enemies":"3 Byrds","floor":18,"turns":5},{"damage":10,"enemies":"Shell Parasite","floor":21,"turns":4},{"damage":14,"enemies":"Slavers","floor":23,"turns":4},{"damage":0,"enemies":"Chosen and Byrds","floor":24,"turns":6},{"damage":1,"enemies":"Snake Plant","floor":25,"turns":4},{"damage":0,"enemies":"Gremlin Leader","floor":27,"turns":6},{"damage":0,"enemies":"Sentry and Sphere","floor":29,"turns":3},{"damage":0,"enemies":"Snecko","floor":31,"turns":3},{"damage":18,"enemies":"Champ","floor":33,"turns":3}],"seed_played":"-7691128592262436373","potions_obtained":[{"floor":4,"key":"FearPotion"},{"floor":4,"key":"DuplicationPotion"},{"floor":7,"key":"Dexterity Potion"},{"floor":23,"key":"FearPotion"},{"floor":24,"key":"PowerPotion"},{"floor":25,"key":"Regen Potion"}],"is_trial":false,"path_per_floor":["M","?","M","?","$","R","M","M","T","R","M","?","M","?","R","B",null,"M","$","?","M","$","E","M","M","T","E","T","M","R","M","R","B"],"character_chosen":"DEFECT","items_purchased":["Runic Capacitor","Calipers","ClockworkSouvenir","Anchor"],"campfire_rested":0,"item_purchase_floors":[19,19,22,22],"current_hp_per_floor":[60,60,60,60,60,60,60,48,48,48,47,47,44,37,37,29,55,27,27,27,17,17,3,3,2,9,9,9,9,9,9,9,0,0],"gold":227,"neow_bonus":"THREE_CARDS","is_daily":false,"chose_seed":false,"campfire_upgraded":5,"win_rate":0.0,"timestamp":1609129245,"path_taken":["M","?","M","?","$","R","?","M","T","R","M","?","M","?","R","BOSS","M","$","?","M","$","E","M","M","T","E","?","M","R","M","R","BOSS"],"items_purchased_type":["Relic","Relic","Relic","Relic"],"build_version":"2020-12-22","purchased_purges":3,"victory":false,"max_hp_per_floor":[71,64,64,64,64,64,64,64,64,64,64,64,64,64,64,64,64,64,64,64,64,64,64,64,64,71,71,71,71,71,71,71,71,71],"relic_stats":{"Inserter":[50],"Happy Flower":[8],"counters":[16,64],"Golden Idol":76,"Pen Nib":[1],"Cursed Key":2,"obtain_stats":[{"Inserter":0,"Calipers":19,"Happy Flower":23,"Golden Idol":2,"Pen Nib":28,"Omamori":17,"Runic Capacitor":19,"Cursed Key":17,"FrozenCore":0,"ClockworkSouvenir":22,"DataDisk":0,"Anchor":22,"Strawberry":26,"Molten Egg 2":27,"Membership Card":18,"Cracked Core":0},{"Inserter":0,"Calipers":8,"Happy Flower":10,"Golden Idol":1,"Pen Nib":13,"Omamori":7,"Runic Capacitor":8,"Cursed Key":7,"FrozenCore":0,"ClockworkSouvenir":9,"DataDisk":0,"Anchor":9,"Strawberry":12,"Molten Egg 2":13,"Membership Card":8,"Cracked Core":0},{"Inserter":0,"Calipers":31,"Happy Flower":39,"Golden Idol":2,"Pen Nib":55,"Omamori":26,"Runic Capacitor":31,"Cursed Key":26,"FrozenCore":0,"ClockworkSouvenir":35,"DataDisk":0,"Anchor":35,"Strawberry":49,"Molten Egg 2":55,"Membership Card":27,"Cracked Core":0}],"FrozenCore":[40]},"card_choices":[{"not_picked":["Streamline","Stack"],"picked":"Rebound","floor":0},{"not_picked":["Rebound","Redo","Fusion"],"picked":"SKIP","floor":1},{"not_picked":["Stack","Reprogram"],"picked":"Cold Snap","floor":3},{"not_picked":["Tempest","Hologram","Turbo"],"picked":"SKIP","floor":7},{"not_picked":["Hologram","Stack"],"picked":"Cold Snap","floor":8},{"not_picked":["Darkness","BootSequence","Stack"],"picked":"SKIP","floor":11},{"not_picked":["Steam Power","Ball Lightning"],"picked":"Sweeping Beam","floor":13},{"not_picked":["Amplify","Fission"],"picked":"Thunder Strike","floor":16},{"not_picked":["Reprogram","Streamline"],"picked":"Ball Lightning+1","floor":18},{"not_picked":["White Noise","Barrage"],"picked":"Blizzard","floor":21},{"not_picked":["Hologram","Beam Cell"],"picked":"Undo+1","floor":23},{"not_picked":["Gash","Turbo","Undo"],"picked":"SKIP","floor":24},{"not_picked":["Self Repair","Melter","Turbo"],"picked":"SKIP","floor":25},{"not_picked":["Steam Power","Stack"],"picked":"Electrodynamics","floor":27},{"not_picked":["Gash+1","Leap","Aggregate"],"picked":"SKIP","floor":29},{"not_picked":["Redo","Go for the Eyes+1"],"picked":"Ball Lightning+1","floor":31}],"player_experience":516402,"relics_obtained":[{"floor":23,"key":"Happy Flower"},{"floor":26,"key":"Strawberry"},{"floor":27,"key":"Molten Egg 2"},{"floor":28,"key":"Pen Nib"}],"event_choices":[{"damage_healed":0,"gold_gain":0,"player_choice":"Lose Max HP","damage_taken":0,"relics_obtained":["Golden Idol"],"max_hp_gain":0,"max_hp_loss":7,"event_name":"Golden Idol","floor":2,"gold_loss":0},{"damage_healed":0,"gold_gain":0,"player_choice":"Got Potions","damage_taken":0,"max_hp_gain":0,"max_hp_loss":0,"event_name":"Lab","floor":4,"gold_loss":0},{"cards_removed":["Strike_B"],"damage_healed":0,"gold_gain":0,"player_choice":"Card Removal","damage_taken":0,"max_hp_gain":0,"max_hp_loss":0,"event_name":"The Cleric","floor":12,"gold_loss":75},{"cards_removed":["Strike_B"],"damage_healed":0,"gold_gain":0,"player_choice":"Card Removal","damage_taken":7,"max_hp_gain":0,"max_hp_loss":0,"event_name":"Golden Wing","floor":14,"gold_loss":0},{"damage_healed":0,"gold_gain":50,"player_choice":"Stole From Cult","damage_taken":0,"max_hp_gain":0,"max_hp_loss":0,"event_name":"Nest","floor":20,"gold_loss":0}],"is_beta":false,"boss_relics":[{"not_picked":["Runic Dome","Inserter"],"picked":"Cursed Key"}],"items_purged_floors":[5,19,22],"is_endless":false,"potions_floor_spawned":[7,16,23,24,25],"killed_by":"Champ","ascension_level":20}}