{"host":"e1gibo0yuvs2h8od","time":1609198495,"event":{"mods":["2.2 Compatiblity","Abigail Mod","Act Like it!","BaseMod","Block Reminder","DeckTracker","Friendly Minions","KinomotoSakuraMod(????)","Marisa????????","Minty Spire (QoL Compilation)","Pale of the Ancients","Prisma Mod","Quick Restart","Reimu??????","Remove Card Discount Mod","StSLib","The Disciple","The Jungle","The Senshi","The Servant 0.9.4","TheFirefly","Wandering Minibosses"],"gold_per_floor":[116,15,29,49,49,49,66,86,86,86,86,113,129,145,145,240,240,255,270,288,42,53,53,72,87,87,87,101,97,124,139,139,242,242,254,264,62,62,73,73,123,123,176,176,176],"floor_reached":44,"playtime":3315,"items_purged":["Defend_R","Defend_R","Strike_R","Strike_R","Strike_R","Strike_R","Strike_R","Bash","Defend_R","Heavy Blade","Defend_R"],"score":435,"play_id":"d4a8b964-2455-4a7a-89f8-5d9c4a448ca6","local_time":"20201228233455","is_ascension_mode":false,"campfire_choices":[{"floor":6,"key":"RECALL"},{"data":"Flex","floor":10,"key":"SMITH"},{"data":"Clash","floor":15,"key":"SMITH"},{"floor":27,"key":"REST"},{"floor":32,"key":"REST"},{"floor":40,"key":"REST"},{"floor":42,"key":"REST"}],"circlet_count":0,"master_deck":["Clash+1","Pommel Strike","Heavy Blade","Rage","Demon Form","Mayhem","Anger","Armaments","Clash","Flex","Barricade","Armaments","Armaments+1","Pommel Strike","Metallicize"],"relics":["Burning Blood","Mercury Hourglass","Spirit Poop","Pocketwatch","Fusion Hammer","Blue Candle","Eternal Feather","SlaversCollar","Membership Card","Prayer Wheel","Lantern"],"acts_visited":["Exordium","Exordium","TheBeyond"],"potions_floor_usage":[],"damage_taken":[{"damage":4,"enemies":"Cultist","floor":1,"turns":4},{"damage":1,"enemies":"Jaw Worm","floor":3,"turns":2},{"damage":0,"enemies":"Small Slimes","floor":4,"turns":2},{"damage":16,"enemies":"Exordium Wildlife","floor":7,"turns":4},{"damage":2,"enemies":"Gremlin Gang","floor":8,"turns":4},{"damage":35,"enemies":"3 Sentries","floor":12,"turns":10},{"damage":1,"enemies":"3 Louse","floor":13,"turns":2},{"damage":0,"enemies":"Exordium Wildlife","floor":14,"turns":2},{"damage":49,"enemies":"The Guardian","floor":16,"turns":8},{"damage":5,"enemies":"theJungle:MUSHROOMGANG","floor":18,"turns":3},{"damage":10,"enemies":"theJungle:5_Spyders","floor":19,"turns":4},{"damage":13,"enemies":"theJungle:SlimyTreeVines","floor":20,"turns":5},{"damage":19,"enemies":"theJungle:Lyon","floor":22,"turns":3},{"damage":38,"enemies":"theJungle:2_Flameangoes","floor":24,"turns":5},{"damage":13,"enemies":"theJungle:SlimyTreeVines","floor":25,"turns":4},{"damage":14,"enemies":"theJungle:JungleHuntersEncounter","floor":28,"turns":3},{"damage":42,"enemies":"theJungle:MamaSnecko","floor":30,"turns":6},{"damage":9,"enemies":"theJungle:Snecko_Cultist_And_Trap","floor":31,"turns":4},{"damage":35,"enemies":"theJungle:FunGuy","floor":33,"turns":8},{"damage":49,"enemies":"3 Shapes","floor":35,"turns":3},{"damage":23,"enemies":"3 Darklings","floor":36,"turns":6},{"damage":29,"enemies":"Sphere and 2 Shapes","floor":39,"turns":5},{"damage":0,"enemies":"Mind Bloom Boss Battle","floor":41,"turns":5},{"damage":89,"enemies":"Nemesis","floor":44,"turns":8}],"seed_played":"-372687590088609080","potions_obtained":[{"floor":1,"key":"SteroidPotion"},{"floor":3,"key":"FairyPotion"},{"floor":12,"key":"CultistPotion"},{"floor":19,"key":"Explosive Potion"}],"is_trial":false,"path_per_floor":["M","$","M","M","?","R","M","M","T","R","?","E","M","M","R","B",null,"M","M","M","$","M","$","M","M","T","R","M","$","E","M","R","B",null,"M","M","$","?","M","R","?","R","T","E"],"character_chosen":"IRONCLAD","items_purchased":["Flex","Clash","Mayhem","Heavy Blade","Pommel Strike","Membership Card"],"campfire_rested":4,"item_purchase_floors":[2,2,21,21,37,37],"current_hp_per_floor":[88,88,88,88,88,88,78,82,82,82,82,53,58,64,64,21,88,88,84,82,82,69,69,37,35,35,61,53,53,17,14,46,17,88,45,28,28,28,32,67,73,88,88,0,0],"gold":176,"neow_bonus":"TEN_PERCENT_HP_BONUS","is_daily":false,"chose_seed":false,"campfire_upgraded":2,"win_rate":0.0,"timestamp":1609198495,"path_taken":["M","$","M","?","?","R","M","M","T","R","?","E","M","M","R","BOSS","M","M","M","$","M","$","M","M","T","R","M","?","E","M","R","BOSS","M","M","$","?","M","R","?","R","T","E"],"items_purchased_type":["Card","Card","Card","Card","Card","Relic"],"build_version":"2020-12-22","purchased_purges":11,"victory":false,"max_hp_per_floor":[88,88,88,88,88,88,88,88,88,88,88,88,88,88,88,88,88,88,88,88,88,88,88,88,88,88,88,88,88,88,88,88,88,88,88,88,88,88,88,88,88,88,88,88,88],"card_choices":[{"not_picked":["Combust","Rampage","Perfected Strike"],"picked":"SKIP","floor":1},{"not_picked":["Sword Boomerang","Cleave","Intimidate"],"picked":"SKIP","floor":3},{"not_picked":["Searing Blow","Uppercut","Sword Boomerang"],"picked":"SKIP","floor":4},{"not_picked":["Iron Wave","Cleave","Power Through"],"picked":"SKIP","floor":7},{"not_picked":["Fiend Fire","Perfected Strike","Clothesline"],"picked":"SKIP","floor":8},{"not_picked":["Armaments","Reckless Charge"],"picked":"Pommel Strike","floor":12},{"not_picked":["Inflame","Perfected Strike"],"picked":"Heavy Blade","floor":13},{"not_picked":["Wild Strike","Twin Strike"],"picked":"Rage","floor":14},{"not_picked":["Corruption","Impervious"],"picked":"Demon Form","floor":16},{"not_picked":["Perfected Strike+1","Wild Strike","Clothesline"],"picked":"SKIP","floor":18},{"not_picked":["Reckless Charge","Blood for Blood","Intimidate"],"picked":"SKIP","floor":19},{"not_picked":["True Grit","Pummel","Thunderclap"],"picked":"SKIP","floor":20},{"not_picked":["Fiend Fire","Thunderclap+1"],"picked":"Anger","floor":22},{"not_picked":["Body Slam","Twin Strike","Iron Wave"],"picked":"SKIP","floor":24},{"not_picked":["Iron Wave","Headbutt","Twin Strike+1"],"picked":"SKIP","floor":25},{"not_picked":["Dark Embrace+1","True Grit"],"picked":"Armaments","floor":28},{"not_picked":["Immolate","Uppercut"],"picked":"Clash","floor":30},{"not_picked":["Headbutt+1","Thunderclap+1"],"picked":"Flex","floor":31},{"not_picked":["Demon Form","Fiend Fire"],"picked":"Barricade","floor":33},{"not_picked":["Flex+1","Power Through+1"],"picked":"Armaments","floor":35},{"not_picked":["Bloodletting+1","Body Slam+1"],"picked":"Armaments+1","floor":36},{"not_picked":["Flame Barrier","Battle Trance+1"],"picked":"Metallicize","floor":39}],"player_experience":919961,"relics_obtained":[{"floor":12,"key":"Pocketwatch"},{"floor":26,"key":"Blue Candle"},{"floor":30,"key":"Eternal Feather"},{"floor":41,"key":"Prayer Wheel"},{"floor":43,"key":"Lantern"}],"event_choices":[{"damage_healed":0,"gold_gain":0,"player_choice":"Box","damage_taken":0,"relics_obtained":["Mercury Hourglass"],"max_hp_gain":0,"max_hp_loss":0,"event_name":"Big Fish","floor":5,"gold_loss":0,"cards_obtained":["Regret"]},{"cards_removed":["Regret"],"damage_healed":0,"gold_gain":0,"player_choice":"Offered Curse","damage_taken":0,"relics_obtained":["Spirit Poop"],"max_hp_gain":0,"max_hp_loss":0,"event_name":"Bonfire Elementals","floor":11,"gold_loss":0},{"cards_removed":["Flex"],"damage_healed":0,"gold_gain":0,"player_choice":"Removed Skill","damage_taken":0,"max_hp_gain":0,"max_hp_loss":0,"event_name":"Falling","floor":38,"gold_loss":0},{"damage_healed":0,"gold_gain":0,"player_choice":"Fight","damage_taken":0,"max_hp_gain":0,"max_hp_loss":0,"event_name":"MindBloom","floor":41,"gold_loss":0}],"is_beta":false,"boss_relics":[{"not_picked":["Calling Bell","Coffee Dripper"],"picked":"Fusion Hammer"},{"not_picked":["Snecko Eye","Black Blood"],"picked":"SlaversCollar"}],"items_purged_floors":[2,2,2,2,2,21,21,21,29,29,37],"is_endless":false,"potions_floor_spawned":[1,3,12,13,16,19,22,24,28,39],"killed_by":"Nemesis","ascension_level":0}}