{"host":"qj91dvco5uhu9oti","time":1609157512,"event":{"mods":["BaseMod","Colored Map","Keyboard Shortcuts","Minty Spire (QoL Compilation)","Permanent Neow","Quick Restart","Relic Stats","StSLib","SuperFastMode","everything is the same but u backflip on backflip"],"gold_per_floor":[14,14,31,31,49,49,65,65,145,145,145],"floor_reached":10,"playtime":230,"items_purged":[],"score":116,"play_id":"c3a404bb-3465-418c-9ea2-cb769fd5f00b","local_time":"20201228211152","is_ascension_mode":true,"campfire_choices":[{"data":"Body Slam","floor":6,"key":"SMITH"}],"circlet_count":0,"master_deck":["AscendersBane","Strike_R","Strike_R","Strike_R","Strike_R","Strike_R","Defend_R","Defend_R","Defend_R","Defend_R","Bash","Body Slam+1","Power Through","True Grit","Offering","Battle Trance"],"relics":["Burning Blood","Prayer Wheel","Golden Idol","Bottled Flame"],"acts_visited":["Exordium"],"potions_floor_usage":[10,10],"damage_taken":[{"damage":4,"enemies":"Jaw Worm","floor":1,"turns":5},{"damage":5,"enemies":"Small Slimes","floor":3,"turns":3},{"damage":11,"enemies":"Cultist","floor":5,"turns":4},{"damage":10,"enemies":"Large Slime","floor":7,"turns":8},{"damage":78,"enemies":"Lagavulin","floor":10,"turns":12}],"seed_played":"-2448254245626103730","potions_obtained":[{"floor":5,"key":"Regen Potion"},{"floor":7,"key":"Fruit Juice"}],"is_trial":false,"path_per_floor":["M","$","M","?","M","R","M","?","T","E"],"character_chosen":"IRONCLAD","items_purchased":[],"campfire_rested":0,"item_purchase_floors":[],"current_hp_per_floor":[70,70,71,45,40,40,36,61,61,3,3],"gold":145,"neow_bonus":"ONE_RARE_RELIC","is_daily":false,"chose_seed":false,"campfire_upgraded":1,"win_rate":0.0,"timestamp":1609157512,"path_taken":["M","$","M","?","M","R","M","?","T","E"],"items_purchased_type":[],"build_version":"2020-12-22","purchased_purges":0,"victory":false,"max_hp_per_floor":[75,75,75,75,75,75,75,75,75,80,80],"relic_stats":{"counters":[5,31],"Golden Idol":7,"Prayer Wheel":4,"obtain_stats":[{"Bottled Flame":9,"Golden Idol":4,"Prayer Wheel":0,"Burning Blood":0},{"Bottled Flame":4,"Golden Idol":2,"Prayer Wheel":0,"Burning Blood":0},{"Bottled Flame":20,"Golden Idol":8,"Prayer Wheel":0,"Burning Blood":0}],"Burning Blood":24},"card_choices":[{"not_picked":["Armaments","Disarm"],"picked":"Body Slam","floor":1},{"not_picked":["Clash","Anger","Thunderclap"],"picked":"SKIP","floor":1},{"not_picked":["Inflame","Iron Wave"],"picked":"Power Through","floor":3},{"not_picked":["Perfected Strike","Metallicize","Wild Strike"],"picked":"SKIP","floor":3},{"not_picked":["Ghostly Armor","Iron Wave"],"picked":"True Grit","floor":5},{"not_picked":["Burning Pact","Seeing Red"],"picked":"Offering","floor":5},{"not_picked":["Spot Weakness","Heavy Blade"],"picked":"Battle Trance","floor":7},{"not_picked":["Wild Strike","Iron Wave","Clash"],"picked":"SKIP","floor":7}],"player_experience":317911,"relics_obtained":[{"floor":9,"key":"Bottled Flame"}],"event_choices":[{"damage_healed":0,"gold_gain":0,"player_choice":"Take Damage","damage_taken":26,"relics_obtained":["Golden Idol"],"max_hp_gain":0,"max_hp_loss":0,"event_name":"Golden Idol","floor":4,"gold_loss":0},{"damage_healed":25,"gold_gain":0,"player_choice":"Banana","damage_taken":0,"max_hp_gain":0,"max_hp_loss":0,"event_name":"Big Fish","floor":8,"gold_loss":0}],"is_beta":false,"boss_relics":[],"items_purged_floors":[],"is_endless":false,"potions_floor_spawned":[5,7],"killed_by":"Lagavulin","ascension_level":20}}