{"host":"kh6fvhxn285ncg0o","time":1609142283,"event":{"mods":["Act Like it!","BaseMod","Colored Map","Friendly Minions","Keyboard Shortcuts","Minty Spire (QoL Compilation)","Quick Restart","Relic Stats","StSLib","SuperFastMode"],"gold_per_floor":[17,17,37,37,54,54,81,81,81,114,114,149,160,171,171,246,246,265,277,277,296,296,328,328,355,355,355,383,383,416,433,433,510,510,528,31,31,44,69,101,128,162,187,213,232,232,257,257,257,257,257,257,257,71,97,97],"floor_reached":57,"playtime":3912,"items_purged":["Strike_R","Immolate+1"],"score":3638,"play_id":"8e3fcc04-969a-412b-a6a4-a99417b69c74","local_time":"20201228165803","is_ascension_mode":true,"campfire_choices":[{"data":"Bash","floor":6.0,"key":"SMITH"},{"floor":8.0,"key":"REST"},{"data":"Feed","floor":11.0,"key":"SMITH"},{"data":"Flame Barrier","floor":15.0,"key":"SMITH"},{"data":"Feel No Pain","floor":24,"key":"SMITH"},{"data":"Second Wind","floor":27,"key":"SMITH"},{"data":"Dual Wield","floor":29,"key":"SMITH"},{"floor":32,"key":"RECALL"},{"data":"Corruption","floor":46,"key":"SMITH"},{"data":"Seeing Red","floor":49,"key":"SMITH"},{"data":"Shockwave","floor":53,"key":"SMITH"}],"circlet_count":0,"master_deck":["AscendersBane","Strike_R","Defend_R","Defend_R+1","Defend_R+1","Defend_R","Bash+1","Feed+1","Dropkick+1","Flame Barrier+1","Shockwave+1","Immolate+1","Feel No Pain+1","Second Wind+1","Dual Wield+1","Body Slam+1","Shrug It Off","Corruption+1","Seeing Red+1","Secret Technique","Dark Shackles","Purity","Intimidate+1","Sentinel","Reckless Charge+1"],"relics":["Burning Blood","Molten Egg 2","Mercury Hourglass","Gremlin Horn","Regal Pillow","Philosopher\u0027s Stone","Dead Branch","War Paint","FossilizedHelix","Black Star","WingedGreaves","StoneCalendar","Ancient Tea Set","Orichalcum","Ice Cream","Shuriken","Meat on the Bone","Potion Belt","MealTicket","Centennial Puzzle","Blood Vial","PreservedInsect","Boot","Paper Frog","Bottled Lightning"],"acts_visited":["Exordium","TheCity","TheBeyond","TheEnding"],"potions_floor_usage":[23,55,56,56,56],"damage_taken":[{"damage":12.0,"enemies":"Cultist","floor":1.0,"turns":4.0},{"damage":14.0,"enemies":"Small Slimes","floor":3.0,"turns":4.0},{"damage":2.0,"enemies":"2 Louse","floor":5.0,"turns":3.0},{"damage":38.0,"enemies":"Gremlin Nob","floor":7.0,"turns":4.0},{"damage":20.0,"enemies":"3 Sentries","floor":10.0,"turns":6.0},{"damage":32.0,"enemies":"Gremlin Nob","floor":12.0,"turns":4.0},{"damage":6.0,"enemies":"Large Slime","floor":13.0,"turns":4.0},{"damage":13.0,"enemies":"Red Slaver","floor":14.0,"turns":4.0},{"damage":15.0,"enemies":"The Guardian","floor":16.0,"turns":13.0},{"damage":7.0,"enemies":"2 Thieves","floor":18.0,"turns":2.0},{"damage":0.0,"enemies":"Chosen","floor":19.0,"turns":2.0},{"damage":0.0,"enemies":"3 Cultists","floor":21.0,"turns":2.0},{"damage":6,"enemies":"Slavers","floor":23,"turns":2},{"damage":0,"enemies":"Gremlin Leader","floor":25,"turns":4},{"damage":12,"enemies":"Slavers","floor":28,"turns":2},{"damage":12,"enemies":"Gremlin Leader","floor":30,"turns":5},{"damage":2,"enemies":"Centurion and Healer","floor":31,"turns":9},{"damage":41,"enemies":"Champ","floor":33,"turns":9},{"damage":18,"enemies":"3 Darklings","floor":35,"turns":5},{"damage":0,"enemies":"3 Shapes","floor":38,"turns":3},{"damage":0,"enemies":"Mind Bloom Boss Battle","floor":39,"turns":5},{"damage":0,"enemies":"Giant Head","floor":40,"turns":5},{"damage":6,"enemies":"Reptomancer","floor":41,"turns":3},{"damage":0,"enemies":"Nemesis","floor":42,"turns":5},{"damage":0,"enemies":"Reptomancer","floor":44,"turns":6},{"damage":0,"enemies":"Sphere and 2 Shapes","floor":45,"turns":2},{"damage":8,"enemies":"Nemesis","floor":47,"turns":5},{"damage":0,"enemies":"Donu and Deca","floor":50,"turns":4},{"damage":0,"enemies":"Awakened One","floor":51,"turns":9},{"damage":1,"enemies":"Shield and Spear","floor":55,"turns":2},{"damage":61,"enemies":"The Heart","floor":56,"turns":6}],"seed_played":"-5370698712819051759","potions_obtained":[{"floor":4.0,"key":"Fire Potion"},{"floor":4.0,"key":"SkillPotion"},{"floor":10.0,"key":"AttackPotion"},{"floor":12.0,"key":"HeartOfIron"},{"floor":13.0,"key":"SkillPotion"},{"floor":18.0,"key":"Strength Potion"},{"floor":19.0,"key":"DuplicationPotion"},{"floor":25,"key":"FearPotion"},{"floor":31,"key":"PowerPotion"},{"floor":44,"key":"Energy Potion"}],"is_trial":false,"path_per_floor":["M","?","M","?","M","R","E","R","T","E","R","E","M","M","R","B",null,"M","M","?","M","?","E","R","E","T","R","E","R","E","M","R","B",null,"M","$","?","M","?","E","E","E","T","E","M","R","E","?","R","B","B",null,"R","$","E","B",null],"character_chosen":"IRONCLAD","items_purchased":["Seeing Red","WingedGreaves","DistilledChaos"],"campfire_rested":1,"item_purchase_floors":[36,36,54],"current_hp_per_floor":[65,78,73,73,80,80,48,73,73,62,62,36,40,33,33,24,74,77,87,87,97,97,101,101,107,107,107,105,105,103,115,115,80,112,104,104,94,108,118,124,128,134,134,140,143,143,145,145,145,151,151,151,151,151,151,96],"gold":97,"neow_bonus":"TRANSFORM_TWO_CARDS","is_daily":false,"chose_seed":false,"campfire_upgraded":9,"win_rate":0.0,"timestamp":1609142283,"path_taken":["M","?","?","?","M","R","E","R","T","E","R","E","M","M","R","BOSS","M","?","?","M","?","E","R","E","T","R","E","R","E","M","R","BOSS","M","$","?","M","?","E","E","E","T","E","M","R","E","?","R","BOSS","BOSS","R","$","E","BOSS"],"items_purchased_type":["Card","Relic","Potion"],"build_version":"2020-12-22","purchased_purges":2,"victory":true,"max_hp_per_floor":[78,78,81,81,84,84,84,84,84,87,87,87,91,91,91,91,91,95,99,99,103,103,107,107,107,107,107,111,111,115,123,123,123,123,127,127,127,135,139,139,143,143,143,143,143,143,147,147,147,151,151,151,151,151,151,151],"relic_stats":{"Regal Pillow":0,"Gremlin Horn":[41,41],"counters":[31,143],"Dead Branch":[343],"StoneCalendar":[52],"PreservedInsect":77,"War Paint":["Defend_R","Defend_R"],"Orichalcum":[30],"Boot":[13],"Burning Blood":164,"Mercury Hourglass":[564],"Blood Vial":4,"Centennial Puzzle":[9],"Shuriken":[24],"MealTicket":0,"Black Star":6,"obtain_stats":[{"Ice Cream":41,"Regal Pillow":12,"Gremlin Horn":10,"StoneCalendar":39,"Ancient Tea Set":40,"Boot":47,"Burning Blood":0,"Blood Vial":44,"Centennial Puzzle":44,"Philosopher\u0027s Stone":17,"MealTicket":43,"WingedGreaves":36,"Paper Frog":55,"Potion Belt":42,"Dead Branch":23,"PreservedInsect":47,"War Paint":25,"Orichalcum":40,"Mercury Hourglass":9,"Shuriken":41,"Molten Egg 2":7,"Black Star":34,"Bottled Lightning":55,"FossilizedHelix":28,"Meat on the Bone":42},{"Ice Cream":23,"Regal Pillow":6,"Gremlin Horn":5,"StoneCalendar":21,"Ancient Tea Set":22,"Boot":27,"Burning Blood":0,"Blood Vial":25,"Centennial Puzzle":25,"Philosopher\u0027s Stone":9,"MealTicket":24,"WingedGreaves":19,"Paper Frog":30,"Potion Belt":24,"Dead Branch":13,"PreservedInsect":27,"War Paint":14,"Orichalcum":22,"Mercury Hourglass":4,"Shuriken":23,"Molten Egg 2":4,"Black Star":18,"Bottled Lightning":30,"FossilizedHelix":15,"Meat on the Bone":24},{"Ice Cream":104,"Regal Pillow":25,"Gremlin Horn":21,"StoneCalendar":96,"Ancient Tea Set":101,"Boot":122,"Burning Blood":0,"Blood Vial":115,"Centennial Puzzle":115,"Philosopher\u0027s Stone":46,"MealTicket":109,"WingedGreaves":88,"Paper Frog":137,"Potion Belt":109,"Dead Branch":54,"PreservedInsect":122,"War Paint":58,"Orichalcum":101,"Mercury Hourglass":15,"Shuriken":104,"Molten Egg 2":15,"Black Star":83,"Bottled Lightning":137,"FossilizedHelix":60,"Meat on the Bone":109}],"Meat on the Bone":0},"card_choices":[{"not_picked":["Anger+1","Iron Wave+1"],"picked":"Dropkick+1","floor":7.0},{"not_picked":["Bloodletting","Shockwave"],"picked":"Flame Barrier","floor":10.0},{"not_picked":["Carnage+1","Blood for Blood+1"],"picked":"Immolate+1","floor":12.0},{"not_picked":["Pommel Strike+1","Heavy Blade+1"],"picked":"Shockwave","floor":13.0},{"not_picked":["Havoc","Iron Wave+1","Flex"],"picked":"SKIP","floor":14.0},{"not_picked":["Reaper+1","Double Tap"],"picked":"Immolate+1","floor":16.0},{"not_picked":["True Grit","Seeing Red"],"picked":"Feel No Pain","floor":18.0},{"not_picked":["Bloodletting","Rupture","Fire Breathing"],"picked":"SKIP","floor":19.0},{"not_picked":["Thunderclap+1","Iron Wave+1","Flex"],"picked":"SKIP","floor":21.0},{"not_picked":["Clash+1","Havoc","Bloodletting+1"],"picked":"SKIP","floor":23},{"not_picked":["Shockwave","Cleave+1"],"picked":"Second Wind","floor":25},{"not_picked":["True Grit","Rage+1"],"picked":"Dual Wield","floor":28},{"not_picked":["Sword Boomerang+1","Heavy Blade+1"],"picked":"Body Slam+1","floor":30},{"not_picked":["Twin Strike+1","Cleave+1"],"picked":"Shrug It Off","floor":31},{"not_picked":["Exhume","Offering"],"picked":"Corruption","floor":33},{"not_picked":["Dropkick+1","Infernal Blade","Anger+1"],"picked":"SKIP","floor":35},{"not_picked":["Dramatic Entrance+1","Enlightenment"],"picked":"Secret Technique","floor":37},{"not_picked":["Bandage Up","Violence"],"picked":"Dark Shackles","floor":37},{"not_picked":["PanicButton","Enlightenment"],"picked":"Purity","floor":37},{"not_picked":["Metallicize","Pommel Strike+1","Heavy Blade+1"],"picked":"SKIP","floor":38},{"not_picked":["Wild Strike+1","Cleave+1"],"picked":"Intimidate+1","floor":39},{"not_picked":["Juggernaut","Perfected Strike+1","Clothesline+1"],"picked":"SKIP","floor":40},{"not_picked":["Reckless Charge+1","Twin Strike+1","Dark Embrace"],"picked":"SKIP","floor":41},{"not_picked":["Intimidate","Clothesline+1"],"picked":"Sentinel","floor":42},{"not_picked":["Pommel Strike+1","Anger+1","Corruption"],"picked":"SKIP","floor":44},{"not_picked":["Pommel Strike+1","Anger+1","Corruption"],"picked":"SKIP","floor":44},{"not_picked":["Armaments","Fire Breathing+1"],"picked":"Reckless Charge+1","floor":45},{"not_picked":["Shrug It Off","Flex","Infernal Blade"],"picked":"SKIP","floor":47},{"not_picked":["Shrug It Off+1","Twin Strike+1","Searing Blow+1"],"picked":"SKIP","floor":55}],"player_experience":3287308,"relics_obtained":[{"floor":7.0,"key":"Molten Egg 2"},{"floor":9.0,"key":"Mercury Hourglass"},{"floor":10.0,"key":"Gremlin Horn"},{"floor":12.0,"key":"Regal Pillow"},{"floor":23,"key":"Dead Branch"},{"floor":25,"key":"War Paint"},{"floor":28,"key":"FossilizedHelix"},{"floor":39,"key":"StoneCalendar"},{"floor":40,"key":"Ancient Tea Set"},{"floor":40,"key":"Orichalcum"},{"floor":41,"key":"Ice Cream"},{"floor":41,"key":"Shuriken"},{"floor":42,"key":"Meat on the Bone"},{"floor":42,"key":"Potion Belt"},{"floor":43,"key":"MealTicket"},{"floor":44,"key":"Centennial Puzzle"},{"floor":44,"key":"Blood Vial"},{"floor":47,"key":"PreservedInsect"},{"floor":47,"key":"Boot"},{"floor":55,"key":"Paper Frog"},{"floor":55,"key":"Bottled Lightning"}],"event_choices":[{"cards_removed":["Bloodletting"],"damage_healed":13.0,"max_hp_gain":0.0,"max_hp_loss":0.0,"gold_gain":0.0,"event_name":"Bonfire Elementals","player_choice":"Offered Uncommon","floor":2.0,"gold_loss":0.0,"damage_taken":0.0},{"damage_healed":0.0,"max_hp_gain":0.0,"max_hp_loss":0.0,"gold_gain":0.0,"event_name":"Lab","player_choice":"Got Potions","floor":4.0,"gold_loss":0.0,"damage_taken":0.0},{"damage_healed":0.0,"max_hp_gain":0.0,"max_hp_loss":0.0,"gold_gain":0.0,"event_name":"Vampires","player_choice":"Ignored","floor":20.0,"gold_loss":0.0,"damage_taken":0.0},{"cards_removed":["Strike_R"],"damage_healed":0.0,"max_hp_gain":0.0,"max_hp_loss":0.0,"gold_gain":0.0,"event_name":"Wheel of Change","player_choice":"Card Removal","floor":22.0,"gold_loss":0.0,"damage_taken":0.0},{"damage_healed":0,"gold_gain":0,"player_choice":"Memory 3","damage_taken":10,"max_hp_gain":0,"max_hp_loss":0,"event_name":"SensoryStone","floor":37,"gold_loss":0},{"damage_healed":0,"gold_gain":0,"player_choice":"Fight","damage_taken":0,"max_hp_gain":0,"max_hp_loss":0,"event_name":"MindBloom","floor":39,"gold_loss":0},{"damage_healed":0,"gold_gain":0,"player_choice":"Ignored","damage_taken":0,"max_hp_gain":0,"max_hp_loss":0,"event_name":"SecretPortal","floor":48,"gold_loss":0}],"is_beta":false,"boss_relics":[{"not_picked":["SlaversCollar","Velvet Choker"],"picked":"Philosopher\u0027s Stone"},{"not_picked":["Runic Cube","Runic Pyramid"],"picked":"Black Star"}],"items_purged_floors":[36,54],"is_endless":false,"potions_floor_spawned":[10,12,13,18,19,25,31,35,38,39,44],"ascension_level":20}}