{"host":"8o45mh5p3pp1o2mi","time":1609117390,"event":{"mods":["BaseMod","Better Match","Better Third Choice","BetterRewards","Minty Spire (QoL Compilation)","Rare Cards Sparkle","Relic Stats","Replay The Spire","Shop Mod","StSLib","everything is the same but u backflip on backflip"],"gold_per_floor":[114,127,127,127,138,168,168,88,88,12,25,59,59,76,76,171,171,181,1,1,17,32,32,60,72,72,72,72,91,124,144,144,242,242,261,261,261,280,280,315,315,328,355,383,420,452,119,135,135,135],"floor_reached":51,"playtime":3976,"items_purged":["Defend_R","Strike_R"],"score":1007,"play_id":"9a18e2a8-42c9-4f75-9c6f-1a90fd1ade82","local_time":"20201228010310","is_ascension_mode":true,"campfire_choices":[{"data":"Twin Strike","floor":7.0,"key":"SMITH"},{"data":"Armaments","floor":13.0,"key":"SMITH"},{"data":"Neutralize","floor":15.0,"key":"SMITH"},{"data":"Fiend Fire","floor":23.0,"key":"SMITH"},{"floor":32.0,"key":"REST"},{"data":"Replay:Undeath\u0027s Touch","floor":41.0,"key":"SMITH"},{"data":"ReplayTheSpireMod:Limb From Limb","floor":49.0,"key":"SMITH"}],"circlet_count":0,"master_deck":["Strike_R","Strike_R","Strike_R","Defend_R","Defend_R","Defend_R","Shrug It Off+1","ReplayTheSpireMod:Strike From Hell","Headbutt","Defy Death","Survivor","Neutralize+1","Twin Strike+1","Fire Breathing","Burning Pact","Armaments+1","Warcry","Infernal Blade","Disarm","Fiend Fire+1","Dark Embrace","Inflame","Replay:Undeath\u0027s Touch+1","Sever Soul","Replay:Undeath\u0027s Touch","Spot Weakness","Shame","Rage","Entrench","Fiend Fire","Run Through+1","Madness","Madness","Midas Touch","ReplayTheSpireMod:Uncanny Aura","Shockwave","Power Through+1","Heavy Blade+1","Entrench+1","ReplayTheSpireMod:Private Reserves+1","ReplayUltimateDefense","Pommel Strike","ReplayTheSpireMod:Limb From Limb+1","Rage"],"relics":["Burning Blood","PreservedInsect","Ring of Fury","Lizard Tail","Magic Flower","ReplayTheSpireMod:Shallot","Ring of Chaos","Pet Ghost","Regal Pillow","Nunchaku","Vajra","Smiling Mask","Painkiller Herb","Blood Vial","Blue Doll","Paper Frog","Replay:PocketPolymizer","Self Forming Clay"],"acts_visited":["Exordium","TheCity","TheBeyond"],"potions_floor_usage":[],"damage_taken":[{"damage":0.0,"enemies":"Small Slimes","floor":1.0,"turns":3.0},{"damage":0.0,"enemies":"2 Louse","floor":2.0,"turns":2.0},{"damage":0.0,"enemies":"Jaw Worm","floor":5.0,"turns":3.0},{"damage":1.0,"enemies":"3 Sentries","floor":6.0,"turns":4.0},{"damage":15.0,"enemies":"Lots of Slimes","floor":11.0,"turns":6.0},{"damage":4.0,"enemies":"Gremlin Nob","floor":12.0,"turns":3.0},{"damage":0.0,"enemies":"Large Slime","floor":14.0,"turns":6.0},{"damage":26.0,"enemies":"The Guardian","floor":16.0,"turns":12.0},{"damage":4.0,"enemies":"3 Byrds","floor":18.0,"turns":5.0},{"damage":16.0,"enemies":"Chosen","floor":21.0,"turns":5.0},{"damage":5.0,"enemies":"Snecko","floor":22.0,"turns":4.0},{"damage":44.0,"enemies":"Gremlin Leader","floor":24.0,"turns":5.0},{"damage":13.0,"enemies":"Snake Plant","floor":25.0,"turns":3.0},{"damage":20.0,"enemies":"Centurion and Healer","floor":29.0,"turns":6.0},{"damage":7.0,"enemies":"Book of Stabbing","floor":30.0,"turns":4.0},{"damage":2.0,"enemies":"Cultist and Chosen","floor":31.0,"turns":3.0},{"damage":47.0,"enemies":"Pondfish","floor":33.0,"turns":11.0},{"damage":15.0,"enemies":"3 Darklings","floor":35.0,"turns":6.0},{"damage":11.0,"enemies":"3 Shapes","floor":38.0,"turns":6.0},{"damage":8.0,"enemies":"Giant Head","floor":40.0,"turns":5.0},{"damage":13.0,"enemies":"Maw","floor":42.0,"turns":8.0},{"damage":2.0,"enemies":"Nemesis","floor":44.0,"turns":3.0},{"damage":55.0,"enemies":"Reptomancer","floor":46.0,"turns":6.0},{"damage":12.0,"enemies":"4 Shapes","floor":48.0,"turns":5.0},{"damage":89,"enemies":"Awakened One","floor":50,"turns":17}],"seed_played":"-1289151739150755368","potions_obtained":[{"floor":5.0,"key":"Adrenaline Potion"},{"floor":6.0,"key":"Venom Potion"},{"floor":11.0,"key":"Strength Potion"},{"floor":16.0,"key":"Milkshake"},{"floor":22.0,"key":"Energy Potion"},{"floor":24.0,"key":"ColorlessPotion"},{"floor":25.0,"key":"Elixir"},{"floor":29.0,"key":"LiquidBronze"},{"floor":30.0,"key":"AttackPotion"},{"floor":33.0,"key":"BloodPotion"},{"floor":35.0,"key":"BlessingOfTheForge"},{"floor":40.0,"key":"ColorlessPotion"},{"floor":42.0,"key":"Swift Potion"}],"is_trial":false,"path_per_floor":["M","M","?","?","M","E","R","$","T","$","M","E","R","M","R","B",null,"M","$","?","M","M","R","E","M","T","?","$","M","E","M","R","B",null,"?","?","?","?","?","E","T","?","T","E","?","E","T","?","T","B",null],"character_chosen":"IRONCLAD","items_purchased":["PreservedInsect","Shrug It Off+1","ReplayTheSpireMod:Strike From Hell","Burning Pact","Armaments","Warcry","Pet Ghost","Inflame","ReplayTheSpireMod:Private Reserves+1","ReplayUltimateDefense","Pommel Strike"],"campfire_rested":1,"item_purchase_floors":[0,0,0,8,10,10,19,19,47,47,47],"current_hp_per_floor":[80,80,80,80,80,80,80,80,80,80,74,79,79,80,80,63,80,80,80,65,58,62,62,27,23,23,23,23,12,14,21,61,23,85,79,68,63,61,61,62,62,61,61,71,71,54,54,54,54,63],"gold":135,"neow_bonus":"","is_daily":false,"chose_seed":false,"campfire_upgraded":6,"win_rate":0.0,"timestamp":1609117390,"path_taken":["M","M","?","?","M","E","R","?","T","$","?","E","R","M","R","BOSS","M","$","?","M","M","R","E","M","T","?","$","M","E","M","R","BOSS","?","?","?","?","?","E","T","?","T","E","?","E","T","?","T","BOSS"],"items_purchased_type":["Relic","Card","Card","Card","Card","Card","Relic","Card","Card","Card","Card"],"build_version":"2020-12-22","purchased_purges":2,"victory":true,"max_hp_per_floor":[80,80,80,80,80,80,80,80,80,80,80,80,80,80,80,80,80,80,80,85,85,85,85,85,85,85,85,85,85,85,85,85,85,85,85,85,85,85,85,85,85,85,85,85,85,85,85,85,85,85],"relic_stats":{"Blood Vial":15,"Lizard Tail":63,"Regal Pillow":15,"Nunchaku":[15],"counters":[25,141],"Self Forming Clay":[36],"Magic Flower":[92],"PreservedInsect":372,"Smiling Mask":50,"obtain_stats":[{"Regal Pillow":24,"Replay:PocketPolymizer":45,"Self Forming Clay":46,"Magic Flower":9,"Vajra":27,"Painkiller Herb":34,"Blue Doll":43,"PreservedInsect":0,"Ring of Chaos":17,"Smiling Mask":30,"Burning Blood":0,"Pet Ghost":19,"Blood Vial":40,"Lizard Tail":6,"Nunchaku":26,"ReplayTheSpireMod:Shallot":12,"Ring of Fury":4,"Paper Frog":44},{"Regal Pillow":12,"Replay:PocketPolymizer":22,"Self Forming Clay":23,"Magic Flower":4,"Vajra":13,"Painkiller Herb":17,"Blue Doll":21,"PreservedInsect":0,"Ring of Chaos":8,"Smiling Mask":15,"Burning Blood":0,"Pet Ghost":9,"Blood Vial":20,"Lizard Tail":4,"Nunchaku":13,"ReplayTheSpireMod:Shallot":6,"Ring of Fury":2,"Paper Frog":22},{"Regal Pillow":58,"Replay:PocketPolymizer":113,"Self Forming Clay":119,"Magic Flower":12,"Vajra":61,"Painkiller Herb":85,"Blue Doll":110,"PreservedInsect":0,"Ring of Chaos":39,"Smiling Mask":71,"Burning Blood":0,"Pet Ghost":44,"Blood Vial":102,"Lizard Tail":12,"Nunchaku":61,"ReplayTheSpireMod:Shallot":21,"Ring of Fury":5,"Paper Frog":113}],"Burning Blood":177},"card_choices":[{"not_picked":["Twin Strike","Thunderclap"],"picked":"Headbutt","floor":1.0},{"not_picked":["ReplayTheSpireMod:Limb From Limb","Anger"],"picked":"Defy Death","floor":2.0},{"not_picked":["Rupture","Perfected Strike"],"picked":"Twin Strike","floor":5.0},{"not_picked":["Ghostly Armor","Hemogenesis"],"picked":"Fire Breathing","floor":6.0},{"not_picked":["Intimidate","Body Slam"],"picked":"Infernal Blade","floor":11.0},{"not_picked":["Intimidate","Rupture"],"picked":"Disarm","floor":12.0},{"not_picked":["Body Slam","Defy Death","Anger"],"picked":"SKIP","floor":14.0},{"not_picked":["Offering","Replay:Many Hands"],"picked":"Fiend Fire","floor":16.0},{"not_picked":["Flex","Twin Strike"],"picked":"Dark Embrace","floor":18.0},{"not_picked":["Flex+1","Fire Breathing+1"],"picked":"Replay:Undeath\u0027s Touch","floor":21.0},{"not_picked":["Body Slam+1","Perfected Strike"],"picked":"Sever Soul","floor":22.0},{"not_picked":["Carnage","Shrug It Off"],"picked":"Replay:Undeath\u0027s Touch","floor":24.0},{"not_picked":["Battle Trance","Pommel Strike"],"picked":"Spot Weakness","floor":25.0},{"not_picked":["ReplayTheSpireMod:Strike From Hell","Warcry+1","Thunderclap"],"picked":"SKIP","floor":29.0},{"not_picked":["Dual Wield+1","Defy Death"],"picked":"Rage","floor":30.0},{"not_picked":["Clash","Armaments"],"picked":"Entrench","floor":31.0},{"not_picked":["Bludgeon","Demon Form"],"picked":"Fiend Fire","floor":33.0},{"not_picked":["Rampage","Thunderclap"],"picked":"Run Through+1","floor":35.0},{"not_picked":["ReplayTheSpireMod:Brewmster","Finesse"],"picked":"Midas Touch","floor":37.0},{"not_picked":["Transmutation","Discovery"],"picked":"ReplayTheSpireMod:Uncanny Aura","floor":37.0},{"not_picked":["Body Slam","Headbutt"],"picked":"Shockwave","floor":38.0},{"not_picked":["Anger","Reckless Charge+1"],"picked":"Power Through+1","floor":40.0},{"not_picked":["ReplayTheSpireMod:Strike From Hell","Thunderclap+1","Replay:Undeath\u0027s Touch+1"],"picked":"SKIP","floor":42.0},{"not_picked":["Brutality","Headbutt+1","Searing Blow+1"],"picked":"SKIP","floor":44.0},{"not_picked":["Replay:Undeath\u0027s Touch","Clash+1"],"picked":"Heavy Blade+1","floor":45.0},{"not_picked":["Perfected Strike","Carnage"],"picked":"Entrench+1","floor":46.0},{"not_picked":["Replay:Undeath\u0027s Touch+1","Iron Wave+1"],"picked":"ReplayTheSpireMod:Limb From Limb","floor":48.0}],"player_experience":30844,"relics_obtained":[{"floor":4.0,"key":"Ring of Fury"},{"floor":6.0,"key":"Lizard Tail"},{"floor":9.0,"key":"Magic Flower"},{"floor":12.0,"key":"ReplayTheSpireMod:Shallot"},{"floor":24.0,"key":"Regal Pillow"},{"floor":26.0,"key":"Nunchaku"},{"floor":30.0,"key":"Smiling Mask"},{"floor":40.0,"key":"Blood Vial"},{"floor":43.0,"key":"Blue Doll"},{"floor":44.0,"key":"Paper Frog"},{"floor":45.0,"key":"Replay:PocketPolymizer"},{"floor":46.0,"key":"Self Forming Clay"}],"event_choices":[{"damage_healed":0.0,"max_hp_gain":5.0,"max_hp_loss":0.0,"gold_gain":0.0,"event_name":"Forgotten Altar","player_choice":"Shed Blood","floor":20.0,"gold_loss":0.0,"damage_taken":20.0},{"damage_healed":0.0,"max_hp_gain":0.0,"max_hp_loss":0.0,"gold_gain":0.0,"event_name":"Addict","player_choice":"Stole Relic","floor":27.0,"gold_loss":0.0,"damage_taken":0.0,"relics_obtained":["Vajra"],"cards_obtained":["Shame"]},{"damage_healed":0.0,"max_hp_gain":0.0,"max_hp_loss":0.0,"gold_gain":0.0,"event_name":"Winding Halls","player_choice":"Embrace Madness","floor":36.0,"gold_loss":0.0,"damage_taken":11.0,"cards_obtained":["Madness","Madness"]},{"damage_healed":0.0,"max_hp_gain":0.0,"max_hp_loss":0.0,"gold_gain":0.0,"event_name":"SensoryStone","player_choice":"Memory 2","floor":37.0,"gold_loss":0.0,"damage_taken":5.0},{"damage_healed":0.0,"max_hp_gain":0.0,"max_hp_loss":0.0,"gold_gain":0.0,"event_name":"Tomb of Lord Red Mask","player_choice":"Ignored","floor":39.0,"gold_loss":0.0,"damage_taken":0.0}],"is_beta":false,"boss_relics":[{"not_picked":["Runic Cube","Runic Pyramid"],"picked":"Ring of Chaos"},{"not_picked":["SlaversCollar","Kintsugi"],"picked":"Painkiller Herb"}],"items_purged_floors":[0,47],"is_endless":false,"potions_floor_spawned":[5,6,11,16,22,24,25,29,30,33,35,40,42],"ascension_level":1}}