{"host":"9k1ekd5e3lrdz5qp","time":1609126653,"event":{"mods":["Act Like it!","Bard","BaseMod","Beaked The Cultist","Better Altar","Better Skull","Better Third Choice","Conspire","Downfall","Elementarium","Hubris","Infinite Spire","Minty Spire (QoL Compilation)","Replay The Spire","StSLib"],"gold_per_floor":[99,114,114,24,40,140,185,185,210,210,220,233,262,292,305,405,405,405,416,427,438,66,66,146,71,86,86,86,186,204,64,75,174,174,99,118,103,3,22,22,22,40,40,40,65,65,92,104,119,119],"floor_reached":51,"playtime":3903,"items_purged":["champ:Strike","champ:Defend","champ:ArenaPreparation"],"score":902,"play_id":"0f22e3b9-0cc0-4798-b439-264767084b6d","local_time":"20201227203733","is_ascension_mode":true,"campfire_choices":[{"data":"champ:VampiricStrike","floor":1.0,"key":"SMITH"},{"data":"champ:PreciseThrust","floor":18.0,"key":"SMITH"},{"floor":25.0,"key":"RECALL"},{"data":"champ:GladiatorStyle","floor":35.0,"key":"SMITH"},{"data":"champ:Defend","floor":46.0,"key":"SMITH"}],"circlet_count":0,"master_deck":["champ:Strike","champ:Strike","champ:Defend+1","champ:Execute","champ:Taunt+1","champ:PreciseThrust+1"],"relics":["champ:ChampionCrown","Blood Vial","Orichalcum","Dream Catcher","hubris:OldNail","hubris:RunicObelisk","Replay:Bottled Flurry","downfall:HeartBlessingBlue","hubris:HollowSoul","downfall:HeartBlessingRed","Replay:Ringing Soul","Gremlin Horn","Pet Ghost"],"acts_visited":["Exordium","TheCity","TheBeyond"],"potions_floor_usage":[],"damage_taken":[{"damage":8.0,"enemies":"Small Slimes","floor":2.0,"turns":3.0},{"damage":10.0,"enemies":"downfall:FleeingMerchant","floor":4.0,"turns":4.0},{"damage":7.0,"enemies":"conspire:RoseBush","floor":5.0,"turns":3.0},{"damage":98.0,"enemies":"downfall:Heads","floor":6.0,"turns":8.0},{"damage":42.0,"enemies":"Gremlin Nob","floor":9.0,"turns":6.0},{"damage":10.0,"enemies":"infinitespire:Voidling","floor":11.0,"turns":3.0},{"damage":8.0,"enemies":"3 Louse","floor":12.0,"turns":4.0},{"damage":10.0,"enemies":"Lagavulin","floor":13.0,"turns":8.0},{"damage":26.0,"enemies":"Exordium Wildlife","floor":15.0,"turns":4.0},{"damage":13.0,"enemies":"downfall:Watcher","floor":16.0,"turns":13.0},{"damage":10.0,"enemies":"3 Byrds","floor":19.0,"turns":5.0},{"damage":6.0,"enemies":"Snake Plant","floor":20.0,"turns":4.0},{"damage":33.0,"enemies":"Cultist and Chosen","floor":21.0,"turns":6.0},{"damage":10.0,"enemies":"downfall:FleeingMerchant","floor":22.0,"turns":4.0},{"damage":8.0,"enemies":"Centurion and Healer","floor":26.0,"turns":6.0},{"damage":5.0,"enemies":"downfall:FaceTrader","floor":29.0,"turns":9.0},{"damage":24.0,"enemies":"3 Cultists","floor":30.0,"turns":5.0},{"damage":17.0,"enemies":"downfall:FleeingMerchant","floor":31.0,"turns":4.0},{"damage":6.0,"enemies":"Snecko","floor":32.0,"turns":7.0},{"damage":27.0,"enemies":"downfall:Silent","floor":33.0,"turns":11.0},{"damage":34.0,"enemies":"Orb Walker","floor":36.0,"turns":5.0},{"damage":5.0,"enemies":"downfall:FleeingMerchant","floor":37.0,"turns":4.0},{"damage":10.0,"enemies":"3 Darklings","floor":39.0,"turns":6.0},{"damage":4.0,"enemies":"Spire Growth","floor":42.0,"turns":6.0},{"damage":3.0,"enemies":"Giant Head","floor":45.0,"turns":8.0},{"damage":5.0,"enemies":"beaked:SuperParasite","floor":47.0,"turns":10.0},{"damage":5,"enemies":"Maw","floor":48,"turns":7},{"damage":15,"enemies":"Sphere and 2 Shapes","floor":49,"turns":4},{"damage":5,"enemies":"downfall:Ironclad","floor":50,"turns":9}],"seed_played":"-6538551438394227572","potions_obtained":[{"floor":9.0,"key":"EssenceOfSteel"},{"floor":11.0,"key":"ColorlessPotion"},{"floor":12.0,"key":"EntropicBrew"},{"floor":26.0,"key":"Elixir"},{"floor":39.0,"key":"sneckomod:MuddlingPotion"},{"floor":45.0,"key":"Adrenaline Potion"},{"floor":48,"key":"Venom Potion"},{"floor":49,"key":"SkillPotion"}],"is_trial":false,"path_per_floor":["R","M","?","$","M","?","T","?","E","?","M","M","E","?","M","B",null,"R","M","M","M","$","?","T","R","M","?","?","?","M","$","M","B",null,"R","M","?","NS","M","?","T","M","?","?","E","R","E","M","M","B",null],"character_chosen":"THE_CHAMP","items_purchased":["Replay:Bottled Flurry"],"campfire_rested":0,"item_purchase_floors":[22],"current_hp_per_floor":[63,68,68,82,90,42,42,42,17,90,90,87,90,90,90,90,90,90,90,90,86,90,90,90,100,97,97,97,100,96,86,92,77,100,100,71,85,85,77,77,77,75,75,75,74,74,71,73,65,62],"gold":119,"neow_bonus":"THREE_RARE_CARDS","is_daily":false,"chose_seed":false,"campfire_upgraded":4,"win_rate":0.0,"timestamp":1609126653,"path_taken":["R","M","?","$","M","?","T","?","E","?","?","M","E","?","M","BOSS","R","M","M","M","$","?","T","R","M","?","?","?","M","?","M","BOSS","R","M","?","NS","M","?","T","M","?","?","E","R","E","?","M","BOSS"],"items_purchased_type":["Relic"],"build_version":"2020-12-22","purchased_purges":3,"victory":true,"max_hp_per_floor":[90,90,90,90,90,90,90,90,90,90,90,90,90,90,90,90,90,90,90,90,90,90,90,90,100,100,100,100,100,100,100,100,100,100,100,100,100,100,100,100,100,100,100,100,100,100,100,100,100,100],"card_choices":[{"not_picked":["champ:LastStand","champ:PerfectForm"],"picked":"champ:VampiricStrike","floor":0.0},{"not_picked":["champ:BringItOn","champ:GutPunch"],"picked":"champ:ArenaPreparation","floor":2.0},{"not_picked":["champ:Circumvent","champ:ShieldSigil"],"picked":"champ:PreciseThrust","floor":4.0},{"not_picked":["champ:EnragedBash","champ:BladeFlurry","champ:RecklessLeap"],"picked":"SKIP","floor":5.0},{"not_picked":["champ:Backstep","champ:DefensiveShout"],"picked":"champ:GladiatorStyle","floor":9.0},{"not_picked":["champ:Circumvent","champ:Riposte","champ:ViciousMockery"],"picked":"SKIP","floor":11.0},{"not_picked":["champ:ArenaPreparation","champ:CrookedStrike","champ:FanOfKnives"],"picked":"SKIP","floor":12.0},{"not_picked":["champ:CrookedStrike","champ:StrikeOfGenius","champ:ViciousMockery"],"picked":"SKIP","floor":13.0},{"not_picked":["champ:PreciseThrust","champ:BerserkersShout","champ:FlashCut"],"picked":"SKIP","floor":15.0},{"not_picked":["champ:ViciousMockery+1","champ:ShieldWall+1","champ:Encircle"],"picked":"SKIP","floor":19.0},{"not_picked":["champ:FanOfKnives","champ:PreciseThrust","champ:FlashCut+1"],"picked":"SKIP","floor":20.0},{"not_picked":["champ:BerserkersShout+1","champ:Haymaker","champ:RapidStrikes"],"picked":"SKIP","floor":21.0},{"not_picked":["champ:TornadoPunch","champ:ViciousMockery","champ:SwordSigil"],"picked":"SKIP","floor":22.0},{"not_picked":["champ:ShieldWall","champ:Circumvent","champ:Control"],"picked":"SKIP","floor":26.0},{"not_picked":["champ:PerfectedStrike+1","champ:ShieldSigil","champ:BerserkersShout+1"],"picked":"SKIP","floor":29.0},{"not_picked":["champ:CrownThrow","champ:GutPunch+1","champ:RageSigil"],"picked":"SKIP","floor":30.0},{"not_picked":["champ:Duel","champ:BringItOn","champ:AdrenalArmor+1"],"picked":"SKIP","floor":31.0},{"not_picked":["champ:DefensiveShout","champ:BringItOn+1","champ:TornadoPunch"],"picked":"SKIP","floor":32.0},{"not_picked":["champ:Duel","champ:BerserkersShout+1","champ:AdrenalArmor+1"],"picked":"SKIP","floor":36.0},{"not_picked":["champ:FanOfKnives","champ:RecklessLeap+1","champ:RageSigil+1"],"picked":"SKIP","floor":37.0},{"not_picked":["champ:HeartStrike","champ:Circumvent","champ:FocusedDefense"],"picked":"SKIP","floor":39.0},{"not_picked":["champ:DefensiveStyle+1","champ:TornadoPunch+1","champ:SwordSigil"],"picked":"SKIP","floor":42.0},{"not_picked":["champ:Haymaker","champ:ArenaPreparation","champ:IronFortress+1"],"picked":"SKIP","floor":45.0},{"not_picked":["champ:Haymaker+1","champ:FanOfKnives+1","champ:CheapShot"],"picked":"SKIP","floor":47.0},{"not_picked":["champ:Aggression","champ:GladiatorsShout","champ:Haymaker"],"picked":"SKIP","floor":48},{"not_picked":["champ:Balance","champ:ArenaPreparation+1","champ:DeathBlow"],"picked":"SKIP","floor":49}],"player_experience":1232430,"relics_obtained":[{"floor":3.0,"key":"Blood Vial"},{"floor":7.0,"key":"Orichalcum"},{"floor":9.0,"key":"Dream Catcher"},{"floor":41.0,"key":"Replay:Ringing Soul"},{"floor":45.0,"key":"Gremlin Horn"},{"floor":47.0,"key":"Pet Ghost"}],"event_choices":[{"cards_removed":["champ:FocusedBerserking"],"damage_healed":73.0,"max_hp_gain":0.0,"max_hp_loss":0.0,"gold_gain":0.0,"event_name":"Bonfire Elementals","player_choice":"Offered Uncommon","floor":10.0,"gold_loss":0.0,"damage_taken":0.0},{"damage_healed":0.0,"max_hp_gain":0.0,"max_hp_loss":0.0,"gold_gain":0.0,"event_name":"Vampires","player_choice":"Ignored","floor":28.0,"gold_loss":0.0,"damage_taken":0.0},{"cards_removed":["champ:Defend"],"damage_healed":0.0,"max_hp_gain":0.0,"max_hp_loss":0.0,"gold_gain":0.0,"event_name":"Falling","player_choice":"Removed Skill","floor":44.0,"gold_loss":0.0,"damage_taken":0.0}],"is_beta":false,"boss_relics":[{"not_picked":["beaked:MawFillet","conspire:RunicOctahedron"],"picked":"hubris:RunicObelisk"},{"not_picked":["Replay:Ancient Bell","Calling Bell"],"picked":"hubris:HollowSoul"}],"items_purged_floors":[4,22,31],"is_endless":false,"potions_floor_spawned":[9,11,12,13,15,21,26,32,33,39,45,48,49],"ascension_level":1}}