{"host":"qxeepl7ydvsgmfdb","time":1609158688,"event":{"mods":["AchievementEnabler","BaseMod","Colored Powertips","Minty Spire (QoL Compilation)","Quick Restart","slay the spire mod where everything is the same but ironclad has a cowboy hat"],"gold_per_floor":[116,132,207,207,126,126,140,157,157,185,215,215,234,255,255,383,383,407,682,675,675,675],"floor_reached":21,"playtime":847,"items_purged":[],"score":115,"play_id":"ee62b0f2-b2b1-4cd1-bf83-ee74ed87983a","local_time":"20201228073128","is_ascension_mode":false,"campfire_choices":[{"data":"Noxious Fumes","floor":6,"key":"SMITH"},{"floor":15,"key":"REST"}],"circlet_count":0,"master_deck":["Strike_G","Strike_G","Strike_G","Strike_G","Defend_G","Defend_G","Defend_G","Defend_G","Defend_G","Survivor","Neutralize","Quick Slash","Cloak And Dagger","Leg Sweep","Noxious Fumes+1","Acrobatics","Sucker Punch","Backstab","Injury","Deadly Poison","Poisoned Stab","Regret","Quick Slash"],"relics":["Ring of the Snake","NeowsBlessing","Boot","Ornamental Fan","Toy Ornithopter","Golden Idol","WristBlade"],"acts_visited":["Exordium","TheCity"],"potions_floor_usage":[10,10,16,20],"damage_taken":[{"damage":0,"enemies":"Cultist","floor":1,"turns":1},{"damage":0,"enemies":"Jaw Worm","floor":2,"turns":1},{"damage":0,"enemies":"Small Slimes","floor":7,"turns":1},{"damage":5,"enemies":"2 Fungi Beasts","floor":8,"turns":4},{"damage":11,"enemies":"Lagavulin","floor":10,"turns":8},{"damage":4,"enemies":"Blue Slaver","floor":13,"turns":3},{"damage":0,"enemies":"Lots of Slimes","floor":14,"turns":3},{"damage":26,"enemies":"Slime Boss","floor":16,"turns":8},{"damage":4,"enemies":"Chosen","floor":18,"turns":5},{"damage":9,"enemies":"2 Thieves","floor":20,"turns":4},{"damage":53,"enemies":"3 Cultists","floor":21,"turns":7}],"seed_played":"-988396002278446511","potions_obtained":[{"floor":1,"key":"Fire Potion"},{"floor":8,"key":"LiquidBronze"},{"floor":10,"key":"Fire Potion"},{"floor":14,"key":"SteroidPotion"},{"floor":16,"key":"Regen Potion"},{"floor":18,"key":"Explosive Potion"}],"is_trial":false,"path_per_floor":["M","M","?","?","$","R","M","M","T","E","?","?","M","M","R","B",null,"M","?","M","M"],"character_chosen":"THE_SILENT","items_purchased":["Noxious Fumes"],"campfire_rested":1,"item_purchase_floors":[5],"current_hp_per_floor":[70,70,59,59,59,59,59,54,54,43,43,43,39,39,60,39,70,66,66,62,9,9],"gold":675,"neow_bonus":"THREE_ENEMY_KILL","is_daily":false,"chose_seed":false,"campfire_upgraded":1,"win_rate":0.0,"timestamp":1609158688,"path_taken":["M","?","?","?","$","R","M","?","T","E","?","?","M","M","R","BOSS","M","?","?","M"],"items_purchased_type":["Card"],"build_version":"2020-12-22","purchased_purges":0,"victory":false,"max_hp_per_floor":[70,70,70,70,70,70,70,70,70,70,70,70,70,70,70,70,70,70,70,70,70,70],"card_choices":[{"not_picked":["Heel Hook","Masterful Stab"],"picked":"Quick Slash","floor":1},{"not_picked":["Backflip","Prepared"],"picked":"Cloak And Dagger","floor":2},{"not_picked":["Infinite Blades","Expertise"],"picked":"Acrobatics","floor":7},{"not_picked":["PiercingWail","Dash"],"picked":"Sucker Punch","floor":8},{"not_picked":["A Thousand Cuts","Corpse Explosion"],"picked":"Backstab","floor":10},{"not_picked":["Quick Slash","Blade Dance"],"picked":"Deadly Poison","floor":13},{"not_picked":["Well Laid Plans","Concentrate","Dodge and Roll"],"picked":"SKIP","floor":14},{"not_picked":["Slice","Acrobatics"],"picked":"Poisoned Stab","floor":18},{"not_picked":["Choke+1","Blur"],"picked":"Quick Slash","floor":20}],"player_experience":410743,"relics_obtained":[{"floor":9,"key":"Boot"},{"floor":10,"key":"Ornamental Fan"}],"event_choices":[{"damage_healed":0,"gold_gain":75,"player_choice":"Gather Gold","damage_taken":11,"max_hp_gain":0,"max_hp_loss":0,"event_name":"World of Goop","floor":3,"gold_loss":0},{"damage_healed":0,"gold_gain":0,"cards_transformed":["Strike_G"],"player_choice":"Transformed","damage_taken":0,"max_hp_gain":0,"max_hp_loss":0,"event_name":"Transmorgrifier","floor":4,"gold_loss":0,"cards_obtained":["Leg Sweep"]},{"damage_healed":0,"gold_gain":30,"player_choice":"Searched \u00272\u0027 times","damage_taken":0,"relics_obtained":["Toy Ornithopter"],"max_hp_gain":0,"max_hp_loss":0,"event_name":"Dead Adventurer","floor":11,"gold_loss":0},{"damage_healed":0,"gold_gain":0,"player_choice":"Take Wound","damage_taken":0,"relics_obtained":["Golden Idol"],"max_hp_gain":0,"max_hp_loss":0,"event_name":"Golden Idol","floor":12,"gold_loss":0,"cards_obtained":["Injury"]},{"damage_healed":0,"gold_gain":275,"player_choice":"Desecrate","damage_taken":0,"max_hp_gain":0,"max_hp_loss":0,"event_name":"Golden Shrine","floor":19,"gold_loss":0,"cards_obtained":["Regret"]}],"is_beta":false,"boss_relics":[{"not_picked":["Runic Dome","Coffee Dripper"],"picked":"WristBlade"}],"items_purged_floors":[],"is_endless":false,"potions_floor_spawned":[1,8,10,14,16,18],"killed_by":"3 Cultists","ascension_level":0}}