{"host":"aja5jhqkcte6gg82","time":1609144808,"event":{"mods":["AchievementEnabler","Act Like it!","BaseMod","BetterRewards","Downfall","Gensokyo","Hermit","Hubris","Infinite Spire","Mad Scientist","Marisa????????","Minty Spire (QoL Compilation)","Replay The Spire","StSLib","The Animator","The Necromancer","TheFirefly"],"gold_per_floor":[113,113,188,188,201,232,243,261,261,261,287,9,9,19,19,119,119,129,144,144,144,161,161,177,177,202,202,202],"floor_reached":27,"playtime":1542,"items_purged":[],"score":238,"play_id":"94c29514-3745-4af2-8e0a-2a68e34248fe","local_time":"20201228004008","is_ascension_mode":false,"campfire_choices":[{"floor":10.0,"key":"REST"},{"floor":15.0,"key":"REST"},{"data":"thefirefly:ChargedLaser","floor":25,"key":"SMITH"}],"circlet_count":0,"master_deck":["thefirefly:Strike","thefirefly:Strike","thefirefly:Strike","thefirefly:Strike+1","thefirefly:Defend","thefirefly:Defend","thefirefly:Defend","thefirefly:StealthMode","thefirefly:PhotonBlast+1","thefirefly:Bombardment+1","thefirefly:EvasiveManeuver+1","thefirefly:AutoTargeting","thefirefly:Boost","thefirefly:ShieldArray","thefirefly:Flight","hubris:EnhanceAbility+1","thefirefly:ArtillleryBeam","thefirefly:LaserBarrage+1","thefirefly:FlakCannon","thefirefly:MindControl","thefirefly:ArtillleryBeam","thefirefly:PotentAmmunition","hubris:Disease","hubris:InfiniteBlow","thefirefly:ChargedLaser+1","thefirefly:ChargedLaser+1"],"relics":["thefirefly:StealthSystem","NeowsBlessing","ReplayTheSpireMod:Lightbulb","Gremlin Food","Smiling Mask","Velvet Choker","Dream Catcher","hubris:BottledHeart"],"acts_visited":[],"potions_floor_usage":[],"damage_taken":[{"damage":0.0,"enemies":"2 Louse","floor":1.0,"turns":1.0},{"damage":0.0,"enemies":"Jaw Worm","floor":5.0,"turns":1.0},{"damage":0.0,"enemies":"Lagavulin","floor":6.0,"turns":1.0},{"damage":5.0,"enemies":"Small Slimes","floor":7.0,"turns":3.0},{"damage":4.0,"enemies":"Looter","floor":8.0,"turns":3.0},{"damage":0.0,"enemies":"Large Slime","floor":14.0,"turns":3.0},{"damage":30.0,"enemies":"Fading Forest","floor":16.0,"turns":11.0},{"damage":17.0,"enemies":"3 Byrds","floor":18.0,"turns":5.0},{"damage":0,"enemies":"Spheric Guardian","floor":19,"turns":4},{"damage":12,"enemies":"Snake Plant","floor":22,"turns":7},{"damage":0,"enemies":"Snecko","floor":24,"turns":5}],"seed_played":"1914371914353209853","potions_obtained":[{"floor":7.0,"key":"Block Potion"},{"floor":8.0,"key":"AttackPotion"},{"floor":14.0,"key":"PowerPotion"},{"floor":16.0,"key":"Dexterity Potion"},{"floor":22,"key":"SkillPotion"}],"is_trial":false,"path_per_floor":["M","?","?","?","M","E","M","M","T","R","T","$","?","M","R","B",null,"M","M","?","AVR","M","?","M","R","T","?"],"character_chosen":"THE_FIREFLY","items_purchased":["hubris:EnhanceAbility","thefirefly:ArtillleryBeam","thefirefly:LaserBarrage+1"],"campfire_rested":2,"item_purchase_floors":[12,12,12],"current_hp_per_floor":[55,55,44,44,44,44,39,35,35,51,51,51,51,51,55,25,55,38,38,38,38,26,1,1,1,1,0,0],"gold":202,"neow_bonus":"THREE_ENEMY_KILL","is_daily":false,"chose_seed":false,"campfire_upgraded":1,"win_rate":0.0,"timestamp":1609144808,"path_taken":["M","?","?","?","M","E","M","M","T","R","?","?","?","M","R","BOSS","M","M","?","AVR","M","?","M","R","T","?"],"items_purchased_type":["Card","Card","Card"],"build_version":"2020-12-22","purchased_purges":0,"victory":false,"max_hp_per_floor":[55,55,55,55,55,55,55,55,55,55,55,55,55,55,55,55,55,55,55,55,55,55,1,1,1,1,1,1],"card_choices":[{"not_picked":["thefirefly:EnergyShield","thefirefly:Lamentation"],"picked":"thefirefly:Bombardment","floor":1.0},{"not_picked":["thefirefly:Boost","thefirefly:EvasiveManeuver"],"picked":"thefirefly:AutoTargeting","floor":5.0},{"not_picked":["thefirefly:EnergyShield","thefirefly:NebulaVeil"],"picked":"thefirefly:Boost","floor":6.0},{"not_picked":["thefirefly:IonizedBarrier","thefirefly:Bombardment"],"picked":"thefirefly:ShieldArray","floor":7.0},{"not_picked":["thefirefly:AccountUncertainty","thefirefly:IonizedBarrier"],"picked":"thefirefly:Flight","floor":8.0},{"not_picked":["thefirefly:RollBack","thefirefly:NebulaVeil"],"picked":"thefirefly:FlakCannon","floor":14.0},{"not_picked":["thefirefly:Cosmogenesis","thefirefly:AlphaStrike"],"picked":"thefirefly:MindControl","floor":16.0},{"not_picked":["thefirefly:ReverseEngine","thefirefly:Prominence"],"picked":"thefirefly:ArtillleryBeam","floor":18},{"not_picked":["thefirefly:Prominence+1","thefirefly:Flight"],"picked":"thefirefly:PotentAmmunition","floor":19},{"not_picked":["thefirefly:NebulaVeil","thefirefly:Flight+1"],"picked":"thefirefly:ChargedLaser","floor":22},{"not_picked":["thefirefly:Distort+1","thefirefly:Prominence"],"picked":"thefirefly:ChargedLaser+1","floor":24}],"player_experience":219131,"relics_obtained":[{"floor":6.0,"key":"ReplayTheSpireMod:Lightbulb"},{"floor":9.0,"key":"Gremlin Food"},{"floor":11.0,"key":"Smiling Mask"}],"event_choices":[{"damage_healed":0.0,"max_hp_gain":0.0,"max_hp_loss":0.0,"gold_gain":0.0,"event_name":"Living Wall","player_choice":"Grow","floor":2.0,"gold_loss":0.0,"damage_taken":0.0,"cards_upgraded":["thefirefly:Bombardment"]},{"damage_healed":0.0,"max_hp_gain":0.0,"max_hp_loss":0.0,"gold_gain":75.0,"event_name":"World of Goop","player_choice":"Gather Gold","floor":3.0,"gold_loss":0.0,"damage_taken":11.0},{"damage_healed":0,"gold_gain":0,"player_choice":"Joined the Cult","damage_taken":6,"max_hp_gain":0,"max_hp_loss":0,"event_name":"Nest","floor":27,"gold_loss":0,"cards_obtained":["RitualDagger"]}],"is_beta":false,"boss_relics":[{"not_picked":["infinitespire:Cupcake","Empty Cage"],"picked":"Velvet Choker"}],"items_purged_floors":[],"is_endless":false,"potions_floor_spawned":[7,8,14,16,22],"ascension_level":0}}