{"host":"6d7y2d7a0xmat6il","time":1609196455,"event":{"mods":["AchievementEnabler","Aspiration","BaseMod","Better Note","Colored Map","Colored Powertips","Conspire","Highlight Path","Hubris","Infinite Spire","Marisa????????","Minty Spire (QoL Compilation)","Permanent Neow","Replay The Spire","Shop Mod","StSLib","The Wild Card","vexMod"],"gold_per_floor":[110,122,122,122,122,122,135,154,208,238,238,258,258,66,66,168,168,183,183,183,194,207,207,221,251,251,264,274,8,8,38,38,134,134,148,148,159,170,170,199,199,199,199,199,199,210,223,242,242,342,342],"floor_reached":50,"playtime":3248,"items_purged":["Injury"],"score":664,"play_id":"c7606630-9ab7-405d-bad1-c098c12c0acd","local_time":"20201228150055","is_ascension_mode":false,"campfire_choices":[{"data":"Eruption","floor":6.0,"key":"SMITH"},{"data":"Wallop","floor":11.0,"key":"SMITH"},{"data":"Strike_P","floor":15.0,"key":"SMITH"},{"data":"Replay:LoomingThreat","floor":23.0,"key":"SMITH"},{"data":"Strike_P","floor":30,"key":"SMITH"},{"data":"Strike_P","floor":32,"key":"SMITH"},{"floor":41,"key":"REST"},{"floor":45,"key":"REST"},{"data":"EmptyMind+1","floor":49,"key":"PURGE"}],"circlet_count":0,"master_deck":["Strike_P","Strike_P","Strike_P","Defend_P","Defend_P","Eruption+1","Vigilance","ClearTheMind","Evaluate","theWildCard:Odin+1","Prostrate+1","Wallop+1","ReplayTheSpireMod:From All Sides","ReplayTheSpireMod:Tripwire+1","BowlingBash+1","Replay:LoomingThreat+1","AbeCurse","FlyingSleeves","Swivel+1","CutThroughFate","SashWhip+1","FearNoEvil","Tantrum","Consecrate","Replay:ManipulateFuture+1","Crescendo+1","LessonLearned","WindmillStrike+1","JustLucky+1","EmptyBody+1","Writhe","Protect+1","Wallop","CarveReality"],"relics":["PureWater","aspiration:Nostalgia","Sizzling Blood","Toxic Egg 2","hubris:OldNail","aspiration:HiddenCompartment","Simple Rune","Abe\u0027s Treasure","StoneCalendar","ReplayTheSpireMod:Lightbulb","Damaru","hubris:Metronome","hubris:HollowSoul","Incense Burner","hubris:Icosahedron","Shuriken"],"acts_visited":["Exordium","TheCity","TheBeyond"],"potions_floor_usage":[28,38,38,38,38,38,50,50,50],"damage_taken":[{"damage":14.0,"enemies":"2 Louse","floor":1.0,"turns":2.0},{"damage":0.0,"enemies":"Jaw Worm","floor":2.0,"turns":4.0},{"damage":0.0,"enemies":"Small Slimes","floor":7.0,"turns":5.0},{"damage":10.0,"enemies":"Red Slaver","floor":8.0,"turns":7.0},{"damage":28.0,"enemies":"Gremlin Nob","floor":10.0,"turns":4.0},{"damage":0.0,"enemies":"3 Louse","floor":12.0,"turns":3.0},{"damage":7.0,"enemies":"Fading Forest","floor":16.0,"turns":11.0},{"damage":0.0,"enemies":"3 Byrds","floor":18.0,"turns":3.0},{"damage":6.0,"enemies":"Spheric Guardian","floor":21.0,"turns":4.0},{"damage":0.0,"enemies":"Centurion and Healer","floor":22.0,"turns":4.0},{"damage":0.0,"enemies":"Snecko","floor":24.0,"turns":4.0},{"damage":0.0,"enemies":"Book of Stabbing","floor":25.0,"turns":5.0},{"damage":0.0,"enemies":"Snake Plant","floor":27.0,"turns":4.0},{"damage":0,"enemies":"3 Cultists","floor":28,"turns":4},{"damage":14,"enemies":"Nightmare","floor":31,"turns":5},{"damage":0,"enemies":"Automaton","floor":33,"turns":5},{"damage":12,"enemies":"3 Shapes","floor":35,"turns":4},{"damage":33,"enemies":"3 Darklings","floor":37,"turns":3},{"damage":0,"enemies":"Jaw Worm Horde","floor":38,"turns":3},{"damage":58,"enemies":"Nightmare","floor":40,"turns":7},{"damage":42,"enemies":"4 Shapes","floor":46,"turns":5},{"damage":0,"enemies":"Transient","floor":47,"turns":5},{"damage":11,"enemies":"Maw","floor":48,"turns":6},{"damage":18,"enemies":"Replay:Hell Engine","floor":50,"turns":6}],"seed_played":"-1639928994431364101","potions_obtained":[{"floor":1.0,"key":"Dexterity Potion"},{"floor":10.0,"key":"LiquidBronze"},{"floor":16.0,"key":"Strength Potion"},{"floor":24.0,"key":"EntropicBrew"},{"floor":33,"key":"Venom Potion"},{"floor":37,"key":"LiquidBronze"},{"floor":38,"key":"SpeedPotion"},{"floor":46,"key":"Weak Potion"},{"floor":48,"key":"Explosive Potion"}],"is_trial":false,"path_per_floor":["M","M","?","?","?","R","M","M","T","E","R","M","?","$","R","B",null,"M","?","?","M","M","R","M","E","T","M","M","$","R","NM","R","B",null,"M","?","M","M","?","NM","R","?","T","?","R","M","M","M","R_BF","B"],"character_chosen":"WATCHER","items_purchased":["BowlingBash+1","Simple Rune","Replay:ManipulateFuture+1","Damaru"],"campfire_rested":2,"item_purchase_floors":[14,14,29,29],"current_hp_per_floor":[66,70,70,70,70,70,74,68,68,44,44,48,48,48,48,65,76,76,76,86,84,86,86,86,86,86,86,86,86,86,76,76,80,86,78,78,49,53,75,21,46,46,46,46,71,33,37,30,30,0,0],"gold":342,"neow_bonus":"NOSTALGIA","is_daily":false,"chose_seed":false,"campfire_upgraded":6,"win_rate":0.0,"timestamp":1609196455,"path_taken":["M","M","?","?","?","R","M","M","T","E","R","?","?","?","R","BOSS","M","?","?","M","M","R","?","E","T","M","?","$","R","NM","R","BOSS","M","?","M","?","?","NM","R","?","T","?","R","M","M","?","R_BF","BOSS"],"items_purchased_type":["Card","Relic","Card","Relic"],"build_version":"2020-12-22","purchased_purges":1,"victory":false,"max_hp_per_floor":[76,76,76,76,76,76,76,76,76,76,76,76,76,76,76,76,76,76,76,86,86,86,86,86,86,86,86,86,86,86,86,86,86,86,86,86,86,86,86,86,86,86,86,86,86,86,86,86,86,86,86],"card_choices":[{"not_picked":["Protect","ThirdEye"],"picked":"ClearTheMind","floor":1.0},{"not_picked":["PathToVictory","TalkToTheHand"],"picked":"Evaluate","floor":2.0},{"not_picked":["CutThroughFate","FollowUp"],"picked":"Prostrate+1","floor":7.0},{"not_picked":["Conclude","FlurryOfBlows"],"picked":"EmptyMind+1","floor":8.0},{"not_picked":["Evaluate+1","Meditate+1"],"picked":"Wallop","floor":10.0},{"not_picked":["SignatureMove","Establishment","Replay:Cycle+1"],"picked":"SKIP","floor":12.0},{"not_picked":["Establishment","Ragnarok"],"picked":"Replay:LoomingThreat","floor":16.0},{"not_picked":["JustLucky","Replay:ManipulateFuture+1"],"picked":"FlyingSleeves","floor":18.0},{"not_picked":["EmptyFist","JustLucky"],"picked":"Swivel+1","floor":21.0},{"not_picked":["FollowUp+1","Meditate+1"],"picked":"CutThroughFate","floor":22.0},{"not_picked":["Wallop","CrushJoints"],"picked":"SashWhip","floor":24.0},{"not_picked":["Indignation+1","Replay:BluntJabs"],"picked":"FearNoEvil","floor":25.0},{"not_picked":["CrushJoints","FlyingSleeves"],"picked":"Tantrum","floor":27},{"not_picked":["CrushJoints+1","CutThroughFate"],"picked":"Consecrate","floor":28},{"not_picked":["Sanctity+1","FlyingSleeves"],"picked":"Crescendo+1","floor":31},{"not_picked":["Wish+1","MasterReality"],"picked":"LessonLearned","floor":33},{"not_picked":["EmptyBody+1","MentalFortress+1"],"picked":"WindmillStrike+1","floor":35},{"not_picked":["WindmillStrike+1","CutThroughFate"],"picked":"JustLucky+1","floor":37},{"not_picked":["Consecrate","JustLucky"],"picked":"EmptyBody+1","floor":38},{"not_picked":["Consecrate","Prostrate+1"],"picked":"Protect+1","floor":40},{"not_picked":["Evaluate+1","TalkToTheHand+1"],"picked":"CarveReality","floor":46},{"not_picked":["Halt+1","CrushJoints","PathToVictory+1"],"picked":"SKIP","floor":47},{"not_picked":["CrushJoints+1","Meditate+1","EmptyFist"],"picked":"SKIP","floor":48}],"player_experience":157631,"relics_obtained":[{"floor":9.0,"key":"hubris:OldNail"},{"floor":10.0,"key":"aspiration:HiddenCompartment"},{"floor":25.0,"key":"StoneCalendar"},{"floor":26.0,"key":"ReplayTheSpireMod:Lightbulb"},{"floor":31,"key":"hubris:Metronome"},{"floor":40,"key":"Incense Burner"},{"floor":43,"key":"Shuriken"}],"event_choices":[{"damage_healed":0.0,"max_hp_gain":0.0,"max_hp_loss":0.0,"gold_gain":0.0,"event_name":"betterNote:BetterNote","player_choice":"Ignored","floor":5.0,"gold_loss":0.0,"damage_taken":0.0,"cards_obtained":["Ghostly"]},{"damage_healed":0.0,"max_hp_gain":0.0,"max_hp_loss":0.0,"gold_gain":0.0,"event_name":"Back to Basics","player_choice":"Simplicity","floor":19.0,"gold_loss":0.0,"damage_taken":0.0,"cards_upgraded":["Strike_P","Strike_P","Strike_P","Defend_P","Defend_P"]},{"cards_removed":["Malaise"],"damage_healed":0.0,"max_hp_gain":10.0,"max_hp_loss":0.0,"gold_gain":0.0,"event_name":"Bonfire Elementals","player_choice":"Offered Rare","floor":20.0,"gold_loss":0.0,"damage_taken":0.0},{"damage_healed":0,"gold_gain":0,"player_choice":"Upgraded","damage_taken":0,"max_hp_gain":0,"max_hp_loss":0,"event_name":"Upgrade Shrine","floor":36,"gold_loss":0,"cards_upgraded":["Strike_P"]},{"damage_healed":22,"gold_gain":0,"player_choice":"Writhe","damage_taken":0,"max_hp_gain":0,"max_hp_loss":0,"event_name":"Winding Halls","floor":39,"gold_loss":0,"cards_obtained":["Writhe"]},{"damage_healed":0,"gold_gain":0,"player_choice":"1 cards matched","damage_taken":0,"max_hp_gain":0,"max_hp_loss":0,"event_name":"Match and Keep!","floor":44,"gold_loss":0,"cards_obtained":["Wallop"]}],"is_beta":false,"boss_relics":[{"not_picked":["Astrolabe","hubris:Stopwatch"],"picked":"Abe\u0027s Treasure"},{"not_picked":["Kintsugi","aspiration:RunicSpoon"],"picked":"hubris:HollowSoul"}],"items_purged_floors":[29],"is_endless":true,"potions_floor_spawned":[1,10,16,24,33,37,38,46,48],"killed_by":"Replay:Hell Engine","ascension_level":0}}