{"host":"hjkuipvvowcpo8la","time":1609171913,"event":{"mods":["AchievementEnabler","BaseMod","Block Reminder","CapriCore","Colored Map","Colored Powertips","Highlight Path","Minty Spire (QoL Compilation)","Permanent Neow","Quick Restart","Rare Cards Sparkle","StSLib"],"gold_per_floor":[119,44,44,44,58,84,16,16,43,43,8,8,8,36,36,132,132,146,146,146,146,159,189,189,216,243,158,158,186,186,186,186,290,290,309,309,335,34,53,53,86,86,113,142,142,0,12,25,25,25,25,25,25,58,58],"floor_reached":56,"playtime":2253,"items_purged":["Strike_B","Pain"],"score":1540,"play_id":"af226b46-7bc4-497b-8420-43a2283de37a","local_time":"20201228171153","is_ascension_mode":true,"campfire_choices":[{"floor":8.0,"key":"REST"},{"data":"1","floor":15.0,"key":"LIFT"},{"data":"Electrodynamics","floor":24,"key":"SMITH"},{"data":"Static Discharge","floor":30,"key":"SMITH"},{"data":"2","floor":32,"key":"LIFT"},{"data":"BootSequence","floor":40,"key":"SMITH"},{"data":"3","floor":42,"key":"LIFT"},{"floor":45,"key":"RECALL"},{"data":"Seek","floor":49,"key":"SMITH"},{"data":"Chill","floor":52,"key":"SMITH"}],"circlet_count":0,"master_deck":["Zap","Dualcast+1","Leap","Ball Lightning+1","Leap","Chill+1","Static Discharge+1","Sweeping Beam+1","Electrodynamics+1","Capacitor+1","Necronomicurse","Barrage+1","Hologram","Skim","Conserve Battery","Biased Cognition+1","Core Surge","Streamline","BootSequence+1","Capacitor+1","Creative AI+1","Seek+1","Defragment+1","Coolheaded+1","Defragment+1","Coolheaded+1"],"relics":["Sozu","WarpedTongs","War Paint","Bag of Preparation","Juzu Bracelet","Turnip","Girya","Calling Bell","PreservedInsect","Frozen Egg 2","Gambling Chip","Necronomicon","Nunchaku","Mummified Hand","Whetstone","StrikeDummy","Akabeko","Question Card","Pandora\u0027s Box","Medical Kit","Centennial Puzzle","Omamori","Bag of Marbles","Torii","ClockworkSouvenir","Toy Ornithopter"],"acts_visited":["Exordium","TheCity","TheBeyond","TheEnding"],"potions_floor_usage":[],"damage_taken":[{"damage":1.0,"enemies":"Jaw Worm","floor":1.0,"turns":3.0},{"damage":4.0,"enemies":"Cultist","floor":5.0,"turns":4.0},{"damage":46.0,"enemies":"Gremlin Nob","floor":6.0,"turns":5.0},{"damage":0.0,"enemies":"3 Sentries","floor":14.0,"turns":8.0},{"damage":23,"enemies":"Hexaghost","floor":16,"turns":10},{"damage":0,"enemies":"Chosen","floor":18,"turns":4},{"damage":10,"enemies":"2 Thieves","floor":22,"turns":3},{"damage":0,"enemies":"Gremlin Leader","floor":23,"turns":4},{"damage":13,"enemies":"Book of Stabbing","floor":25,"turns":4},{"damage":0,"enemies":"Gremlin Leader","floor":29,"turns":4},{"damage":0,"enemies":"Collector","floor":33,"turns":7},{"damage":0,"enemies":"3 Shapes","floor":35,"turns":3},{"damage":0,"enemies":"3 Darklings","floor":39,"turns":4},{"damage":1,"enemies":"Nemesis","floor":41,"turns":3},{"damage":5,"enemies":"Reptomancer","floor":44,"turns":2},{"damage":21,"enemies":"Maw","floor":47,"turns":4},{"damage":1,"enemies":"Spire Growth","floor":48,"turns":3},{"damage":8,"enemies":"Donu and Deca","floor":50,"turns":5},{"damage":0,"enemies":"Shield and Spear","floor":54,"turns":5},{"damage":61,"enemies":"The Heart","floor":55,"turns":10}],"seed_played":"-329046810879020152","potions_obtained":[],"is_trial":false,"path_per_floor":["M","$","?","?","M","E","$","R","T","?","?","?","?","E","R","B",null,"M","?","?","?","M","E","R","E","T","?","?","E","R","T","R","B",null,"M","?","T","$","M","R","E","R","T","E","R","$","M","M","R","B",null,"R","$","E","B",null],"character_chosen":"DEFECT","items_purchased":["Bag of Preparation","Chill","Static Discharge","Medical Kit","Centennial Puzzle","ClockworkSouvenir"],"campfire_rested":1,"item_purchase_floors":[7,7,7,38,38,46],"current_hp_per_floor":[74,74,79,79,75,29,29,53,53,53,73,66,59,59,59,36,80,80,80,64,64,54,54,54,41,41,41,41,41,41,41,41,41,80,80,80,80,80,80,80,79,79,79,74,74,74,53,52,52,44,80,80,80,80,19],"gold":58,"neow_bonus":"BOSS_RELIC","is_daily":false,"chose_seed":false,"campfire_upgraded":5,"win_rate":0.0,"timestamp":1609171913,"path_taken":["M","$","?","?","?","E","$","R","T","?","?","?","?","E","R","BOSS","M","?","?","?","M","E","R","E","T","?","?","E","R","?","R","BOSS","M","?","?","$","M","R","E","R","T","E","R","$","M","M","R","BOSS","R","$","E","BOSS"],"items_purchased_type":["Relic","Card","Card","Relic","Relic","Relic"],"build_version":"2020-12-22","purchased_purges":2,"victory":true,"max_hp_per_floor":[75,75,80,80,80,80,80,80,80,80,80,80,80,80,80,80,80,80,80,80,80,80,80,80,80,80,80,80,80,80,80,80,80,80,80,80,80,80,80,80,80,80,80,80,80,80,80,80,80,80,80,80,80,80,80],"card_choices":[{"not_picked":["Stack","Rip and Tear"],"picked":"Leap","floor":1.0},{"not_picked":["Darkness","Heatsinks"],"picked":"Ball Lightning","floor":5.0},{"not_picked":["Fusion","Streamline"],"picked":"Leap","floor":6.0},{"not_picked":["Leap","Beam Cell"],"picked":"Sweeping Beam","floor":14.0},{"not_picked":["Seek","Echo Form"],"picked":"Electrodynamics","floor":16},{"not_picked":["Cold Snap","Self Repair+1"],"picked":"Capacitor+1","floor":18},{"not_picked":["Go for the Eyes","Leap"],"picked":"Barrage+1","floor":22},{"not_picked":["Reprogram","Streamline"],"picked":"Hologram","floor":23},{"not_picked":["Beam Cell","Barrage+1","Redo"],"picked":"SKIP","floor":25},{"not_picked":["Leap","Cold Snap"],"picked":"Biased Cognition+1","floor":29},{"not_picked":["Machine Learning+1","Buffer+1","Meteor Strike"],"picked":"Core Surge","floor":33},{"not_picked":["Turbo+1","Compile Driver","Hello World+1","Barrage"],"picked":"SKIP","floor":35},{"not_picked":["Conserve Battery+1","Gash","Stack+1"],"picked":"Seek","floor":39},{"not_picked":["Reinforced Body+1","Steam","Go for the Eyes+1"],"picked":"Defragment+1","floor":41},{"not_picked":["Storm+1","Tempest","Static Discharge+1"],"picked":"Coolheaded+1","floor":44},{"not_picked":["White Noise+1","Chaos","Coolheaded"],"picked":"Defragment+1","floor":47},{"not_picked":["Storm+1","Streamline","Leap"],"picked":"Coolheaded+1","floor":48},{"not_picked":["Barrage","Sweeping Beam","Leap+1","Storm+1"],"picked":"SKIP","floor":54}],"player_experience":255992,"relics_obtained":[{"floor":6.0,"key":"War Paint"},{"floor":9.0,"key":"Juzu Bracelet"},{"floor":14.0,"key":"Girya"},{"floor":17,"key":"PreservedInsect"},{"floor":17,"key":"Frozen Egg 2"},{"floor":17,"key":"Gambling Chip"},{"floor":20,"key":"Necronomicon"},{"floor":23,"key":"Nunchaku"},{"floor":25,"key":"Mummified Hand"},{"floor":26,"key":"Whetstone"},{"floor":29,"key":"Akabeko"},{"floor":31,"key":"Question Card"},{"floor":41,"key":"Omamori"},{"floor":43,"key":"Bag of Marbles"},{"floor":44,"key":"Torii"},{"floor":54,"key":"Toy Ornithopter"}],"event_choices":[{"damage_healed":0.0,"max_hp_gain":5.0,"max_hp_loss":0.0,"gold_gain":0.0,"event_name":"Big Fish","player_choice":"Donut","floor":3.0,"gold_loss":0.0,"damage_taken":0.0},{"damage_healed":0.0,"max_hp_gain":0.0,"max_hp_loss":0.0,"gold_gain":0.0,"event_name":"Accursed Blacksmith","player_choice":"Rummage","floor":4.0,"gold_loss":0.0,"damage_taken":0.0,"relics_obtained":["WarpedTongs"],"cards_obtained":["Pain"]},{"damage_healed":0.0,"max_hp_gain":0.0,"max_hp_loss":0.0,"gold_gain":0.0,"event_name":"Lab","player_choice":"Got Potions","floor":10.0,"gold_loss":0.0,"damage_taken":0.0},{"damage_healed":20.0,"max_hp_gain":0.0,"max_hp_loss":0.0,"gold_gain":0.0,"event_name":"The Cleric","player_choice":"Healed","floor":11.0,"gold_loss":35.0,"damage_taken":0.0},{"damage_healed":0.0,"max_hp_gain":0.0,"max_hp_loss":0.0,"gold_gain":0.0,"event_name":"Scrap Ooze","player_choice":"Success","floor":12.0,"gold_loss":0.0,"damage_taken":7.0,"relics_obtained":["Turnip"]},{"cards_removed":["Strike_B"],"damage_healed":0.0,"max_hp_gain":0.0,"max_hp_loss":0.0,"gold_gain":0.0,"event_name":"Golden Wing","player_choice":"Card Removal","floor":13.0,"gold_loss":0.0,"damage_taken":7.0},{"damage_healed":0,"gold_gain":0,"player_choice":"Bought 0 Potions","damage_taken":0,"max_hp_gain":0,"max_hp_loss":0,"event_name":"The Woman in Blue","floor":19,"gold_loss":0},{"damage_healed":0,"gold_gain":0,"player_choice":"Obtained Book","damage_taken":16,"max_hp_gain":0,"max_hp_loss":0,"event_name":"Cursed Tome","floor":20,"gold_loss":0},{"damage_healed":0,"gold_gain":0,"player_choice":"Simplicity","damage_taken":0,"max_hp_gain":0,"max_hp_loss":0,"event_name":"Back to Basics","floor":21,"gold_loss":0,"cards_upgraded":["Strike_B","Strike_B","Defend_B","Defend_B","Defend_B"]},{"damage_healed":0,"gold_gain":0,"player_choice":"Obtained Relic","damage_taken":0,"relics_obtained":["StrikeDummy"],"max_hp_gain":0,"max_hp_loss":0,"event_name":"Addict","floor":27,"gold_loss":85},{"damage_healed":0,"gold_gain":0,"cards_transformed":["Strike_B","Strike_B"],"player_choice":"Became Test Subject","damage_taken":0,"max_hp_gain":0,"max_hp_loss":0,"event_name":"Drug Dealer","floor":28,"gold_loss":0,"cards_obtained":["Skim","Conserve Battery"]},{"damage_healed":0,"gold_gain":0,"player_choice":"Ignored","damage_taken":0,"max_hp_gain":0,"max_hp_loss":0,"event_name":"Tomb of Lord Red Mask","floor":36,"gold_loss":0}],"is_beta":false,"boss_relics":[{"not_picked":["Cursed Key","Tiny House"],"picked":"Calling Bell"},{"not_picked":["Inserter","Busted Crown"],"picked":"Pandora\u0027s Box"}],"items_purged_floors":[2,7],"is_endless":false,"potions_floor_spawned":[5,16,23,25,29,33,35,39,47,54],"ascension_level":1}}