{"host":"grli52lbdph2722t","time":1609160613,"event":{"mods":["AchievementEnabler","BaseMod","Downfall","Minty Spire (QoL Compilation)","Quick Restart","StSLib"],"gold_per_floor":[0,25,53,80,149,149,149,149,433,462,490,490,415,449,478,478,478,478],"floor_reached":16,"playtime":629,"items_purged":[],"score":148,"play_id":"5eb37afe-a132-478d-9732-6b04b7e5aa47","local_time":"20201228140333","is_ascension_mode":true,"campfire_choices":[{"floor":1,"key":"DIG"},{"floor":6,"key":"DIG"},{"floor":8,"key":"DIG"},{"floor":13,"key":"DIG"}],"circlet_count":0,"master_deck":["champ:Strike","champ:Strike","champ:Strike","champ:Strike","champ:Defend","champ:Defend","champ:Defend","champ:Defend","champ:Execute","champ:Taunt","champ:Haymaker","champ:BringItOn","champ:StrikeOfGenius","champ:Lariat","Regret","champ:AdrenalArmor","champ:FocusedBerserking","champ:ShieldThrow","champ:ArenaPreparation"],"relics":["champ:ChampionCrown","Shovel","CeramicFish","Bag of Preparation","Pen Nib","Ornamental Fan","Mummified Hand","downfall:HeartBlessingBlue","Bird Faced Urn","Unceasing Top"],"acts_visited":["Exordium"],"potions_floor_usage":[11,14],"damage_taken":[{"damage":11,"enemies":"Cultist","floor":2,"turns":5},{"damage":5,"enemies":"Small Slimes","floor":3,"turns":3},{"damage":0,"enemies":"2 Louse","floor":4,"turns":2},{"damage":33,"enemies":"Lagavulin Event","floor":5,"turns":6},{"damage":12,"enemies":"Red Slaver","floor":10,"turns":5},{"damage":27,"enemies":"Exordium Thugs","floor":11,"turns":4},{"damage":48,"enemies":"3 Sentries","floor":14,"turns":8},{"damage":27,"enemies":"3 Louse","floor":15,"turns":5},{"damage":27,"enemies":"downfall:Silent","floor":16,"turns":2}],"seed_played":"6235465657492149405","potions_obtained":[{"floor":4,"key":"Regen Potion"},{"floor":5,"key":"sneckomod:MuddlingPotion"},{"floor":15,"key":"Swift Potion"}],"is_trial":false,"path_per_floor":["R","M","M","M","?","R","T","R","?","M","M","T","R","E","M","B"],"character_chosen":"THE_CHAMP","items_purchased":[],"campfire_rested":0,"item_purchase_floors":[],"current_hp_per_floor":[81,75,75,75,60,60,60,60,60,48,23,23,33,29,20,0,0,0],"gold":478,"neow_bonus":"ONE_RARE_RELIC","is_daily":false,"chose_seed":false,"campfire_upgraded":0,"win_rate":0.0,"timestamp":1609160613,"path_taken":["R","M","M","?","?","R","T","R","?","?","M","?","R","E","M","BOSS"],"items_purchased_type":[],"build_version":"2020-12-22","purchased_purges":0,"victory":false,"max_hp_per_floor":[90,90,90,90,90,90,90,90,90,90,90,90,100,100,100,100,100,100],"card_choices":[{"not_picked":["champ:GutPunch","champ:EnGarde"],"picked":"champ:Haymaker","floor":2},{"not_picked":["champ:GutPunch","champ:ShieldWall"],"picked":"champ:BringItOn","floor":3},{"not_picked":["champ:Shatter","champ:Circumvent"],"picked":"champ:StrikeOfGenius","floor":4},{"not_picked":["champ:Circumvent","champ:Haymaker"],"picked":"champ:Lariat","floor":5},{"not_picked":["champ:CrookedStrike","champ:FanOfKnives"],"picked":"champ:AdrenalArmor","floor":10},{"not_picked":["champ:ShieldSigil","champ:AdrenalArmor"],"picked":"champ:FocusedBerserking","floor":11},{"not_picked":["champ:RageSigil","champ:BerserkerStyle"],"picked":"champ:ShieldThrow","floor":14},{"not_picked":["champ:BerserkersShout","champ:FocusedDefense"],"picked":"champ:ArenaPreparation","floor":15}],"player_experience":4881096,"relics_obtained":[{"floor":1,"key":"CeramicFish"},{"floor":5,"key":"Bag of Preparation"},{"floor":6,"key":"Pen Nib"},{"floor":7,"key":"Ornamental Fan"},{"floor":8,"key":"Mummified Hand"},{"floor":13,"key":"Bird Faced Urn"},{"floor":14,"key":"Unceasing Top"}],"event_choices":[],"is_beta":false,"boss_relics":[],"items_purged_floors":[],"is_endless":false,"potions_floor_spawned":[4,5,15],"killed_by":"downfall:Silent","ascension_level":9}}