{"host":"newqdrzxfhh2im9e","time":1609127684,"event":{"mods":["AchievementEnabler","BaseMod","BetterRewards","Block Reminder","Colored Map","Jorbs\u0027s Wanderer Trilogy","Minty Spire (QoL Compilation)","Rare Cards Sparkle","Shop Mod","StSLib"],"gold_per_floor":[117,132,25,125,43,43,54,54,54,65,94,94,94,94],"floor_reached":13,"playtime":257,"items_purged":[],"score":100,"play_id":"5a398788-a6a8-4423-91ee-a12218f6e7c1","local_time":"20201227195444","is_ascension_mode":true,"campfire_choices":[{"data":"Machine Learning","floor":6,"key":"SMITH"},{"data":"Storm","floor":8,"key":"SMITH"}],"circlet_count":0,"master_deck":["Strike_B","Strike_B","Strike_B","Strike_B","Defend_B","Defend_B","Defend_B","Defend_B","Zap","Dualcast","Storm+1","Reprogram","Loop","Doom and Gloom","Machine Learning+1","Skim","Scrape"],"relics":["Cracked Core","NeowsBlessing","Sundial","Letter Opener","Potion Belt"],"acts_visited":["Exordium"],"potions_floor_usage":[11,13,13],"damage_taken":[{"damage":0,"enemies":"2 Louse","floor":1,"turns":1},{"damage":0,"enemies":"Cultist","floor":2,"turns":1},{"damage":0,"enemies":"Jaw Worm","floor":7,"turns":1},{"damage":22,"enemies":"Looter","floor":10,"turns":3},{"damage":32,"enemies":"3 Sentries","floor":11,"turns":5},{"damage":20,"enemies":"Lagavulin","floor":13,"turns":3}],"seed_played":"6870683024843120691","potions_obtained":[{"floor":1,"key":"EssenceOfSteel"},{"floor":10,"key":"FearPotion"},{"floor":11,"key":"Fire Potion"}],"is_trial":false,"path_per_floor":["M","M","$","?","$","R","M","R","T","M","E","?","E"],"character_chosen":"DEFECT","items_purchased":["Loop","Doom and Gloom","Machine Learning"],"campfire_rested":0,"item_purchase_floors":[3,3,5],"current_hp_per_floor":[75,75,75,75,75,75,75,75,75,53,21,9,0,0],"gold":94,"neow_bonus":"THREE_ENEMY_KILL","is_daily":false,"chose_seed":false,"campfire_upgraded":2,"win_rate":0.0,"timestamp":1609127684,"path_taken":["M","M","$","?","$","R","?","R","T","M","E","?","E"],"items_purchased_type":["Card","Card","Card"],"build_version":"2020-12-22","purchased_purges":0,"victory":false,"max_hp_per_floor":[75,75,75,75,75,75,75,75,75,75,75,75,75,75],"card_choices":[{"not_picked":["Beam Cell","Streamline"],"picked":"Storm","floor":1},{"not_picked":["Stack","Beam Cell"],"picked":"Reprogram","floor":2},{"not_picked":["Coolheaded","Compile Driver","Redo"],"picked":"SKIP","floor":7},{"not_picked":["Meteor Strike","Defragment"],"picked":"Skim","floor":10},{"not_picked":["Leap","Coolheaded"],"picked":"Scrape","floor":11}],"player_experience":655225,"relics_obtained":[{"floor":9,"key":"Sundial"},{"floor":11,"key":"Letter Opener"}],"event_choices":[{"damage_healed":0,"gold_gain":100,"player_choice":"Pray","damage_taken":0,"max_hp_gain":0,"max_hp_loss":0,"event_name":"Golden Shrine","floor":4,"gold_loss":0},{"damage_healed":0,"gold_gain":0,"player_choice":"Success","damage_taken":12,"relics_obtained":["Potion Belt"],"max_hp_gain":0,"max_hp_loss":0,"event_name":"Scrap Ooze","floor":12,"gold_loss":0}],"is_beta":false,"boss_relics":[],"items_purged_floors":[],"is_endless":false,"potions_floor_spawned":[1,10,11],"killed_by":"Lagavulin","ascension_level":4}}