{"host":"6qo42zgaknezulyg","time":1609164012,"event":{"mods":["2.2 Compatiblity","BaseMod","Colored Map","Downfall","Highlight Path","Keyboard Shortcuts","Minty Spire (QoL Compilation)","Permanent Neow","Quick Restart","StSLib","SuperFastMode"],"gold_per_floor":[99,112,112,129,229,239,265,265,265,300,316,349,274,48,66,137,137,137,148,98,19,29,29,29,58,58,8,8,44,44,44,64,144,144,144,168,168,35,57,57,57,57,57,57,7,25,25,25,45,45],"floor_reached":51,"playtime":2184,"items_purged":["champ:Strike","champ:Strike","Writhe","champ:Defend","champ:Defend"],"score":1380,"play_id":"482b1ddd-475a-4929-91e4-a88b63d157ea","local_time":"20201228230012","is_ascension_mode":true,"campfire_choices":[{"data":"expansioncontent:StudyTheSpire","floor":1.0,"key":"SMITH"},{"floor":8.0,"key":"REST"},{"floor":13.0,"key":"REST"},{"data":"champ:Control","floor":18.0,"key":"SMITH"},{"data":"champ:Improvising","floor":30.0,"key":"SMITH"},{"data":"champ:HoldFirm","floor":35.0,"key":"SMITH"},{"data":"expansioncontent:QuickStudy","floor":40.0,"key":"SMITH"},{"floor":42.0,"key":"RECALL"},{"data":"champ:Aggression","floor":44.0,"key":"SMITH"},{"floor":47.0,"key":"REST"}],"circlet_count":0,"master_deck":["AscendersBane","champ:Defend+1","champ:Defend","champ:Execute","champ:Taunt+1","expansioncontent:StudyTheSpire+1","champ:BerserkerStyle","champ:FaceSlap","champ:Control+1","champ:AdrenalArmor","champ:AdrenalArmor","champ:Control","champ:Improvising+1","champ:Aggression","champ:HoldFirm+1","champ:AdrenalArmor","expansioncontent:QuickStudy+1","champ:Aggression+1"],"relics":["champ:ChampionCrown","Champion Belt","Smiling Mask","War Paint","Singing Bowl","PreservedInsect","downfall:HeartBlessingGreen","hexamod:BolsterEngine","champ:PowerArmor","Membership Card","Sundial","Matryoshka","Regal Pillow","Gambling Chip","CeramicFish","Philosopher\u0027s Stone","Red Mask","downfall:RedIOUUpgrade","StrikeDummy","Toxic Egg 2"],"acts_visited":["Exordium","TheCity","TheBeyond"],"potions_floor_usage":[50],"damage_taken":[{"damage":5.0,"enemies":"Small Slimes","floor":2.0,"turns":3.0},{"damage":15.0,"enemies":"Jaw Worm","floor":4.0,"turns":5.0},{"damage":35.0,"enemies":"Jaw Worm","floor":5.0,"turns":4.0},{"damage":11.0,"enemies":"2 Louse","floor":6.0,"turns":4.0},{"damage":37.0,"enemies":"3 Sentries","floor":10.0,"turns":7.0},{"damage":17.0,"enemies":"Gremlin Gang","floor":11.0,"turns":7.0},{"damage":13.0,"enemies":"Gremlin Nob","floor":12.0,"turns":4.0},{"damage":15.0,"enemies":"downfall:FleeingMerchant","floor":14.0,"turns":4.0},{"damage":0.0,"enemies":"Large Slime","floor":15.0,"turns":3.0},{"damage":51.0,"enemies":"downfall:Watcher","floor":16.0,"turns":6.0},{"damage":44.0,"enemies":"3 Byrds","floor":19.0,"turns":6.0},{"damage":12.0,"enemies":"downfall:FleeingMerchant","floor":21.0,"turns":3.0},{"damage":4.0,"enemies":"Spheric Guardian","floor":22.0,"turns":2.0},{"damage":51.0,"enemies":"Gremlin Leader","floor":25.0,"turns":4.0},{"damage":37.0,"enemies":"Book of Stabbing","floor":29.0,"turns":4.0},{"damage":32.0,"enemies":"Shelled Parasite and Fungi","floor":32.0,"turns":2.0},{"damage":32.0,"enemies":"downfall:Defect","floor":33.0,"turns":4.0},{"damage":30.0,"enemies":"Orb Walker","floor":36.0,"turns":3.0},{"damage":32.0,"enemies":"3 Darklings","floor":39.0,"turns":6.0},{"damage":40.0,"enemies":"Spire Growth","floor":46.0,"turns":5.0},{"damage":36,"enemies":"Writhing Mass","floor":49,"turns":6},{"damage":30,"enemies":"downfall:Silent","floor":50,"turns":5}],"seed_played":"1079708151776426150","potions_obtained":[{"floor":4.0,"key":"champ:OpenerPotion"},{"floor":5.0,"key":"SteroidPotion"},{"floor":12.0,"key":"FearPotion"},{"floor":15.0,"key":"sneckomod:MuddlingPotion"},{"floor":25.0,"key":"CultistPotion"}],"is_trial":false,"path_per_floor":["R","M","?","M","?","M","T","R","?","E","M","E","R","$","M","B",null,"R","M","?","$","M","?","T","E","?","$","?","E","R","?","M","B",null,"R","M","?","$","M","R","T","R","?","R","$","M","R","$","M","B",null],"character_chosen":"THE_CHAMP","items_purchased":["hexamod:BolsterEngine","Membership Card","Sundial","champ:Control","expansioncontent:QuickStudy"],"campfire_rested":3,"item_purchase_floors":[14,21,21,21,38],"current_hp_per_floor":[52,52,79,75,51,49,49,73,73,48,39,31,56,58,60,32,76,76,62,91,90,92,92,92,64,64,64,83,74,74,74,71,71,91,91,91,91,91,91,91,91,91,91,91,91,83,99,99,101,101],"gold":45,"neow_bonus":"RANDOM_COLORLESS_2","is_daily":false,"chose_seed":false,"campfire_upgraded":6,"win_rate":0.0,"timestamp":1609164012,"path_taken":["R","M","?","M","?","M","T","R","?","E","?","E","R","$","M","BOSS","R","M","?","$","M","?","T","E","?","$","?","E","R","?","M","BOSS","R","M","?","$","M","R","T","R","?","R","?","M","R","$","M","BOSS"],"items_purchased_type":["Relic","Relic","Relic","Card","Card"],"build_version":"2020-12-22","purchased_purges":5,"victory":true,"max_hp_per_floor":[81,81,81,81,81,81,81,81,81,83,85,85,85,87,89,91,91,91,91,91,91,93,93,93,95,95,95,95,95,95,95,97,97,97,97,97,97,97,97,97,97,97,97,97,97,99,99,99,101,101],"card_choices":[{"not_picked":["Transmutation","The Bomb"],"picked":"expansioncontent:StudyTheSpire","floor":0.0},{"not_picked":["champ:AdrenalArmor","champ:GladiatorsShout"],"picked":"champ:BerserkerStyle","floor":2.0},{"not_picked":["champ:BladeFlurry","champ:BerserkersShout","champ:GladiatorStyle"],"picked":"SKIP","floor":4.0},{"not_picked":["champ:TornadoPunch","champ:Encircle"],"picked":"champ:FaceSlap","floor":6.0},{"not_picked":["champ:GladiatorStyle","champ:BerserkerStyle","champ:FocusedGladiator"],"picked":"Singing Bowl","floor":10.0},{"not_picked":["champ:GladiatorsShout","champ:PreciseThrust","champ:Backstep"],"picked":"Singing Bowl","floor":11.0},{"not_picked":["champ:CrownThrow","champ:RapidStrikes"],"picked":"champ:Control","floor":12.0},{"not_picked":["champ:FanOfKnives","champ:GutPunch","champ:Shatter"],"picked":"Singing Bowl","floor":14.0},{"not_picked":["champ:DefensiveShout","champ:FaceSlap","champ:DefensiveStyle"],"picked":"Singing Bowl","floor":15.0},{"not_picked":["champ:DancingMaster","champ:LastStand","champ:HeavySlash"],"picked":"Singing Bowl","floor":16.0},{"not_picked":["champ:DefensiveShout","champ:BringItOn+1"],"picked":"champ:AdrenalArmor","floor":19.0},{"not_picked":["champ:HeartStrike","champ:Lariat"],"picked":"champ:AdrenalArmor","floor":21.0},{"not_picked":["champ:GutPunch","champ:FlashCut","champ:BerserkersShout"],"picked":"Singing Bowl","floor":22.0},{"not_picked":["champ:PerfectedStrike","champ:EnGarde","champ:StanceDance+1"],"picked":"Singing Bowl","floor":25.0},{"not_picked":["champ:Balance","champ:StanceDance"],"picked":"champ:RecklessLeap+1","floor":29.0},{"not_picked":["champ:RisingSlash","champ:CrookedStrike","champ:TornadoPunch"],"picked":"Singing Bowl","floor":32.0},{"not_picked":["champ:EnchantCrown","champ:CheapShot"],"picked":"champ:HoldFirm","floor":33.0},{"not_picked":["champ:FlashCut","champ:DefensiveShout"],"picked":"champ:AdrenalArmor","floor":36.0},{"not_picked":["champ:Control","champ:AdrenalArmor"],"picked":"champ:Aggression","floor":39.0},{"not_picked":["champ:BladeFlurry","champ:BringItOn+1","champ:PreciseThrust"],"picked":"Singing Bowl","floor":46.0},{"not_picked":["champ:ShieldSigil+1","champ:AdrenalArmor+1","champ:StanceDance+1"],"picked":"Singing Bowl","floor":49}],"player_experience":1077383,"relics_obtained":[{"floor":5.0,"key":"Champion Belt"},{"floor":7.0,"key":"Smiling Mask"},{"floor":9.0,"key":"War Paint"},{"floor":10.0,"key":"Singing Bowl"},{"floor":12.0,"key":"PreservedInsect"},{"floor":24.0,"key":"Dream Catcher"},{"floor":24.0,"key":"Regal Pillow"},{"floor":25.0,"key":"Gambling Chip"},{"floor":29.0,"key":"CeramicFish"},{"floor":41.0,"key":"StrikeDummy"},{"floor":41.0,"key":"Toxic Egg 2"}],"event_choices":[{"damage_healed":27.0,"max_hp_gain":0.0,"max_hp_loss":0.0,"gold_gain":0.0,"event_name":"Big Fish","player_choice":"Banana","floor":3.0,"gold_loss":0.0,"damage_taken":0.0},{"damage_healed":0.0,"max_hp_gain":0.0,"max_hp_loss":0.0,"gold_gain":0.0,"event_name":"Wheel of Change","player_choice":"Relic","floor":9.0,"gold_loss":0.0,"damage_taken":0.0},{"damage_healed":0.0,"max_hp_gain":0.0,"max_hp_loss":0.0,"gold_gain":0.0,"cards_transformed":["champ:Strike","champ:Strike"],"event_name":"Drug Dealer","player_choice":"Became Test Subject","floor":26.0,"gold_loss":0.0,"damage_taken":0.0,"cards_obtained":["champ:Improvising","champ:Aggression"]},{"damage_healed":19.0,"max_hp_gain":0.0,"max_hp_loss":0.0,"gold_gain":0.0,"event_name":"The Library","player_choice":"Heal","floor":28.0,"gold_loss":0.0,"damage_taken":0.0}],"is_beta":false,"boss_relics":[{"not_picked":["Coffee Dripper","Astrolabe"],"picked":"champ:PowerArmor"},{"not_picked":["Fusion Hammer","Calling Bell"],"picked":"Philosopher\u0027s Stone"}],"items_purged_floors":[14,21,27,38,45],"is_endless":false,"potions_floor_spawned":[4,5,12,15,22,25,29,32,36,46],"ascension_level":16}}