{"host":"BK","time":1609190937,"event":{"mods":["BaseMod","Highlight Path","Minty Spire (QoL Compilation)","StSLib"],"gold_per_floor":[118,193,210,220,220,220,250,250,273,301,301,315,169,185,185,259,259,259,179,179,1,1,1,1,1,1,1,1,1,1,1,1,1,1],"floor_reached":33,"playtime":1448,"items_purged":["Regret"],"score":522,"play_id":"c3ace7af-263c-45ce-8ffd-87f5d8dfeed6","local_time":"20201228142857","is_ascension_mode":true,"campfire_choices":[{"data":"Carnage","floor":6.0,"key":"SMITH"},{"floor":8.0,"key":"REST"},{"data":"Spot Weakness","floor":11.0,"key":"SMITH"},{"floor":15.0,"key":"REST"},{"data":"Heavy Blade","floor":23.0,"key":"SMITH"},{"floor":25.0,"key":"REST"},{"floor":32.0,"key":"REST"}],"circlet_count":0,"master_deck":["AscendersBane","Strike_R","Strike_R","Strike_R","Strike_R","Defend_R","Defend_R","Defend_R","Defend_R","Bash","Battle Trance","Rampage","Carnage+1","Spot Weakness+1","Shrug It Off","Reaper","Heavy Blade+1","Disarm","Double Tap","True Grit+1"],"relics":["Cursed Key","Nunchaku","Potion Belt","The Courier","Ectoplasm","ClockworkSouvenir"],"acts_visited":["Exordium","TheCity"],"potions_floor_usage":[33,33],"damage_taken":[{"damage":3.0,"enemies":"2 Louse","floor":1.0,"turns":3.0},{"damage":2.0,"enemies":"Jaw Worm","floor":3.0,"turns":3.0},{"damage":7.0,"enemies":"Small Slimes","floor":4.0,"turns":3.0},{"damage":10.0,"enemies":"Lagavulin","floor":7.0,"turns":4.0},{"damage":18.0,"enemies":"3 Sentries","floor":10.0,"turns":5.0},{"damage":10.0,"enemies":"Gremlin Gang","floor":12.0,"turns":3.0},{"damage":2.0,"enemies":"3 Louse","floor":14.0,"turns":3.0},{"damage":20.0,"enemies":"Slime Boss","floor":16.0,"turns":10.0},{"damage":13.0,"enemies":"3 Byrds","floor":18.0,"turns":4.0},{"damage":24.0,"enemies":"2 Thieves","floor":19.0,"turns":3.0},{"damage":35.0,"enemies":"Snecko","floor":20.0,"turns":5.0},{"damage":21.0,"enemies":"3 Cultists","floor":22.0,"turns":5.0},{"damage":16.0,"enemies":"Sentry and Sphere","floor":24.0,"turns":5.0},{"damage":17.0,"enemies":"Colosseum Slavers","floor":27.0,"turns":3.0},{"damage":26.0,"enemies":"Shelled Parasite and Fungi","floor":28.0,"turns":5.0},{"damage":0.0,"enemies":"Centurion and Healer","floor":29.0,"turns":1.0},{"damage":0.0,"enemies":"Snake Plant","floor":31.0,"turns":3.0},{"damage":40,"enemies":"Collector","floor":33,"turns":6}],"seed_played":"1564302889005735293","potions_obtained":[{"floor":4.0,"key":"SkillPotion"},{"floor":12.0,"key":"LiquidMemories"},{"floor":14.0,"key":"Strength Potion"},{"floor":28.0,"key":"SmokeBomb"},{"floor":30.0,"key":"SneckoOil"},{"floor":30.0,"key":"BlessingOfTheForge"},{"floor":31.0,"key":"LiquidBronze"}],"is_trial":false,"path_per_floor":["M","?","M","M","?","R","E","R","T","E","R","M","$","M","R","B",null,"M","M","M","$","M","R","M","R","T","?","M","M","?","M","R","B"],"character_chosen":"IRONCLAD","items_purchased":["CultistPotion","ClockworkSouvenir","Heavy Blade"],"campfire_rested":4,"item_purchase_floors":[13,21,21],"current_hp_per_floor":[65,54,52,45,38,38,28,50,50,32,32,22,22,20,42,22,62,55,51,22,22,21,21,5,27,27,22,2,2,2,2,24,0,0],"gold":1,"neow_bonus":"BOSS_RELIC","is_daily":false,"chose_seed":false,"campfire_upgraded":3,"win_rate":0.0,"timestamp":1609190937,"path_taken":["M","?","M","M","?","R","E","R","T","E","R","M","$","M","R","BOSS","M","M","M","$","M","R","M","R","T","?","M","M","?","M","R","BOSS"],"items_purchased_type":["Potion","Relic","Card"],"build_version":"2020-12-18","purchased_purges":1,"victory":false,"max_hp_per_floor":[75,75,75,75,75,75,75,75,75,75,75,75,75,75,75,75,75,75,75,75,75,75,75,75,75,75,75,75,75,75,75,75,75,75],"card_choices":[{"not_picked":["Heavy Blade","Burning Pact"],"picked":"Battle Trance","floor":1.0},{"not_picked":["Pommel Strike","Twin Strike"],"picked":"Rampage","floor":3.0},{"not_picked":["Pommel Strike","Power Through"],"picked":"Carnage","floor":4.0},{"not_picked":["Heavy Blade","Demon Form"],"picked":"Spot Weakness","floor":7.0},{"not_picked":["Fiend Fire","Ghostly Armor","Pummel"],"picked":"SKIP","floor":10.0},{"not_picked":["Intimidate","Armaments"],"picked":"Shrug It Off","floor":12.0},{"not_picked":["Shrug It Off","Headbutt","Cleave"],"picked":"SKIP","floor":14.0},{"not_picked":["Impervious","Demon Form"],"picked":"Reaper","floor":16.0},{"not_picked":["Flex","Wild Strike","Clash"],"picked":"SKIP","floor":18.0},{"not_picked":["Wild Strike+1","Body Slam","Warcry"],"picked":"SKIP","floor":19.0},{"not_picked":["Wild Strike","Thunderclap","Searing Blow"],"picked":"SKIP","floor":20.0},{"not_picked":["Fire Breathing","Havoc","Power Through"],"picked":"SKIP","floor":22.0},{"not_picked":["Shrug It Off+1","Thunderclap"],"picked":"Disarm","floor":24.0},{"not_picked":["Double Tap","Entrench","Headbutt"],"picked":"SKIP","floor":28.0},{"not_picked":["Entrench","Headbutt"],"picked":"Double Tap","floor":28.0},{"not_picked":["Rampage","Clash+1"],"picked":"True Grit+1","floor":31.0}],"player_experience":2461997,"relics_obtained":[{"floor":7.0,"key":"Nunchaku"},{"floor":9.0,"key":"Potion Belt"},{"floor":10.0,"key":"The Courier"}],"event_choices":[{"damage_healed":0.0,"max_hp_gain":0.0,"max_hp_loss":0.0,"gold_gain":75.0,"event_name":"World of Goop","player_choice":"Gather Gold","floor":2.0,"gold_loss":0.0,"damage_taken":11.0},{"cards_removed":["Strike_R"],"damage_healed":0.0,"max_hp_gain":0.0,"max_hp_loss":0.0,"gold_gain":0.0,"event_name":"Golden Wing","player_choice":"Card Removal","floor":5.0,"gold_loss":0.0,"damage_taken":7.0},{"damage_healed":0.0,"max_hp_gain":0.0,"max_hp_loss":0.0,"gold_gain":0.0,"event_name":"Colosseum","player_choice":"Fight","floor":27.0,"gold_loss":0.0,"damage_taken":0.0},{"damage_healed":0.0,"max_hp_gain":0.0,"max_hp_loss":0.0,"gold_gain":0.0,"event_name":"Colosseum","player_choice":"Fled From Nobs","floor":27.0,"gold_loss":0.0,"damage_taken":0.0},{"damage_healed":0.0,"max_hp_gain":0.0,"max_hp_loss":0.0,"gold_gain":0.0,"event_name":"Lab","player_choice":"Got Potions","floor":30.0,"gold_loss":0.0,"damage_taken":0.0}],"is_beta":true,"boss_relics":[{"not_picked":["Sozu","Black Star"],"picked":"Ectoplasm"}],"items_purged_floors":[13],"is_endless":false,"potions_floor_spawned":[4,12,14,18,28,31],"killed_by":"Collector","ascension_level":20}}