{"host":"lku4gktzilv18rfq","time":1609129808,"event":{"mods":["Ascension Reborn","BaseMod","Minty Spire (QoL Compilation)","Permanent Neow","StSLib","The Marked"],"gold_per_floor":[116,129,129,129,148,148,223,148,148,148,161,61,61,78,78,181,181,201,5,5,104,104,104,132,132,206,206,206],"floor_reached":27,"playtime":1328,"items_purged":["theMarked:Defend","theMarked:Strike"],"score":423,"play_id":"33abf6e1-558d-42b6-9abb-7d71b97c138b","local_time":"20201227203008","is_ascension_mode":true,"campfire_choices":[{"data":"theMarked:EternalStudent","floor":6,"key":"SMITH"},{"data":"theMarked:ComboAttacks","floor":10,"key":"SMITH"},{"data":"theMarked:SoldierOfQuellstein","floor":13,"key":"SMITH"},{"data":"theMarked:Challenge","floor":15,"key":"SMITH"},{"data":"theMarked:MuscleMemory","floor":23,"key":"SMITH"},{"data":"theMarked:ResourceFulStrike","floor":25,"key":"SMITH"}],"circlet_count":0,"master_deck":["theMarked:Strike","theMarked:Strike","theMarked:Strike","theMarked:Strike","theMarked:SoldierOfQuellstein+1","theMarked:EternalStudent+1","theMarked:ComboAttacks+1","theMarked:Challenge+1","theMarked:ResourceFulStrike+1","theMarked:Electrocute","theMarked:MuscleMemory+1","theMarked:Aftermath+1","Master of Strategy","theMarked:RepellingDischarge","theMarked:TakeCover","theMarked:RepellingDischarge+1"],"relics":["theMarked:ArtifactOfAir","Frozen Egg 2","Sozu","Boot","Bottled Flame"],"acts_visited":["Exordium","TheCity"],"potions_floor_usage":[2,16],"damage_taken":[{"damage":0,"enemies":"2 Louse","floor":1,"turns":2},{"damage":7,"enemies":"Jaw Worm","floor":2,"turns":2},{"damage":10,"enemies":"Small Slimes","floor":5,"turns":4},{"damage":5,"enemies":"3 Louse","floor":11,"turns":3},{"damage":0,"enemies":"Exordium Wildlife","floor":14,"turns":2},{"damage":0,"enemies":"Hexaghost","floor":16,"turns":6},{"damage":6,"enemies":"3 Byrds","floor":18,"turns":4},{"damage":0,"enemies":"Gremlin Leader","floor":24,"turns":4},{"damage":59,"enemies":"Slavers","floor":27,"turns":5}],"seed_played":"4021427696149116836","potions_obtained":[{"floor":1,"key":"BlessingOfTheForge"},{"floor":14,"key":"DistilledChaos"}],"is_trial":false,"path_per_floor":["M","M","?","T","M","R","?","$","T","R","M","$","R","M","R","B",null,"M","$","?","?","?","R","E","R","T","E"],"character_chosen":"THE_DEFAULT","items_purchased":["Master of Strategy"],"campfire_rested":0,"item_purchase_floors":[19],"current_hp_per_floor":[63,56,49,49,39,39,28,28,28,28,23,23,23,23,23,23,58,52,52,52,52,52,52,52,52,52,0,0],"gold":206,"neow_bonus":"ONE_RANDOM_RARE_CARD","is_daily":false,"chose_seed":false,"campfire_upgraded":6,"win_rate":0.0,"timestamp":1609129808,"path_taken":["M","M","?","?","M","R","?","$","T","R","M","?","R","M","R","BOSS","M","$","?","?","?","R","E","R","T","E"],"items_purchased_type":["Card"],"build_version":"2020-12-22","purchased_purges":2,"victory":false,"max_hp_per_floor":[70,70,70,70,70,70,70,70,70,70,70,70,70,70,70,70,70,70,70,70,70,70,70,70,70,70,70,70],"card_choices":[{"not_picked":["theMarked:ResourceFulStrike","theMarked:WastefulAttack"],"picked":"theMarked:ComboAttacks","floor":1},{"not_picked":["theMarked:Electrocute","theMarked:TwofoldDefense","theMarked:Static"],"picked":"SKIP","floor":2},{"not_picked":["theMarked:StartUp","theMarked:EmpowerWeapon"],"picked":"theMarked:Challenge","floor":5},{"not_picked":["theMarked:Frustration","theMarked:WardOff"],"picked":"theMarked:ResourceFulStrike","floor":11},{"not_picked":["theMarked:LightningStrikesTwice","theMarked:WardOff"],"picked":"theMarked:Electrocute","floor":14},{"not_picked":["theMarked:ChannelForce","theMarked:SuspiciousRaven"],"picked":"theMarked:MuscleMemory","floor":16},{"not_picked":["theMarked:ResourceFulStrike","theMarked:Static+1"],"picked":"theMarked:Aftermath+1","floor":18},{"not_picked":["theMarked:Parkour","theMarked:WastefulAttack+1"],"picked":"theMarked:RepellingDischarge+1","floor":24}],"player_experience":866325,"relics_obtained":[{"floor":4,"key":"Frozen Egg 2"},{"floor":24,"key":"Boot"},{"floor":26,"key":"Bottled Flame"}],"event_choices":[{"cards_removed":["theMarked:Defend"],"damage_healed":0,"gold_gain":0,"player_choice":"Card Removal","damage_taken":7,"max_hp_gain":0,"max_hp_loss":0,"event_name":"Golden Wing","floor":3,"gold_loss":0},{"damage_healed":0,"gold_gain":75,"player_choice":"Gather Gold","damage_taken":11,"max_hp_gain":0,"max_hp_loss":0,"event_name":"World of Goop","floor":7,"gold_loss":0},{"damage_healed":0,"gold_gain":99,"player_choice":"Stole From Cult","damage_taken":0,"max_hp_gain":0,"max_hp_loss":0,"event_name":"Nest","floor":21,"gold_loss":0},{"damage_healed":0,"gold_gain":0,"cards_transformed":["theMarked:Defend","theMarked:Defend"],"player_choice":"Became Test Subject","damage_taken":0,"max_hp_gain":0,"max_hp_loss":0,"event_name":"Drug Dealer","floor":22,"gold_loss":0,"cards_obtained":["theMarked:RepellingDischarge","theMarked:TakeCover"]}],"is_beta":false,"boss_relics":[{"not_picked":["Ectoplasm","Runic Dome"],"picked":"Sozu"}],"items_purged_floors":[8,12],"is_endless":false,"potions_floor_spawned":[1,14,24],"killed_by":"Slavers","ascension_level":9}}