{"host":"qdfumeom6htv8yxl","time":1609169490,"event":{"mods":["AchievementEnabler","BaseMod","Block Reminder","Minty Spire (QoL Compilation)","Quick Restart","Relic Stats"],"gold_per_floor":[115,129,144,144,155,155,155,174,174,174,73,101,121,139,139,218,218,237,237,266,266,166,166,194,194,194,224,240,240,240],"floor_reached":29,"playtime":52566,"items_purged":["Regret","Zap"],"score":434,"play_id":"583bd1e9-7e6b-45fe-9eb9-2524d9b8908f","local_time":"20201228093130","is_ascension_mode":true,"campfire_choices":[{"floor":6.0,"key":"REST"},{"floor":10.0,"key":"REST"},{"floor":15.0,"key":"REST"},{"data":"Hyperbeam","floor":23,"key":"SMITH"},{"floor":25,"key":"REST"}],"circlet_count":0,"master_deck":["AscendersBane","Strike_B","Strike_B","Strike_B","Strike_B","Defend_B","Defend_B+1","Defend_B","Defend_B+1","Dualcast","Hyperbeam+1","Go for the Eyes","Reprogram","Leap","Sweeping Beam","Hologram","Self Repair","Machine Learning","Reprogram","Sunder","Hologram+1","Genetic Algorithm"],"relics":["Cracked Core","Pantograph","Shovel","CaptainsWheel","Pear","Nuclear Battery","Red Mask","Prayer Wheel","Ancient Tea Set","Bottled Tornado","War Paint"],"acts_visited":["Exordium","TheCity"],"potions_floor_usage":[],"damage_taken":[{"damage":0.0,"enemies":"Small Slimes","floor":1.0,"turns":1.0},{"damage":6.0,"enemies":"2 Louse","floor":2.0,"turns":2.0},{"damage":0.0,"enemies":"Jaw Worm","floor":3.0,"turns":3.0},{"damage":5.0,"enemies":"Looter","floor":5.0,"turns":3.0},{"damage":12.0,"enemies":"2 Fungi Beasts","floor":8.0,"turns":3.0},{"damage":36.0,"enemies":"Gremlin Nob","floor":12.0,"turns":5.0},{"damage":7.0,"enemies":"Exordium Wildlife","floor":13.0,"turns":3.0},{"damage":6.0,"enemies":"Gremlin Gang","floor":14.0,"turns":2.0},{"damage":71.0,"enemies":"The Guardian","floor":16.0,"turns":17.0},{"damage":0.0,"enemies":"Spheric Guardian","floor":18.0,"turns":5.0},{"damage":25,"enemies":"Masked Bandits","floor":20,"turns":5},{"damage":34,"enemies":"Gremlin Leader","floor":24,"turns":6},{"damage":37,"enemies":"Slavers","floor":27,"turns":5},{"damage":18,"enemies":"Chosen","floor":28,"turns":5},{"damage":20,"enemies":"Colosseum Slavers","floor":29,"turns":2}],"seed_played":"-8209152003955783082","potions_obtained":[{"floor":3.0,"key":"Swift Potion"},{"floor":13.0,"key":"BlessingOfTheForge"},{"floor":14.0,"key":"DuplicationPotion"},{"floor":27,"key":"ColorlessPotion"}],"is_trial":false,"path_per_floor":["M","M","M","?","M","R","?","M","T","R","$","E","M","M","R","B",null,"M","?","?","T","$","R","E","R","T","E","M","?"],"character_chosen":"DEFECT","items_purchased":["Sweeping Beam"],"campfire_rested":4,"item_purchase_floors":[11],"current_hp_per_floor":[50,44,44,41,36,58,58,46,46,68,68,42,35,29,54,15,68,75,75,57,57,57,57,30,55,55,25,14,0,0],"gold":240,"neow_bonus":"THREE_RARE_CARDS","is_daily":false,"chose_seed":false,"campfire_upgraded":1,"win_rate":0.0,"timestamp":1609169490,"path_taken":["M","M","M","?","M","R","?","M","T","R","$","E","M","M","R","BOSS","M","?","?","?","$","R","E","R","T","E","M","?"],"items_purchased_type":["Card"],"build_version":"2020-12-22","purchased_purges":2,"victory":false,"max_hp_per_floor":[75,75,75,75,75,75,75,75,75,75,75,85,85,85,85,85,85,85,85,85,85,85,85,85,85,85,85,85,85,85],"relic_stats":{"Shovel":0,"counters":[15,67],"Pantograph":25,"Prayer Wheel":1,"War Paint":["Defend_B","Defend_B"],"obtain_stats":[{"CaptainsWheel":9,"Shovel":7,"Pear":12,"Pantograph":4,"Prayer Wheel":21,"Red Mask":20,"Bottled Tornado":26,"War Paint":27,"Cracked Core":0,"Ancient Tea Set":24,"Nuclear Battery":17},{"CaptainsWheel":5,"Shovel":4,"Pear":6,"Pantograph":3,"Prayer Wheel":11,"Red Mask":11,"Bottled Tornado":12,"War Paint":13,"Cracked Core":0,"Ancient Tea Set":12,"Nuclear Battery":9},{"CaptainsWheel":12,"Shovel":9,"Pear":17,"Pantograph":6,"Prayer Wheel":49,"Red Mask":49,"Bottled Tornado":55,"War Paint":60,"Cracked Core":0,"Ancient Tea Set":55,"Nuclear Battery":39}]},"card_choices":[{"not_picked":["Meteor Strike","Fission"],"picked":"Hyperbeam","floor":0.0},{"not_picked":["Steam","Defragment"],"picked":"Go for the Eyes","floor":1.0},{"not_picked":["Capacitor","Sweeping Beam"],"picked":"Reprogram","floor":2.0},{"not_picked":["Turbo","Barrage","Compile Driver"],"picked":"SKIP","floor":3.0},{"not_picked":["Glacier","Barrage"],"picked":"Leap","floor":5.0},{"not_picked":["Lockon","Leap","Scrape"],"picked":"SKIP","floor":8.0},{"not_picked":["Sweeping Beam","Leap"],"picked":"Hologram","floor":12.0},{"not_picked":["Turbo","Glacier","Steam"],"picked":"SKIP","floor":13.0},{"not_picked":["Redo","Multi-Cast"],"picked":"Self Repair","floor":14.0},{"not_picked":["Meteor Strike","Biased Cognition"],"picked":"Machine Learning","floor":16.0},{"not_picked":["Steam+1","White Noise"],"picked":"Reprogram","floor":18.0},{"not_picked":["Sunder","Chaos","Glacier"],"picked":"SKIP","floor":24},{"not_picked":["Chaos","Glacier"],"picked":"Sunder","floor":24},{"not_picked":["Sweeping Beam","BootSequence"],"picked":"Hologram+1","floor":27},{"not_picked":["Meteor Strike","Redo"],"picked":"Genetic Algorithm","floor":28},{"not_picked":["Doom and Gloom","Defragment","Consume"],"picked":"SKIP","floor":28}],"player_experience":1536570,"relics_obtained":[{"floor":9.0,"key":"CaptainsWheel"},{"floor":12.0,"key":"Pear"},{"floor":20,"key":"Red Mask"},{"floor":21,"key":"Prayer Wheel"},{"floor":24,"key":"Ancient Tea Set"},{"floor":26,"key":"Bottled Tornado"},{"floor":27,"key":"War Paint"}],"event_choices":[{"damage_healed":0.0,"max_hp_gain":0.0,"max_hp_loss":0.0,"gold_gain":0.0,"event_name":"Scrap Ooze","player_choice":"Success","floor":4.0,"gold_loss":0.0,"damage_taken":3.0,"relics_obtained":["Pantograph"]},{"damage_healed":0.0,"max_hp_gain":0.0,"max_hp_loss":0.0,"gold_gain":0.0,"event_name":"Big Fish","player_choice":"Box","floor":7.0,"gold_loss":0.0,"damage_taken":0.0,"relics_obtained":["Shovel"],"cards_obtained":["Regret"]},{"damage_healed":0,"gold_gain":0,"player_choice":"Ignored","damage_taken":0,"max_hp_gain":0,"max_hp_loss":0,"event_name":"Cursed Tome","floor":19,"gold_loss":0},{"damage_healed":0,"gold_gain":0,"player_choice":"Fought Bandits","damage_taken":0,"max_hp_gain":0,"max_hp_loss":0,"event_name":"Masked Bandits","floor":20,"gold_loss":0},{"damage_healed":0,"gold_gain":0,"player_choice":"Fight","damage_taken":0,"max_hp_gain":0,"max_hp_loss":0,"event_name":"Colosseum","floor":29,"gold_loss":0}],"is_beta":false,"boss_relics":[{"not_picked":["SlaversCollar","Runic Dome"],"picked":"Nuclear Battery"}],"items_purged_floors":[11,22],"is_endless":false,"potions_floor_spawned":[3,13,14,27],"killed_by":"Colosseum Slavers","ascension_level":13}}