{"host":"9d83omykrosjn1d3","time":1609169584,"event":{"mods":["AchievementEnabler","BaseMod","BetterRewards","Card Forge","Downfall","Hubris","Minty Spire (QoL Compilation)","Permanent Neow","Shop Mod","StSLib","SuperFastMode","The Construct"],"gold_per_floor":[115,127,146,165,165,165,179,207,207,219,250,250,265,282,282,387,387,407,417,417,1047,1063,1090,1100,1127,1127,1140,1155,1155,1184,1201,1201,1301,1301,1319,1319,1339,1239,1239,1264,1277,1309,1336,1361,1379,1654,1687,1718,1730,1742,1754,1766,1771,1803,1803],"floor_reached":56,"playtime":1913,"items_purged":[],"score":2461,"play_id":"2b017889-b15d-47c3-b589-a1427a005405","local_time":"20201229003304","is_ascension_mode":true,"campfire_choices":[{"data":"construct:ClockworkEgg+3","floor":6,"key":"SMITH"},{"floor":12,"key":"RECALL"},{"floor":15,"key":"REST"},{"floor":29,"key":"REST"},{"floor":32,"key":"REST"},{"floor":49,"key":"REST"},{"floor":52,"key":"REST"}],"circlet_count":0,"master_deck":["Accuracy+1","Footwork+1","Cloak And Dagger+1","construct:ClockworkEgg+4","Footwork+1","Cloak And Dagger+1","Burst+1","Accuracy+1","Adrenaline+1","Impatience+1"],"relics":["Ring of the Snake","Hammer of Thor","Seething Fire","Anvil of the Gods","MerchantsRug","StoneCalendar","construct:FoamFinger","Medical Kit","Membership Card","hubris:MedicalManual","Happy Flower","Orichalcum","Ice Cream","Shuriken","Akabeko","Pocketwatch","Molten Egg 2","Toxic Egg 2","Frozen Egg 2","construct:ClockworkPhoenix","hubris:Metronome","Anchor","Juzu Bracelet","Pen Nib","hubris:PeanutButter","Ginger","White Beast Statue","hubris:OldNail","construct:RocketBooster","hubris:Reverence","MealTicket","Peace Pipe","Whetstone","Turnip","hubris:SphereOfDissonance","HoveringKite","hubris:TinFlute","Art of War","hubris:CuriousFeather","Ninja Scroll","hubris:AstralHammer","Omamori","Bag of Preparation","Toy Ornithopter","Pantograph","PreservedInsect","Mercury Hourglass","hubris:DisguiseKit","Gambling Chip","War Paint","hubris:SlimyHat","CaptainsWheel","Pear","InkBottle","StrikeDummy","Regal Pillow","Ornamental Fan","Nunchaku","WristBlade","hubris:MysteriousPyramids","Lantern","hubris:Icosahedron","Darkstone Periapt","Singing Bowl","Eternal Feather","hubris:DeckOfHolding","Centennial Puzzle","Ancient Tea Set","hubris:Zylophone","Blood Vial","Thread and Needle","Unceasing Top","Smiling Mask","Bronze Scales","Vajra","Paper Crane","hubris:CrystalStatue","Kunai","hubris:AncientText","MawBank","hubris:64BitClover","Du-Vu Doll","Boot","hubris:BottledRain","Oddly Smooth Stone"],"acts_visited":["Exordium","TheCity","TheBeyond","TheEnding"],"potions_floor_usage":[],"damage_taken":[{"damage":0,"enemies":"Cultist","floor":1,"turns":3},{"damage":0,"enemies":"Jaw Worm","floor":2,"turns":2},{"damage":0,"enemies":"Small Slimes","floor":3,"turns":1},{"damage":0,"enemies":"Exordium Thugs","floor":4,"turns":3},{"damage":0,"enemies":"3 Louse","floor":7,"turns":2},{"damage":0,"enemies":"3 Sentries","floor":8,"turns":3},{"damage":0,"enemies":"Gremlin Gang","floor":10,"turns":2},{"damage":0,"enemies":"Gremlin Nob","floor":11,"turns":2},{"damage":0,"enemies":"Lots of Slimes","floor":13,"turns":2},{"damage":0,"enemies":"Looter","floor":14,"turns":1},{"damage":0,"enemies":"Hexaghost","floor":16,"turns":4},{"damage":0,"enemies":"2 Thieves","floor":18,"turns":2},{"damage":0,"enemies":"3 Byrds","floor":19,"turns":3},{"damage":0,"enemies":"Snecko","floor":22,"turns":2},{"damage":0,"enemies":"Slavers","floor":23,"turns":1},{"damage":0,"enemies":"Snake Plant","floor":24,"turns":1},{"damage":0,"enemies":"Book of Stabbing","floor":25,"turns":2},{"damage":0,"enemies":"Centurion and Healer","floor":27,"turns":2},{"damage":0,"enemies":"Shelled Parasite and Fungi","floor":28,"turns":1},{"damage":0,"enemies":"Slavers","floor":30,"turns":1},{"damage":0,"enemies":"Chosen and Byrds","floor":31,"turns":1},{"damage":0,"enemies":"Champ","floor":33,"turns":2},{"damage":0,"enemies":"Orb Walker","floor":35,"turns":1},{"damage":0,"enemies":"3 Darklings","floor":37,"turns":1},{"damage":0,"enemies":"Reptomancer","floor":40,"turns":1},{"damage":0,"enemies":"Spire Growth","floor":41,"turns":1},{"damage":0,"enemies":"Giant Head","floor":42,"turns":1},{"damage":0,"enemies":"Reptomancer","floor":44,"turns":1},{"damage":0,"enemies":"Writhing Mass","floor":45,"turns":1},{"damage":0,"enemies":"Giant Head","floor":47,"turns":1},{"damage":0,"enemies":"Transient","floor":48,"turns":1},{"damage":0,"enemies":"Time Eater","floor":50,"turns":2},{"damage":0,"enemies":"Shield and Spear","floor":54,"turns":1},{"damage":3,"enemies":"The Heart","floor":55,"turns":3}],"seed_played":"-5079730739316636132","potions_obtained":[{"floor":3,"key":"Dexterity Potion"},{"floor":10,"key":"sneckomod:MuddlingPotion"},{"floor":13,"key":"construct:ShiftPotion"}],"is_trial":false,"path_per_floor":["M","M","M","M","?","R","M","E","T","M","E","R","M","M","R","B",null,"M","M","?","?","M","E","M","E","T","M","M","R","E","M","R","B",null,"M","?","M","NS","?","E","M","E","T","E","M","?","E","M","R","B",null,"R","$","E","B",null],"character_chosen":"THE_SILENT","items_purchased":["MerchantsRug","construct:FoamFinger","Medical Kit","Accuracy","Membership Card","Happy Flower","Orichalcum","Shuriken","Akabeko","Impatience+1"],"campfire_rested":5,"item_purchase_floors":[0,0,0,0,0,0,0,0,0,53],"current_hp_per_floor":[28,28,28,28,33,33,33,33,33,33,33,33,33,33,55,55,75,75,75,72,6,6,6,6,6,6,6,6,28,38,38,78,85,85,85,85,87,87,87,89,91,93,93,95,97,97,99,101,101,101,101,101,101,103,100],"gold":1803,"neow_bonus":"","is_daily":false,"chose_seed":false,"campfire_upgraded":1,"win_rate":0.0,"timestamp":1609169584,"path_taken":["M","M","?","M","?","R","M","E","T","M","E","R","M","M","R","BOSS","M","M","?","?","M","E","M","E","T","M","M","R","E","M","R","BOSS","M","?","M","NS","?","E","M","E","T","E","M","?","E","M","R","BOSS","R","$","E","BOSS"],"items_purchased_type":["Relic","Relic","Relic","Card","Relic","Relic","Relic","Relic","Relic","Card"],"build_version":"2020-12-22","purchased_purges":0,"victory":true,"max_hp_per_floor":[70,70,70,70,75,75,75,75,75,75,75,75,75,75,75,75,75,75,75,75,75,75,75,75,75,75,75,75,75,85,85,85,85,85,85,85,87,87,87,89,91,93,93,95,97,97,99,101,101,101,101,101,101,103,103],"card_choices":[{"not_picked":["Acrobatics+1","Slice+1","Dodge and Roll+1"],"picked":"SKIP","floor":1},{"not_picked":["Underhanded Strike+1","Bane+1"],"picked":"Burst+1","floor":2},{"not_picked":["Dagger Throw+1","Prepared+1","Finisher+1"],"picked":"SKIP","floor":3},{"not_picked":["Quick Slash+1","Expertise+1","Outmaneuver+1"],"picked":"SKIP","floor":4},{"not_picked":["Bane+1","Blade Dance+1","Riddle With Holes+1"],"picked":"SKIP","floor":7},{"not_picked":["Outmaneuver+1","Expertise+1","Dagger Spray+1"],"picked":"SKIP","floor":8},{"not_picked":["Cloak And Dagger+1","Dodge and Roll+1","Heel Hook+1"],"picked":"SKIP","floor":10},{"not_picked":["Outmaneuver+1","Dodge and Roll+1","Endless Agony+1"],"picked":"SKIP","floor":11},{"not_picked":["Terror+1","Corpse Explosion+1","Poisoned Stab+1"],"picked":"SKIP","floor":13},{"not_picked":["Terror+1","PiercingWail+1","Skewer+1"],"picked":"SKIP","floor":14},{"not_picked":["Wraith Form v2+1","Night Terror+1"],"picked":"A Thousand Cuts+1","floor":16},{"not_picked":["Choke+1","Deadly Poison+1","Dagger Spray+1"],"picked":"SKIP","floor":18},{"not_picked":["Slice+1","Deflect+1"],"picked":"Accuracy+1","floor":19},{"not_picked":["A Thousand Cuts+1","Deflect+1","PiercingWail+1"],"picked":"SKIP","floor":22},{"not_picked":["PiercingWail+1","Skewer+1","Deflect+1"],"picked":"SKIP","floor":23},{"not_picked":["Quick Slash+1","All Out Attack+1","Dagger Spray+1"],"picked":"SKIP","floor":24},{"not_picked":["hubris:SlightOfHand+1","Endless Agony+1","PiercingWail+1"],"picked":"SKIP","floor":25},{"not_picked":["Bane+1","Underhanded Strike+1","Sucker Punch+1"],"picked":"SKIP","floor":27},{"not_picked":["PiercingWail+1","Poisoned Stab+1","Phantasmal Killer+1","Crescendo"],"picked":"SKIP","floor":28},{"not_picked":["Wraith Form v2+1","Dagger Throw+1","Flechettes+1","Crescendo"],"picked":"SKIP","floor":30},{"not_picked":["Cloak And Dagger+1","Finisher+1","Poisoned Stab+1","MentalFortress"],"picked":"SKIP","floor":31},{"not_picked":["Doppelganger+1","Envenom+1","Alpha"],"picked":"Adrenaline+1","floor":33},{"not_picked":["Prepared+1","Dagger Spray+1","Cloak And Dagger+1","JustLucky"],"picked":"SKIP","floor":35},{"not_picked":["Deflect+1","Expertise+1","Crippling Poison+1","CarveReality"],"picked":"Singing Bowl","floor":37},{"not_picked":["Predator+1","Cloak And Dagger+1","Accuracy+1","FlyingSleeves"],"picked":"Singing Bowl","floor":40},{"not_picked":["Escape Plan+1","Calculated Gamble+1","Predator+1","Protect"],"picked":"Singing Bowl","floor":41},{"not_picked":["Glass Knife+1","Tactician+1","Flechettes+1","Sanctity"],"picked":"Singing Bowl","floor":42},{"not_picked":["Well Laid Plans+1","Blade Dance+1","Masterful Stab+1","Wallop"],"picked":"Singing Bowl","floor":44},{"not_picked":["Deadly Poison+1","Bane+1","Dagger Spray+1","ThirdEye"],"picked":"Singing Bowl","floor":45},{"not_picked":["Acrobatics+1","hubris:TrickCloak+1","Eviscerate+1","Wireheading"],"picked":"Singing Bowl","floor":47},{"not_picked":["Catalyst+1","Well Laid Plans+1","hubris:Sniper+1","Prostrate"],"picked":"Singing Bowl","floor":48},{"not_picked":["Expertise+1","Bane+1","Cloak And Dagger+1","Wireheading"],"picked":"Singing Bowl","floor":54}],"player_experience":708922,"relics_obtained":[{"floor":7,"key":"hubris:Metronome"},{"floor":8,"key":"Anchor"},{"floor":8,"key":"Juzu Bracelet"},{"floor":8,"key":"Pen Nib"},{"floor":10,"key":"hubris:PeanutButter"},{"floor":10,"key":"Ginger"},{"floor":11,"key":"White Beast Statue"},{"floor":11,"key":"hubris:OldNail"},{"floor":11,"key":"construct:RocketBooster"},{"floor":13,"key":"hubris:Reverence"},{"floor":13,"key":"MealTicket"},{"floor":14,"key":"Peace Pipe"},{"floor":14,"key":"Whetstone"},{"floor":16,"key":"Turnip"},{"floor":16,"key":"hubris:SphereOfDissonance"},{"floor":18,"key":"hubris:TinFlute"},{"floor":18,"key":"Art of War"},{"floor":19,"key":"hubris:CuriousFeather"},{"floor":19,"key":"Ninja Scroll"},{"floor":23,"key":"hubris:AstralHammer"},{"floor":24,"key":"Omamori"},{"floor":24,"key":"Bag of Preparation"},{"floor":25,"key":"Toy Ornithopter"},{"floor":25,"key":"Pantograph"},{"floor":25,"key":"PreservedInsect"},{"floor":26,"key":"Mercury Hourglass"},{"floor":27,"key":"hubris:DisguiseKit"},{"floor":27,"key":"Gambling Chip"},{"floor":28,"key":"War Paint"},{"floor":28,"key":"hubris:SlimyHat"},{"floor":30,"key":"CaptainsWheel"},{"floor":30,"key":"Pear"},{"floor":30,"key":"InkBottle"},{"floor":31,"key":"StrikeDummy"},{"floor":31,"key":"Regal Pillow"},{"floor":33,"key":"Ornamental Fan"},{"floor":33,"key":"Nunchaku"},{"floor":35,"key":"hubris:MysteriousPyramids"},{"floor":35,"key":"Lantern"},{"floor":37,"key":"Darkstone Periapt"},{"floor":37,"key":"Singing Bowl"},{"floor":40,"key":"Eternal Feather"},{"floor":40,"key":"hubris:DeckOfHolding"},{"floor":40,"key":"Centennial Puzzle"},{"floor":41,"key":"Ancient Tea Set"},{"floor":41,"key":"hubris:Zylophone"},{"floor":42,"key":"Blood Vial"},{"floor":42,"key":"Thread and Needle"},{"floor":42,"key":"Unceasing Top"},{"floor":43,"key":"Smiling Mask"},{"floor":44,"key":"Bronze Scales"},{"floor":44,"key":"Vajra"},{"floor":45,"key":"Paper Crane"},{"floor":45,"key":"hubris:CrystalStatue"},{"floor":47,"key":"Kunai"},{"floor":47,"key":"hubris:AncientText"},{"floor":47,"key":"MawBank"},{"floor":48,"key":"hubris:64BitClover"},{"floor":48,"key":"Du-Vu Doll"},{"floor":54,"key":"Boot"},{"floor":54,"key":"hubris:BottledRain"},{"floor":54,"key":"Oddly Smooth Stone"}],"event_choices":[{"damage_healed":0,"gold_gain":0,"player_choice":"Donut","damage_taken":0,"max_hp_gain":5,"max_hp_loss":0,"event_name":"Big Fish","floor":5,"gold_loss":0},{"damage_healed":0,"gold_gain":0,"player_choice":"Punched","damage_taken":3,"max_hp_gain":0,"max_hp_loss":0,"event_name":"Designer","floor":20,"gold_loss":0},{"damage_healed":0,"gold_gain":630,"player_choice":"GOLD GOLD GOLD GOLD GOLD GOLD GOLD ","damage_taken":69,"max_hp_gain":0,"max_hp_loss":0,"event_name":"Knowing Skull","floor":21,"potions_obtained":[],"gold_loss":0,"cards_obtained":[]},{"damage_healed":0,"gold_gain":0,"player_choice":"Bought 0 Potions","damage_taken":0,"max_hp_gain":0,"max_hp_loss":0,"event_name":"The Woman in Blue","floor":39,"gold_loss":0},{"damage_healed":0,"gold_gain":275,"player_choice":"Desecrate","damage_taken":0,"max_hp_gain":0,"max_hp_loss":0,"event_name":"Golden Shrine","floor":46,"gold_loss":0,"cards_obtained":["Regret"]}],"is_beta":false,"boss_relics":[{"not_picked":["hubris:CrackedHourglass","Ectoplasm"],"picked":"HoveringKite"},{"not_picked":["Runic Pyramid","Black Star"],"picked":"WristBlade"}],"items_purged_floors":[],"is_endless":false,"potions_floor_spawned":[3,10,13,14,16,19,22,23,24,27,28,31,33,35,37,41,45,48],"ascension_level":3}}