{"host":"7w5rsz9p0drt1vco","time":1609183183,"event":{"mods":["Aspiration","BaseMod","Colored Powertips","Conspire","Downfall","Hubris","Infinite Spire","Jedi Mod","Minty Spire (QoL Compilation)","Replay The Spire","StSLib","The Construct","The Cursed","The Jungle","The Mystic","The Runesmith","The Spell Scribe"],"gold_per_floor":[116,133,133,133,146,179,179,207,277,296,307,366,366,386,386,487,487,500,425,425,425,443,477,496,496,520,532,532,227,227,227,227],"floor_reached":31,"playtime":1758,"items_purged":["Strike_B","Strike_B"],"score":265,"play_id":"b2eb988b-7180-43f8-8891-f4985bf73ceb","local_time":"20201228161943","is_ascension_mode":false,"campfire_choices":[{"floor":7,"key":"REST"},{"floor":13,"key":"REST"},{"floor":25,"key":"REST"},{"floor":28,"key":"REST"},{"data":"Machine Learning","floor":30,"key":"SMITH"}],"circlet_count":0,"master_deck":["Strike_B","Strike_B","Defend_B","Defend_B","Defend_B","Defend_B","Zap","Dualcast","Electrodynamics","Conserve Battery","Defragment","Beam Cell+1","Defragment","jedi:BurstLightning","Redo","Barrage","Redo","Barrage","Machine Learning+1","ReplayTheSpireMod:Calculation Training+1","jedi:BurstLightning","jedi:BurstLightning"],"relics":["Cracked Core","Question Card","ReplayFunnel","Bottled Tornado","conspire:Flyswatter","infinitespire:Freezer","aspiration:BursterCore","Replay:Bottled Flurry","infinitespire:PuzzleCube","Replay:Wax Seal","aspiration:Nostalgia","theScribe:StarterRelic1"],"acts_visited":["Exordium","TheCity"],"potions_floor_usage":[12,12,23,24,31],"damage_taken":[{"damage":0,"enemies":"Small Slimes","floor":1,"turns":2},{"damage":6,"enemies":"Jaw Worm","floor":2,"turns":2},{"damage":1,"enemies":"Cultist","floor":5,"turns":3},{"damage":18,"enemies":"3 Sentries","floor":6,"turns":3},{"damage":19,"enemies":"Lagavulin","floor":8,"turns":5},{"damage":6,"enemies":"2 Fungi Beasts","floor":10,"turns":2},{"damage":9,"enemies":"Blue Slaver","floor":11,"turns":3},{"damage":0,"enemies":"Lagavulin Event","floor":12,"turns":6},{"damage":0,"enemies":"Large Slime","floor":14,"turns":4},{"damage":37,"enemies":"Hexaghost","floor":16,"turns":8},{"damage":7,"enemies":"Shell Parasite","floor":18,"turns":4},{"damage":17,"enemies":"2 Thieves","floor":22,"turns":3},{"damage":25,"enemies":"Nightmare","floor":23,"turns":8},{"damage":0,"enemies":"Cultist and Chosen","floor":24,"turns":4},{"damage":17,"enemies":"Sentry and Sphere","floor":27,"turns":4},{"damage":42,"enemies":"Snake Plant","floor":31,"turns":4}],"seed_played":"2463988480557089148","potions_obtained":[{"floor":5,"key":"PowerPotion"},{"floor":8,"key":"SmokeBomb"},{"floor":10,"key":"AttackPotion"},{"floor":14,"key":"Swift Potion"},{"floor":16,"key":"jedi:StrikingPotion"},{"floor":18,"key":"Guardian:BlockOnCardUsePotion"},{"floor":22,"key":"sneckomod:MuddlingPotion"},{"floor":27,"key":"Ancient Potion"}],"is_trial":false,"path_per_floor":["M","M","?","T","M","E","R","E","T","M","M","?","R","M","R","B",null,"M","$","?","?","M","NM","M","R","T","M","R","$","R","M"],"character_chosen":"DEFECT","items_purchased":["Replay:Wax Seal","aspiration:Nostalgia"],"campfire_rested":4,"item_purchase_floors":[29,29],"current_hp_per_floor":[68,62,62,62,61,43,63,44,44,38,29,29,49,49,68,31,68,61,61,61,61,44,19,19,39,39,22,42,42,42,0,0],"gold":227,"neow_bonus":"THREE_RARE_CARDS","is_daily":false,"chose_seed":false,"campfire_upgraded":1,"win_rate":0.0,"timestamp":1609183183,"path_taken":["M","M","?","?","?","E","R","E","T","M","M","?","R","M","R","BOSS","M","$","?","?","M","NM","M","R","T","M","R","?","R","?"],"items_purchased_type":["Relic","Relic"],"build_version":"2020-12-22","purchased_purges":2,"victory":false,"max_hp_per_floor":[68,68,68,68,68,68,68,68,68,68,68,68,68,68,68,68,68,68,68,68,68,68,68,68,68,68,68,68,68,68,68,68],"card_choices":[{"not_picked":["ReplayRNGCard","Reboot"],"picked":"Electrodynamics","floor":0},{"not_picked":["Double Energy","Cold Snap"],"picked":"Conserve Battery","floor":1},{"not_picked":["jedi:BurstFrost","jedi:sharpshooter"],"picked":"Defragment","floor":2},{"not_picked":["Genetic Algorithm","Scrape","Hologram"],"picked":"Beam Cell","floor":5},{"not_picked":["jedi:locknload","Panic Button","Steam"],"picked":"Defragment","floor":6},{"not_picked":["jedi:BurstDark","jedi:overflow","Double Energy"],"picked":"jedi:BurstLightning","floor":8},{"not_picked":["Storm","Beam Cell","Blizzard"],"picked":"Redo","floor":10},{"not_picked":["Gash","ReplayTheSpireMod:Repulse","Force Field"],"picked":"Barrage","floor":11},{"not_picked":["jedi:sharpshooter","ReplayTheSpireMod:Calculation Training","Go for the Eyes"],"picked":"Redo","floor":12},{"not_picked":["Go for the Eyes","Beam Cell","Blizzard"],"picked":"Barrage","floor":14},{"not_picked":["hubris:DoWhile","ReplayRNGCard","All For One"],"picked":"Machine Learning","floor":16},{"not_picked":["Go for the Eyes","Sweeping Beam","Redo"],"picked":"ReplayTheSpireMod:Calculation Training+1","floor":18},{"not_picked":["Melter+1","jedi:BurstFrost+1","Cold Snap"],"picked":"jedi:BurstLightning","floor":22},{"not_picked":["Beam Cell+1","Lockon","Heatsinks"],"picked":"jedi:BurstLightning","floor":23},{"not_picked":["Skim","Turbo+1","Stack+1","ReplayGash"],"picked":"SKIP","floor":24},{"not_picked":["Leap","conspire:Rain+1","Time Bomb","Redo"],"picked":"SKIP","floor":27}],"player_experience":182934,"relics_obtained":[{"floor":4,"key":"Question Card"},{"floor":6,"key":"ReplayFunnel"},{"floor":8,"key":"Bottled Tornado"},{"floor":9,"key":"conspire:Flyswatter"},{"floor":23,"key":"Replay:Bottled Flurry"},{"floor":26,"key":"infinitespire:PuzzleCube"}],"event_choices":[{"damage_healed":0,"gold_gain":0,"player_choice":"Leave","damage_taken":0,"max_hp_gain":0,"max_hp_loss":0,"event_name":"conspire:Investor","floor":3,"gold_loss":0},{"damage_healed":0,"gold_gain":0,"player_choice":"Searched \u00272\u0027 times","damage_taken":0,"relics_obtained":["infinitespire:Freezer"],"max_hp_gain":0,"max_hp_loss":0,"event_name":"Dead Adventurer","floor":12,"gold_loss":0},{"damage_healed":0,"gold_gain":0,"player_choice":"Ignored","damage_taken":0,"max_hp_gain":0,"max_hp_loss":0,"event_name":"Vampires","floor":20,"gold_loss":0}],"is_beta":false,"boss_relics":[{"not_picked":["Snecko Eye","Sozu"],"picked":"aspiration:BursterCore"}],"items_purged_floors":[19,29],"is_endless":true,"potions_floor_spawned":[5,8,10,14,16,18,22,27],"killed_by":"Snake Plant","ascension_level":0}}