{"host":"nsxzlb359hv0da5z","time":1609125816,"event":{"mods":["BaseMod","Bestiary","Colored Map","Minty Spire (QoL Compilation)","Permanent Neow","Relic Stats","Slay the Relics Exporter","ojb\u0027s Info Mod"],"gold_per_floor":[360,330,102,115,125,152,152,168,168,198,198,198,198,209,209,288,288,304,123,140,150,161,161,196,208,220,267,308,320,332,370,382,469,481,504,230,243,75,75,75,108,108,108,123,151,168,168,198,198,198,198,198],"floor_reached":51,"playtime":7287,"items_purged":["Strike_B"],"score":1552,"play_id":"66769384-b4a3-4c95-92ba-570f3e77eec5","local_time":"20201227192336","is_ascension_mode":true,"campfire_choices":[{"floor":7,"key":"REST"},{"data":"Rainbow","floor":11,"key":"SMITH"},{"data":"Defragment","floor":13,"key":"SMITH"},{"data":"Go for the Eyes","floor":15,"key":"SMITH"},{"data":"Loop","floor":23,"key":"SMITH"},{"data":"Dualcast","floor":25,"key":"SMITH"},{"floor":29,"key":"REST"},{"data":"Skim","floor":32,"key":"SMITH"},{"floor":40,"key":"RECALL"},{"data":"Glacier","floor":42,"key":"SMITH"},{"floor":49,"key":"REST"}],"circlet_count":0,"master_deck":["AscendersBane","Strike_B","Strike_B","Strike_B","Defend_B","Defend_B","Defend_B","Defend_B","Zap","Dualcast+1","Defragment+1","Sweeping Beam+1","Doom and Gloom","Conserve Battery","Rainbow+1","Self Repair","Chill","Go for the Eyes+1","Core Surge","Cold Snap","Loop+1","Redo","Glacier+1","Undo+1","FTL+1","Ball Lightning","Creative AI","Skim+1","Double Energy+1","Fusion","Electrodynamics","Capacitor+1","Capacitor"],"relics":["Cracked Core","OrangePellets","Omamori","White Beast Statue","Cables","Cursed Key","MawBank","Red Mask","Dream Catcher","Darkstone Periapt","Snecko Eye","Mummified Hand","Orrery","Bag of Marbles","Whetstone","Pen Nib","StrikeDummy"],"acts_visited":["Exordium","TheCity","TheBeyond"],"potions_floor_usage":[2,6,10,14,16,18,24,27,28,31,35,41,45,48],"damage_taken":[{"damage":1,"enemies":"2 Louse","floor":1,"turns":2},{"damage":1,"enemies":"Cultist","floor":4,"turns":3},{"damage":11,"enemies":"Small Slimes","floor":5,"turns":3},{"damage":25,"enemies":"3 Sentries","floor":6,"turns":4},{"damage":5,"enemies":"3 Louse","floor":8,"turns":3},{"damage":8,"enemies":"Lagavulin","floor":10,"turns":6},{"damage":0,"enemies":"Exordium Wildlife","floor":14,"turns":4},{"damage":2,"enemies":"The Guardian","floor":16,"turns":9},{"damage":0,"enemies":"3 Byrds","floor":18,"turns":4},{"damage":0,"enemies":"Spheric Guardian","floor":20,"turns":4},{"damage":0,"enemies":"Snecko","floor":21,"turns":6},{"damage":1,"enemies":"Centurion and Healer","floor":22,"turns":5},{"damage":3,"enemies":"Gremlin Leader","floor":24,"turns":11},{"damage":16,"enemies":"Masked Bandits","floor":27,"turns":5},{"damage":44,"enemies":"Slavers","floor":28,"turns":6},{"damage":17,"enemies":"Book of Stabbing","floor":31,"turns":7},{"damage":72,"enemies":"Automaton","floor":33,"turns":9},{"damage":13,"enemies":"3 Darklings","floor":35,"turns":5},{"damage":6,"enemies":"3 Shapes","floor":37,"turns":5},{"damage":4,"enemies":"Nemesis","floor":41,"turns":7},{"damage":1,"enemies":"Maw","floor":44,"turns":7},{"damage":25,"enemies":"Giant Head","floor":45,"turns":8},{"damage":18,"enemies":"3 Darklings","floor":46,"turns":3},{"damage":22,"enemies":"Nemesis","floor":48,"turns":5},{"damage":41,"enemies":"Time Eater","floor":50,"turns":11},{"damage":43,"enemies":"Awakened One","floor":51,"turns":4}],"seed_played":"1816744247971312370","potions_obtained":[{"floor":1,"key":"FearPotion"},{"floor":2,"key":"Fruit Juice"},{"floor":2,"key":"DuplicationPotion"},{"floor":8,"key":"Block Potion"},{"floor":10,"key":"Block Potion"},{"floor":14,"key":"Swift Potion"},{"floor":16,"key":"SkillPotion"},{"floor":18,"key":"Block Potion"},{"floor":21,"key":"FocusPotion"},{"floor":24,"key":"FairyPotion"},{"floor":27,"key":"BlessingOfTheForge"},{"floor":28,"key":"Weak Potion"},{"floor":31,"key":"SteroidPotion"},{"floor":33,"key":"Regen Potion"},{"floor":35,"key":"LiquidBronze"},{"floor":37,"key":"LiquidMemories"},{"floor":41,"key":"SteroidPotion"},{"floor":45,"key":"BlessingOfTheForge"},{"floor":46,"key":"Weak Potion"},{"floor":48,"key":"SpeedPotion"}],"is_trial":false,"path_per_floor":["M","?","$","M","M","E","R","M","T","E","R","?","R","M","R","B",null,"M","$","M","M","M","R","E","R","T","?","E","R","?","E","R","B",null,"M","$","M","$","?","R","E","R","T","M","E","M","?","E","R","B","B"],"character_chosen":"DEFECT","items_purchased":["Sweeping Beam","OrangePellets","Loop","Redo","Mummified Hand","Orrery"],"campfire_rested":3,"item_purchase_floors":[3,3,19,19,36,38],"current_hp_per_floor":[45,50,50,49,38,13,35,30,30,29,29,29,29,36,36,41,67,67,67,74,76,76,76,76,76,76,67,30,52,52,35,35,21,62,61,61,55,55,86,86,86,86,86,86,68,57,57,42,66,32,0,0],"gold":198,"neow_bonus":"TWO_FIFTY_GOLD","is_daily":false,"chose_seed":false,"campfire_upgraded":7,"win_rate":0.0,"timestamp":1609125816,"path_taken":["M","?","$","M","?","E","R","M","T","E","R","?","R","M","R","BOSS","M","$","M","M","M","R","E","R","T","?","E","R","?","E","R","BOSS","M","$","M","$","?","R","E","R","T","M","E","?","?","E","R","BOSS","BOSS"],"items_purchased_type":["Card","Relic","Card","Card","Relic","Relic"],"build_version":"2020-12-22","purchased_purges":1,"victory":false,"max_hp_per_floor":[71,76,76,76,76,76,76,76,76,76,76,76,76,76,76,76,76,76,76,76,76,76,76,76,76,76,76,76,76,76,76,76,76,76,76,76,76,76,86,86,86,86,86,86,86,86,82,82,82,82,82,82],"relic_stats":{"Darkstone Periapt":0,"OrangePellets":[23],"Dream Catcher":2,"counters":[26,145],"Mummified Hand":[80],"Snecko Eye":[27,35,35,31],"Pen Nib":[3],"Whetstone":["FTL","Sweeping Beam"],"Cursed Key":2,"MawBank":144,"obtain_stats":[{"Darkstone Periapt":31,"Pen Nib":45,"Omamori":6,"Whetstone":43,"Cursed Key":17,"MawBank":24,"White Beast Statue":9,"Cables":10,"OrangePellets":3,"Dream Catcher":28,"Mummified Hand":36,"Snecko Eye":34,"Orrery":38,"Red Mask":27,"Bag of Marbles":41,"Cracked Core":0,"StrikeDummy":48},{"Darkstone Periapt":16,"Pen Nib":22,"Omamori":4,"Whetstone":20,"Cursed Key":8,"MawBank":13,"White Beast Statue":5,"Cables":6,"OrangePellets":1,"Dream Catcher":15,"Mummified Hand":18,"Snecko Eye":17,"Orrery":19,"Red Mask":14,"Bag of Marbles":20,"Cracked Core":0,"StrikeDummy":24},{"Darkstone Periapt":81,"Pen Nib":122,"Omamori":12,"Whetstone":107,"Cursed Key":34,"MawBank":63,"White Beast Statue":15,"Cables":21,"OrangePellets":2,"Dream Catcher":74,"Mummified Hand":95,"Snecko Eye":90,"Orrery":100,"Red Mask":68,"Bag of Marbles":107,"Cracked Core":0,"StrikeDummy":130}],"Cables":[106,44,35,23,4]},"card_choices":[{"not_picked":["Stack","Cold Snap"],"picked":"Defragment","floor":1},{"not_picked":["Redo","Conserve Battery"],"picked":"Doom and Gloom","floor":4},{"not_picked":["Double Energy","Streamline"],"picked":"Conserve Battery","floor":5},{"not_picked":["Hologram","Rebound"],"picked":"Rainbow","floor":6},{"not_picked":["Conserve Battery","Rebound"],"picked":"Self Repair","floor":8},{"not_picked":["Redo","Gash"],"picked":"Chill","floor":10},{"not_picked":["Heatsinks","Ball Lightning"],"picked":"Go for the Eyes","floor":14},{"not_picked":["Hyperbeam","Fission"],"picked":"Core Surge","floor":16},{"not_picked":["Storm","Lockon"],"picked":"Cold Snap","floor":18},{"not_picked":["Stack","Beam Cell"],"picked":"Glacier","floor":20},{"not_picked":["Turbo+1","Force Field"],"picked":"Undo+1","floor":21},{"not_picked":["Redo","Consume","Steam"],"picked":"SKIP","floor":22},{"not_picked":["Darkness","Storm","Go for the Eyes"],"picked":"SKIP","floor":24},{"not_picked":["Chill","Barrage"],"picked":"FTL","floor":27},{"not_picked":["Genetic Algorithm","Heatsinks"],"picked":"Ball Lightning","floor":28},{"not_picked":["Doom and Gloom+1","Rebound"],"picked":"Creative AI","floor":29},{"not_picked":["Stack","Melter"],"picked":"Double Energy+1","floor":31},{"not_picked":["Reboot","Creative AI"],"picked":"Multi-Cast","floor":33},{"not_picked":["BootSequence","Redo","Skim"],"picked":"SKIP","floor":35},{"not_picked":["Streamline","Gash","Stack"],"picked":"SKIP","floor":37},{"not_picked":["Chill","Redo"],"picked":"Fusion","floor":38},{"not_picked":["Leap","Streamline","Melter"],"picked":"SKIP","floor":41},{"not_picked":["Leap","Streamline","Melter"],"picked":"SKIP","floor":41},{"not_picked":["Streamline","Melter+1","Heatsinks"],"picked":"SKIP","floor":44},{"not_picked":["Machine Learning","Lockon"],"picked":"Electrodynamics","floor":45},{"not_picked":["Leap+1","Heatsinks"],"picked":"Capacitor+1","floor":46},{"not_picked":["Blizzard+1","Chaos"],"picked":"Capacitor","floor":48}],"player_experience":1872299,"relics_obtained":[{"floor":6,"key":"Omamori"},{"floor":9,"key":"White Beast Statue"},{"floor":10,"key":"Cables"},{"floor":24,"key":"MawBank"},{"floor":27,"key":"Red Mask"},{"floor":28,"key":"Dream Catcher"},{"floor":31,"key":"Darkstone Periapt"},{"floor":41,"key":"Bag of Marbles"},{"floor":43,"key":"Whetstone"},{"floor":45,"key":"Pen Nib"},{"floor":48,"key":"StrikeDummy"}],"event_choices":[{"damage_healed":0,"gold_gain":0,"player_choice":"Bought 2 Potions","damage_taken":0,"max_hp_gain":0,"max_hp_loss":0,"event_name":"The Woman in Blue","floor":2,"gold_loss":0},{"damage_healed":0,"gold_gain":0,"player_choice":"Ignored","damage_taken":0,"max_hp_gain":0,"max_hp_loss":0,"event_name":"Liars Game","floor":12,"gold_loss":0},{"damage_healed":0,"gold_gain":0,"player_choice":"Fought Bandits","damage_taken":0,"max_hp_gain":0,"max_hp_loss":0,"event_name":"Masked Bandits","floor":27,"gold_loss":0},{"damage_healed":0,"gold_gain":0,"player_choice":"Read","damage_taken":0,"max_hp_gain":0,"max_hp_loss":0,"event_name":"The Library","floor":30,"gold_loss":0,"cards_obtained":["Skim"]},{"cards_removed":["Multi-Cast"],"damage_healed":21,"gold_gain":0,"player_choice":"Offered Rare","damage_taken":0,"max_hp_gain":10,"max_hp_loss":0,"event_name":"Bonfire Elementals","floor":39,"gold_loss":0},{"damage_healed":0,"gold_gain":0,"player_choice":"Max HP","damage_taken":0,"max_hp_gain":0,"max_hp_loss":4,"event_name":"Winding Halls","floor":47,"gold_loss":0}],"is_beta":false,"boss_relics":[{"not_picked":["Tiny House","FrozenCore"],"picked":"Cursed Key"},{"not_picked":["Calling Bell","Busted Crown"],"picked":"Snecko Eye"}],"items_purged_floors":[19],"is_endless":false,"potions_floor_spawned":[1,4,8,10,14,16,18,20,21,22,24,27,28,31,33,35,37,41,44,45,46,48],"killed_by":"Awakened One","ascension_level":20}}