{"host":"lku4gktzilv18rfq","time":1609135951,"event":{"mods":["BaseMod","Downfall","Minty Spire (QoL Compilation)","Permanent Neow","StSLib"],"gold_per_floor":[99,114,114,128,193,193,193,193,193,219,219,252,252,267,286,391,391,391,408,408,408,134,165,189,201,213,225,237,267,279,391,416,524,536,548,580,641,700,732,744,744,744],"floor_reached":40,"playtime":5946,"items_purged":["Guardian:Defend_Guardian"],"score":604,"play_id":"2eb9e1c1-5787-420f-a1fd-e9e4898ba348","local_time":"20201227221231","is_ascension_mode":true,"campfire_choices":[{"data":"Guardian:TwinSlam","floor":1,"key":"SMITH"},{"data":"Guardian:MultiBeam","floor":6,"key":"SMITH"},{"data":"Guardian:TemporalShield","floor":11,"key":"SMITH"},{"data":"Guardian:PrismaticBarrier","floor":13,"key":"SMITH"},{"data":"Guardian:Suspension","floor":18,"key":"SMITH"},{"data":"Guardian:TimeCapacitor","floor":25,"key":"SMITH"},{"data":"Guardian:TimeSifter","floor":27,"key":"SMITH"},{"floor":30,"key":"REST"},{"data":"Guardian:FastForward","floor":35,"key":"SMITH"}],"circlet_count":0,"master_deck":["Guardian:Defend_Guardian","Guardian:CurlUp+1","Guardian:TwinSlam+1","Guardian:FuturePlans","Guardian:Reroute","Guardian:MultiBeam+1","Guardian:ChargeUp","Guardian:TemporalShield+1","Guardian:PrismaticBarrier+1","Guardian:Suspension+1","Guardian:TimeSifter+1","Guardian:Planning+1","Guardian:TimeCapacitor+1","Guardian:PrismaticBeam+1","Guardian:DecasProtection","Guardian:FastForward+1","Guardian:Gem_Lightblue","Guardian:Gem_Crimson"],"relics":["Guardian:ModeShifter","Bronze Scales","Ancient Tea Set","Toy Ornithopter","Tiny Chest","Sozu","War Paint","Boot","MawBank","Thread and Needle","Girya","Pantograph","Runic Dome","Lantern"],"acts_visited":["Exordium","TheCity","TheBeyond"],"potions_floor_usage":[10,10,16,16],"damage_taken":[{"damage":7,"enemies":"Jaw Worm","floor":2,"turns":3},{"damage":0,"enemies":"2 Louse","floor":4,"turns":1},{"damage":26,"enemies":"Lagavulin Event","floor":5,"turns":9},{"damage":15,"enemies":"Gremlin Nob","floor":10,"turns":3},{"damage":0,"enemies":"Lagavulin","floor":12,"turns":6},{"damage":0,"enemies":"Cultist","floor":14,"turns":3},{"damage":6,"enemies":"Exordium Thugs","floor":15,"turns":3},{"damage":3,"enemies":"downfall:Ironclad","floor":16,"turns":9},{"damage":11,"enemies":"Spheric Guardian","floor":19,"turns":4},{"damage":10,"enemies":"Spheric Guardian","floor":20,"turns":6},{"damage":0,"enemies":"downfall:FleeingMerchant","floor":22,"turns":4},{"damage":24,"enemies":"Book of Stabbing","floor":23,"turns":5},{"damage":9,"enemies":"Shelled Parasite and Fungi","floor":29,"turns":4},{"damage":2,"enemies":"downfall:Watcher","floor":31,"turns":6},{"damage":0,"enemies":"Chosen and Byrds","floor":32,"turns":5},{"damage":0,"enemies":"downfall:Defect","floor":33,"turns":8},{"damage":12,"enemies":"3 Shapes","floor":36,"turns":4},{"damage":1,"enemies":"3 Darklings","floor":39,"turns":2},{"damage":62,"enemies":"Nemesis","floor":40,"turns":4}],"seed_played":"-8511079160960062283","potions_obtained":[{"floor":2,"key":"SteroidPotion"},{"floor":4,"key":"Fire Potion"},{"floor":9,"key":"AttackPotion"},{"floor":9,"key":"Guardian:DefensiveModePotion"},{"floor":14,"key":"Ancient Potion"}],"is_trial":false,"path_per_floor":["R","M","?","M","?","R","T","?","?","E","R","E","R","M","M","B",null,"R","M","?","?","$","E","T","R","T","R","?","M","R","?","M","B",null,"R","M","?","T","M","E"],"character_chosen":"GUARDIAN","items_purchased":["Guardian:TimeCapacitor","War Paint"],"campfire_rested":1,"item_purchase_floors":[22,22],"current_hp_per_floor":[72,65,65,65,39,39,39,39,39,24,24,24,24,24,18,25,60,60,49,39,39,39,15,15,15,15,15,15,6,27,25,25,50,67,67,55,55,55,54,0,0,0],"gold":744,"neow_bonus":"TRANSFORM_TWO_CARDS","is_daily":false,"chose_seed":false,"campfire_upgraded":8,"win_rate":0.0,"timestamp":1609135951,"path_taken":["R","M","?","M","?","R","T","?","?","E","R","E","R","?","M","BOSS","R","M","?","?","$","E","T","R","?","R","?","M","R","?","M","BOSS","R","M","?","?","?","E"],"items_purchased_type":["Card","Relic"],"build_version":"2020-12-22","purchased_purges":1,"victory":false,"max_hp_per_floor":[72,72,72,72,72,72,72,72,72,72,72,72,72,72,72,72,72,72,72,72,72,72,72,72,72,72,72,72,72,72,72,72,72,72,72,72,72,72,72,72,72,72],"card_choices":[{"not_picked":["Guardian:TimeBomb","Guardian:BronzeArmor"],"picked":"Guardian:MultiBeam","floor":2},{"not_picked":["Guardian:Harden","Guardian:Gem_Lightblue"],"picked":"Guardian:Gem_Yellow","floor":4},{"not_picked":["Guardian:TemporalShield","Guardian:Harden"],"picked":"Guardian:ChargeUp","floor":5},{"not_picked":["Guardian:CrystalBeam","Guardian:RefractedBeam"],"picked":"Guardian:TemporalShield","floor":10},{"not_picked":["Guardian:Reroute","Guardian:ChargeCore"],"picked":"Guardian:PrismaticBarrier","floor":12},{"not_picked":["Guardian:ChargeCore","Guardian:TemporalStrike"],"picked":"Guardian:Suspension","floor":14},{"not_picked":["Guardian:Reroute","Guardian:Preprogram"],"picked":"Guardian:Gem_Purple","floor":15},{"not_picked":["Guardian:GemFire","Guardian:ExploitGems"],"picked":"Guardian:TimeSifter","floor":16},{"not_picked":["Guardian:VentSteam","Guardian:PrimingBeam"],"picked":"Guardian:Gem_Cyan","floor":19},{"not_picked":["Guardian:Recover+1","Guardian:RollAttack"],"picked":"Guardian:Planning","floor":22},{"not_picked":["Guardian:ShieldSpikes","Guardian:FloatingOrbs"],"picked":"Guardian:PrismaticBeam+1","floor":23},{"not_picked":["Guardian:VentSteam","Guardian:PrimingBeam"],"picked":"Guardian:Gem_Green","floor":29},{"not_picked":["Guardian:Repulse","Guardian:GuardianWhirl"],"picked":"Guardian:DecasProtection","floor":31},{"not_picked":["Guardian:Gem_Fragmented","Guardian:VentSteam"],"picked":"Guardian:Gem_Green","floor":32},{"not_picked":["Guardian:AncientConstruct","Guardian:RevengeProtocol"],"picked":"Guardian:FastForward","floor":33},{"not_picked":["Guardian:SpikerProtocol","Guardian:Repulse+1"],"picked":"Guardian:Gem_Lightblue","floor":36},{"not_picked":["Guardian:PrismaticBeam+1","Guardian:TemporalShield"],"picked":"Guardian:Gem_Crimson","floor":39}],"player_experience":923193,"relics_obtained":[{"floor":5,"key":"Bronze Scales"},{"floor":7,"key":"Ancient Tea Set"},{"floor":10,"key":"Toy Ornithopter"},{"floor":12,"key":"Tiny Chest"},{"floor":23,"key":"Boot"},{"floor":24,"key":"MawBank"},{"floor":26,"key":"Thread and Needle"},{"floor":31,"key":"Girya"},{"floor":31,"key":"Pantograph"},{"floor":38,"key":"Lantern"}],"event_choices":[{"cards_removed":["Guardian:Strike_Guardian"],"damage_healed":0,"gold_gain":0,"player_choice":"Card Removal","damage_taken":0,"max_hp_gain":0,"max_hp_loss":0,"event_name":"The Cleric","floor":3,"gold_loss":0},{"damage_healed":0,"gold_gain":0,"player_choice":"Got Potions","damage_taken":0,"max_hp_gain":0,"max_hp_loss":0,"event_name":"Lab","floor":9,"gold_loss":0},{"damage_healed":0,"gold_gain":0,"player_choice":"Ignored","damage_taken":0,"max_hp_gain":0,"max_hp_loss":0,"event_name":"Ghosts","floor":21,"gold_loss":0}],"is_beta":false,"boss_relics":[{"not_picked":["Pandora\u0027s Box","Tiny House"],"picked":"Sozu"},{"not_picked":["Snecko Eye","Guardian:StasisSlotReductionRelic"],"picked":"Runic Dome"}],"items_purged_floors":[22],"is_endless":false,"potions_floor_spawned":[2,4,14,19,20,29,32,33,39],"killed_by":"Nemesis","ascension_level":5}}