{"host":"p4yrwepmrl4g8pul","time":1609147455,"event":{"mods":["Act Like it!","BaseMod","BetterRewards","Colored Map","Custom Start","Gensokyo","Marisa£®ÏF”Í°°ƒß¿Ì…≥£©","Minty Spire (QoL Compilation)","Quick Restart","Rare Cards Sparkle","Reimu£®≤©¿ˆ¡È√Œ£©","Remilia£®¿Ÿ√◊¿Ú—«£©","Remove Card Discount Mod","Shop Mod","StSLib","The Jungle"],"gold_per_floor":[113,113,113,113,130,130,144,138,138,152,152,185,265,188,188,267,267,287,287,537,554,569,595,545,545,545,578,300,300,317,317,317,394,394,407,407,407,407,407,434,344,2,2,2,2,2,2,20,20,20,20,20,20,12,39,39],"floor_reached":57,"playtime":2748,"items_purged":["Strike_RM","RedMoon","Strike_RM","Defend_RM","Strike_RM","Strike_RM","Defend_RM","ScarletDevilSign","ScarletShoot","Defend_RM","ScarletImprint+1","ScarletDevil","StarOfDavid","Blind+1","Defend_RM+1","BloodHunter"],"score":3740,"play_id":"a714364e-e0c4-49cb-ada5-f3c1bdc84593","local_time":"20201228172415","is_ascension_mode":true,"campfire_choices":[{"data":"UnstableMagic","floor":11.0,"key":"SMITH"},{"data":"SuperhumanBloodyKnife","floor":15.0,"key":"SMITH"},{"data":"Defend_RM","floor":25.0,"key":"SMITH"},{"data":"Blind","floor":29.0,"key":"SMITH"},{"floor":32.0,"key":"REST"},{"data":"Gensokyo:SevenSchoolMysteries","floor":46,"key":"SMITH"},{"floor":49,"key":"RECALL"},{"data":"EternalNight","floor":53,"key":"SMITH"}],"circlet_count":0,"master_deck":["AscendersBane","UnstableMagic+1","Deep Breath+1","EternalNight+1","SuperhumanBloodyKnife+1","Gensokyo:UnhurriedMind+1","Gensokyo:CustomPotion","Gensokyo:SevenSchoolMysteries+1","ScarletDevil+1"],"relics":["ScarletHat","Medical Kit","Juzu Bracelet","Mummified Hand","Bag of Preparation","HandDrill","Busted Crown","Gensokyo:ConquerorOfFear","Tiny Chest","RuthlessExorcism:ReiMu","Kunai","Ancient Tea Set","SlaversCollar","Mercury Hourglass","Pen Nib","ClockworkSouvenir","Regal Pillow","Toy Ornithopter"],"acts_visited":["Gensokyo:Gensokyo","Gensokyo:Gensokyoer","Gensokyo:Gensokyoest","TheEnding"],"potions_floor_usage":[],"damage_taken":[{"damage":0.0,"enemies":"Gensokyo:Gryphon","floor":1.0,"turns":3.0},{"damage":0.0,"enemies":"Gensokyo:2_Kodama","floor":5.0,"turns":4.0},{"damage":0.0,"enemies":"Gensokyo:Python","floor":7.0,"turns":2.0},{"damage":0.0,"enemies":"Gensokyo:LivingMonolith","floor":10.0,"turns":2.0},{"damage":4.0,"enemies":"Gensokyo:Cirno","floor":12.0,"turns":7.0},{"damage":0.0,"enemies":"Gensokyo:Yukari","floor":16.0,"turns":3.0},{"damage":13.0,"enemies":"Gensokyo:3_Dogs","floor":18.0,"turns":4.0},{"damage":3.0,"enemies":"Gensokyo:AngelMirror","floor":21.0,"turns":2.0},{"damage":9.0,"enemies":"Gensokyo:Swordslinger","floor":22.0,"turns":2.0},{"damage":40.0,"enemies":"Gensokyo:Tenshi","floor":23.0,"turns":3.0},{"damage":25.0,"enemies":"Gensokyo:Reisen","floor":27.0,"turns":3.0},{"damage":0.0,"enemies":"Gensokyo:Slime_Group","floor":30.0,"turns":3.0},{"damage":13.0,"enemies":"Gensokyo:Eiki","floor":33.0,"turns":6.0},{"damage":6.0,"enemies":"Gensokyo:3_Bats","floor":35.0,"turns":3.0},{"damage":63,"enemies":"Gensokyo:Marisa","floor":40,"turns":5},{"damage":0,"enemies":"Gensokyo:3_Boulders","floor":48,"turns":2},{"damage":0,"enemies":"Gensokyo:Shinki","floor":50,"turns":5},{"damage":0,"enemies":"Gensokyo:Scarlet_Devils","floor":51,"turns":5},{"damage":0,"enemies":"Shield and Spear","floor":55,"turns":1},{"damage":0,"enemies":"The Heart","floor":56,"turns":6}],"seed_played":"-8958827973280767922","potions_obtained":[{"floor":1.0,"key":"BlessingOfTheForge"},{"floor":22.0,"key":"AttackPotion"},{"floor":23.0,"key":"LiquidBronze"},{"floor":30.0,"key":"Swift Potion"},{"floor":40,"key":"Swift Potion"},{"floor":48,"key":"LiquidMemories"}],"is_trial":false,"path_per_floor":["M","?","?","?","M","?","M","$","T","M","R","E","?","$","R","B",null,"M","?","?","M","M","E","?","R","T","E","$","R","M","?","R","B",null,"M","?","T","?","?","E","?","COS","T","T","?","R","?","M","R","B","B",null,"R","$","E","B",null],"character_chosen":"REMILIA","items_purchased":["Medical Kit","UnstableMagic","Juzu Bracelet","ScarletDevilSign","Mummified Hand","BloodHunter","Bag of Preparation","HandDrill","Deep Breath","ScarletDevil","Block Potion","CharismaGuard","SuperhumanBloodyKnife","Blind","Ancient Tea Set"],"campfire_rested":1,"item_purchase_floors":[0,0,0,0,0,0,0,0,0,0,0,0,14,28,28],"current_hp_per_floor":[22,15,15,15,15,15,17,17,17,19,19,16,16,16,16,29,65,56,56,56,53,55,25,32,32,32,16,16,16,18,18,43,60,78,73,73,73,73,73,40,40,40,40,40,40,40,40,44,44,84,84,84,84,84,84,84],"gold":39,"neow_bonus":"","is_daily":false,"chose_seed":false,"campfire_upgraded":6,"win_rate":0.0,"timestamp":1609147455,"path_taken":["M","?","?","?","M","?","M","$","T","M","R","E","?","?","R","BOSS","M","?","?","M","M","E","?","R","T","E","$","R","M","?","R","BOSS","M","?","?","?","?","E","?","COS","T","?","?","R","?","M","R","BOSS","BOSS","R","$","E","BOSS"],"items_purchased_type":["Relic","Card","Relic","Card","Relic","Card","Relic","Relic","Card","Card","Potion","Card","Card","Card","Relic"],"build_version":"2020-12-22","purchased_purges":16,"victory":true,"max_hp_per_floor":[70,77,77,77,77,77,77,77,77,77,77,77,77,77,77,77,77,77,77,77,77,77,77,84,84,84,84,84,84,84,84,84,84,84,84,84,84,84,84,84,84,84,84,84,84,84,84,84,84,84,84,84,84,84,84,84],"card_choices":[{"not_picked":["EndlessAdversity","BombardNight"],"picked":"EternalNight","floor":1.0},{"not_picked":["UltimateOffering","RedMagic","BlasphemousPunishment"],"picked":"SKIP","floor":5.0},{"not_picked":["Septette","Stigmanizer"],"picked":"StarOfDavid","floor":7.0},{"not_picked":["FavorOfDestiny","RedRainbow","NightDance"],"picked":"SKIP","floor":10.0},{"not_picked":["ScarletDevil","ForbiddenFruit","ScarletGensokyo"],"picked":"SKIP","floor":12.0},{"not_picked":["ScarletDevilSign"],"picked":"SKIP","floor":18.0},{"not_picked":["VampireClaw"],"picked":"SKIP","floor":21.0},{"not_picked":[],"picked":"ScarletImprint+1","floor":22.0},{"not_picked":["Stigmanizer"],"picked":"SKIP","floor":23.0},{"not_picked":["VampireKiss"],"picked":"SKIP","floor":27.0},{"not_picked":["FavorOfDestiny"],"picked":"SKIP","floor":30.0},{"not_picked":["UnderTheZenith"],"picked":"SKIP","floor":35.0},{"not_picked":["Gensokyo:HouraiInAPot","Gensokyo:MorningMist"],"picked":"Gensokyo:UnhurriedMind","floor":38},{"not_picked":["CharismaGuard"],"picked":"SKIP","floor":40},{"not_picked":["EndlessAdversity"],"picked":"SKIP","floor":48},{"not_picked":["ScarletDevil+1"],"picked":"SKIP","floor":55},{"not_picked":[],"picked":"ScarletDevil+1","floor":55}],"player_experience":728794,"relics_obtained":[{"floor":21.0,"key":"Gensokyo:ConquerorOfFear"},{"floor":23.0,"key":"Tiny Chest"},{"floor":26.0,"key":"RuthlessExorcism:ReiMu"},{"floor":27.0,"key":"Kunai"},{"floor":37,"key":"Mercury Hourglass"},{"floor":40,"key":"Pen Nib"},{"floor":44,"key":"Regal Pillow"},{"floor":55,"key":"Toy Ornithopter"}],"event_choices":[],"is_beta":false,"boss_relics":[{"not_picked":["Coffee Dripper","Pandora\u0027s Box"],"picked":"Busted Crown"},{"not_picked":["Snecko Eye","RedLine:ReiMu"],"picked":"SlaversCollar"}],"items_purged_floors":[0,0,0,0,0,0,0,8,8,8,28,28,54,54,54,54],"is_endless":false,"potions_floor_spawned":[1,10,22,23,30,40,48,55],"ascension_level":20}}