{"host":"j3hagc6u6cazrqfv","time":1609181626,"event":{"mods":["AchievementEnabler","BaseMod","DeckTracker","Minty Spire (QoL Compilation)","Permanent Neow","Rare Cards Sparkle","StSLib"],"gold_per_floor":[110,110,67,67,7,7,21,21,21,33,33,33,44,104,104,104,104],"floor_reached":16,"playtime":365,"items_purged":[],"score":176,"play_id":"c57a68fc-90da-4cf3-8b5e-17d803e86256","local_time":"20201229035346","is_ascension_mode":true,"campfire_choices":[{"data":"Skewer","floor":6.0,"key":"SMITH"},{"data":"Neutralize","floor":8.0,"key":"SMITH"},{"data":"Poisoned Stab","floor":11.0,"key":"SMITH"},{"data":"Leg Sweep","floor":15,"key":"SMITH"}],"circlet_count":0,"master_deck":["AscendersBane","Strike_G","Strike_G","Strike_G","Strike_G","Strike_G","Defend_G","Defend_G","Defend_G","Defend_G","Defend_G","Survivor","Neutralize+1","Heel Hook","Skewer+1","Poisoned Stab+1","Leg Sweep+1"],"relics":["Runic Pyramid","InkBottle","The Specimen","Singing Bowl","Lantern"],"acts_visited":["Exordium"],"potions_floor_usage":[16],"damage_taken":[{"damage":5.0,"enemies":"Small Slimes","floor":1.0,"turns":5.0},{"damage":0.0,"enemies":"Cultist","floor":7.0,"turns":4.0},{"damage":1.0,"enemies":"2 Louse","floor":10.0,"turns":2.0},{"damage":2.0,"enemies":"Red Slaver","floor":13.0,"turns":3.0},{"damage":15,"enemies":"3 Sentries","floor":14,"turns":9},{"damage":27,"enemies":"The Guardian","floor":16,"turns":6}],"seed_played":"2234217155380687047","potions_obtained":[{"floor":7.0,"key":"Energy Potion"},{"floor":13.0,"key":"BlessingOfTheForge"}],"is_trial":false,"path_per_floor":["M","?","$","T","?","R","M","R","T","M","R","$","M","?","R","B"],"character_chosen":"THE_SILENT","items_purchased":["Skewer"],"campfire_rested":0,"item_purchase_floors":[3],"current_hp_per_floor":[54,54,54,54,54,54,54,54,54,53,53,53,51,38,38,11,11],"gold":104,"neow_bonus":"BOSS_RELIC","is_daily":false,"chose_seed":false,"campfire_upgraded":4,"win_rate":0.0,"timestamp":1609181626,"path_taken":["M","?","$","?","?","R","M","R","T","M","R","$","?","?","R","BOSS"],"items_purchased_type":["Card"],"build_version":"2020-12-22","purchased_purges":0,"victory":false,"max_hp_per_floor":[66,66,66,66,66,66,66,66,66,66,66,66,66,68,68,68,68],"card_choices":[{"not_picked":["Deadly Poison","Cloak And Dagger"],"picked":"Heel Hook","floor":1.0},{"not_picked":["Infinite Blades","Masterful Stab","Skewer"],"picked":"SKIP","floor":7.0},{"not_picked":["Outmaneuver","Dodge and Roll"],"picked":"Poisoned Stab","floor":10.0},{"not_picked":["Predator","Slice"],"picked":"Leg Sweep","floor":13.0},{"not_picked":["Eviscerate","Blade Dance","PiercingWail"],"picked":"Singing Bowl","floor":14}],"player_experience":3851,"relics_obtained":[{"floor":4.0,"key":"InkBottle"},{"floor":9.0,"key":"Singing Bowl"}],"event_choices":[{"damage_healed":0.0,"max_hp_gain":0.0,"max_hp_loss":0.0,"gold_gain":0.0,"event_name":"Match and Keep!","player_choice":"0 cards matched","floor":2.0,"gold_loss":0.0,"damage_taken":0.0,"cards_obtained":[]},{"damage_healed":0.0,"max_hp_gain":0.0,"max_hp_loss":0.0,"gold_gain":0.0,"event_name":"WeMeetAgain","player_choice":"Paid Gold","floor":5.0,"gold_loss":60.0,"damage_taken":0.0,"relics_obtained":["The Specimen"]},{"damage_healed":0,"gold_gain":0,"player_choice":"Searched \u00272\u0027 times","damage_taken":0,"relics_obtained":["Lantern"],"max_hp_gain":0,"max_hp_loss":0,"event_name":"Dead Adventurer","floor":14,"gold_loss":0}],"is_beta":false,"boss_relics":[],"items_purged_floors":[],"is_endless":false,"potions_floor_spawned":[7,13],"killed_by":"The Guardian","ascension_level":20}}