{"host":"l017gercouzhorma","time":1609199145,"event":{"mods":["AchievementEnabler","Aspiration","BaseMod","Challenge The Spire","Conspire","Downfall","Halation","Hermit","Hubris","Infinite Spire","Jorbs\u0027s Wanderer Trilogy","Mad Scientist","Marisa????????","Mimic Mod","Minty Spire (QoL Compilation)","Random Character Button","Rare Cards Sparkle","Relic Stats","Replay The Spire","Shade Mod","StSLib","The Cursed","The Disciple","The Hierophant","The Jungle","The Runesmith","The Servant 0.9.4"],"gold_per_floor":[115,130,149,149,168,185,204,71,97,137,165,31,62,77,77,181,181,198,209,228,37,37,37],"floor_reached":22,"playtime":5412,"items_purged":[],"score":202,"play_id":"b3c02514-f9e3-4939-9408-83ab2b484014","local_time":"20201228164545","is_ascension_mode":false,"campfire_choices":[{"floor":15.0,"key":"REST"}],"circlet_count":0,"master_deck":["Strike_MRS","Strike_MRS","Strike_MRS","Strike_MRS","Defend_MRS","Defend_MRS","Defend_MRS","Defend_MRS","MasterSpark","UpSweep","PropBag","DarkMatter","CollectingQuirk","DC","OpenUniverse","MysteriousBeam","SporeBomb","DeepEcoloBomb","EventHorizon","DoubleSpark","PowerUp","NonDirectionalLaser","TreasureHunter","PowerUp","PropBag","MilkyWay","Pot Of Greed","Pot Of Greed","Pot Of Greed"],"relics":["Bronze Scales","m_SpellCore","MawBank","Tiny Chest","halation:Sosunser","Kunai","Replay:Bronze Core","Grinning Jar","Meat on the Bone"],"acts_visited":["Exordium","TheCity"],"potions_floor_usage":[],"damage_taken":[{"damage":6.0,"enemies":"Jaw Worm","floor":1.0,"turns":3.0},{"damage":2.0,"enemies":"Small Slimes","floor":2.0,"turns":2.0},{"damage":0.0,"enemies":"Cultist","floor":3.0,"turns":3.0},{"damage":13.0,"enemies":"Red Slaver","floor":5.0,"turns":3.0},{"damage":2.0,"enemies":"3 Louse","floor":6.0,"turns":2.0},{"damage":2.0,"enemies":"Large Slime","floor":7.0,"turns":5.0},{"damage":8.0,"enemies":"3 Sentries","floor":10.0,"turns":6.0},{"damage":13.0,"enemies":"Red Slaver","floor":11.0,"turns":2.0},{"damage":12.0,"enemies":"Gremlin Nob","floor":13.0,"turns":3.0},{"damage":10.0,"enemies":"Looter","floor":14.0,"turns":1.0},{"damage":35.0,"enemies":"Fading Forest","floor":16.0,"turns":11.0},{"damage":3.0,"enemies":"Spheric Guardian","floor":18.0,"turns":4.0},{"damage":34.0,"enemies":"3 Byrds","floor":19.0,"turns":3.0},{"damage":33.0,"enemies":"Cultist and Chosen","floor":20.0,"turns":7.0},{"damage":13,"enemies":"Shelled Parasite and Fungi","floor":22,"turns":2}],"seed_played":"-2639252315968050312","potions_obtained":[{"floor":1.0,"key":"ColorlessPotion"},{"floor":7.0,"key":"Fire Potion"},{"floor":13.0,"key":"BottledSpark"},{"floor":14.0,"key":"Block Potion"},{"floor":16.0,"key":"SteroidPotion"},{"floor":19.0,"key":"Dexterity Potion"}],"is_trial":false,"path_per_floor":["M","M","M","?","M","M","M","$","T","E","M","$","E","M","R","B",null,"M","M","M","$","M"],"character_chosen":"MARISA","items_purchased":["SporeBomb","DeepEcoloBomb","halation:Sosunser","MilkyWay","Grinning Jar"],"campfire_rested":1,"item_purchase_floors":[8,8,12,21,21],"current_hp_per_floor":[69,67,67,67,54,52,50,50,50,42,29,29,17,7,29,10,75,72,38,17,17,4,4],"gold":37,"neow_bonus":"RANDOM_COMMON_RELIC","is_daily":false,"chose_seed":false,"campfire_upgraded":0,"win_rate":0.0,"timestamp":1609199145,"path_taken":["M","M","M","?","?","M","M","$","T","E","M","?","E","M","R","BOSS","M","M","M","$","M"],"items_purchased_type":["Card","Card","Relic","Card","Relic"],"build_version":"2020-12-22","purchased_purges":0,"victory":false,"max_hp_per_floor":[75,75,75,75,75,75,75,75,75,75,75,75,75,75,75,75,75,75,75,75,75,75,75],"relic_stats":{"counters":[15,57],"Bronze Scales":[139],"Tiny Chest":0,"Kunai":[14],"MawBank":36,"obtain_stats":[{"AmplifyWand":3,"Gremlin Horn":5,"halation:Sosunser":12,"Blue Candle":20,"Letter Opener":2,"MawBank":9,"Mercury Hourglass":16,"m_SpellCore":4,"Sundial":6,"Shuriken":13,"Ornamental Fan":18,"Bronze Scales":0,"Replay:Bronze Core":17,"Tiny Chest":10,"MiniHakkero":0,"Kunai":13,"Grinning Jar":21,"Meat on the Bone":20},{"AmplifyWand":3,"Gremlin Horn":4,"halation:Sosunser":8,"Blue Candle":14,"Letter Opener":2,"MawBank":6,"Mercury Hourglass":11,"m_SpellCore":3,"Sundial":5,"Shuriken":9,"Ornamental Fan":12,"Bronze Scales":0,"Replay:Bronze Core":11,"Tiny Chest":7,"MiniHakkero":0,"Kunai":9,"Grinning Jar":14,"Meat on the Bone":14},{"AmplifyWand":6,"Gremlin Horn":10,"halation:Sosunser":26,"Blue Candle":51,"Letter Opener":5,"MawBank":18,"Mercury Hourglass":34,"m_SpellCore":8,"Sundial":12,"Shuriken":27,"Ornamental Fan":43,"Bronze Scales":0,"Replay:Bronze Core":41,"Tiny Chest":24,"MiniHakkero":0,"Kunai":29,"Grinning Jar":55,"Meat on the Bone":50}],"Meat on the Bone":12},"card_choices":[{"not_picked":["MysteriousBeam","IllusionStar"],"picked":"PropBag","floor":1.0},{"not_picked":["GrandCross","ManaConvection"],"picked":"DarkMatter","floor":2.0},{"not_picked":["Acceleration","SporeBomb"],"picked":"CollectingQuirk","floor":3.0},{"not_picked":["GravityBeat","Acceleration"],"picked":"DC","floor":5.0},{"not_picked":["WitchLeyline","MilkyWay"],"picked":"OpenUniverse","floor":6.0},{"not_picked":["DC","IllusionStar"],"picked":"MysteriousBeam","floor":7.0},{"not_picked":["NonDirectionalLaser","Fusion"],"picked":"EventHorizon","floor":10.0},{"not_picked":["MilkyWay","Meteor Strike"],"picked":"DoubleSpark","floor":11.0},{"not_picked":["Replay:Spark Circuitry","Biased Cognition"],"picked":"PowerUp","floor":13.0},{"not_picked":["Go for the Eyes","IllusionStar"],"picked":"NonDirectionalLaser","floor":14.0},{"not_picked":["Multi-Cast","Fission"],"picked":"TreasureHunter","floor":16.0},{"not_picked":["Acceleration","IllusionStar"],"picked":"PowerUp","floor":18.0},{"not_picked":["WitchLeyline","MysteriousBeam+1"],"picked":"PropBag","floor":19.0},{"not_picked":["UnstableBomb","DC","GalacticHalo"],"picked":"SKIP","floor":20}],"player_experience":793723,"relics_obtained":[{"floor":9.0,"key":"MawBank"},{"floor":10.0,"key":"Tiny Chest"},{"floor":13.0,"key":"Kunai"}],"event_choices":[],"is_beta":false,"boss_relics":[{"not_picked":["infinitespire:Cupcake","aspiration:FutureDiary"],"picked":"Replay:Bronze Core"}],"items_purged_floors":[],"is_endless":false,"potions_floor_spawned":[1,7,13,14,16,19],"killed_by":"Shelled Parasite and Fungi","ascension_level":0}}