{"host":"f7mgfv1rcbv6ir5v","time":1609148454,"event":{"mods":["BaseMod","Bestiary","Colored Map","Colored Powertips","Highlight Path","Minty Spire (QoL Compilation)","Relic Stats","StSLib"],"gold_per_floor":[111,11,86,86,99,99,125,141,141,141,153,180,180,12,12,110,110,128,88,106,121,121,121,147,147,170,184,218,318,33,45,45,148,148,162,178,18,68,0,0,30,30,30,30,59,59,59,74,74,74,74,74,24,57,57],"floor_reached":56,"playtime":6926,"items_purged":["Strike_P","Strike_P","Defend_P+1"],"score":1734,"play_id":"10d31476-a6fc-432d-a6c5-c94681671a25","local_time":"20201228014054","is_ascension_mode":true,"campfire_choices":[{"floor":6,"key":"REST"},{"data":"CrushJoints","floor":10,"key":"SMITH"},{"data":"Vault","floor":13,"key":"SMITH"},{"data":"Wallop","floor":15,"key":"SMITH"},{"data":"Conclude","floor":23,"key":"SMITH"},{"data":"FlurryOfBlows","floor":25,"key":"SMITH"},{"floor":32,"key":"REST"},{"data":"CutThroughFate","floor":40,"key":"SMITH"},{"floor":42,"key":"RECALL"}],"circlet_count":0,"master_deck":["Strike_P+1","Strike_P+1","Defend_P+1","Defend_P+1","Eruption+1","Vigilance+1","Vault+1","CrushJoints+1","CutThroughFate+1","Conclude+1","FlurryOfBlows+1","DeusExMachina+1","Wallop+1","LessonLearned+1","Protect+1","Evaluate+1","Adaptation+1","ThirdEye+1","EmptyBody+1","FearNoEvil+1","SpiritShield+1","WheelKick+1","Wireheading+1","EmptyMind+1","DeceiveReality+1","FlurryOfBlows+1","LikeWater+1"],"relics":["HolyWater","Sundial","Happy Flower","Bronze Scales","Calipers","Smiling Mask","Frozen Egg 2","Incense Burner","Ornamental Fan","Membership Card","TeardropLocket","Coffee Dripper","White Beast Statue","StoneCalendar","Red Mask","Akabeko","Bag of Marbles","FossilizedHelix"],"acts_visited":["Exordium","TheCity","TheBeyond","TheEnding"],"potions_floor_usage":[7,12,24,28,29,33,36,55,55,55],"damage_taken":[{"damage":1,"enemies":"Jaw Worm","floor":1,"turns":5},{"damage":0,"enemies":"2 Louse","floor":5,"turns":4},{"damage":0,"enemies":"Gremlin Nob","floor":7,"turns":2},{"damage":0,"enemies":"Cultist","floor":8,"turns":2},{"damage":0,"enemies":"Blue Slaver","floor":11,"turns":4},{"damage":0,"enemies":"3 Sentries","floor":12,"turns":2},{"damage":0,"enemies":"Slime Boss","floor":16,"turns":4},{"damage":9,"enemies":"Shell Parasite","floor":18,"turns":2},{"damage":0,"enemies":"Chosen","floor":20,"turns":4},{"damage":0,"enemies":"Snecko","floor":21,"turns":3},{"damage":0,"enemies":"Gremlin Leader","floor":24,"turns":7},{"damage":1,"enemies":"Chosen and Byrds","floor":27,"turns":3},{"damage":21,"enemies":"Book of Stabbing","floor":28,"turns":5},{"damage":7,"enemies":"Colosseum Slavers","floor":29,"turns":4},{"damage":0,"enemies":"Colosseum Nobs","floor":29,"turns":4},{"damage":0,"enemies":"3 Cultists","floor":31,"turns":5},{"damage":9,"enemies":"Champ","floor":33,"turns":8},{"damage":0,"enemies":"3 Shapes","floor":35,"turns":4},{"damage":10,"enemies":"3 Darklings","floor":36,"turns":12},{"damage":3,"enemies":"Mind Bloom Boss Battle","floor":38,"turns":7},{"damage":0,"enemies":"Nemesis","floor":41,"turns":5},{"damage":0,"enemies":"Giant Head","floor":45,"turns":7},{"damage":0,"enemies":"Maw","floor":48,"turns":6},{"damage":21,"enemies":"Time Eater","floor":50,"turns":14},{"damage":27,"enemies":"Shield and Spear","floor":54,"turns":7},{"damage":10,"enemies":"The Heart","floor":55,"turns":11}],"seed_played":"6413915123476952091","potions_obtained":[{"floor":5,"key":"ColorlessPotion"},{"floor":7,"key":"CultistPotion"},{"floor":11,"key":"Strength Potion"},{"floor":19,"key":"Swift Potion"},{"floor":19,"key":"FearPotion"},{"floor":27,"key":"CultistPotion"},{"floor":28,"key":"FearPotion"},{"floor":29,"key":"LiquidBronze"},{"floor":33,"key":"Ancient Potion"},{"floor":35,"key":"StancePotion"},{"floor":38,"key":"BlessingOfTheForge"},{"floor":45,"key":"Explosive Potion"},{"floor":54,"key":"Ancient Potion"}],"is_trial":false,"path_per_floor":["M","$","?","?","M","R","E","M","T","R","M","E","R","$","R","B",null,"M","?","M","M","?","R","E","R","T","M","E","?","$","M","R","B",null,"M","M","$","?","?","R","E","R","T","?","E","?","R","M","R","B",null,"R","$","E","B",null],"character_chosen":"WATCHER","items_purchased":["CutThroughFate","Wallop","Membership Card","TeardropLocket","Wireheading+1","White Beast Statue"],"campfire_rested":2,"item_purchase_floors":[2,14,30,30,37,37],"current_hp_per_floor":[46,46,35,40,40,63,63,63,63,63,63,63,63,63,63,63,74,65,65,65,65,65,65,65,65,65,64,43,36,36,36,59,50,70,70,60,60,57,57,57,57,57,57,57,57,57,57,57,57,36,64,64,64,37,27],"gold":57,"neow_bonus":"THREE_RARE_CARDS","is_daily":false,"chose_seed":false,"campfire_upgraded":6,"win_rate":0.0,"timestamp":1609148454,"path_taken":["M","$","?","?","M","R","E","M","T","R","M","E","R","?","R","BOSS","M","?","?","M","?","R","E","R","T","M","E","?","?","M","R","BOSS","M","M","$","?","?","R","E","R","T","?","E","?","R","M","R","BOSS","R","$","E","BOSS"],"items_purchased_type":["Card","Card","Relic","Relic","Card","Relic"],"build_version":"2020-12-22","purchased_purges":3,"victory":true,"max_hp_per_floor":[72,72,72,77,77,77,77,77,77,77,77,77,77,77,77,77,77,77,77,77,77,77,77,77,77,77,77,77,77,77,77,77,77,77,77,77,77,77,77,77,77,77,77,73,73,73,73,73,73,73,73,73,73,73,73],"relic_stats":{"Happy Flower":[42],"counters":[26,141],"Sundial":[22],"Ornamental Fan":[176],"Bronze Scales":[402],"StoneCalendar":[110],"Smiling Mask":13,"obtain_stats":[{"Calipers":24,"Happy Flower":9,"StoneCalendar":38,"Incense Burner":29,"TeardropLocket":30,"Frozen Egg 2":28,"Smiling Mask":26,"White Beast Statue":37,"Akabeko":41,"Sundial":7,"Ornamental Fan":29,"Bronze Scales":12,"HolyWater":17,"Coffee Dripper":34,"Red Mask":39,"Bag of Marbles":45,"Membership Card":30,"PureWater":0,"FossilizedHelix":54},{"Calipers":11,"Happy Flower":4,"StoneCalendar":20,"Incense Burner":15,"TeardropLocket":15,"Frozen Egg 2":13,"Smiling Mask":11,"White Beast Statue":19,"Akabeko":21,"Sundial":3,"Ornamental Fan":15,"Bronze Scales":6,"HolyWater":7,"Coffee Dripper":17,"Red Mask":20,"Bag of Marbles":22,"Membership Card":15,"PureWater":0,"FossilizedHelix":25},{"Calipers":39,"Happy Flower":13,"StoneCalendar":91,"Incense Burner":55,"TeardropLocket":55,"Frozen Egg 2":47,"Smiling Mask":39,"White Beast Statue":84,"Akabeko":96,"Sundial":11,"Ornamental Fan":55,"Bronze Scales":19,"HolyWater":23,"Coffee Dripper":68,"Red Mask":91,"Bag of Marbles":103,"Membership Card":55,"PureWater":0,"FossilizedHelix":130}]},"card_choices":[{"not_picked":["Brilliance","Omniscience"],"picked":"Vault","floor":0},{"not_picked":["EmptyBody","ClearTheMind"],"picked":"CrushJoints","floor":1},{"not_picked":["WreathOfFlame","ForeignInfluence","SashWhip"],"picked":"SKIP","floor":5},{"not_picked":["ReachHeaven","CutThroughFate"],"picked":"Conclude","floor":7},{"not_picked":["Pray","JustLucky"],"picked":"FlurryOfBlows","floor":8},{"not_picked":["PathToVictory","Protect"],"picked":"DeusExMachina","floor":11},{"not_picked":["EmptyFist","Perseverance","CutThroughFate"],"picked":"SKIP","floor":12},{"not_picked":["Devotion","Omniscience"],"picked":"LessonLearned","floor":16},{"not_picked":["FollowUp+1","Indignation+1"],"picked":"Protect","floor":18},{"not_picked":["Fasting2+1","Perseverance"],"picked":"Evaluate","floor":20},{"not_picked":["Perseverance","EmptyBody"],"picked":"Adaptation+1","floor":21},{"not_picked":["WheelKick","Vengeance+1"],"picked":"ThirdEye+1","floor":24},{"not_picked":["Crescendo+1","CrushJoints"],"picked":"EmptyBody+1","floor":27},{"not_picked":["Judgement","Halt","FollowUp"],"picked":"SKIP","floor":28},{"not_picked":["InnerPeace+1","BowlingBash"],"picked":"FearNoEvil","floor":31},{"not_picked":["Blasphemy","Alpha"],"picked":"SpiritShield","floor":33},{"not_picked":["Collect","EmptyBody+1","BowlingBash"],"picked":"SKIP","floor":35},{"not_picked":["Halt","FearNoEvil"],"picked":"WheelKick+1","floor":36},{"not_picked":["Swivel+1","Consecrate+1"],"picked":"EmptyMind+1","floor":38},{"not_picked":["Conclude+1","Study+1"],"picked":"DeceiveReality+1","floor":41},{"not_picked":["ConjureBlade","JustLucky"],"picked":"FlurryOfBlows+1","floor":45},{"not_picked":["Halt+1","JustLucky"],"picked":"LikeWater+1","floor":48},{"not_picked":["EmptyFist","ThirdEye+1","Wireheading+1"],"picked":"SKIP","floor":54}],"player_experience":371126,"relics_obtained":[{"floor":7,"key":"Sundial"},{"floor":9,"key":"Happy Flower"},{"floor":12,"key":"Bronze Scales"},{"floor":24,"key":"Calipers"},{"floor":26,"key":"Smiling Mask"},{"floor":28,"key":"Frozen Egg 2"},{"floor":29,"key":"Incense Burner"},{"floor":29,"key":"Ornamental Fan"},{"floor":38,"key":"StoneCalendar"},{"floor":41,"key":"Akabeko"},{"floor":45,"key":"Bag of Marbles"},{"floor":54,"key":"FossilizedHelix"}],"event_choices":[{"damage_healed":0,"gold_gain":75,"player_choice":"Gather Gold","damage_taken":11,"max_hp_gain":0,"max_hp_loss":0,"event_name":"World of Goop","floor":3,"gold_loss":0},{"damage_healed":0,"gold_gain":0,"player_choice":"Donut","damage_taken":0,"max_hp_gain":5,"max_hp_loss":0,"event_name":"Big Fish","floor":4,"gold_loss":0},{"damage_healed":0,"gold_gain":0,"player_choice":"Bought 3 Potions","damage_taken":0,"max_hp_gain":0,"max_hp_loss":0,"event_name":"The Woman in Blue","floor":19,"gold_loss":0},{"damage_healed":0,"gold_gain":0,"player_choice":"Ignored","damage_taken":0,"max_hp_gain":0,"max_hp_loss":0,"event_name":"Vampires","floor":22,"gold_loss":0},{"damage_healed":0,"gold_gain":0,"player_choice":"Fight","damage_taken":0,"max_hp_gain":0,"max_hp_loss":0,"event_name":"Colosseum","floor":29,"gold_loss":0},{"damage_healed":0,"gold_gain":0,"player_choice":"Fought Nobs","damage_taken":0,"max_hp_gain":0,"max_hp_loss":0,"event_name":"Colosseum","floor":29,"gold_loss":0},{"damage_healed":0,"gold_gain":0,"player_choice":"Fight","damage_taken":0,"max_hp_gain":0,"max_hp_loss":0,"event_name":"MindBloom","floor":38,"gold_loss":0},{"damage_healed":0,"gold_gain":0,"player_choice":"Paid","damage_taken":0,"relics_obtained":["Red Mask"],"max_hp_gain":0,"max_hp_loss":0,"event_name":"Tomb of Lord Red Mask","floor":39,"gold_loss":68},{"damage_healed":0,"gold_gain":0,"player_choice":"Max HP","damage_taken":0,"max_hp_gain":0,"max_hp_loss":4,"event_name":"Winding Halls","floor":44,"gold_loss":0},{"cards_removed":["Defend_P"],"damage_healed":0,"gold_gain":0,"player_choice":"Purged","damage_taken":0,"max_hp_gain":0,"max_hp_loss":0,"event_name":"Purifier","floor":46,"gold_loss":0}],"is_beta":false,"boss_relics":[{"not_picked":["Sozu","Philosopher\u0027s Stone"],"picked":"HolyWater"},{"not_picked":["Pandora\u0027s Box","Black Star"],"picked":"Coffee Dripper"}],"items_purged_floors":[2,14,53],"is_endless":false,"potions_floor_spawned":[5,7,11,20,27,28,29,33,35,38,41,45,48,54],"ascension_level":7}}