{"host":"wbjiqg83duq292na","time":1609172123,"event":{"mods":["BaseMod","Minty Spire (QoL Compilation)"],"gold_per_floor":[110,110,110,60,79,119,134,148,148,148,148,166,209,59,59,184,184,204,225,45,65,65,65],"floor_reached":22,"playtime":1215,"items_purged":[],"score":206,"play_id":"c6f2cc90-c64c-4ecc-99be-79df2ce34900","local_time":"20201228141523","is_ascension_mode":true,"campfire_choices":[{"floor":11,"key":"REST"},{"floor":15,"key":"REST"}],"circlet_count":0,"master_deck":["Survivor+1","Neutralize","Bouncing Flask","Noxious Fumes","Backstab","Dagger Throw","Poisoned Stab","Night Terror","After Image","A Thousand Cuts","Deadly Poison","Dodge and Roll","Blur","Quick Slash","Expertise","Deadly Poison","Deadly Poison","Caltrops","Sadistic Nature","Footwork+1"],"relics":["Ring of the Snake","Golden Idol","Bag of Preparation","Bottled Flame","TwistedFunnel","Pandora\u0027s Box"],"acts_visited":["Exordium","TheCity"],"potions_floor_usage":[6,16,22,22],"damage_taken":[{"damage":0,"enemies":"Jaw Worm","floor":1,"turns":6},{"damage":0,"enemies":"Small Slimes","floor":5,"turns":3},{"damage":3,"enemies":"Gremlin Nob","floor":6,"turns":4},{"damage":0,"enemies":"2 Louse","floor":7,"turns":3},{"damage":0,"enemies":"Exordium Wildlife","floor":8,"turns":3},{"damage":7,"enemies":"3 Louse","floor":12,"turns":4},{"damage":19,"enemies":"3 Sentries","floor":13,"turns":8},{"damage":30,"enemies":"The Guardian","floor":16,"turns":7},{"damage":33,"enemies":"3 Byrds","floor":18,"turns":3},{"damage":20,"enemies":"2 Thieves","floor":19,"turns":4},{"damage":16,"enemies":"Centurion and Healer","floor":21,"turns":5},{"damage":8,"enemies":"Cultist and Chosen","floor":22,"turns":4}],"seed_played":"-3864842765597739228","potions_obtained":[{"floor":5,"key":"AttackPotion"},{"floor":6,"key":"SpeedPotion"},{"floor":7,"key":"ColorlessPotion"},{"floor":16,"key":"SmokeBomb"},{"floor":19,"key":"Swift Potion"}],"is_trial":false,"path_per_floor":["M","?","?","?","M","E","M","M","T","?","R","M","E","$","R","B",null,"M","M","$","M","M"],"character_chosen":"THE_SILENT","items_purchased":["TwistedFunnel","Sadistic Nature"],"campfire_rested":2,"item_purchase_floors":[14,20],"current_hp_per_floor":[77,58,43,43,43,40,40,40,40,40,63,56,37,37,60,30,77,44,24,24,8,0,0],"gold":65,"neow_bonus":"TEN_PERCENT_HP_BONUS","is_daily":false,"chose_seed":false,"campfire_upgraded":0,"win_rate":0.0,"timestamp":1609172123,"path_taken":["M","?","?","?","?","E","M","M","T","?","R","M","E","?","R","BOSS","M","M","?","M","M"],"items_purchased_type":["Relic","Card"],"build_version":"2020-12-22","purchased_purges":0,"victory":false,"max_hp_per_floor":[77,77,77,77,77,77,77,77,77,77,77,77,77,77,77,77,77,77,77,77,77,77,77],"card_choices":[{"not_picked":["Deadly Poison","Underhanded Strike"],"picked":"Bouncing Flask","floor":1},{"not_picked":["Well Laid Plans","Poisoned Stab"],"picked":"Noxious Fumes","floor":5},{"not_picked":["Cloak And Dagger","Dagger Spray","Heel Hook"],"picked":"SKIP","floor":6},{"not_picked":["Quick Slash","Heel Hook"],"picked":"Backstab","floor":7},{"not_picked":["Blur","Choke","Sucker Punch"],"picked":"SKIP","floor":8},{"not_picked":["Endless Agony","Acrobatics"],"picked":"Dagger Throw","floor":12},{"not_picked":["Setup","Leg Sweep"],"picked":"Poisoned Stab","floor":13},{"not_picked":["Storm of Steel","Grand Finale"],"picked":"Night Terror","floor":16},{"not_picked":["Dagger Throw","Sucker Punch+1"],"picked":"Deadly Poison","floor":18},{"not_picked":["Heel Hook","Tactician"],"picked":"Caltrops","floor":19},{"not_picked":["Dagger Spray","Backflip"],"picked":"Footwork+1","floor":21}],"player_experience":244038,"relics_obtained":[{"floor":6,"key":"Bag of Preparation"},{"floor":13,"key":"Bottled Flame"}],"event_choices":[{"damage_healed":0,"gold_gain":0,"player_choice":"Take Damage","damage_taken":19,"relics_obtained":["Golden Idol"],"max_hp_gain":0,"max_hp_loss":0,"event_name":"Golden Idol","floor":2,"gold_loss":0},{"damage_healed":0,"gold_gain":0,"player_choice":"Entered Light","damage_taken":15,"max_hp_gain":0,"max_hp_loss":0,"event_name":"Shining Light","floor":3,"gold_loss":0,"cards_upgraded":["Survivor","Strike_G"]},{"cards_removed":["Strike_G"],"damage_healed":0,"gold_gain":0,"player_choice":"Card Removal","damage_taken":0,"max_hp_gain":0,"max_hp_loss":0,"event_name":"The Cleric","floor":4,"gold_loss":50},{"cards_removed":["Strike_G"],"damage_healed":0,"gold_gain":0,"player_choice":"Forget","damage_taken":0,"max_hp_gain":0,"max_hp_loss":0,"event_name":"Living Wall","floor":10,"gold_loss":0}],"is_beta":false,"boss_relics":[{"not_picked":["Astrolabe","Fusion Hammer"],"picked":"Pandora\u0027s Box"}],"items_purged_floors":[],"is_endless":false,"potions_floor_spawned":[5,6,7,16,19],"killed_by":"Cultist and Chosen","ascension_level":1}}