{"host":"hfxp6ue4pvwo3fit","time":1609150585,"event":{"mods":["AchievementEnabler","BaseMod","Colored Map","Colored Powertips","Highlight Path","Minty Spire (QoL Compilation)","StSLib","SuperFastMode"],"gold_per_floor":[110,110,52,62,62,62,96,96,120,139,139,171,171,190,190,265,265,275,275,275,35,46,46,46,46],"floor_reached":24,"playtime":594,"items_purged":["Decay"],"score":454,"play_id":"0119143a-17b7-4276-b5b5-550e066f72cb","local_time":"20201228041625","is_ascension_mode":true,"campfire_choices":[{"data":"Defragment","floor":6,"key":"SMITH"},{"data":"Beam Cell","floor":11,"key":"SMITH"},{"data":"Steam","floor":13,"key":"SMITH"},{"floor":15,"key":"REST"},{"floor":23,"key":"REST"}],"circlet_count":0,"master_deck":["AscendersBane","Strike_B","Strike_B","Strike_B","Defend_B","Defend_B","Defend_B","Zap+1","Dualcast","Beam Cell+1","Compile Driver","Defragment+1","Ball Lightning","Steam+1","Cold Snap","Echo Form","Hologram+1","RitualDagger","Glacier"],"relics":["Cracked Core","NeowsBlessing","Centennial Puzzle","MealTicket","Singing Bowl","Snecko Eye","DataDisk"],"acts_visited":["Exordium","TheCity"],"potions_floor_usage":[16],"damage_taken":[{"damage":0,"enemies":"Small Slimes","floor":1,"turns":1},{"damage":0,"enemies":"Cultist","floor":4,"turns":1},{"damage":0,"enemies":"Lagavulin","floor":7,"turns":1},{"damage":2,"enemies":"Jaw Worm","floor":10,"turns":2},{"damage":25,"enemies":"3 Sentries","floor":12,"turns":5},{"damage":6,"enemies":"3 Louse","floor":14,"turns":2},{"damage":14,"enemies":"Slime Boss","floor":16,"turns":7},{"damage":15,"enemies":"2 Thieves","floor":18,"turns":4},{"damage":32,"enemies":"Shell Parasite","floor":22,"turns":5},{"damage":53,"enemies":"Slavers","floor":24,"turns":7}],"seed_played":"-2486105891701026086","potions_obtained":[{"floor":4,"key":"SpeedPotion"},{"floor":10,"key":"Ancient Potion"},{"floor":14,"key":"AttackPotion"},{"floor":16,"key":"Energy Potion"}],"is_trial":false,"path_per_floor":["M","?","$","M","?","R","E","?","T","M","R","E","R","M","R","B",null,"M","?","?","$","M","R","E"],"character_chosen":"DEFECT","items_purchased":["Compile Driver","DataDisk"],"campfire_rested":2,"item_purchase_floors":[3,21],"current_hp_per_floor":[64,64,64,64,57,57,57,57,57,55,55,30,30,26,47,33,63,48,48,42,57,25,46,0,0],"gold":46,"neow_bonus":"THREE_ENEMY_KILL","is_daily":false,"chose_seed":false,"campfire_upgraded":3,"win_rate":0.0,"timestamp":1609150585,"path_taken":["M","?","$","?","?","R","E","?","T","M","R","E","R","M","R","BOSS","M","?","?","$","M","R","E"],"items_purchased_type":["Card","Relic"],"build_version":"2020-12-22","purchased_purges":1,"victory":false,"max_hp_per_floor":[71,71,71,71,71,71,71,71,71,71,71,71,71,73,73,73,73,73,73,73,73,73,73,73,73],"card_choices":[{"not_picked":["Steam","Streamline"],"picked":"Beam Cell","floor":1},{"not_picked":["Redo","Loop"],"picked":"Defragment","floor":4},{"not_picked":["Stack","Leap"],"picked":"Ball Lightning","floor":7},{"not_picked":["Rebound","Stack"],"picked":"Steam","floor":10},{"not_picked":["Compile Driver","Multi-Cast"],"picked":"Cold Snap","floor":12},{"not_picked":["Force Field","Static Discharge","Turbo"],"picked":"Singing Bowl","floor":14},{"not_picked":["Seek","Thunder Strike"],"picked":"Echo Form","floor":16},{"not_picked":["Steam Power","Beam Cell"],"picked":"Hologram+1","floor":18},{"not_picked":["Hello World","Fusion"],"picked":"Glacier","floor":22}],"player_experience":446906,"relics_obtained":[{"floor":7,"key":"Centennial Puzzle"},{"floor":9,"key":"MealTicket"},{"floor":12,"key":"Singing Bowl"}],"event_choices":[{"cards_removed":["Strike_B"],"damage_healed":0,"gold_gain":0,"player_choice":"Purged","damage_taken":0,"max_hp_gain":0,"max_hp_loss":0,"event_name":"Purifier","floor":2,"gold_loss":0},{"cards_removed":["Defend_B"],"damage_healed":0,"gold_gain":0,"player_choice":"Card Removal","damage_taken":7,"max_hp_gain":0,"max_hp_loss":0,"event_name":"Golden Wing","floor":5,"gold_loss":0},{"damage_healed":0,"gold_gain":0,"player_choice":"Grow","damage_taken":0,"max_hp_gain":0,"max_hp_loss":0,"event_name":"Living Wall","floor":8,"gold_loss":0,"cards_upgraded":["Zap"]},{"damage_healed":0,"gold_gain":0,"player_choice":"Smashed Altar","damage_taken":0,"max_hp_gain":0,"max_hp_loss":0,"event_name":"Forgotten Altar","floor":19,"gold_loss":0,"cards_obtained":["Decay"]},{"damage_healed":0,"gold_gain":0,"player_choice":"Joined the Cult","damage_taken":6,"max_hp_gain":0,"max_hp_loss":0,"event_name":"Nest","floor":20,"gold_loss":0,"cards_obtained":["RitualDagger"]}],"is_beta":false,"boss_relics":[{"not_picked":["Fusion Hammer","Runic Pyramid"],"picked":"Snecko Eye"}],"items_purged_floors":[21],"is_endless":false,"potions_floor_spawned":[4,10,14,16],"killed_by":"Slavers","ascension_level":20}}