{"host":"sum4dy402bbv9y4o","time":1609190895,"event":{"mods":["Aspiration","BaseMod","Conspire","Highlight Path","Minty Spire (QoL Compilation)","StSLib"],"gold_per_floor":[112,37,71,13,28,56,56,76,76,76,86,86,161,36,36,113,113,130,146,165,195,209,244,244,270,297,297,24,35,64,64,64,139,139,156,27,45,65,78,78,103,103,103,103,103,103,103],"floor_reached":46,"playtime":2137,"items_purged":["Strike_P","Defend_P"],"score":1012,"play_id":"70249373-4d2d-4e6e-9939-26551f69d7d6","local_time":"20201229002815","is_ascension_mode":true,"campfire_choices":[{"floor":7,"key":"REST"},{"data":"LikeWater","floor":10,"key":"SMITH"},{"data":"Eruption","floor":12,"key":"SMITH"},{"floor":15,"key":"REST"},{"floor":24,"key":"REST"},{"floor":27,"key":"REST"},{"floor":32,"key":"REST"},{"data":"SashWhip","floor":40,"key":"SMITH"},{"floor":42,"key":"REST"},{"floor":44,"key":"REST"}],"circlet_count":0,"master_deck":["AscendersBane","Defend_P+1","Eruption+1","Vigilance","BowlingBash","Tantrum","BowlingBash","JustLucky+1","FollowUp+1","LikeWater+1","ClearTheMind","Brilliance","SpiritShield+1","SashWhip+1","SashWhip+1","Brilliance","Halt","FlurryOfBlows","ClearTheMind+1","FearNoEvil","LessonLearned","Omniscience+1","EmptyFist+1","SashWhip+1","Halt","TalkToTheHand+1","Wallop+1","Wallop+1"],"relics":["PureWater","aspiration:Nostalgia","Burning Blood","Yang","Smiling Mask","Bottled Tornado","Black Star","Red Mask","Blue Candle","Art of War","War Paint","Whetstone","Vajra","aspiration:HummingbirdHeart","conspire:DecoderRing","Bag of Preparation","Astrolabe","White Beast Statue","Juzu Bracelet","Du-Vu Doll"],"acts_visited":["Exordium","TheCity","TheBeyond"],"potions_floor_usage":[16,18,20,25,25,33,39,41],"damage_taken":[{"damage":1,"enemies":"Small Slimes","floor":1,"turns":2},{"damage":16,"enemies":"conspire:MimicChest","floor":3,"turns":6},{"damage":0,"enemies":"2 Louse","floor":5,"turns":3},{"damage":61,"enemies":"Lagavulin","floor":6,"turns":5},{"damage":0,"enemies":"Jaw Worm","floor":8,"turns":2},{"damage":2,"enemies":"2 Fungi Beasts","floor":11,"turns":3},{"damage":4,"enemies":"Slime Boss","floor":16,"turns":7},{"damage":8,"enemies":"3 Byrds","floor":18,"turns":4},{"damage":0,"enemies":"Chosen","floor":19,"turns":3},{"damage":14,"enemies":"Centurion and Healer","floor":20,"turns":5},{"damage":3,"enemies":"Masked Bandits","floor":21,"turns":4},{"damage":8,"enemies":"Snecko","floor":22,"turns":6},{"damage":37,"enemies":"Gremlin Leader","floor":23,"turns":6},{"damage":41,"enemies":"Slavers","floor":25,"turns":7},{"damage":13,"enemies":"Chosen and Byrds","floor":29,"turns":8},{"damage":11,"enemies":"Book of Stabbing","floor":30,"turns":4},{"damage":6,"enemies":"conspire:MysteriousRune","floor":33,"turns":5},{"damage":2,"enemies":"Orb Walker","floor":35,"turns":2},{"damage":0,"enemies":"3 Darklings","floor":37,"turns":5},{"damage":0,"enemies":"Jaw Worm Horde","floor":38,"turns":4},{"damage":0,"enemies":"Spire Growth","floor":39,"turns":4},{"damage":56,"enemies":"Reptomancer","floor":41,"turns":9},{"damage":58,"enemies":"Giant Head","floor":46,"turns":6}],"seed_played":"-5206937362183262606","potions_obtained":[{"floor":3,"key":"SneckoOil"},{"floor":6,"key":"LiquidMemories"},{"floor":19,"key":"SkillPotion"},{"floor":22,"key":"SpeedPotion"},{"floor":23,"key":"SkillPotion"},{"floor":25,"key":"PowerPotion"},{"floor":39,"key":"SteroidPotion"}],"is_trial":false,"path_per_floor":["M","?","?","$","M","E","R","M","T","R","M","R","?","$","R","B",null,"M","M","M","?","M","E","R","E","T","R","$","M","E","?","R","B",null,"M","$","M","M","M","R","E","R","T","R","?","E"],"character_chosen":"WATCHER","items_purchased":["BowlingBash","Brilliance","aspiration:HummingbirdHeart","Ancient Potion"],"campfire_rested":7,"item_purchase_floors":[4,14,28,36],"current_hp_per_floor":[66,66,56,56,62,7,27,33,33,33,37,37,26,26,46,48,63,61,67,59,62,60,29,49,14,14,34,34,27,22,22,42,42,62,66,66,68,68,68,68,18,38,38,58,58,0,0],"gold":103,"neow_bonus":"NOSTALGIA","is_daily":false,"chose_seed":false,"campfire_upgraded":3,"win_rate":0.0,"timestamp":1609190895,"path_taken":["M","?","?","$","?","E","R","M","T","R","M","R","?","$","R","BOSS","M","M","M","?","M","E","R","E","T","R","$","M","E","?","R","BOSS","M","$","M","M","M","R","E","R","T","R","?","E"],"items_purchased_type":["Card","Card","Relic","Potion"],"build_version":"2020-12-22","purchased_purges":2,"victory":false,"max_hp_per_floor":[68,68,68,68,68,68,68,68,68,68,68,68,68,68,68,68,68,68,68,68,68,68,68,68,68,68,68,68,68,68,68,68,68,68,68,68,68,68,68,68,68,68,68,68,68,68,68],"card_choices":[{"not_picked":["Consecrate","Collect"],"picked":"BowlingBash","floor":1},{"not_picked":["Crescendo","CrushJoints"],"picked":"Tantrum","floor":3},{"not_picked":["WaveOfTheHand","Worship"],"picked":"JustLucky","floor":5},{"not_picked":["DeceiveReality","PathToVictory"],"picked":"FollowUp","floor":6},{"not_picked":["BowlingBash","PathToVictory"],"picked":"LikeWater","floor":8},{"not_picked":["ThirdEye","PathToVictory"],"picked":"ClearTheMind","floor":11},{"not_picked":["Blasphemy","Judgement"],"picked":"SpiritShield","floor":16},{"not_picked":["Prostrate","Sanctity+1"],"picked":"SashWhip","floor":18},{"not_picked":["Wallop","ReachHeaven"],"picked":"SashWhip+1","floor":19},{"not_picked":["Nirvana","SashWhip","WaveOfTheHand"],"picked":"SKIP","floor":20},{"not_picked":["Perseverance","FlyingSleeves"],"picked":"Brilliance","floor":21},{"not_picked":["ClearTheMind","EmptyBody+1"],"picked":"Halt","floor":22},{"not_picked":["CutThroughFate","FlyingSleeves"],"picked":"FlurryOfBlows","floor":23},{"not_picked":["Prostrate","EmptyMind"],"picked":"ClearTheMind","floor":25},{"not_picked":["FollowUp","EmptyBody"],"picked":"FearNoEvil","floor":29},{"not_picked":["FearNoEvil","Perseverance"],"picked":"LessonLearned","floor":30},{"not_picked":["FearNoEvil+1","Meditate"],"picked":"Halt","floor":35},{"not_picked":["CarveReality","WaveOfTheHand","DeceiveReality+1"],"picked":"SKIP","floor":37},{"not_picked":["Meditate+1","Protect"],"picked":"TalkToTheHand+1","floor":38},{"not_picked":["CutThroughFate+1","BattleHymn+1"],"picked":"Wallop+1","floor":39},{"not_picked":["CrushJoints","Swivel"],"picked":"Wallop+1","floor":41}],"player_experience":2860546,"relics_obtained":[{"floor":3,"key":"Yang"},{"floor":6,"key":"Smiling Mask"},{"floor":9,"key":"Bottled Tornado"},{"floor":21,"key":"Red Mask"},{"floor":23,"key":"Blue Candle"},{"floor":23,"key":"Art of War"},{"floor":25,"key":"War Paint"},{"floor":25,"key":"Whetstone"},{"floor":26,"key":"Vajra"},{"floor":30,"key":"conspire:DecoderRing"},{"floor":30,"key":"Bag of Preparation"},{"floor":41,"key":"White Beast Statue"},{"floor":41,"key":"Juzu Bracelet"},{"floor":43,"key":"Du-Vu Doll"}],"event_choices":[{"cards_removed":["Strike_P"],"damage_healed":0,"gold_gain":0,"player_choice":"Card Removal","damage_taken":0,"max_hp_gain":0,"max_hp_loss":0,"event_name":"The Cleric","floor":2,"gold_loss":75},{"damage_healed":0,"gold_gain":75,"player_choice":"Gather Gold","damage_taken":11,"max_hp_gain":0,"max_hp_loss":0,"event_name":"World of Goop","floor":13,"gold_loss":0},{"damage_healed":0,"gold_gain":0,"player_choice":"Fought Bandits","damage_taken":0,"max_hp_gain":0,"max_hp_loss":0,"event_name":"Masked Bandits","floor":21,"gold_loss":0},{"damage_healed":0,"gold_gain":0,"player_choice":"Ignored","damage_taken":0,"max_hp_gain":0,"max_hp_loss":0,"event_name":"Ghosts","floor":31,"gold_loss":0},{"cards_removed":["Defend_P"],"damage_healed":0,"gold_gain":0,"player_choice":"Removed Skill","damage_taken":0,"max_hp_gain":0,"max_hp_loss":0,"event_name":"Falling","floor":45,"gold_loss":0}],"is_beta":false,"boss_relics":[{"not_picked":["aspiration:SilentSkillbook","Pandora\u0027s Box"],"picked":"Black Star"},{"not_picked":["Sozu","HolyWater"],"picked":"Astrolabe"}],"items_purged_floors":[14,36],"is_endless":false,"potions_floor_spawned":[3,6,19,22,23,25,39],"killed_by":"Giant Head","ascension_level":20}}