{"host":"szp1d6dso4pv7ddl","time":1609117295,"event":{"mods":["AchievementEnabler","Alarm Clock","BaseMod","Bestiary","Block Reminder","Colored Map","Colored Powertips","Curses Come First","Displayed Cursed Tome","Highlight Path","Minty Spire (QoL Compilation)","Permanent Neow","Quick Restart","Relic Sorter","Relic Stats","StSLib","Synergy Search"],"gold_per_floor":[112,125,142,142,142,142,153,153,153,153,127,138,210,230,230,305,305,305,305],"floor_reached":18,"playtime":692,"items_purged":[],"score":251,"play_id":"eaaee195-00a8-4cd2-a3da-4f19ce934df2","local_time":"20201227170135","is_ascension_mode":true,"campfire_choices":[{"floor":6,"key":"REST"},{"data":"Tactician","floor":8,"key":"SMITH"},{"data":"Underhanded Strike","floor":10,"key":"SMITH"},{"floor":15,"key":"REST"}],"circlet_count":0,"master_deck":["AscendersBane","Strike_G","Strike_G","Strike_G","Strike_G","Strike_G","Defend_G","Defend_G","Defend_G","Defend_G","Defend_G","Survivor","Neutralize+1","Grand Finale+1","Tactician+1","Underhanded Strike+1","Flying Knee","Phantasmal Killer","CurseOfTheBell"],"relics":["Ring of the Snake","HornCleat","Whetstone","Calling Bell","Happy Flower","Molten Egg 2","Dead Branch"],"acts_visited":["Exordium","TheCity"],"potions_floor_usage":[7],"damage_taken":[{"damage":3,"enemies":"2 Louse","floor":1,"turns":5},{"damage":8,"enemies":"Small Slimes","floor":2,"turns":4},{"damage":0,"enemies":"Cultist","floor":3,"turns":4},{"damage":0,"enemies":"Exordium Thugs","floor":7,"turns":5},{"damage":20,"enemies":"Large Slime","floor":12,"turns":9},{"damage":1,"enemies":"Looter","floor":14,"turns":4},{"damage":46,"enemies":"Slime Boss","floor":16,"turns":11},{"damage":57,"enemies":"3 Byrds","floor":18,"turns":8}],"seed_played":"6185364364215312110","potions_obtained":[{"floor":1,"key":"AttackPotion"},{"floor":2,"key":"EssenceOfSteel"},{"floor":16,"key":"Poison Potion"}],"is_trial":false,"path_per_floor":["M","M","M","?","?","R","M","R","T","R","$","M","?","M","R","B",null,"M"],"character_chosen":"THE_SILENT","items_purchased":["Flying Knee"],"campfire_rested":2,"item_purchase_floors":[11],"current_hp_per_floor":[42,34,34,34,34,55,55,55,55,55,55,35,35,34,55,9,55,0,0],"gold":305,"neow_bonus":"THREE_RARE_CARDS","is_daily":false,"chose_seed":false,"campfire_upgraded":2,"win_rate":0.0,"timestamp":1609117295,"path_taken":["M","M","M","?","?","R","?","R","T","R","?","M","?","M","R","BOSS","M"],"items_purchased_type":["Card"],"build_version":"2020-12-22","purchased_purges":0,"victory":false,"max_hp_per_floor":[70,70,70,70,70,70,70,70,70,70,70,70,70,70,70,70,70,70,70],"relic_stats":{"Happy Flower":[2],"counters":[8,50],"Dead Branch":[1],"Whetstone":["Grand Finale","Neutralize"],"obtain_stats":[{"Calling Bell":17,"HornCleat":5,"Happy Flower":17,"Dead Branch":17,"Molten Egg 2":17,"Whetstone":9,"Ring of the Snake":0},{"Calling Bell":7,"HornCleat":3,"Happy Flower":7,"Dead Branch":7,"Molten Egg 2":7,"Whetstone":4,"Ring of the Snake":0},{"Calling Bell":42,"HornCleat":13,"Happy Flower":42,"Dead Branch":42,"Molten Egg 2":42,"Whetstone":18,"Ring of the Snake":0}],"Ring of the Snake":[16]},"card_choices":[{"not_picked":["Unload","A Thousand Cuts"],"picked":"Grand Finale","floor":0},{"not_picked":["Sucker Punch","Predator"],"picked":"Tactician","floor":1},{"not_picked":["Dagger Spray","Blade Dance"],"picked":"Underhanded Strike","floor":2},{"not_picked":["Choke","Outmaneuver","Prepared"],"picked":"SKIP","floor":3},{"not_picked":["Sucker Punch","Acrobatics","Dodge and Roll"],"picked":"SKIP","floor":7},{"not_picked":["Deadly Poison","Dagger Spray","Quick Slash"],"picked":"SKIP","floor":12},{"not_picked":["Burst","Blade Dance","Slice"],"picked":"SKIP","floor":14},{"not_picked":["Glass Knife","Die Die Die"],"picked":"Phantasmal Killer","floor":16}],"player_experience":1038626,"relics_obtained":[{"floor":9,"key":"Whetstone"},{"floor":17,"key":"Happy Flower"},{"floor":17,"key":"Molten Egg 2"},{"floor":17,"key":"Dead Branch"}],"event_choices":[{"damage_healed":0,"gold_gain":0,"player_choice":"Ignored","damage_taken":0,"max_hp_gain":0,"max_hp_loss":0,"event_name":"Liars Game","floor":4,"gold_loss":0},{"damage_healed":0,"gold_gain":0,"player_choice":"Gave Potion","damage_taken":0,"relics_obtained":["HornCleat"],"max_hp_gain":0,"max_hp_loss":0,"event_name":"WeMeetAgain","floor":5,"gold_loss":0},{"damage_healed":0,"gold_gain":72,"player_choice":"Gained Gold","damage_taken":0,"max_hp_gain":0,"max_hp_loss":0,"event_name":"Golden Wing","floor":13,"gold_loss":0}],"is_beta":false,"boss_relics":[{"not_picked":["Coffee Dripper","Fusion Hammer"],"picked":"Calling Bell"}],"items_purged_floors":[],"is_endless":false,"potions_floor_spawned":[1,2,16],"killed_by":"3 Byrds","ascension_level":13}}