{"host":"0ydzwspkajt4brzd","time":1609190190,"event":{"mods":["AchievementEnabler","BaseMod","Colored Map","DeckTracker","Googly Eyes","Highlight Path","Minty Spire (QoL Compilation)","Quick Restart","Random Character Button","Rare Cards Sparkle"],"gold_per_floor":[111,131,131,146,167,167,208,208,208,208,208,228,228,271,271,390,390,405,430,430,94,113,113,63,63,137,160,184,184,184,205,205,205,205],"floor_reached":33,"playtime":2626,"items_purged":["Strike_R","Strike_R"],"score":311,"play_id":"585c83b8-7514-461e-affe-8c39989cd3fe","local_time":"20201228131630","is_ascension_mode":true,"campfire_choices":[{"data":"Bash","floor":6.0,"key":"SMITH"},{"data":"Body Slam","floor":8.0,"key":"SMITH"},{"data":"Pommel Strike","floor":11.0,"key":"SMITH"},{"data":"Twin Strike","floor":15.0,"key":"SMITH"},{"data":"True Grit","floor":23,"key":"SMITH"},{"data":"Shrug It Off","floor":25,"key":"SMITH"},{"data":"Spot Weakness","floor":30,"key":"SMITH"},{"floor":32,"key":"REST"}],"circlet_count":0,"master_deck":["Defend_R","Defend_R","Defend_R","Defend_R","Bash+1","Headbutt","Pommel Strike+1","Pommel Strike","Body Slam+1","Shrug It Off+1","Twin Strike+1","Fiend Fire","Spot Weakness+1","True Grit+1","Dropkick","Bandage Up"],"relics":["Burning Blood","Golden Idol","Regal Pillow","White Beast Statue","StrikeDummy","Black Star","Membership Card","Shuriken","HornCleat"],"acts_visited":["Exordium","TheCity"],"potions_floor_usage":[16,19,19,20,31,33,33],"damage_taken":[{"damage":1.0,"enemies":"Cultist","floor":1.0,"turns":3.0},{"damage":1.0,"enemies":"2 Louse","floor":2.0,"turns":3.0},{"damage":3.0,"enemies":"Small Slimes","floor":4.0,"turns":3.0},{"damage":11.0,"enemies":"Gremlin Gang","floor":5.0,"turns":4.0},{"damage":26.0,"enemies":"Gremlin Nob","floor":7.0,"turns":4.0},{"damage":1.0,"enemies":"Looter","floor":12.0,"turns":3.0},{"damage":5.0,"enemies":"3 Sentries","floor":14.0,"turns":8.0},{"damage":30,"enemies":"Hexaghost","floor":16,"turns":8},{"damage":30,"enemies":"3 Byrds","floor":18,"turns":6},{"damage":15,"enemies":"2 Thieves","floor":19,"turns":4},{"damage":0,"enemies":"Snake Plant","floor":20,"turns":1},{"damage":10,"enemies":"Centurion and Healer","floor":22,"turns":6},{"damage":13,"enemies":"Sentry and Sphere","floor":27,"turns":4},{"damage":0,"enemies":"3 Cultists","floor":28,"turns":4},{"damage":18,"enemies":"Snake Plant","floor":31,"turns":4},{"damage":68,"enemies":"Collector","floor":33,"turns":9}],"seed_played":"-2115746353166092160","potions_obtained":[{"floor":1.0,"key":"Fire Potion"},{"floor":4.0,"key":"Ancient Potion"},{"floor":12.0,"key":"Weak Potion"},{"floor":14.0,"key":"Swift Potion"},{"floor":16,"key":"SmokeBomb"},{"floor":18,"key":"BlessingOfTheForge"},{"floor":19,"key":"ElixirPotion"},{"floor":22,"key":"PowerPotion"},{"floor":27,"key":"BlessingOfTheForge"},{"floor":28,"key":"Strength Potion"},{"floor":31,"key":"Fire Potion"}],"is_trial":false,"path_per_floor":["M","M","?","M","M","R","E","R","T","?","R","M","?","E","R","B",null,"M","M","M","$","M","R","$","R","T","M","M","?","R","M","R","B"],"character_chosen":"IRONCLAD","items_purchased":["Membership Card","Shuriken","True Grit"],"campfire_rested":1,"item_purchase_floors":[21,21,21],"current_hp_per_floor":[80,80,60,63,58,58,38,38,38,31,31,36,36,37,37,13,80,56,47,53,53,49,49,49,49,49,42,48,36,36,28,67,3,3],"gold":205,"neow_bonus":"REMOVE_CARD","is_daily":false,"chose_seed":false,"campfire_upgraded":7,"win_rate":0.0,"timestamp":1609190190,"path_taken":["M","M","?","M","M","R","E","R","T","?","R","M","?","E","R","BOSS","M","?","M","$","?","R","$","R","T","?","?","?","R","M","R","BOSS"],"items_purchased_type":["Relic","Relic","Card"],"build_version":"2020-12-22","purchased_purges":2,"victory":false,"max_hp_per_floor":[80,80,80,80,80,80,80,80,80,80,80,80,80,80,80,80,80,80,80,80,80,80,80,80,80,80,80,80,80,80,80,80,80,80],"card_choices":[{"not_picked":["Armaments","Infernal Blade"],"picked":"Headbutt","floor":1.0},{"not_picked":["Cleave","Wild Strike"],"picked":"Pommel Strike","floor":2.0},{"not_picked":["Flex","Infernal Blade"],"picked":"Pommel Strike","floor":4.0},{"not_picked":["Havoc","Impervious"],"picked":"Body Slam","floor":5.0},{"not_picked":["Cleave","Heavy Blade","Reaper"],"picked":"SKIP","floor":7.0},{"not_picked":["Thunderclap","Cleave"],"picked":"Shrug It Off","floor":12.0},{"not_picked":["Searing Blow","Disarm"],"picked":"Twin Strike","floor":14.0},{"not_picked":["Reaper","Brutality"],"picked":"Fiend Fire","floor":16},{"not_picked":["Sentinel+1","Rupture","Blood for Blood"],"picked":"SKIP","floor":18},{"not_picked":["Entrench","Havoc"],"picked":"Spot Weakness","floor":19},{"not_picked":["Metallicize","Flex","Spot Weakness+1"],"picked":"SKIP","floor":22},{"not_picked":["Shrug It Off+1","Warcry"],"picked":"Dropkick","floor":27},{"not_picked":["Flex+1","Ghostly Armor","Dropkick"],"picked":"SKIP","floor":28},{"not_picked":["Pommel Strike","Shrug It Off","Sword Boomerang"],"picked":"SKIP","floor":31}],"player_experience":325096,"relics_obtained":[{"floor":7.0,"key":"Regal Pillow"},{"floor":9.0,"key":"White Beast Statue"},{"floor":14.0,"key":"StrikeDummy"},{"floor":26,"key":"HornCleat"}],"event_choices":[{"damage_healed":0.0,"max_hp_gain":0.0,"max_hp_loss":0.0,"gold_gain":0.0,"event_name":"Golden Idol","player_choice":"Take Damage","floor":3.0,"gold_loss":0.0,"damage_taken":20.0,"relics_obtained":["Golden Idol"]},{"cards_removed":["Strike_R"],"damage_healed":0.0,"max_hp_gain":0.0,"max_hp_loss":0.0,"gold_gain":0.0,"event_name":"Golden Wing","player_choice":"Card Removal","floor":10.0,"gold_loss":0.0,"damage_taken":7.0},{"cards_removed":["Strike_R"],"damage_healed":0.0,"max_hp_gain":0.0,"max_hp_loss":0.0,"gold_gain":0.0,"event_name":"Bonfire Elementals","player_choice":"Offered Basic","floor":13.0,"gold_loss":0.0,"damage_taken":0.0},{"damage_healed":0,"gold_gain":0,"player_choice":"CARD ","damage_taken":12,"max_hp_gain":0,"max_hp_loss":0,"event_name":"Knowing Skull","floor":29,"potions_obtained":[],"gold_loss":0,"cards_obtained":["Bandage Up"]},{"damage_healed":0,"gold_gain":0,"player_choice":"CARD ","damage_taken":12,"max_hp_gain":0,"max_hp_loss":0,"event_name":"Knowing Skull","floor":29,"potions_obtained":[],"gold_loss":0,"cards_obtained":["Bandage Up"]}],"is_beta":false,"boss_relics":[{"not_picked":["SacredBark","Philosopher\u0027s Stone"],"picked":"Black Star"}],"items_purged_floors":[21,24],"is_endless":false,"potions_floor_spawned":[1,4,12,14,16,18,19,20,22,27,28,31],"killed_by":"Collector","ascension_level":4}}