{"host":"1tl36azeqm6yhdgj","time":1609157999,"event":{"mods":["AchievementEnabler","BaseMod","Minty Spire (QoL Compilation)","StSLib","The IronCluck","everything is the same but u backflip on backflip"],"gold_per_floor":[114,114,189,213,7,41,41,62,62,12,26,301,319,339,339,339,339],"floor_reached":16,"playtime":316,"items_purged":[],"score":235,"play_id":"016742cc-a95a-4b77-ba5e-ae42f1f10923","local_time":"20201228071959","is_ascension_mode":true,"campfire_choices":[{"floor":15.0,"key":"RECALL"}],"circlet_count":0,"master_deck":["AscendersBane","Strike_R","Strike_R","Strike_R","Strike_R","Strike_R","Defend_R","Defend_R","Defend_R","Defend_R","Bash","Headbutt","Thunderclap","The Bomb","Feel No Pain","Pain","Burning Pact","Clash","Clash","Rage","Flame Barrier"],"relics":["Burning Blood","NeowsBlessing","Golden Idol","Question Card","WarpedTongs","Omamori"],"acts_visited":["Exordium"],"potions_floor_usage":[16],"damage_taken":[{"damage":0.0,"enemies":"2 Louse","floor":1.0,"turns":1.0},{"damage":0.0,"enemies":"Jaw Worm","floor":4.0,"turns":1.0},{"damage":0.0,"enemies":"Gremlin Nob","floor":6.0,"turns":1.0},{"damage":8.0,"enemies":"Cultist","floor":8.0,"turns":3.0},{"damage":0.0,"enemies":"Looter","floor":11.0,"turns":1.0},{"damage":7.0,"enemies":"Lots of Slimes","floor":13.0,"turns":3.0},{"damage":9.0,"enemies":"Large Slime","floor":14.0,"turns":4.0},{"damage":53,"enemies":"The Guardian","floor":16,"turns":9}],"seed_played":"3951224295168621561","potions_obtained":[{"floor":4.0,"key":"ElixirPotion"},{"floor":8.0,"key":"Energy Potion"},{"floor":13.0,"key":"ElixirPotion"}],"is_trial":false,"path_per_floor":["M","?","?","M","$","E","?","M","T","$","M","?","M","M","R","B"],"character_chosen":"IRONCLAD","items_purchased":["The Bomb","Clash"],"campfire_rested":0,"item_purchase_floors":[5,10],"current_hp_per_floor":[74,48,37,43,43,49,49,47,47,47,53,53,52,49,49,0,0],"gold":339,"neow_bonus":"THREE_ENEMY_KILL","is_daily":false,"chose_seed":false,"campfire_upgraded":0,"win_rate":0.0,"timestamp":1609157999,"path_taken":["M","?","?","M","$","E","?","M","T","$","?","?","?","M","R","BOSS"],"items_purchased_type":["Card","Card"],"build_version":"2020-12-22","purchased_purges":0,"victory":false,"max_hp_per_floor":[75,75,75,75,75,75,75,75,75,75,75,75,75,75,75,75,75],"card_choices":[{"not_picked":["Perfected Strike","Dark Embrace"],"picked":"Headbutt","floor":1.0},{"not_picked":["Clash","Flex"],"picked":"Thunderclap","floor":4.0},{"not_picked":["Flex","Anger"],"picked":"Feel No Pain","floor":6.0},{"not_picked":["Flex","Reckless Charge","Clash"],"picked":"Burning Pact","floor":8.0},{"not_picked":["Sever Soul","Bloodletting","Dark Embrace"],"picked":"Clash","floor":11.0},{"not_picked":["Ghostly Armor","Pummel","Pommel Strike"],"picked":"Rage","floor":13.0},{"not_picked":["Burning Pact","Exhume","True Grit"],"picked":"Flame Barrier","floor":14.0}],"player_experience":1982150,"relics_obtained":[{"floor":6.0,"key":"Question Card"},{"floor":9.0,"key":"Omamori"}],"event_choices":[{"damage_healed":0.0,"max_hp_gain":0.0,"max_hp_loss":0.0,"gold_gain":0.0,"event_name":"Golden Idol","player_choice":"Take Damage","floor":2.0,"gold_loss":0.0,"damage_taken":26.0,"relics_obtained":["Golden Idol"]},{"damage_healed":0.0,"max_hp_gain":0.0,"max_hp_loss":0.0,"gold_gain":75.0,"event_name":"World of Goop","player_choice":"Gather Gold","floor":3.0,"gold_loss":0.0,"damage_taken":11.0},{"damage_healed":0.0,"max_hp_gain":0.0,"max_hp_loss":0.0,"gold_gain":0.0,"event_name":"Accursed Blacksmith","player_choice":"Rummage","floor":7.0,"gold_loss":0.0,"damage_taken":0.0,"relics_obtained":["WarpedTongs"],"cards_obtained":["Pain"]},{"damage_healed":0.0,"max_hp_gain":0.0,"max_hp_loss":0.0,"gold_gain":275.0,"event_name":"Golden Shrine","player_choice":"Desecrate","floor":12.0,"gold_loss":0.0,"damage_taken":0.0,"cards_obtained":["Regret"]}],"is_beta":false,"boss_relics":[],"items_purged_floors":[],"is_endless":false,"potions_floor_spawned":[4,8,13],"killed_by":"The Guardian","ascension_level":17}}