{"host":"pynofkhbweftzsaw","time":1609165374,"event":{"mods":["BaseMod","Colored Map","Minty Spire (QoL Compilation)","StSLib"],"gold_per_floor":[113,132,150,166,166,193,193,210,210,224,252,252,262,323,323,426,426,440,355,372,383,400,427,437,437,437,469,394,405,423,437,437,535,535,548,558,558,608,620,620,74,84,138,169,180,180,208,223,223,223,223,223,45,72,72,72],"floor_reached":55,"playtime":3246,"items_purged":["Defend_R","Defend_R"],"score":837,"play_id":"278c3143-f799-428d-98ba-a9de6799a53c","local_time":"20201228222254","is_ascension_mode":false,"campfire_choices":[{"data":"Perfected Strike","floor":12,"key":"SMITH"},{"floor":15,"key":"RECALL"},{"data":"Perfected Strike","floor":25,"key":"SMITH"},{"data":"Perfected Strike","floor":32,"key":"SMITH"},{"data":"Seeing Red","floor":40,"key":"SMITH"},{"data":"Madness","floor":46,"key":"SMITH"},{"data":"Perfected Strike","floor":49,"key":"SMITH"},{"data":"Perfected Strike","floor":52,"key":"SMITH"}],"circlet_count":0,"master_deck":["Strike_R","Strike_R+1","Strike_R","Strike_R","Strike_R","Bash","Perfected Strike","Twin Strike","Perfected Strike+1","Perfected Strike+1","Twin Strike","Blood for Blood+1","Flex","Perfected Strike+1","Feed","Clash","Perfected Strike+1","Warcry","Pommel Strike","Perfected Strike+1","Seeing Red+1","Madness+1","Madness+1","Flex+1","Armaments+1","Bloodletting","Enlightenment","Burning Pact"],"relics":["Burning Blood","NeowsBlessing","HornCleat","FossilizedHelix","Pantograph","Busted Crown","Smiling Mask","White Beast Statue","Bottled Flame","Mercury Hourglass","Black Star","Incense Burner","Whetstone","Brimstone","Toy Ornithopter","War Paint","Prayer Wheel","Boot","PreservedInsect","Kunai","Charon\u0027s Ashes","Torii"],"acts_visited":["Exordium","TheCity","TheBeyond","TheEnding"],"potions_floor_usage":[23,33,33,33,50,50,55,55],"damage_taken":[{"damage":0,"enemies":"Cultist","floor":1,"turns":1},{"damage":0,"enemies":"2 Louse","floor":2,"turns":1},{"damage":0,"enemies":"Small Slimes","floor":3,"turns":1},{"damage":10,"enemies":"3 Louse","floor":4,"turns":2},{"damage":22,"enemies":"3 Sentries","floor":6,"turns":6},{"damage":0,"enemies":"2 Fungi Beasts","floor":8,"turns":2},{"damage":5,"enemies":"Looter","floor":10,"turns":2},{"damage":18,"enemies":"Lagavulin","floor":11,"turns":4},{"damage":0,"enemies":"Exordium Thugs","floor":13,"turns":3},{"damage":0,"enemies":"3 Sentries","floor":14,"turns":4},{"damage":62,"enemies":"The Guardian","floor":16,"turns":7},{"damage":6,"enemies":"Shell Parasite","floor":18,"turns":2},{"damage":4,"enemies":"3 Byrds","floor":20,"turns":4},{"damage":7,"enemies":"Snake Plant","floor":21,"turns":3},{"damage":0,"enemies":"Chosen and Byrds","floor":22,"turns":4},{"damage":16,"enemies":"Slavers","floor":23,"turns":3},{"damage":0,"enemies":"3 Cultists","floor":24,"turns":4},{"damage":0,"enemies":"Gremlin Leader","floor":27,"turns":3},{"damage":0,"enemies":"Snecko","floor":29,"turns":2},{"damage":0,"enemies":"Centurion and Healer","floor":30,"turns":3},{"damage":0,"enemies":"Snake Plant","floor":31,"turns":1},{"damage":23,"enemies":"Automaton","floor":33,"turns":4},{"damage":0,"enemies":"3 Shapes","floor":35,"turns":2},{"damage":0,"enemies":"Orb Walker","floor":36,"turns":2},{"damage":0,"enemies":"Mind Bloom Boss Battle","floor":38,"turns":4},{"damage":11,"enemies":"Transient","floor":39,"turns":5},{"damage":0,"enemies":"3 Darklings","floor":42,"turns":2},{"damage":19,"enemies":"Giant Head","floor":44,"turns":6},{"damage":0,"enemies":"Sphere and 2 Shapes","floor":45,"turns":3},{"damage":0,"enemies":"Nemesis","floor":47,"turns":3},{"damage":0,"enemies":"Transient","floor":48,"turns":5},{"damage":32,"enemies":"Awakened One","floor":50,"turns":7},{"damage":28,"enemies":"Shield and Spear","floor":54,"turns":3},{"damage":138,"enemies":"The Heart","floor":55,"turns":5}],"seed_played":"8059583988748018584","potions_obtained":[{"floor":1,"key":"BlessingOfTheForge"},{"floor":4,"key":"AttackPotion"},{"floor":6,"key":"SteroidPotion"},{"floor":22,"key":"DistilledChaos"},{"floor":24,"key":"FearPotion"},{"floor":33,"key":"EssenceOfSteel"},{"floor":35,"key":"Weak Potion"},{"floor":36,"key":"Explosive Potion"},{"floor":38,"key":"Energy Potion"},{"floor":48,"key":"LiquidMemories"},{"floor":54,"key":"SteroidPotion"}],"is_trial":false,"path_per_floor":["M","M","M","M","$","E","?","M","T","M","E","R","M","?","R","B",null,"M","?","M","M","M","E","M","R","T","E","?","M","M","M","R","B",null,"M","M","?","?","M","R","$","M","T","E","M","R","E","M","R","B",null,"R","$","E","B"],"character_chosen":"IRONCLAD","items_purchased":["Whetstone","Brimstone","Flex","Toy Ornithopter","Bloodletting","Enlightenment"],"campfire_rested":0,"item_purchase_floors":[41,41,41,41,53,53],"current_hp_per_floor":[80,80,80,76,76,60,60,66,66,67,55,55,61,67,67,24,80,80,80,83,82,86,76,82,82,82,86,86,89,92,92,92,75,92,92,92,80,92,87,87,87,95,95,82,88,88,94,95,95,74,95,95,95,73,0,0],"gold":72,"neow_bonus":"THREE_ENEMY_KILL","is_daily":false,"chose_seed":false,"campfire_upgraded":7,"win_rate":0.0,"timestamp":1609165374,"path_taken":["M","M","M","M","$","E","?","M","T","?","E","R","M","?","R","BOSS","M","?","M","M","M","E","M","R","T","E","?","M","M","M","R","BOSS","M","M","?","?","M","R","$","M","T","E","M","R","E","M","R","BOSS","R","$","E","BOSS"],"items_purchased_type":["Relic","Relic","Card","Relic","Card","Card"],"build_version":"2020-12-22","purchased_purges":2,"victory":false,"max_hp_per_floor":[80,80,80,80,80,80,80,80,80,80,80,80,80,80,80,80,80,80,80,83,83,86,86,86,86,86,86,86,89,92,92,92,92,92,92,92,92,92,92,92,92,95,95,95,95,95,95,95,95,95,95,95,95,95,95,95],"card_choices":[{"not_picked":["Warcry","Clothesline"],"picked":"Perfected Strike","floor":1},{"not_picked":["Armaments","Clothesline"],"picked":"Twin Strike","floor":2},{"not_picked":["Feel No Pain","Iron Wave"],"picked":"Perfected Strike","floor":3},{"not_picked":["Pommel Strike","Seeing Red"],"picked":"Perfected Strike","floor":4},{"not_picked":["Metallicize","Clothesline","Fire Breathing"],"picked":"SKIP","floor":6},{"not_picked":["Rupture","Body Slam","Cleave"],"picked":"SKIP","floor":8},{"not_picked":["Dropkick","Headbutt"],"picked":"Twin Strike","floor":10},{"not_picked":["Bludgeon","Clothesline"],"picked":"Blood for Blood","floor":11},{"not_picked":["Whirlwind","Combust"],"picked":"Flex","floor":13},{"not_picked":["Thunderclap","Pummel"],"picked":"Perfected Strike","floor":14},{"not_picked":["Reaper","Impervious"],"picked":"Feed","floor":16},{"not_picked":["Second Wind"],"picked":"SKIP","floor":18},{"not_picked":["Dual Wield+1"],"picked":"SKIP","floor":20},{"not_picked":[],"picked":"Clash","floor":21},{"not_picked":[],"picked":"Perfected Strike","floor":22},{"not_picked":["Thunderclap"],"picked":"SKIP","floor":23},{"not_picked":["Whirlwind"],"picked":"SKIP","floor":24},{"not_picked":["Dual Wield+1"],"picked":"SKIP","floor":27},{"not_picked":[],"picked":"Warcry","floor":29},{"not_picked":[],"picked":"Pommel Strike","floor":30},{"not_picked":[],"picked":"Perfected Strike","floor":31},{"not_picked":["Entrench+1"],"picked":"SKIP","floor":35},{"not_picked":[],"picked":"Seeing Red","floor":36},{"not_picked":["Body Slam"],"picked":"SKIP","floor":39},{"not_picked":[],"picked":"Armaments+1","floor":42},{"not_picked":["Rampage"],"picked":"SKIP","floor":44},{"not_picked":["Clothesline"],"picked":"SKIP","floor":45},{"not_picked":["Body Slam+1"],"picked":"SKIP","floor":45},{"not_picked":["Body Slam"],"picked":"SKIP","floor":47},{"not_picked":["Flame Barrier"],"picked":"SKIP","floor":48},{"not_picked":["Combust+1"],"picked":"SKIP","floor":48},{"not_picked":[],"picked":"Burning Pact","floor":54}],"player_experience":33137,"relics_obtained":[{"floor":6,"key":"HornCleat"},{"floor":11,"key":"FossilizedHelix"},{"floor":14,"key":"Pantograph"},{"floor":23,"key":"White Beast Statue"},{"floor":26,"key":"Bottled Flame"},{"floor":27,"key":"Mercury Hourglass"},{"floor":38,"key":"Incense Burner"},{"floor":43,"key":"War Paint"},{"floor":44,"key":"Prayer Wheel"},{"floor":44,"key":"Boot"},{"floor":47,"key":"PreservedInsect"},{"floor":47,"key":"Kunai"},{"floor":54,"key":"Charon\u0027s Ashes"},{"floor":54,"key":"Torii"}],"event_choices":[{"cards_removed":["Defend_R"],"damage_healed":0,"gold_gain":0,"player_choice":"Purged","damage_taken":0,"max_hp_gain":0,"max_hp_loss":0,"event_name":"Purifier","floor":7,"gold_loss":0},{"damage_healed":0,"gold_gain":0,"player_choice":"Searched \u00272\u0027 times","damage_taken":0,"max_hp_gain":0,"max_hp_loss":0,"event_name":"Dead Adventurer","floor":14,"gold_loss":0},{"damage_healed":0,"gold_gain":0,"player_choice":"Obtained Relic","damage_taken":0,"relics_obtained":["Smiling Mask"],"max_hp_gain":0,"max_hp_loss":0,"event_name":"Addict","floor":19,"gold_loss":85},{"cards_removed":["Defend_R"],"damage_healed":0,"gold_gain":0,"player_choice":"Gave Gold","damage_taken":0,"max_hp_gain":0,"max_hp_loss":0,"event_name":"Beggar","floor":28,"gold_loss":75},{"damage_healed":0,"gold_gain":0,"player_choice":"Embrace Madness","damage_taken":12,"max_hp_gain":0,"max_hp_loss":0,"event_name":"Winding Halls","floor":37,"gold_loss":0,"cards_obtained":["Madness","Madness"]},{"damage_healed":0,"gold_gain":0,"player_choice":"Fight","damage_taken":0,"max_hp_gain":0,"max_hp_loss":0,"event_name":"MindBloom","floor":38,"gold_loss":0}],"is_beta":false,"boss_relics":[{"not_picked":["Snecko Eye","Runic Dome"],"picked":"Busted Crown"},{"not_picked":["SlaversCollar","Velvet Choker"],"picked":"Black Star"}],"items_purged_floors":[41,53],"is_endless":false,"potions_floor_spawned":[1,4,6,13,16,18,20,22,24,27,29,30,31,33,35,36,38,39,42,44,45,47,48,54],"killed_by":"The Heart","ascension_level":0}}