{"host":"ejlkif6fbtpy1quk","time":1609175604,"event":{"mods":["BaseMod","Bestiary","BetterRewards","Minty Spire (QoL Compilation)","Shop Mod","StSLib","Uncapped"],"gold_per_floor":[114,127,141,160,170,504,504,531,531,542,542,558,558,578,578,676,676,616,616,616,616,616,616,616,616],"floor_reached":24,"playtime":1086,"items_purged":[],"score":212,"play_id":"fe75946c-7f06-4a4e-bbdc-bc0ed156b859","local_time":"20201228181324","is_ascension_mode":false,"campfire_choices":[{"floor":7,"key":"REST"},{"floor":11,"key":"REST"},{"floor":15,"key":"REST"},{"floor":23,"key":"REST"}],"circlet_count":0,"master_deck":["Strike_R","Strike_R","Strike_R","Strike_R","Strike_R","Defend_R","Defend_R","Defend_R","Defend_R","Bash","Inflame","Twin Strike","Seeing Red","Cleave","Demon Form","Heavy Blade","Seeing Red+1"],"relics":["Burning Blood","Old Coin","Omamori","Shuriken","StoneCalendar","Ectoplasm"],"acts_visited":["Exordium","TheCity"],"potions_floor_usage":[8,14,16,16,18],"damage_taken":[{"damage":13,"enemies":"Cultist","floor":1,"turns":5},{"damage":9,"enemies":"Jaw Worm","floor":2,"turns":5},{"damage":0,"enemies":"Small Slimes","floor":3,"turns":3},{"damage":22,"enemies":"Exordium Thugs","floor":4,"turns":5},{"damage":18,"enemies":"Gremlin Gang","floor":5,"turns":5},{"damage":38,"enemies":"Gremlin Nob","floor":6,"turns":5},{"damage":49,"enemies":"Lagavulin","floor":8,"turns":6},{"damage":5,"enemies":"Looter","floor":10,"turns":2},{"damage":8,"enemies":"3 Louse","floor":12,"turns":3},{"damage":13,"enemies":"Lots of Slimes","floor":14,"turns":3},{"damage":40,"enemies":"Slime Boss","floor":16,"turns":7},{"damage":23,"enemies":"2 Thieves","floor":18,"turns":4},{"damage":5,"enemies":"Chosen","floor":19,"turns":4},{"damage":26,"enemies":"Centurion and Healer","floor":22,"turns":6},{"damage":63,"enemies":"Book of Stabbing","floor":24,"turns":5}],"seed_played":"8405331296003979950","potions_obtained":[{"floor":1,"key":"Swift Potion"},{"floor":2,"key":"LiquidBronze"},{"floor":6,"key":"Regen Potion"},{"floor":10,"key":"Explosive Potion"},{"floor":12,"key":"AttackPotion"},{"floor":16,"key":"Block Potion"}],"is_trial":false,"path_per_floor":["M","M","M","M","M","E","R","E","T","M","R","M","?","M","R","B",null,"M","M","?","?","M","R","E"],"character_chosen":"IRONCLAD","items_purchased":[],"campfire_rested":4,"item_purchase_floors":[],"current_hp_per_floor":[81,78,84,68,56,24,50,22,22,23,49,47,29,22,48,14,88,71,72,55,55,35,62,0,0],"gold":616,"neow_bonus":"TEN_PERCENT_HP_BONUS","is_daily":false,"chose_seed":false,"campfire_upgraded":0,"win_rate":0.0,"timestamp":1609175604,"path_taken":["M","?","M","M","M","E","R","E","T","M","R","M","?","M","R","BOSS","M","M","?","?","?","R","E"],"items_purchased_type":[],"build_version":"2020-12-22","purchased_purges":0,"victory":false,"max_hp_per_floor":[88,88,88,88,88,88,88,88,88,88,88,88,88,88,88,88,88,88,88,93,93,93,93,93,93],"card_choices":[{"not_picked":["Disarm","Clothesline","Combust"],"picked":"SKIP","floor":1},{"not_picked":["Heavy Blade","Iron Wave"],"picked":"Inflame","floor":2},{"not_picked":["Hemokinesis","Clash"],"picked":"Twin Strike","floor":3},{"not_picked":["Clothesline","Shrug It Off"],"picked":"Seeing Red","floor":4},{"not_picked":["Clash","Evolve","Uppercut"],"picked":"SKIP","floor":5},{"not_picked":["Dark Embrace","True Grit","Iron Wave"],"picked":"SKIP","floor":6},{"not_picked":["Shockwave","Whirlwind","Power Through"],"picked":"SKIP","floor":8},{"not_picked":["Body Slam","Juggernaut","Shrug It Off"],"picked":"SKIP","floor":10},{"not_picked":["Dark Embrace","Clash"],"picked":"Cleave","floor":12},{"not_picked":["Immolate","Warcry","Clothesline"],"picked":"SKIP","floor":14},{"not_picked":["Double Tap","Fiend Fire"],"picked":"Demon Form","floor":16},{"not_picked":["Perfected Strike+1","Clothesline+1","Rupture"],"picked":"SKIP","floor":18},{"not_picked":["Thunderclap","Pommel Strike+1"],"picked":"Heavy Blade","floor":19},{"not_picked":["Clothesline","Body Slam"],"picked":"Seeing Red+1","floor":22}],"player_experience":79782,"relics_obtained":[{"floor":6,"key":"Old Coin"},{"floor":8,"key":"Omamori"},{"floor":9,"key":"Shuriken"}],"event_choices":[{"damage_healed":0,"gold_gain":0,"player_choice":"Success","damage_taken":18,"relics_obtained":["StoneCalendar"],"max_hp_gain":0,"max_hp_loss":0,"event_name":"Scrap Ooze","floor":13,"gold_loss":0},{"damage_healed":0,"gold_gain":0,"player_choice":"Shed Blood","damage_taken":22,"max_hp_gain":5,"max_hp_loss":0,"event_name":"Forgotten Altar","floor":20,"gold_loss":0},{"damage_healed":0,"gold_gain":0,"player_choice":"Bought 0 Potions","damage_taken":0,"max_hp_gain":0,"max_hp_loss":0,"event_name":"The Woman in Blue","floor":21,"gold_loss":0}],"is_beta":false,"boss_relics":[{"not_picked":["SlaversCollar","Astrolabe"],"picked":"Ectoplasm"}],"items_purged_floors":[],"is_endless":false,"potions_floor_spawned":[1,2,6,10,12,16],"killed_by":"Book of Stabbing","ascension_level":0}}