{"host":"e48gchmu8shm63ip","time":1609114798,"event":{"mods":["Abigail Mod","AchievementEnabler","Act Like it!","Bartender","BaseMod","Better Match","Better Note","Better Vampires","CapriCore","DeckTracker","Exacting","Fireblade Mod","Gensokyo","Googly Eyes","Hallownest","Hermit","HololiveMod","Infinite Spire","Jorbs\u0027s Wanderer Trilogy","Koishi","Marisa????????","Minty Spire (QoL Compilation)","Railgun Mod","Rare Cards Sparkle","Relic Filter","Robot Space Explorer","Shade Mod","StSLib","The Animator","The Caster","The Construct","The Death Knight","The Dragon Tamer","The Forsaken","The Immortal","The Judge","The Marked","The Poker Player","The Servant 0.9.4","TheFirefly","TheLocksmith","TheSwordswoman","Waifu the Spire"],"gold_per_floor":[124,124,134,157,176,176,210,210,210,222,291,333,333,351,351,454,454,466,466],"floor_reached":18,"playtime":948,"items_purged":[],"score":174,"play_id":"67299949-d82c-4f4f-9f0a-57c820d14a52","local_time":"20201228011958","is_ascension_mode":false,"campfire_choices":[{"data":"caster:Meteor","floor":6.0,"key":"SMITH"},{"floor":15.0,"key":"REST"}],"circlet_count":0,"master_deck":["caster:Meteor+1","caster:DivertFocus","caster:strike","caster:strike","caster:defend","caster:defend","caster:defend","caster:defend","caster:defend","caster:WallOfRocks","caster:DiablosFlame","caster:FrostDriver","caster:Slick+1","caster:Sleet","caster:Inferno"],"relics":["caster:MagicBook","construct:WeddingRing","Happy Flower","infinitespire:Joker Card","Juzu Bracelet","Fusion Hammer"],"acts_visited":["Exordium","Exordium"],"potions_floor_usage":[],"damage_taken":[{"damage":3.0,"enemies":"Small Slimes","floor":1.0,"turns":5.0},{"damage":2.0,"enemies":"Cultist","floor":3.0,"turns":5.0},{"damage":0.0,"enemies":"Jaw Worm","floor":5.0,"turns":4.0},{"damage":13.0,"enemies":"Gremlin Nob","floor":7.0,"turns":6.0},{"damage":0.0,"enemies":"Exordium Thugs","floor":10.0,"turns":6.0},{"damage":16.0,"enemies":"3 Sentries","floor":11.0,"turns":14.0},{"damage":2.0,"enemies":"Lots of Slimes","floor":12.0,"turns":5.0},{"damage":8.0,"enemies":"Gremlin Gang","floor":14.0,"turns":3.0},{"damage":22.0,"enemies":"Hexaghost","floor":16.0,"turns":9.0},{"damage":0.0,"enemies":"Hallownest:Flukemon_and_Top","floor":18.0,"turns":4.0}],"seed_played":"4809674981048653922","potions_obtained":[{"floor":1.0,"key":"Strength Potion"},{"floor":3.0,"key":"Block Potion"},{"floor":11.0,"key":"Strength Potion"}],"is_trial":false,"path_per_floor":["M","?","M","T","M","R","E","?","T","M","E","M","?","M","R","B",null,"M"],"character_chosen":"THE_CASTER","items_purchased":[],"campfire_rested":1,"item_purchase_floors":[],"current_hp_per_floor":[61,61,59,59,59,59,46,46,46,46,30,28,28,20,39,17,64,64,64],"gold":466,"neow_bonus":"REMOVE_CARD","is_daily":false,"chose_seed":false,"campfire_upgraded":1,"win_rate":0.0,"timestamp":1609114798,"path_taken":["M","?","?","?","M","R","E","?","T","M","E","M","?","M","R","BOSS","M"],"items_purchased_type":[],"build_version":"2020-12-22","purchased_purges":0,"victory":false,"max_hp_per_floor":[64,64,64,64,64,64,64,64,64,64,64,64,64,64,64,64,64,64,64],"card_choices":[{"not_picked":["caster:FlashFrost","caster:Conflagrate"],"picked":"caster:WallOfRocks","floor":1.0},{"not_picked":["caster:Sultry","caster:Sandstorm"],"picked":"caster:DiablosFlame","floor":3.0},{"not_picked":["caster:MagicAttunement","caster:GlacialShield","caster:Sandstorm"],"picked":"SKIP","floor":5.0},{"not_picked":["caster:MagicResonance","caster:StaticField"],"picked":"caster:FrostDriver","floor":7.0},{"not_picked":["caster:QuickCast","caster:Incinerate","caster:ShortenedChant"],"picked":"SKIP","floor":10.0},{"not_picked":["caster:Susanoo","caster:QuickCast","caster:AbsoluteZero"],"picked":"SKIP","floor":11.0},{"not_picked":["caster:FlashSpeed","caster:MagicWeapon","caster:Fissure"],"picked":"SKIP","floor":12.0},{"not_picked":["caster:Charge","caster:MeteorStorm"],"picked":"caster:Sleet","floor":14.0},{"not_picked":["caster:GateOfBabylon","caster:Ifrit"],"picked":"caster:Inferno","floor":16.0}],"player_experience":601172,"relics_obtained":[{"floor":4.0,"key":"construct:WeddingRing"},{"floor":7.0,"key":"Happy Flower"},{"floor":9.0,"key":"infinitespire:Joker Card"},{"floor":11.0,"key":"Juzu Bracelet"}],"event_choices":[{"cards_removed":["caster:strike"],"damage_healed":0.0,"max_hp_gain":0.0,"max_hp_loss":0.0,"gold_gain":0.0,"event_name":"Bonfire Elementals","player_choice":"Offered Basic","floor":2.0,"gold_loss":0.0,"damage_taken":0.0},{"damage_healed":0.0,"max_hp_gain":0.0,"max_hp_loss":0.0,"gold_gain":0.0,"event_name":"Lab","player_choice":"Got Potions","floor":13.0,"gold_loss":0.0,"damage_taken":0.0}],"is_beta":false,"boss_relics":[{"not_picked":["Runic Dome","Cursed Key"],"picked":"Fusion Hammer"}],"items_purged_floors":[],"is_endless":false,"potions_floor_spawned":[1,3,11,16],"killed_by":"Hallownest:Flukemon_and_Top","ascension_level":0}}