{"host":"79pwvnyrdes6uj7k","time":1609183033,"event":{"mods":["2.2 Compatiblity","Astrologer","BaseMod","Beaked The Cultist","Colored Powertips","Downfall","Exacting","Friendly Minions","HexUI Lib","Highlight Path","Hubris","Infinite Spire","Mad Scientist","Mimic Mod","Minty Spire (QoL Compilation)","Random Character Button","Replay The Spire","Reworked Bosses","Shop Mod","Somnambulant","StSLib","The Cursed","The Disciple","The Factory","The Judge","The Jungle","The Marked","The Poker Player","The Runesmith","TheHeartMod"],"gold_per_floor":[99,99,99,99,116,154,168,93,171,171,271,283,296,1,32,42,58,155,155,80,92,102,117,117,117,164,264,281,42,42,76,96,96,118,227,227,227,258,291,291,242,257,282,306,306,306,327,386,423,446,470,470,470],"floor_reached":52,"playtime":4434,"items_purged":[],"score":675,"play_id":"085252cb-0036-4936-b44a-44f6e0da4d8f","local_time":"20201228131713","is_ascension_mode":false,"campfire_choices":[{"floor":1,"key":"DIG"},{"floor":8,"key":"RECALL"},{"floor":20,"key":"DIG"},{"data":"theMarked:EternalStudent","floor":37,"key":"SMITH"},{"data":"theMarked:Snap","floor":46,"key":"SMITH"}],"circlet_count":0,"master_deck":["theMarked:SoldierOfQuellstein","theMarked:SoldierForm+1","theMarked:Aftermath","theMarked:Overcharge","theMarked:TakeOffHeels+1","theMarked:ParalyzingBlade+1","theMarked:Reabsorb+1","theMarked:BanishingStrike","theMarked:HeritageOfTheMarked","Mayhem","theMarked:Aftermath","theMarked:Aftermath","theMarked:RogueSparks","theMarked:RogueSparks","theMarked:BindingBlade","theMarked:ThrowWeapon","theMarked:SwordAndMagic+1","theMarked:ContemptForTheProud","theMarked:KeepCalmAndFightOn","Ghostly","Ghostly","Ghostly","Ghostly","Ghostly","theMarked:EnhancedHearing","theMarked:Opportunist","theMarked:Snap+1","theMarked:LightningStrikesTwice","theMarked:SwordAndMagic","theMarked:PowerFlow","infinitespire:Punishment","J.A.X.","theMarked:ReduceFriction","theMarked:ResourceFulStrike","theMarked:Challenge","theMarked:Electrocute+1","theMarked:Parkour","hubris:Greed","theMarked:DeterminationOfTheMarked","ReplayTheSpireMod:Book of Names","theMarked:MysticalArsenal","theMarked:ShockingTouch+1","theMarked:EternalStudent+1","theMarked:MaelstromOfLightning+1","theMarked:UnarmedFury","theMarked:SuspiciousRaven","Magnetism","Replay:SS_hec_2","expansioncontent:LastStand","theMarked:DeterminationOfTheMarked+1","theMarked:FavorableWinds","Pain"],"relics":["theMarked:ArtifactOfAir","Oddly Smooth Stone","downfall:HeartBlessingBlue","Meat on the Bone","Sozu","downfall:HeartBlessingRed","ReplayTheSpireMod:TigerMarble","ReplayFunnel","Nunchaku","MutagenicStrength","ReplayTheSpireMod:CursedCoin","MerchantsRug","Lantern","Replay:Wax Seal","Coffee Dripper","hubris:PeanutButter","ReplayTheSpireMod:ShopPack","War Paint","WarpedTongs","theMarked:VonisonLock","Replay:WaspNest"],"acts_visited":["Exordium","TheCity","TheBeyond"],"potions_floor_usage":[15,16,18,18,18,23,23],"damage_taken":[{"damage":12,"enemies":"Jaw Worm","floor":5,"turns":4},{"damage":11,"enemies":"Cultist","floor":6,"turns":8},{"damage":0,"enemies":"Cultist","floor":7,"turns":3},{"damage":11,"enemies":"downfall:LadyInBlue","floor":11,"turns":5},{"damage":5,"enemies":"2 Louse","floor":12,"turns":3},{"damage":6,"enemies":"Large Slime","floor":13,"turns":5},{"damage":3,"enemies":"downfall:FleeingMerchant","floor":14,"turns":4},{"damage":13,"enemies":"Lots of Slimes","floor":15,"turns":4},{"damage":12,"enemies":"Exordium Thugs","floor":16,"turns":2},{"damage":19,"enemies":"Red Slaver","floor":17,"turns":4},{"damage":42,"enemies":"downfall:Ironclad","floor":18,"turns":6},{"damage":7,"enemies":"Shell Parasite","floor":21,"turns":2},{"damage":15,"enemies":"Spheric Guardian","floor":22,"turns":3},{"damage":2,"enemies":"Centurion and Healer","floor":23,"turns":5},{"damage":3,"enemies":"downfall:Augmenter","floor":27,"turns":4},{"damage":0,"enemies":"Cultist and Chosen","floor":28,"turns":3},{"damage":6,"enemies":"downfall:FleeingMerchant","floor":29,"turns":4},{"damage":3,"enemies":"Gremlin Leader","floor":31,"turns":2},{"damage":3,"enemies":"Shelled Parasite and Fungi","floor":32,"turns":3},{"damage":11,"enemies":"Centurion and Healer","floor":34,"turns":5},{"damage":12,"enemies":"downfall:Watcher","floor":35,"turns":7},{"damage":12,"enemies":"3 Shapes","floor":38,"turns":1},{"damage":0,"enemies":"3 Darklings","floor":39,"turns":2},{"damage":3,"enemies":"downfall:FleeingMerchant","floor":41,"turns":2},{"damage":0,"enemies":"Transient","floor":42,"turns":5},{"damage":0,"enemies":"Spire Growth","floor":44,"turns":4},{"damage":0,"enemies":"Maw","floor":47,"turns":5},{"damage":14,"enemies":"2 Orb Walkers","floor":48,"turns":2},{"damage":24,"enemies":"Giant Head","floor":49,"turns":6},{"damage":0,"enemies":"Sphere and 2 Shapes","floor":50,"turns":3},{"damage":0,"enemies":"3 Darklings","floor":51,"turns":3},{"damage":31,"enemies":"downfall:Silent","floor":52,"turns":5}],"seed_played":"-4276551009701288793","potions_obtained":[{"floor":5,"key":"AttackPotion"},{"floor":7,"key":"ColorlessPotion"},{"floor":11,"key":"Flashbang"},{"floor":11,"key":"EssenceOfSteel"},{"floor":11,"key":"Death Potion"},{"floor":16,"key":"theMarked:ChargePotion"},{"floor":17,"key":"Swift Potion"}],"is_trial":false,"path_per_floor":["R","?","PTL","PTL","M","MIM","M","R","T","?","?","M","M","$","M","M","M","B",null,"R","M","M","M","?","AVR","T","?","M","$","?","E","M","?","M","B",null,"R","M","M","?","$","M","T","M","?","R","M","?","E","M","M","B"],"character_chosen":"THE_DEFAULT","items_purchased":["theMarked:HeritageOfTheMarked","Mayhem","theMarked:Aftermath","ReplayTheSpireMod:CursedCoin","theMarked:DeterminationOfTheMarked","MerchantsRug","infinitespire:PuzzleCube","Lantern","hubris:PeanutButter","ReplayTheSpireMod:ShopPack"],"campfire_rested":0,"item_purchase_floors":[14,14,14,29,29,29,29,29,41,41],"current_hp_per_floor":[77,77,77,77,65,54,54,64,64,64,53,48,55,52,51,51,44,14,87,87,80,65,63,43,43,43,40,40,34,24,33,30,30,31,31,43,43,31,31,31,28,28,28,28,28,28,28,26,14,26,26,0,0],"gold":470,"neow_bonus":"TEN_PERCENT_HP_BONUS","is_daily":false,"chose_seed":false,"campfire_upgraded":2,"win_rate":0.0,"timestamp":1609183033,"path_taken":["R","?","PTL","PTL","?","?","M","R","T","?","?","M","?","?","M","M","M","BOSS","R","M","M","M","?","AVR","T","?","?","$","?","E","M","?","M","BOSS","R","M","M","?","?","M","T","M","?","R","?","?","E","M","M","BOSS"],"items_purchased_type":["Card","Card","Card","Relic","Card","Relic","Relic","Relic","Relic","Relic"],"build_version":"2020-12-22","purchased_purges":0,"victory":false,"max_hp_per_floor":[77,77,77,77,77,77,77,87,87,87,87,87,87,87,87,87,87,87,87,87,87,87,87,43,43,43,43,43,43,43,43,43,43,43,43,43,43,43,43,43,43,43,43,43,43,43,43,43,43,43,43,43,43],"card_choices":[{"not_picked":["theMarked:HeightenedSenses","theMarked:ElectricStrings"],"picked":"theMarked:Aftermath","floor":5},{"not_picked":["theMarked:BanishingStrike","theMarked:Electrify"],"picked":"theMarked:Overcharge","floor":6},{"not_picked":["theMarked:Electrocute","theMarked:TwofoldDefense"],"picked":"theMarked:TakeOffHeels","floor":7},{"not_picked":["theMarked:WastefulAttack","theMarked:WardOff"],"picked":"theMarked:ParalyzingBlade","floor":12},{"not_picked":["theMarked:ElectricStrings","theMarked:ChainLightning"],"picked":"theMarked:Reabsorb","floor":12},{"not_picked":["theMarked:WastefulAttack","theMarked:LightningStrikesTwice","theMarked:RepellingDischarge"],"picked":"SKIP","floor":13},{"not_picked":["theMarked:ChainLightning","theMarked:RepellingDischarge"],"picked":"theMarked:BanishingStrike","floor":14},{"not_picked":["theMarked:ElectricStrings","theMarked:EnhancedHearing"],"picked":"theMarked:RogueSparks","floor":15},{"not_picked":["theMarked:ResourceFulStrike","theMarked:Generate"],"picked":"theMarked:RogueSparks","floor":16},{"not_picked":["theMarked:HeightenedSenses","theMarked:WardOff"],"picked":"theMarked:BindingBlade","floor":17},{"not_picked":["theMarked:Challenge","theMarked:FavorableWinds"],"picked":"theMarked:ThrowWeapon","floor":18},{"not_picked":["theMarked:ResourceFulStrike+1","theMarked:ElectricStrings"],"picked":"theMarked:SwordAndMagic+1","floor":21},{"not_picked":["theMarked:Generate","theMarked:Seal"],"picked":"theMarked:ContemptForTheProud","floor":22},{"not_picked":["theMarked:Overcharge","theMarked:ResourceFulStrike"],"picked":"theMarked:KeepCalmAndFightOn","floor":23},{"not_picked":[],"picked":"J.A.X.","floor":27},{"not_picked":["theMarked:BanishingStrike+1","theMarked:ParalyzingBlade"],"picked":"theMarked:ReduceFriction","floor":27},{"not_picked":["theMarked:Improvise","theMarked:EnhanceMovement+1"],"picked":"theMarked:Electrocute+1","floor":28},{"not_picked":["theMarked:Indomitable","theMarked:Defy"],"picked":"theMarked:Parkour","floor":29},{"not_picked":["ReplayTheSpireMod:Chaos Vortex","infinitespire:Fortify"],"picked":"ReplayTheSpireMod:Book of Names","floor":30},{"not_picked":["theMarked:ElectricStrings","theMarked:Electrocute"],"picked":"theMarked:MysticalArsenal","floor":31},{"not_picked":["theMarked:HeightenedSenses","theMarked:SwordAndMagic+1"],"picked":"theMarked:ShockingTouch+1","floor":32},{"not_picked":["theMarked:Aftermath","theMarked:RepellingDischarge+1","theMarked:SwordAndMagic"],"picked":"SKIP","floor":34},{"not_picked":["theMarked:Challenge","theMarked:ThrowWeapon"],"picked":"theMarked:EternalStudent","floor":35},{"not_picked":["theMarked:SwordAndMagic","theMarked:ResourceFulStrike+1","theMarked:Electrocute+1"],"picked":"SKIP","floor":38},{"not_picked":["theMarked:WastefulAttack+1","theMarked:ElectricStrings"],"picked":"theMarked:MaelstromOfLightning+1","floor":39},{"not_picked":["theMarked:EnhancedHearing","theMarked:EnhanceMovement+1"],"picked":"theMarked:SuspiciousRaven","floor":41},{"not_picked":["Secret Weapon","Transmutation"],"picked":"Magnetism","floor":41},{"not_picked":["Metamorphosis","expansioncontent:Hexaburn"],"picked":"Replay:SS_hec_2","floor":41},{"not_picked":["Replay:SS_forest_5","expansioncontent:PrepareCrush"],"picked":"expansioncontent:LastStand","floor":41},{"not_picked":["theMarked:WardOff","theMarked:Electrocute+1"],"picked":"theMarked:DeterminationOfTheMarked+1","floor":42},{"not_picked":["theMarked:Aftermath","theMarked:ResourceFulStrike"],"picked":"theMarked:FavorableWinds","floor":44},{"not_picked":["theMarked:WastefulAttack+1","theMarked:TwofoldDefense","theMarked:CreepingChasm"],"picked":"SKIP","floor":47},{"not_picked":["theMarked:Parkour","theMarked:SwordAndMagic+1","theMarked:RepellingDischarge+1"],"picked":"SKIP","floor":49},{"not_picked":["theMarked:RepellingDischarge","theMarked:ChainLightning","theMarked:HeightenedSenses+1"],"picked":"SKIP","floor":50},{"not_picked":["theMarked:Electrocute+1","theMarked:WardOff+1","theMarked:ElectricStrings+1"],"picked":"SKIP","floor":51}],"player_experience":335686,"relics_obtained":[{"floor":1,"key":"Oddly Smooth Stone"},{"floor":9,"key":"Meat on the Bone"},{"floor":11,"key":"Potion Belt"},{"floor":20,"key":"ReplayTheSpireMod:TigerMarble"},{"floor":26,"key":"Nunchaku"},{"floor":27,"key":"MutagenicStrength"},{"floor":31,"key":"Replay:Wax Seal"},{"floor":43,"key":"War Paint"},{"floor":48,"key":"theMarked:VonisonLock"},{"floor":49,"key":"Replay:WaspNest"}],"event_choices":[{"damage_healed":0,"gold_gain":0,"cards_transformed":["theMarked:Strike"],"player_choice":"Transformed","damage_taken":0,"max_hp_gain":0,"max_hp_loss":0,"event_name":"Transmorgrifier","floor":2,"gold_loss":0,"cards_obtained":["theMarked:SoldierForm"]},{"damage_healed":0,"gold_gain":0,"player_choice":"Grow","damage_taken":0,"max_hp_gain":0,"max_hp_loss":0,"event_name":"Living Wall","floor":10,"gold_loss":0,"cards_upgraded":["theMarked:SoldierForm"]},{"damage_healed":0,"gold_gain":0,"player_choice":"Became a Ghost","damage_taken":0,"max_hp_gain":0,"max_hp_loss":44,"event_name":"Ghosts","floor":24,"gold_loss":0,"cards_obtained":["Ghostly","Ghostly","Ghostly","Ghostly","Ghostly"]},{"damage_healed":0,"gold_gain":0,"player_choice":"Rummage","damage_taken":0,"relics_obtained":["WarpedTongs"],"max_hp_gain":0,"max_hp_loss":0,"event_name":"Accursed Blacksmith","floor":45,"gold_loss":0,"cards_obtained":["Pain"]},{"damage_healed":0,"gold_gain":0,"player_choice":"Fight","damage_taken":0,"max_hp_gain":0,"max_hp_loss":0,"event_name":"Mysterious Sphere","floor":48,"gold_loss":0}],"is_beta":false,"boss_relics":[{"not_picked":["Velvet Choker","SacredBark"],"picked":"Sozu"},{"not_picked":["Replay:Drink Me","hubris:BlackHole"],"picked":"Coffee Dripper"}],"items_purged_floors":[],"is_endless":false,"potions_floor_spawned":[5,7,16,17,21,28,31,34,44,48,49,51],"killed_by":"downfall:Silent","ascension_level":0}}