{"host":"3h5qf14xt40jhha0","time":1609119415,"event":{"mods":["AlwaysNeverKeys","BaseMod","Colored Powertips","Minty Spire (QoL Compilation)","Permanent Neow","Relic Stats","StSLib"],"gold_per_floor":[111,131,150,150,168,197,197,250,250,250,279,293,322,336,336,410,410,426,440,365,39,59,59,93,93,171,186,196,227,227,85,85,164,164,178,192,192,192,212,212,212],"floor_reached":40,"playtime":2062,"items_purged":["Defend_B","Defend_B"],"score":996,"play_id":"9d0ed6e3-344d-4bda-a1d2-6613bfb098b2","local_time":"20201227203655","is_ascension_mode":true,"campfire_choices":[{"data":"Doom and Gloom","floor":7,"key":"SMITH"},{"data":"Sweeping Beam","floor":10,"key":"SMITH"},{"data":"Reinforced Body","floor":15,"key":"SMITH"},{"data":"Defragment","floor":23,"key":"SMITH"},{"data":"Turbo","floor":25,"key":"SMITH"},{"data":"Reboot","floor":30,"key":"SMITH"},{"data":"Defragment","floor":32,"key":"SMITH"}],"circlet_count":0,"master_deck":["AscendersBane","Strike_B","Defend_B","Defend_B","Zap+1","Dualcast","Rainbow","Doom and Gloom+1","Sweeping Beam+1","Reinforced Body+1","Beam Cell","Zap","Rainbow+1","Glacier","Reboot+1","Ball Lightning","Turbo+1","Multi-Cast","Steam+1","Defragment+1","Redo+1","Hologram","Defragment+1","Amplify","Streamline+1","Cold Snap","Blind"],"relics":["Cracked Core","HornCleat","Bronze Scales","StoneCalendar","Orichalcum","War Paint","Busted Crown","Chemical X","Eternal Feather","Ginger","Inserter"],"acts_visited":["Exordium","TheCity","TheBeyond"],"potions_floor_usage":[11,13,16,27,29,40,40],"damage_taken":[{"damage":0,"enemies":"Small Slimes","floor":1,"turns":2},{"damage":0,"enemies":"Cultist","floor":2,"turns":3},{"damage":3,"enemies":"Jaw Worm","floor":3,"turns":3},{"damage":0,"enemies":"2 Fungi Beasts","floor":5,"turns":2},{"damage":3,"enemies":"Lagavulin","floor":6,"turns":6},{"damage":11,"enemies":"3 Sentries","floor":11,"turns":4},{"damage":0,"enemies":"3 Louse","floor":12,"turns":2},{"damage":0,"enemies":"Gremlin Nob","floor":13,"turns":3},{"damage":0,"enemies":"Large Slime","floor":14,"turns":3},{"damage":26,"enemies":"Slime Boss","floor":16,"turns":7},{"damage":0,"enemies":"Spheric Guardian","floor":18,"turns":3},{"damage":0,"enemies":"3 Byrds","floor":19,"turns":3},{"damage":0,"enemies":"Centurion and Healer","floor":22,"turns":5},{"damage":0,"enemies":"Gremlin Leader","floor":24,"turns":4},{"damage":0,"enemies":"3 Cultists","floor":27,"turns":4},{"damage":0,"enemies":"Snake Plant","floor":28,"turns":3},{"damage":39,"enemies":"Slavers","floor":29,"turns":4},{"damage":9,"enemies":"Collector","floor":33,"turns":9},{"damage":0,"enemies":"Orb Walker","floor":35,"turns":4},{"damage":0,"enemies":"3 Shapes","floor":36,"turns":4},{"damage":32,"enemies":"Transient","floor":39,"turns":6},{"damage":19,"enemies":"Reptomancer","floor":40,"turns":1}],"seed_played":"-4791070325537460815","potions_obtained":[{"floor":2,"key":"Strength Potion"},{"floor":6,"key":"Energy Potion"},{"floor":12,"key":"Dexterity Potion"},{"floor":14,"key":"FocusPotion"},{"floor":22,"key":"SkillPotion"},{"floor":24,"key":"Swift Potion"},{"floor":33,"key":"Ancient Potion"},{"floor":36,"key":"CultistPotion"},{"floor":39,"key":"SteroidPotion"}],"is_trial":false,"path_per_floor":["M","M","M","?","M","E","R","T","T","R","E","M","E","M","R","B",null,"M","M","?","$","M","R","E","R","T","M","M","E","R","$","R","B",null,"M","M","?","?","M","E"],"character_chosen":"DEFECT","items_purchased":["Chemical X","Defragment","Defragment"],"campfire_rested":0,"item_purchase_floors":[21,21,31],"current_hp_per_floor":[64,64,61,61,61,58,58,58,58,58,47,47,47,47,47,21,53,53,53,53,53,53,53,53,64,64,64,64,25,37,37,49,40,58,58,58,58,48,16,0,0],"gold":212,"neow_bonus":"TRANSFORM_TWO_CARDS","is_daily":false,"chose_seed":false,"campfire_upgraded":7,"win_rate":0.0,"timestamp":1609119415,"path_taken":["M","M","M","?","?","E","R","?","T","R","E","M","E","M","R","BOSS","M","M","?","$","M","R","E","R","T","M","M","E","R","$","R","BOSS","M","M","?","?","M","E"],"items_purchased_type":["Relic","Card","Card"],"build_version":"2020-12-22","purchased_purges":2,"victory":false,"max_hp_per_floor":[64,64,64,64,64,64,64,64,64,64,64,64,64,64,64,64,64,64,64,64,64,64,64,64,64,64,64,64,64,64,64,64,64,64,64,64,64,64,64,64,64],"relic_stats":{"Busted Crown":28,"Inserter":[7],"counters":[22,85],"Bronze Scales":[202],"StoneCalendar":[75],"Eternal Feather":35,"Chemical X":[16],"Ginger":[5],"Orichalcum":[72],"War Paint":["Rainbow","Zap"],"obtain_stats":[{"HornCleat":6,"Busted Crown":17,"Inserter":34,"Bronze Scales":8,"StoneCalendar":9,"Eternal Feather":24,"Chemical X":21,"Ginger":29,"Orichalcum":11,"War Paint":13,"Cracked Core":0},{"HornCleat":5,"Busted Crown":10,"Inserter":18,"Bronze Scales":5,"StoneCalendar":5,"Eternal Feather":14,"Chemical X":12,"Ginger":17,"Orichalcum":6,"War Paint":8,"Cracked Core":0},{"HornCleat":16,"Busted Crown":35,"Inserter":70,"Bronze Scales":16,"StoneCalendar":16,"Eternal Feather":50,"Chemical X":41,"Ginger":61,"Orichalcum":20,"War Paint":25,"Cracked Core":0}]},"card_choices":[{"not_picked":["Stack","Gash"],"picked":"Sweeping Beam","floor":1},{"not_picked":["Gash","Streamline"],"picked":"Reinforced Body","floor":2},{"not_picked":["Go for the Eyes","Stack"],"picked":"Beam Cell","floor":3},{"not_picked":["Go for the Eyes","Gash"],"picked":"Glacier","floor":5},{"not_picked":["Go for the Eyes","Redo"],"picked":"Reboot","floor":6},{"not_picked":["Static Discharge","Steam"],"picked":"Ball Lightning","floor":11},{"not_picked":["Go for the Eyes","Doom and Gloom","Ball Lightning"],"picked":"SKIP","floor":12},{"not_picked":["Steam Power","Reprogram"],"picked":"Turbo","floor":13},{"not_picked":["Sweeping Beam","Reprogram","Heatsinks"],"picked":"SKIP","floor":14},{"not_picked":["Reboot","Fission"],"picked":"Multi-Cast","floor":16},{"not_picked":[],"picked":"Steam+1","floor":18},{"not_picked":["Leap"],"picked":"SKIP","floor":19},{"not_picked":["Turbo"],"picked":"SKIP","floor":22},{"not_picked":[],"picked":"Redo+1","floor":24},{"not_picked":["Blizzard"],"picked":"SKIP","floor":27},{"not_picked":["Heatsinks"],"picked":"SKIP","floor":28},{"not_picked":[],"picked":"Hologram","floor":29},{"not_picked":[],"picked":"Amplify","floor":33},{"not_picked":[],"picked":"Streamline+1","floor":35},{"not_picked":[],"picked":"Cold Snap","floor":36},{"not_picked":[],"picked":"Blind","floor":38},{"not_picked":["Ball Lightning"],"picked":"SKIP","floor":39}],"player_experience":1270133,"relics_obtained":[{"floor":6,"key":"HornCleat"},{"floor":8,"key":"Bronze Scales"},{"floor":9,"key":"StoneCalendar"},{"floor":11,"key":"Orichalcum"},{"floor":13,"key":"War Paint"},{"floor":24,"key":"Eternal Feather"},{"floor":29,"key":"Ginger"}],"event_choices":[{"damage_healed":0,"gold_gain":0,"player_choice":"2 cards matched","damage_taken":0,"max_hp_gain":0,"max_hp_loss":0,"event_name":"Match and Keep!","floor":4,"gold_loss":0,"cards_obtained":["Zap","Rainbow"]},{"cards_removed":["Strike_B"],"damage_healed":0,"gold_gain":0,"player_choice":"Gave Gold","damage_taken":0,"max_hp_gain":0,"max_hp_loss":0,"event_name":"Beggar","floor":20,"gold_loss":75},{"damage_healed":0,"gold_gain":0,"player_choice":"Ignored","damage_taken":0,"max_hp_gain":0,"max_hp_loss":0,"event_name":"Tomb of Lord Red Mask","floor":37,"gold_loss":0},{"damage_healed":0,"gold_gain":0,"player_choice":"Memory 3","damage_taken":10,"max_hp_gain":0,"max_hp_loss":0,"event_name":"SensoryStone","floor":38,"gold_loss":0}],"is_beta":false,"boss_relics":[{"not_picked":["SacredBark","Coffee Dripper"],"picked":"Busted Crown"},{"not_picked":["Black Star","Velvet Choker"],"picked":"Inserter"}],"items_purged_floors":[21,31],"is_endless":false,"potions_floor_spawned":[2,6,12,14,22,24,33,36,39],"killed_by":"Reptomancer","ascension_level":20}}