{"host":"dhyczjm99amxd3qx","time":1609119954,"event":{"mods":["BaseMod","Colored Map","Googly Eyes","Highlight Path","Minty Spire (QoL Compilation)","Quick Restart","StSLib"],"gold_per_floor":[111,121,139,152,231,231,83,110,110,143,143,71,101,117,117,212,212,222,222,234,159,84,109,109,119,143,160,193,193,193],"floor_reached":29,"playtime":2182,"items_purged":["Strike_G"],"score":283,"play_id":"81b62964-3c07-4b14-9864-2355cef55ceb","local_time":"20201227204554","is_ascension_mode":false,"campfire_choices":[{"data":"All Out Attack","floor":6.0,"key":"SMITH"},{"data":"Bouncing Flask","floor":11.0,"key":"SMITH"},{"floor":15.0,"key":"REST"},{"floor":24.0,"key":"REST"}],"circlet_count":0,"master_deck":["Strike_G","Strike_G","Strike_G","Defend_G","Defend_G","Defend_G","Defend_G","Defend_G","Survivor","Neutralize","Malaise","All Out Attack+1","Slice","Poisoned Stab","Crippling Poison","Bouncing Flask+1","Footwork","Crippling Poison","Noxious Fumes","Poisoned Stab","Die Die Die","Deflect","Bouncing Flask+1","Deflect"],"relics":["Ring of the Serpent","Orrery","CaptainsWheel","InkBottle","Paper Crane","Tiny Chest","MutagenicStrength","Darkstone Periapt","Smiling Mask","HornCleat"],"acts_visited":["Exordium","TheCity"],"potions_floor_usage":[27,28],"damage_taken":[{"damage":0.0,"enemies":"Small Slimes","floor":1.0,"turns":4.0},{"damage":0.0,"enemies":"2 Louse","floor":2.0,"turns":4.0},{"damage":7.0,"enemies":"Jaw Worm","floor":3.0,"turns":8.0},{"damage":18.0,"enemies":"Exordium Thugs","floor":4.0,"turns":7.0},{"damage":14.0,"enemies":"Gremlin Nob","floor":8.0,"turns":3.0},{"damage":13.0,"enemies":"Lagavulin","floor":10.0,"turns":5.0},{"damage":18.0,"enemies":"Gremlin Nob","floor":13.0,"turns":6.0},{"damage":3.0,"enemies":"3 Louse","floor":14.0,"turns":2.0},{"damage":33.0,"enemies":"The Guardian","floor":16.0,"turns":9.0},{"damage":36.0,"enemies":"2 Thieves","floor":18.0,"turns":3.0},{"damage":5.0,"enemies":"Shell Parasite","floor":20.0,"turns":6.0},{"damage":20.0,"enemies":"Gremlin Leader","floor":23.0,"turns":7.0},{"damage":4.0,"enemies":"Snake Plant","floor":25.0,"turns":4.0},{"damage":1,"enemies":"3 Cultists","floor":27,"turns":4},{"damage":24,"enemies":"Slavers","floor":28,"turns":5},{"damage":14,"enemies":"Chosen and Byrds","floor":29,"turns":4}],"seed_played":"3193058237147141652","potions_obtained":[{"floor":2.0,"key":"Weak Potion"},{"floor":4.0,"key":"GamblersBrew"},{"floor":10.0,"key":"Regen Potion"},{"floor":18.0,"key":"Fire Potion"},{"floor":25.0,"key":"Energy Potion"},{"floor":28,"key":"CunningPotion"}],"is_trial":false,"path_per_floor":["M","M","M","M","?","R","$","E","T","E","R","$","E","M","R","B",null,"M","?","M","$","?","E","R","M","T","M","E","M"],"character_chosen":"THE_SILENT","items_purchased":["Orrery","Noxious Fumes"],"campfire_rested":2,"item_purchase_floors":[7,12],"current_hp_per_floor":[77,77,70,52,52,52,52,38,38,25,25,25,7,13,36,3,77,41,41,36,36,36,16,39,35,35,34,10,0,0],"gold":193,"neow_bonus":"TEN_PERCENT_HP_BONUS","is_daily":false,"chose_seed":false,"campfire_upgraded":2,"win_rate":0.0,"timestamp":1609119954,"path_taken":["M","M","M","M","?","R","$","E","T","E","R","$","E","M","R","BOSS","M","?","M","$","?","E","R","M","T","M","E","?"],"items_purchased_type":["Relic","Card"],"build_version":"2020-12-22","purchased_purges":1,"victory":false,"max_hp_per_floor":[77,77,77,77,77,77,77,77,77,77,77,77,77,77,77,77,77,77,77,77,77,77,77,77,77,77,77,77,77,77],"card_choices":[{"not_picked":["Bane","Expertise","Slice"],"picked":"SKIP","floor":1.0},{"not_picked":["Prepared","Bane","Dodge and Roll"],"picked":"SKIP","floor":2.0},{"not_picked":["Escape Plan","Sucker Punch"],"picked":"Malaise","floor":3.0},{"not_picked":["Flechettes","Flying Knee"],"picked":"All Out Attack","floor":4.0},{"not_picked":["Glass Knife","Endless Agony"],"picked":"Slice","floor":7.0},{"not_picked":["Flechettes","Doppelganger"],"picked":"Poisoned Stab","floor":7.0},{"not_picked":["Terror","Heel Hook"],"picked":"Crippling Poison","floor":7.0},{"not_picked":["Masterful Stab","PiercingWail"],"picked":"Bouncing Flask","floor":7.0},{"not_picked":["Prepared","Quick Slash"],"picked":"Footwork","floor":7.0},{"not_picked":["Blade Dance","Deflect"],"picked":"Crippling Poison","floor":8.0},{"not_picked":["Dodge and Roll","Dagger Spray","Expertise"],"picked":"SKIP","floor":10.0},{"not_picked":["Dagger Throw","Slice"],"picked":"Poisoned Stab","floor":13.0},{"not_picked":["Dagger Spray","Dodge and Roll","Tools of the Trade"],"picked":"SKIP","floor":14.0},{"not_picked":["Wraith Form v2","Bullet Time"],"picked":"Die Die Die","floor":16.0},{"not_picked":["Footwork","Choke"],"picked":"Deflect","floor":18.0},{"not_picked":["Backflip","Deadly Poison","Bane"],"picked":"SKIP","floor":20.0},{"not_picked":["Tactician","Terror"],"picked":"Bouncing Flask+1","floor":23.0},{"not_picked":["Acrobatics","Prepared","Riddle With Holes"],"picked":"SKIP","floor":25.0},{"not_picked":["Well Laid Plans","Deadly Poison","Underhanded Strike"],"picked":"SKIP","floor":27},{"not_picked":["Underhanded Strike","Eviscerate"],"picked":"Deflect","floor":28}],"player_experience":114805,"relics_obtained":[{"floor":8.0,"key":"CaptainsWheel"},{"floor":9.0,"key":"InkBottle"},{"floor":10.0,"key":"Paper Crane"},{"floor":13.0,"key":"Tiny Chest"},{"floor":23.0,"key":"Darkstone Periapt"},{"floor":26.0,"key":"Smiling Mask"},{"floor":28,"key":"HornCleat"}],"event_choices":[{"damage_healed":0.0,"max_hp_gain":0.0,"max_hp_loss":0.0,"gold_gain":79.0,"event_name":"Golden Wing","player_choice":"Gained Gold","floor":5.0,"gold_loss":0.0,"damage_taken":0.0},{"damage_healed":0.0,"max_hp_gain":0.0,"max_hp_loss":0.0,"gold_gain":0.0,"event_name":"Drug Dealer","player_choice":"Inject Mutagens","floor":19.0,"gold_loss":0.0,"damage_taken":0.0,"relics_obtained":["MutagenicStrength"]},{"cards_removed":["Strike_G"],"damage_healed":0.0,"max_hp_gain":0.0,"max_hp_loss":0.0,"gold_gain":0.0,"event_name":"Beggar","player_choice":"Gave Gold","floor":22.0,"gold_loss":75.0,"damage_taken":0.0}],"is_beta":false,"boss_relics":[{"not_picked":["Philosopher\u0027s Stone","Calling Bell"],"picked":"Ring of the Serpent"}],"items_purged_floors":[21],"is_endless":false,"potions_floor_spawned":[2,4,10,18,25,28],"killed_by":"Chosen and Byrds","ascension_level":0}}