{"host":"2lrkmsuh7nz013qb","time":1609135640,"event":{"mods":["BaseMod","Colored Map","DeckTracker","Minty Spire (QoL Compilation)","SuperFastMode","everything is the same but u backflip on backflip"],"gold_per_floor":[362,251,264,264,283,310,323,335,359,373,373,53,72,91,91,220,220,233,233,246,269,292,292,311,311,335,460,259,9,9,9,9,128,128,148,171,171,98,167,167,45,45,92,157,490,490,503,513,513,513],"floor_reached":51,"playtime":2018,"items_purged":["Writhe","Pain","Strike_B"],"score":944,"play_id":"f0f6f208-69df-4b0a-989d-755f05637ff4","local_time":"20201228150720","is_ascension_mode":true,"campfire_choices":[{"data":"Coolheaded","floor":15.0,"key":"SMITH"},{"data":"Defragment","floor":23.0,"key":"SMITH"},{"data":"Chaos","floor":25.0,"key":"SMITH"},{"floor":30.0,"key":"REST"},{"data":"Turbo","floor":32.0,"key":"SMITH"},{"data":"Echo Form","floor":40.0,"key":"SMITH"},{"data":"Zap","floor":42.0,"key":"SMITH"},{"data":"1","floor":46.0,"key":"LIFT"},{"floor":49,"key":"REST"}],"circlet_count":0,"master_deck":["Strike_B","Strike_B","Strike_B","Defend_B","Defend_B","Defend_B","Defend_B","Zap+1","Dualcast","Rebound","Rip and Tear","Chaos+1","Cold Snap","Core Surge","Chill","Coolheaded+1","Echo Form+1","Defragment+1","Compile Driver","Coolheaded+1","Turbo+1","Defragment+1","Biased Cognition+1","Capacitor+1","Conserve Battery+1","Skim","Storm+1"],"relics":["Cracked Core","WarpedTongs","Oddly Smooth Stone","Potion Belt","Runic Dome","Strawberry","WingedGreaves","Bottled Lightning","Frozen Egg 2","Runic Pyramid","MealTicket","Symbiotic Virus","Smiling Mask","Girya"],"acts_visited":["Exordium","TheCity","TheBeyond"],"potions_floor_usage":[50,50,50,50],"damage_taken":[{"damage":2.0,"enemies":"Jaw Worm","floor":1.0,"turns":3.0},{"damage":1.0,"enemies":"Cultist","floor":3.0,"turns":3.0},{"damage":0.0,"enemies":"2 Louse","floor":5.0,"turns":1.0},{"damage":23.0,"enemies":"Lagavulin","floor":6.0,"turns":7.0},{"damage":7.0,"enemies":"Large Slime","floor":7.0,"turns":6.0},{"damage":5.0,"enemies":"Gremlin Gang","floor":8.0,"turns":4.0},{"damage":5.0,"enemies":"3 Louse","floor":10.0,"turns":3.0},{"damage":9.0,"enemies":"Exordium Thugs","floor":13.0,"turns":3.0},{"damage":0.0,"enemies":"2 Fungi Beasts","floor":14.0,"turns":3.0},{"damage":37.0,"enemies":"Slime Boss","floor":16.0,"turns":9.0},{"damage":0.0,"enemies":"Chosen","floor":18.0,"turns":4.0},{"damage":2.0,"enemies":"Spheric Guardian","floor":20.0,"turns":3.0},{"damage":1.0,"enemies":"Snecko","floor":21.0,"turns":5.0},{"damage":20.0,"enemies":"Centurion and Healer","floor":22.0,"turns":6.0},{"damage":10.0,"enemies":"Chosen and Byrds","floor":24.0,"turns":6.0},{"damage":13.0,"enemies":"Colosseum Slavers","floor":27.0,"turns":4.0},{"damage":0.0,"enemies":"Colosseum Nobs","floor":27.0,"turns":4.0},{"damage":8.0,"enemies":"Automaton","floor":33.0,"turns":11.0},{"damage":10.0,"enemies":"3 Shapes","floor":35.0,"turns":4.0},{"damage":11.0,"enemies":"3 Darklings","floor":36.0,"turns":6.0},{"damage":11.0,"enemies":"2 Orb Walkers","floor":44.0,"turns":5.0},{"damage":0.0,"enemies":"Jaw Worm Horde","floor":47.0,"turns":5.0},{"damage":21,"enemies":"Writhing Mass","floor":48,"turns":5},{"damage":51,"enemies":"Time Eater","floor":50,"turns":8}],"seed_played":"2611608170402056404","potions_obtained":[{"floor":5.0,"key":"GamblersBrew"},{"floor":6.0,"key":"CultistPotion"},{"floor":7.0,"key":"FairyPotion"},{"floor":10.0,"key":"DuplicationPotion"},{"floor":18.0,"key":"EntropicBrew"},{"floor":20.0,"key":"SkillPotion"},{"floor":24.0,"key":"PowerPotion"},{"floor":27.0,"key":"PowerPotion"},{"floor":35.0,"key":"FocusPotion"},{"floor":47.0,"key":"PotionOfCapacity"},{"floor":48,"key":"Dexterity Potion"}],"is_trial":false,"path_per_floor":["M","$","M","?","M","E","M","M","T","M","?","$","M","M","R","B",null,"M","?","M","M","M","R","M","R","T","?","$","$","R","?","R","B",null,"M","M","?","$","T","R","$","R","T","?","?","R","M","M","R","B",null],"character_chosen":"DEFECT","items_purchased":["Rip and Tear","Potion Belt","Regen Potion","Turbo","Energy Potion","Frozen Egg 2","Biased Cognition+1","Capacitor+1","PowerPotion"],"campfire_rested":2,"item_purchase_floors":[2,12,12,28,28,29,38,41,41],"current_hp_per_floor":[66,66,65,65,65,42,35,30,30,25,25,25,16,16,16,27,59,59,59,57,56,36,36,26,26,33,20,20,20,42,42,42,34,66,56,45,45,60,60,60,75,75,75,64,64,64,64,43,65,14],"gold":513,"neow_bonus":"TWO_FIFTY_GOLD","is_daily":false,"chose_seed":false,"campfire_upgraded":6,"win_rate":0.0,"timestamp":1609135640,"path_taken":["M","$","M","?","M","E","?","M","T","M","?","$","M","M","R","BOSS","M","?","M","M","M","R","M","R","T","?","$","$","R","?","R","BOSS","M","?","?","$","?","R","$","R","T","?","?","R","M","?","R","BOSS"],"items_purchased_type":["Card","Relic","Potion","Card","Potion","Relic","Card","Card","Potion"],"build_version":"2020-12-22","purchased_purges":3,"victory":true,"max_hp_per_floor":[75,75,75,75,75,75,75,75,75,75,69,69,69,69,69,69,69,69,69,69,69,69,69,69,69,76,76,76,76,76,76,76,76,76,76,76,76,76,76,76,76,76,76,76,76,76,76,76,76,76],"card_choices":[{"not_picked":["Go for the Eyes","BootSequence"],"picked":"Rebound","floor":1.0},{"not_picked":["Leap","Hello World"],"picked":"Chaos","floor":3.0},{"not_picked":["Sweeping Beam","Go for the Eyes","Stack"],"picked":"SKIP","floor":5.0},{"not_picked":["Turbo","Sweeping Beam"],"picked":"Cold Snap","floor":6.0},{"not_picked":["Sweeping Beam","Reprogram","Doom and Gloom"],"picked":"SKIP","floor":7.0},{"not_picked":["Rebound","Cold Snap"],"picked":"Core Surge","floor":8.0},{"not_picked":["Aggregate","Rip and Tear","Barrage"],"picked":"SKIP","floor":10.0},{"not_picked":["Sweeping Beam","Turbo"],"picked":"Chill","floor":13.0},{"not_picked":["Consume","Gash"],"picked":"Coolheaded","floor":14.0},{"not_picked":["Rainbow","Reboot"],"picked":"Echo Form","floor":16.0},{"not_picked":["Gash","Coolheaded","Beam Cell"],"picked":"SKIP","floor":18.0},{"not_picked":["Beam Cell","Static Discharge+1"],"picked":"Defragment","floor":20.0},{"not_picked":["Fission","Cold Snap"],"picked":"Compile Driver","floor":21.0},{"not_picked":["Double Energy","Barrage","Leap"],"picked":"SKIP","floor":22.0},{"not_picked":["Scrape+1","Rebound+1","Gash"],"picked":"SKIP","floor":24.0},{"not_picked":["Rebound","Reprogram+1"],"picked":"Coolheaded+1","floor":27.0},{"not_picked":["Stack","Conserve Battery","Gash"],"picked":"SKIP","floor":35.0},{"not_picked":["Redo+1","Consume+1","Sweeping Beam"],"picked":"SKIP","floor":36.0},{"not_picked":["Go for the Eyes","Streamline"],"picked":"Conserve Battery+1","floor":44.0},{"not_picked":["White Noise+1","Leap+1"],"picked":"Skim","floor":47.0},{"not_picked":["Thunder Strike","Hologram"],"picked":"Storm+1","floor":48}],"player_experience":700527,"relics_obtained":[{"floor":6.0,"key":"Oddly Smooth Stone"},{"floor":26.0,"key":"Strawberry"},{"floor":27.0,"key":"WingedGreaves"},{"floor":27.0,"key":"Bottled Lightning"},{"floor":39.0,"key":"Symbiotic Virus"},{"floor":43.0,"key":"Smiling Mask"},{"floor":44.0,"key":"Girya"}],"event_choices":[{"damage_healed":0.0,"max_hp_gain":0.0,"max_hp_loss":0.0,"gold_gain":0.0,"event_name":"Accursed Blacksmith","player_choice":"Rummage","floor":4.0,"gold_loss":0.0,"damage_taken":0.0,"relics_obtained":["WarpedTongs"],"cards_obtained":["Pain"]},{"damage_healed":0.0,"max_hp_gain":0.0,"max_hp_loss":6.0,"gold_gain":0.0,"event_name":"Golden Idol","player_choice":"Lose Max HP","floor":11.0,"gold_loss":0.0,"damage_taken":0.0,"relics_obtained":["Golden Idol"]},{"damage_healed":0.0,"max_hp_gain":0.0,"max_hp_loss":0.0,"gold_gain":0.0,"event_name":"Vampires","player_choice":"Ignored","floor":19.0,"gold_loss":0.0,"damage_taken":0.0},{"damage_healed":0.0,"max_hp_gain":0.0,"max_hp_loss":0.0,"gold_gain":0.0,"event_name":"Colosseum","player_choice":"Fight","floor":27.0,"gold_loss":0.0,"damage_taken":0.0},{"damage_healed":0.0,"max_hp_gain":0.0,"max_hp_loss":0.0,"gold_gain":0.0,"event_name":"Colosseum","player_choice":"Fought Nobs","floor":27.0,"gold_loss":0.0,"damage_taken":0.0},{"damage_healed":0.0,"max_hp_gain":0.0,"max_hp_loss":0.0,"gold_gain":0.0,"event_name":"Duplicator","player_choice":"Copied","floor":31.0,"gold_loss":0.0,"damage_taken":0.0,"cards_obtained":["Defragment"]},{"damage_healed":0.0,"max_hp_gain":0.0,"max_hp_loss":0.0,"gold_gain":0.0,"event_name":"WeMeetAgain","player_choice":"Gave Potion","floor":37.0,"gold_loss":0.0,"damage_taken":0.0,"relics_obtained":["MealTicket"]},{"damage_healed":0.0,"max_hp_gain":0.0,"max_hp_loss":0.0,"gold_gain":0.0,"event_name":"Mysterious Sphere","player_choice":"Fight","floor":44.0,"gold_loss":0.0,"damage_taken":0.0},{"damage_healed":0.0,"max_hp_gain":0.0,"max_hp_loss":0.0,"gold_gain":333.0,"event_name":"The Moai Head","player_choice":"Gave Idol","floor":45.0,"relics_lost":["Golden Idol"],"gold_loss":0.0,"damage_taken":0.0}],"is_beta":false,"boss_relics":[{"not_picked":["SacredBark","Fusion Hammer"],"picked":"Runic Dome"},{"not_picked":["Sozu","Black Star"],"picked":"Runic Pyramid"}],"items_purged_floors":[2,12,28],"is_endless":false,"potions_floor_spawned":[5,6,7,10,18,20,24,27,35,47,48],"ascension_level":9}}