{"host":"3t6uby4o5waaq95r","time":1609139241,"event":{"mods":["AchievementEnabler","BaseMod","Bestiary","Colored Map","Highlight Path","Minty Spire (QoL Compilation)","Permanent Neow","Quick Restart","Random Character Button","SuperFastMode"],"gold_per_floor":[111,186,40,60,60,98,98,140,140,217,291,291,291,311,311,311,311],"floor_reached":16,"playtime":530,"items_purged":[],"score":110,"play_id":"ff524cd0-1817-4d03-94e4-2db4b7082721","local_time":"20201228010721","is_ascension_mode":false,"campfire_choices":[{"floor":7,"key":"REST"},{"floor":12,"key":"REST"},{"data":"Discovery","floor":15,"key":"SMITH"}],"circlet_count":0,"master_deck":["Strike_R","Strike_R","Strike_R+1","Strike_R","Defend_R","Defend_R","Defend_R","Defend_R","Bash","Discovery+1","Carnage+1","Seeing Red","Pummel","Metallicize","Twin Strike","Shockwave","Perfected Strike"],"relics":["Burning Blood","CeramicFish","SsserpentHead","Bottled Lightning","Whetstone","StrikeDummy"],"acts_visited":["Exordium"],"potions_floor_usage":[6],"damage_taken":[{"damage":9,"enemies":"Small Slimes","floor":1,"turns":3},{"damage":6,"enemies":"2 Louse","floor":4,"turns":3},{"damage":40,"enemies":"Lagavulin","floor":6,"turns":8},{"damage":43,"enemies":"3 Sentries","floor":8,"turns":9},{"damage":0,"enemies":"Cultist","floor":10,"turns":2},{"damage":5,"enemies":"Gremlin Gang","floor":11,"turns":2},{"damage":4,"enemies":"Large Slime","floor":14,"turns":3},{"damage":52,"enemies":"The Guardian","floor":16,"turns":9}],"seed_played":"-486444805720438101","potions_obtained":[{"floor":4,"key":"Fire Potion"},{"floor":6,"key":"Ancient Potion"},{"floor":14,"key":"SneckoOil"}],"is_trial":false,"path_per_floor":["M","?","$","M","?","E","R","E","T","M","M","R","?","M","R","B"],"character_chosen":"IRONCLAD","items_purchased":["CeramicFish"],"campfire_rested":2,"item_purchase_floors":[3],"current_hp_per_floor":[77,66,66,66,66,32,56,19,19,25,26,50,50,52,52,0,0],"gold":311,"neow_bonus":"RANDOM_COLORLESS","is_daily":false,"chose_seed":false,"campfire_upgraded":1,"win_rate":0.0,"timestamp":1609139241,"path_taken":["M","?","$","M","?","E","R","E","T","?","?","R","?","M","R","BOSS"],"items_purchased_type":["Relic"],"build_version":"2020-12-22","purchased_purges":0,"victory":false,"max_hp_per_floor":[80,80,80,80,80,80,80,80,80,80,80,80,80,80,80,80,80],"card_choices":[{"not_picked":["Trip","Forethought"],"picked":"Discovery","floor":0},{"not_picked":["Twin Strike","Flex"],"picked":"Carnage","floor":1},{"not_picked":["Pommel Strike","Feel No Pain"],"picked":"Seeing Red","floor":4},{"not_picked":["Juggernaut","Headbutt"],"picked":"Pummel","floor":6},{"not_picked":["Burning Pact","Iron Wave"],"picked":"Metallicize","floor":8},{"not_picked":["Flex","Power Through"],"picked":"Twin Strike","floor":10},{"not_picked":["Headbutt","Sword Boomerang"],"picked":"Shockwave","floor":11},{"not_picked":["Havoc","Clothesline"],"picked":"Perfected Strike","floor":14}],"player_experience":800813,"relics_obtained":[{"floor":6,"key":"Bottled Lightning"},{"floor":8,"key":"Whetstone"},{"floor":9,"key":"StrikeDummy"}],"event_choices":[{"damage_healed":0,"gold_gain":75,"player_choice":"Gather Gold","damage_taken":11,"max_hp_gain":0,"max_hp_loss":0,"event_name":"World of Goop","floor":2,"gold_loss":0},{"damage_healed":0,"gold_gain":0,"player_choice":"Trade","damage_taken":0,"relics_obtained":["SsserpentHead"],"max_hp_gain":0,"max_hp_loss":0,"event_name":"FaceTrader","floor":5,"gold_loss":0},{"cards_removed":["Strike_R"],"damage_healed":0,"gold_gain":0,"player_choice":"Card Removal","damage_taken":0,"max_hp_gain":0,"max_hp_loss":0,"event_name":"The Cleric","floor":13,"gold_loss":50}],"is_beta":false,"boss_relics":[],"items_purged_floors":[],"is_endless":false,"potions_floor_spawned":[4,6,14],"killed_by":"The Guardian","ascension_level":0}}