{"host":"bzg9y3flbaqjj1j7","time":1609192731,"event":{"mods":["AchievementEnabler","Aspiration","BaseMod","Better Third Choice","Challenge The Spire","Hubris","Hyrulean Relics","Infinite Spire","Lobotomy","LobotomyExtend","Marisa????????","Marked Mod","Minty Spire (QoL Compilation)","Permanent Neow","Rare Cards Sparkle","Reimu??????","Remilia??????","Replay The Spire","Shade Mod","Shop Mod","StSLib","The Administrix","The Alterego","The Blue Laboratory","The Fake Hero","Waifu the Spire"],"gold_per_floor":[119,119,92,103,51,51,51,62,62,162,104,122,122,139,139,243,243,263,263,282,315,329,329,360,360,408,422,422,422],"floor_reached":28,"playtime":2094,"items_purged":[],"score":278,"play_id":"f7aceaff-3320-43ad-bf5b-4f2b08b26434","local_time":"20201228182851","is_ascension_mode":false,"campfire_choices":[{"floor":6.0,"key":"REST"},{"floor":15.0,"key":"REST"},{"floor":23,"key":"REST"}],"circlet_count":0,"master_deck":["SpecialBullet","SpecialBullet","SpecialBullet","SpecialBullet","SpecialBullet","SpecialBullet","SpecialBullet","SpecialBullet","InformationCode","ExtractionCode","DisciplinaryCode","InTheNameOfLoveAndHate","FourthMatchFlame","FourthMatchFlame","FairyFestival","Noise","Penitence","luka_mod:Optimistic+1","Penitence","Laetitia","TheSmile","luka_mod:Ilias","CherryBlossom","luka_mod:StressRelief","FourthMatchFlame","FourthMatchFlame","TheSmile","infinitespire:FutureSight","BodiesMountain"],"relics":["CogitoBucket","LetterFromLob","zeldaRelics:RedTunic","zeldaRelics:CourageTriforce","AspirationHeart","aspiration:MarisaSkillbook","Red Mask","BehaviorAdjustment","aspiration:AnachronicSnailShell","Black Star"],"acts_visited":["Exordium","TheCity"],"potions_floor_usage":[22,22,22,24,24],"damage_taken":[{"damage":11.0,"enemies":"2 Louse","floor":1.0,"turns":2.0},{"damage":43.0,"enemies":"2 Louse","floor":2.0,"turns":6.0},{"damage":11.0,"enemies":"Jaw Worm","floor":4.0,"turns":2.0},{"damage":0.0,"enemies":"Small Slimes","floor":8.0,"turns":1.0},{"damage":17.0,"enemies":"Gremlin Gang","floor":12.0,"turns":4.0},{"damage":0.0,"enemies":"3 Louse","floor":14.0,"turns":1.0},{"damage":25.0,"enemies":"Slime Boss","floor":16.0,"turns":12.0},{"damage":20.0,"enemies":"2 Thieves","floor":18.0,"turns":4.0},{"damage":10.0,"enemies":"Shell Parasite","floor":20.0,"turns":2.0},{"damage":0.0,"enemies":"Masked Bandits","floor":21.0,"turns":1.0},{"damage":34,"enemies":"Snake Plant","floor":22,"turns":2},{"damage":13,"enemies":"Slavers","floor":24,"turns":3},{"damage":10,"enemies":"Sentry and Sphere","floor":27,"turns":3}],"seed_played":"4034953404278636496","potions_obtained":[{"floor":1.0,"key":"Fruit Juice"},{"floor":8.0,"key":"Dexterity Potion"},{"floor":20.0,"key":"EntropicBrew"}],"is_trial":true,"path_per_floor":["M","?","?","M","$","R","?","M","T","?","$","M","R","M","R","B",null,"M","?","M","?","M","R","E","AVR","T","M","?"],"character_chosen":"Angela","items_purchased":["Noise","luka_mod:Optimistic+1"],"campfire_rested":3,"item_purchase_floors":[5,11],"current_hp_per_floor":[64,21,21,10,10,32,32,32,32,32,32,17,17,27,52,59,85,68,68,59,59,25,50,38,38,38,34,0,0],"gold":422,"neow_bonus":"","is_daily":false,"chose_seed":false,"campfire_upgraded":0,"win_rate":0.0,"timestamp":1609192731,"path_taken":["M","?","?","M","$","R","?","?","T","?","$","?","R","M","R","BOSS","M","?","M","?","M","R","E","AVR","T","?","?"],"items_purchased_type":["Card","Card"],"build_version":"2020-12-22","purchased_purges":0,"victory":false,"max_hp_per_floor":[75,75,75,75,75,75,75,75,75,75,75,75,75,85,85,85,85,85,85,85,85,85,85,85,85,85,89,89,89],"card_choices":[{"not_picked":["TodaysExpression"],"picked":"InTheNameOfLoveAndHate","floor":1.0},{"not_picked":["Discord"],"picked":"FourthMatchFlame","floor":2.0},{"not_picked":["luka_mod:IliasesJudgement"],"picked":"FourthMatchFlame","floor":2.0},{"not_picked":["UniverseFragment","LittleHelper"],"picked":"FairyFestival","floor":4.0},{"not_picked":["luka_mod:EarthRumblingDecapitation","luka_mod:WindSlash"],"picked":"SKIP","floor":4.0},{"not_picked":["Wingbeat"],"picked":"Penitence","floor":8.0},{"not_picked":["CrimsonScar"],"picked":"Penitence","floor":12.0},{"not_picked":["Lamp","luka_mod:HeroicStrike"],"picked":"SKIP","floor":12.0},{"not_picked":["BigBadWolf","MHz"],"picked":"Laetitia","floor":14.0},{"not_picked":["luka_mod:AlicesGuard","luka_mod:DemonDecapitation"],"picked":"SKIP","floor":14.0},{"not_picked":["luka_mod:SpoilerForm"],"picked":"TheSmile","floor":16.0},{"not_picked":["luka_mod:Daystar"],"picked":"luka_mod:Ilias","floor":16.0},{"not_picked":["BlackSwan_ego+1","luka_mod:SereneDemonSword+1"],"picked":"CherryBlossom","floor":18.0},{"not_picked":["Noise+1","luka_mod:BladeOfHowlingWind+1"],"picked":"luka_mod:StressRelief","floor":18.0},{"not_picked":["UltimateShortwave","luka_mod:StrikeLuka"],"picked":"FourthMatchFlame","floor":20.0},{"not_picked":["Hornet","OneTimeOff+1"],"picked":"TheSmile","floor":21.0},{"not_picked":["luka_mod:FlashKill","TodaysExpression+1","IllusionStar"],"picked":"SKIP","floor":22},{"not_picked":["Wingbeat","WristCuter+1","MysteriousBeam"],"picked":"SKIP","floor":24},{"not_picked":["Mercenary","MeatLantern"],"picked":"BodiesMountain","floor":27},{"not_picked":["BlazeAway","luka_mod:FlashKill+1","GravityBeat"],"picked":"SKIP","floor":27}],"player_experience":131039,"relics_obtained":[{"floor":1.0,"key":"LetterFromLob"},{"floor":2.0,"key":"zeldaRelics:RedTunic"},{"floor":9.0,"key":"zeldaRelics:CouragePiece"},{"floor":21.0,"key":"Red Mask"},{"floor":24,"key":"zeldaRelics:CouragePiece"},{"floor":26,"key":"zeldaRelics:CouragePiece"}],"event_choices":[{"damage_healed":0.0,"max_hp_gain":0.0,"max_hp_loss":0.0,"gold_gain":0.0,"event_name":"betterThird:BetterGoop","player_choice":"Left","floor":3.0,"gold_loss":27.0,"damage_taken":0.0},{"damage_healed":0.0,"max_hp_gain":0.0,"max_hp_loss":0.0,"gold_gain":0.0,"event_name":"NoteForYourself","player_choice":"Ignored","floor":7.0,"gold_loss":0.0,"damage_taken":0.0},{"damage_healed":0.0,"max_hp_gain":0.0,"max_hp_loss":0.0,"gold_gain":100.0,"event_name":"Golden Shrine","player_choice":"Pray","floor":10.0,"gold_loss":0.0,"damage_taken":0.0},{"damage_healed":0.0,"max_hp_gain":0.0,"max_hp_loss":0.0,"gold_gain":0.0,"event_name":"The Library","player_choice":"Read","floor":19.0,"gold_loss":0.0,"damage_taken":0.0,"cards_obtained":["FourthMatchFlame"]},{"damage_healed":0.0,"max_hp_gain":0.0,"max_hp_loss":0.0,"gold_gain":0.0,"event_name":"Masked Bandits","player_choice":"Fought Bandits","floor":21.0,"gold_loss":0.0,"damage_taken":0.0}],"is_beta":false,"boss_relics":[{"not_picked":["hubris:Stopwatch","Abe\u0027s Treasure"],"picked":"aspiration:MarisaSkillbook"}],"items_purged_floors":[],"is_endless":false,"potions_floor_spawned":[1,8,20],"ascension_level":0}}