{"host":"pletss163z7s8pvv","time":1609117058,"event":{"mods":["AchievementEnabler","BaseMod","Colored Map","Colored Powertips","Minty Spire (QoL Compilation)"],"gold_per_floor":[134,134,309,13,53,108,143,143,143,183,183,198,233,233,233,383,383,368,368,383,298,36,36,51,51,76,76,134,134,59,94,94,194,194,229,244,21,70,70,70,70,70,70,70,85,85,85],"floor_reached":46,"playtime":1406,"items_purged":["Doubt"],"score":466,"play_id":"8c32cce4-05b7-4386-9544-1b8f8d1f056a","local_time":"20201227185738","daily_mods":["Allstar","Colorless Cards","Night Terrors"],"is_ascension_mode":false,"campfire_choices":[{"floor":8,"key":"REST"},{"data":"Feed","floor":11,"key":"SMITH"},{"data":"Perfected Strike","floor":15,"key":"SMITH"},{"floor":23,"key":"REST"},{"data":"Chrysalis","floor":25,"key":"SMITH"},{"floor":27,"key":"REST"},{"data":"Terror","floor":29,"key":"SMITH"},{"floor":32,"key":"REST"},{"floor":40,"key":"REST"},{"data":"DeusExMachina","floor":42,"key":"SMITH"}],"circlet_count":0,"master_deck":["Strike_P","Strike_P","Strike_P","Defend_P","Defend_P","Defend_P+1","Defend_P+1","Eruption","Vigilance+1","Chrysalis+1","Dark Shackles","HandOfGreed","Apotheosis+1","Impatience","Consecrate","ClearTheMind+1","Halt","Feed+1","Perfected Strike+1","EmptyFist","Shrug It Off","Protect","Thinking Ahead","PathToVictory+1","Dodge and Roll+1","JustLucky","ClearTheMind+1","Outmaneuver","Cleave+1","Terror+1","Blade Dance","SignatureMove","After Image","Melter","Cleave+1","FollowUp","FlyingSleeves","Consecrate","EmptyBody","DeusExMachina+1","Bandage Up","Accuracy+1"],"relics":["PureWater","PrismaticShard","Pear","The Courier","SlaversCollar","Dream Catcher","War Paint","Tiny Chest","Potion Belt","Red Mask","Cursed Key","Lantern","FossilizedHelix","Gremlin Horn","Bottled Lightning"],"acts_visited":["Exordium","TheCity","TheBeyond"],"potions_floor_usage":[16,16,16,18,28,28,33,38,46],"damage_taken":[{"damage":5,"enemies":"Small Slimes","floor":1,"turns":6},{"damage":0,"enemies":"2 Louse","floor":5,"turns":2},{"damage":34,"enemies":"Gremlin Nob","floor":6,"turns":5},{"damage":6,"enemies":"Jaw Worm","floor":7,"turns":3},{"damage":0,"enemies":"Exordium Wildlife","floor":10,"turns":3},{"damage":4,"enemies":"Blue Slaver","floor":12,"turns":4},{"damage":2,"enemies":"Looter","floor":13,"turns":3},{"damage":26,"enemies":"Slime Boss","floor":16,"turns":12},{"damage":45,"enemies":"2 Thieves","floor":18,"turns":4},{"damage":6,"enemies":"Shell Parasite","floor":20,"turns":6},{"damage":17,"enemies":"Shelled Parasite and Fungi","floor":24,"turns":6},{"damage":20,"enemies":"Masked Bandits","floor":28,"turns":3},{"damage":56,"enemies":"3 Cultists","floor":31,"turns":8},{"damage":41,"enemies":"Collector","floor":33,"turns":8},{"damage":20,"enemies":"3 Shapes","floor":35,"turns":3},{"damage":11,"enemies":"3 Darklings","floor":36,"turns":5},{"damage":19,"enemies":"2 Orb Walkers","floor":38,"turns":5},{"damage":25,"enemies":"Maw","floor":45,"turns":8},{"damage":59,"enemies":"Spire Growth","floor":46,"turns":5}],"seed_played":"3313543068594885719","potions_obtained":[{"floor":5,"key":"SkillPotion"},{"floor":6,"key":"DuplicationPotion"},{"floor":12,"key":"ColorlessPotion"},{"floor":16,"key":"Dexterity Potion"},{"floor":18,"key":"LiquidMemories"},{"floor":20,"key":"Explosive Potion"},{"floor":31,"key":"Swift Potion"},{"floor":35,"key":"Swift Potion"},{"floor":45,"key":"AttackPotion"}],"is_trial":false,"path_per_floor":["M","?","?","$","M","E","M","R","T","M","R","M","M","?","R","B",null,"M","?","M","?","$","R","M","R","T","R","?","R","?","M","R","B",null,"M","M","$","?","T","R","?","R","T","?","M","M"],"character_chosen":"WATCHER","items_purchased":["PrismaticShard","ClearTheMind","Halt","War Paint","Tiny Chest","JustLucky","Lantern","FollowUp","FlyingSleeves","Consecrate"],"campfire_rested":5,"item_purchase_floors":[4,4,4,22,22,22,37,37,37,37],"current_hp_per_floor":[67,67,67,67,67,43,37,77,77,77,77,73,71,56,56,34,81,40,24,18,18,18,85,68,68,68,80,60,60,60,4,75,34,75,55,44,44,25,25,70,70,70,70,70,45,0,0],"gold":85,"neow_bonus":"","is_daily":true,"chose_seed":false,"campfire_upgraded":5,"win_rate":0.0,"timestamp":1609117058,"path_taken":["M","?","?","$","?","E","M","R","T","M","R","M","M","?","R","BOSS","M","?","M","?","$","R","M","R","T","R","?","R","?","M","R","BOSS","M","M","$","?","?","R","?","R","T","?","M","?"],"items_purchased_type":["Relic","Card","Card","Relic","Relic","Card","Relic","Card","Card","Card"],"build_version":"2020-12-22","purchased_purges":1,"victory":false,"max_hp_per_floor":[72,72,72,72,72,82,82,77,77,77,77,77,77,77,77,81,81,85,90,90,90,90,85,85,85,85,80,80,80,80,80,75,75,75,75,75,75,75,75,70,70,70,70,70,70,70,70],"card_choices":[{"not_picked":["Dark Shackles","EmptyBody"],"picked":"Consecrate","floor":1},{"not_picked":["Evaluate","Hemokinesis","Backflip"],"picked":"SKIP","floor":5},{"not_picked":["DeceiveReality","Setup"],"picked":"Feed","floor":6},{"not_picked":["JustLucky","Hologram"],"picked":"Perfected Strike","floor":7},{"not_picked":["EmptyBody","Perseverance"],"picked":"EmptyFist","floor":10},{"not_picked":["Forethought","Impatience"],"picked":"Shrug It Off","floor":12},{"not_picked":["Study","Leap"],"picked":"Protect","floor":13},{"not_picked":["Grand Finale","Brutality"],"picked":"Thinking Ahead","floor":16},{"not_picked":["Halt","Steam Power"],"picked":"PathToVictory+1","floor":18},{"not_picked":["Vengeance+1","Tempest"],"picked":"Dodge and Roll+1","floor":20},{"not_picked":["Dagger Throw","Cold Snap"],"picked":"ClearTheMind+1","floor":23},{"not_picked":["True Grit+1","Turbo"],"picked":"Outmaneuver","floor":24},{"not_picked":["Wireheading+1","Glacier"],"picked":"Cleave+1","floor":27},{"not_picked":["Electrodynamics","Finisher"],"picked":"Terror","floor":28},{"not_picked":["Rampage+1","Stack"],"picked":"Blade Dance","floor":31},{"not_picked":["PiercingWail","True Grit"],"picked":"SignatureMove","floor":32},{"not_picked":["Omniscience","Fission"],"picked":"After Image","floor":33},{"not_picked":["CutThroughFate+1","Pray+1"],"picked":"Melter","floor":35},{"not_picked":["LikeWater","Tactician"],"picked":"Cleave+1","floor":36},{"not_picked":["Battle Trance","Rupture+1"],"picked":"EmptyBody","floor":38},{"not_picked":["Masterful Stab+1","Cleave+1"],"picked":"DeusExMachina","floor":40},{"not_picked":["Transmutation","Mayhem"],"picked":"Bandage Up","floor":41},{"not_picked":["Feel No Pain+1","Cloak And Dagger"],"picked":"Accuracy+1","floor":45}],"player_experience":400802,"relics_obtained":[{"floor":6,"key":"Pear"},{"floor":9,"key":"The Courier"},{"floor":26,"key":"Potion Belt"},{"floor":28,"key":"Red Mask"},{"floor":38,"key":"FossilizedHelix"},{"floor":39,"key":"Gremlin Horn"},{"floor":43,"key":"Bottled Lightning"}],"event_choices":[{"damage_healed":0,"gold_gain":0,"player_choice":"Grow","damage_taken":0,"max_hp_gain":0,"max_hp_loss":0,"event_name":"Living Wall","floor":2,"gold_loss":0,"cards_upgraded":["Apotheosis"]},{"damage_healed":0,"gold_gain":175,"player_choice":"AGREE","damage_taken":0,"max_hp_gain":0,"max_hp_loss":0,"event_name":"Liars Game","floor":3,"gold_loss":0,"cards_obtained":["Doubt"]},{"damage_healed":0,"gold_gain":0,"player_choice":"Entered Light","damage_taken":15,"max_hp_gain":0,"max_hp_loss":0,"event_name":"Shining Light","floor":14,"gold_loss":0,"cards_upgraded":["Defend_P","Vigilance"]},{"damage_healed":0,"gold_gain":0,"player_choice":"Shed Blood","damage_taken":21,"max_hp_gain":5,"max_hp_loss":0,"event_name":"Forgotten Altar","floor":19,"gold_loss":0},{"damage_healed":0,"gold_gain":0,"player_choice":"Obtained Relic","damage_taken":0,"relics_obtained":["Dream Catcher"],"max_hp_gain":0,"max_hp_loss":0,"event_name":"Addict","floor":21,"gold_loss":85},{"damage_healed":0,"gold_gain":0,"player_choice":"Fought Bandits","damage_taken":0,"max_hp_gain":0,"max_hp_loss":0,"event_name":"Masked Bandits","floor":28,"gold_loss":0},{"cards_removed":["Strike_P"],"damage_healed":0,"gold_gain":0,"player_choice":"Gave Gold","damage_taken":0,"max_hp_gain":0,"max_hp_loss":0,"event_name":"Beggar","floor":30,"gold_loss":75},{"damage_healed":0,"gold_gain":0,"player_choice":"Fight","damage_taken":0,"max_hp_gain":0,"max_hp_loss":0,"event_name":"Mysterious Sphere","floor":38,"gold_loss":0},{"damage_healed":0,"gold_gain":0,"player_choice":"Memory 1","damage_taken":0,"max_hp_gain":0,"max_hp_loss":0,"event_name":"SensoryStone","floor":41,"gold_loss":0},{"cards_removed":["Shame","Injury"],"damage_healed":0,"gold_gain":0,"player_choice":"Removed Curses","damage_taken":0,"max_hp_gain":0,"max_hp_loss":0,"event_name":"Fountain of Cleansing","floor":44,"gold_loss":0}],"is_beta":false,"boss_relics":[{"not_picked":["Snecko Eye","Astrolabe"],"picked":"SlaversCollar"},{"not_picked":["Sozu","Coffee Dripper"],"picked":"Cursed Key"}],"items_purged_floors":[4],"is_endless":false,"potions_floor_spawned":[5,6,12,16,18,20,31,35,45],"killed_by":"Spire Growth","ascension_level":0}}