{"host":"mi0eibewekhugwl1","time":1609177365,"event":{"mods":["AchievementEnabler","BaseMod","Colored Map","Colored Powertips","DeckTracker","Keyboard Shortcuts","Minty Spire (QoL Compilation)","Quick Restart","Rare Cards Sparkle","Relic Stats","StSLib","SuperFastMode","everything is the same but u backflip on backflip"],"gold_per_floor":[365,33,83,101,112,146,146,171,252,252,266,266,286,19,19,94,94,108,124,124,142,142,142,186,186,195,207,229,264,264,264,264,350,350,368,368,368,402,402,438,438,438,438],"floor_reached":42,"playtime":1057,"items_purged":["Strike_B"],"score":929,"play_id":"e26d1b1a-1274-411c-a9b2-04f01eb857aa","local_time":"20201229024245","is_ascension_mode":true,"campfire_choices":[{"data":"Sunder","floor":7.0,"key":"SMITH"},{"data":"Darkness","floor":10.0,"key":"SMITH"},{"data":"Zap","floor":12.0,"key":"SMITH"},{"data":"Dualcast","floor":15.0,"key":"SMITH"},{"data":"Coolheaded","floor":23.0,"key":"SMITH"},{"data":"Creative AI","floor":25.0,"key":"SMITH"},{"data":"Go for the Eyes","floor":32.0,"key":"SMITH"},{"floor":41,"key":"REST"}],"circlet_count":0,"master_deck":["AscendersBane","Strike_B+1","Strike_B+1","Strike_B+1","Defend_B+1","Defend_B+1","Defend_B+1","Defend_B+1","Zap+1","Dualcast+1","Sunder+1","Self Repair","Finesse","Darkness+1","FTL","BootSequence","Lockon","Go for the Eyes+1","Seek+1","Coolheaded+1","Compile Driver","Creative AI+1","Clumsy","Turbo","Chill","Buffer","FTL","White Noise"],"relics":["Cracked Core","FossilizedHelix","Strawberry","Letter Opener","Cables","Cursed Key","CeramicFish","Sundial","Red Mask","SacredBark","Ice Cream"],"acts_visited":["Exordium","TheCity","TheBeyond"],"potions_floor_usage":[],"damage_taken":[{"damage":6.0,"enemies":"2 Louse","floor":1.0,"turns":4.0},{"damage":4.0,"enemies":"Cultist","floor":4.0,"turns":3.0},{"damage":2.0,"enemies":"Jaw Worm","floor":5.0,"turns":3.0},{"damage":16.0,"enemies":"Lagavulin","floor":6.0,"turns":6.0},{"damage":5.0,"enemies":"3 Sentries","floor":8.0,"turns":6.0},{"damage":0.0,"enemies":"2 Fungi Beasts","floor":11.0,"turns":2.0},{"damage":0.0,"enemies":"Exordium Thugs","floor":13.0,"turns":2.0},{"damage":9.0,"enemies":"The Guardian","floor":16.0,"turns":8.0},{"damage":8.0,"enemies":"3 Byrds","floor":18.0,"turns":4.0},{"damage":10.0,"enemies":"2 Thieves","floor":19.0,"turns":3.0},{"damage":3.0,"enemies":"Centurion and Healer","floor":21.0,"turns":6.0},{"damage":6.0,"enemies":"Gremlin Leader","floor":24.0,"turns":6.0},{"damage":0.0,"enemies":"Snecko","floor":27.0,"turns":3.0},{"damage":15.0,"enemies":"Chosen and Byrds","floor":28.0,"turns":5.0},{"damage":9.0,"enemies":"Masked Bandits","floor":29.0,"turns":4.0},{"damage":88.0,"enemies":"Collector","floor":33.0,"turns":10.0},{"damage":0.0,"enemies":"3 Shapes","floor":35.0,"turns":5.0},{"damage":0.0,"enemies":"Mind Bloom Boss Battle","floor":38.0,"turns":6.0},{"damage":55,"enemies":"Giant Head","floor":40,"turns":11},{"damage":56,"enemies":"Reptomancer","floor":42,"turns":2}],"seed_played":"-1800252297362853861","potions_obtained":[{"floor":1.0,"key":"Swift Potion"},{"floor":6.0,"key":"SkillPotion"},{"floor":13.0,"key":"SkillPotion"},{"floor":16.0,"key":"FairyPotion"}],"is_trial":false,"path_per_floor":["M","$","?","M","M","E","R","E","T","R","M","R","M","$","R","B",null,"M","M","?","M","?","R","E","R","T","M","M","?","T","?","R","B",null,"M","?","?","?","?","E","R","E"],"character_chosen":"DEFECT","items_purchased":["Sunder","Self Repair","Finesse","Cables"],"campfire_rested":1,"item_purchase_floors":[2,2,2,14],"current_hp_per_floor":[40,40,40,43,41,32,32,41,41,41,48,48,55,55,55,53,72,71,68,68,72,72,72,73,73,73,78,70,68,68,68,68,20,64,71,71,71,71,71,23,45,0,0],"gold":438,"neow_bonus":"TWO_FIFTY_GOLD","is_daily":false,"chose_seed":false,"campfire_upgraded":7,"win_rate":0.0,"timestamp":1609177365,"path_taken":["M","$","?","M","M","E","R","E","T","R","M","R","?","$","R","BOSS","M","M","?","M","?","R","E","R","T","M","?","?","?","?","R","BOSS","M","?","?","?","?","E","R","E"],"items_purchased_type":["Card","Card","Card","Relic"],"build_version":"2020-12-22","purchased_purges":1,"victory":false,"max_hp_per_floor":[71,71,71,71,71,71,71,78,78,78,78,78,78,78,78,78,78,78,78,78,78,78,78,78,78,78,78,78,78,78,78,78,78,78,78,74,74,74,74,74,74,74,74],"relic_stats":{"counters":[20,99],"Sundial":[6],"CeramicFish":63,"Letter Opener":[314],"Cursed Key":1,"obtain_stats":[{"Ice Cream":38,"Sundial":26,"Strawberry":8,"CeramicFish":24,"SacredBark":34,"Red Mask":29,"Letter Opener":9,"Cracked Core":0,"Cursed Key":17,"FossilizedHelix":6,"Cables":14},{"Ice Cream":18,"Sundial":12,"Strawberry":5,"CeramicFish":12,"SacredBark":16,"Red Mask":15,"Letter Opener":5,"Cracked Core":0,"Cursed Key":8,"FossilizedHelix":4,"Cables":7},{"Ice Cream":86,"Sundial":53,"Strawberry":22,"CeramicFish":53,"SacredBark":75,"Red Mask":65,"Letter Opener":22,"Cracked Core":0,"Cursed Key":34,"FossilizedHelix":16,"Cables":26}],"Cables":[70,35,17,18,0]},"card_choices":[{"not_picked":["Scrape","Redo","Leap"],"picked":"SKIP","floor":1.0},{"not_picked":["Cold Snap","Chaos"],"picked":"Darkness","floor":4.0},{"not_picked":["Conserve Battery","Sunder"],"picked":"FTL","floor":5.0},{"not_picked":["Fusion","Hello World"],"picked":"BootSequence","floor":6.0},{"not_picked":["Steam","Compile Driver"],"picked":"Lockon","floor":8.0},{"not_picked":["Rebound","Leap"],"picked":"Go for the Eyes","floor":11.0},{"not_picked":["Fusion","Stack","Lockon"],"picked":"SKIP","floor":13.0},{"not_picked":["Hyperbeam","Thunder Strike"],"picked":"Seek","floor":16.0},{"not_picked":["Conserve Battery","Barrage","Beam Cell"],"picked":"SKIP","floor":18.0},{"not_picked":["Ball Lightning","Melter+1"],"picked":"Coolheaded","floor":19.0},{"not_picked":["Steam Power","Rebound+1"],"picked":"Compile Driver","floor":21.0},{"not_picked":["Tempest","Cold Snap"],"picked":"Creative AI","floor":24.0},{"not_picked":["Gash","Auto Shields+1","BootSequence"],"picked":"SKIP","floor":27.0},{"not_picked":["Gash","Leap"],"picked":"Turbo","floor":28.0},{"not_picked":["Compile Driver","Streamline"],"picked":"Chill","floor":29.0},{"not_picked":["Multi-Cast","Machine Learning"],"picked":"Buffer","floor":33.0},{"not_picked":["Auto Shields","Streamline","Rebound"],"picked":"SKIP","floor":35.0},{"not_picked":["Cold Snap+1","Doom and Gloom"],"picked":"FTL","floor":38.0},{"not_picked":["Hologram","Coolheaded"],"picked":"White Noise","floor":40}],"player_experience":1715296,"relics_obtained":[{"floor":6.0,"key":"FossilizedHelix"},{"floor":8.0,"key":"Strawberry"},{"floor":9.0,"key":"Letter Opener"},{"floor":24.0,"key":"CeramicFish"},{"floor":26.0,"key":"Sundial"},{"floor":29.0,"key":"Red Mask"},{"floor":38.0,"key":"Ice Cream"}],"event_choices":[{"damage_healed":0.0,"max_hp_gain":0.0,"max_hp_loss":0.0,"gold_gain":50.0,"event_name":"Golden Shrine","player_choice":"Pray","floor":3.0,"gold_loss":0.0,"damage_taken":0.0},{"damage_healed":0.0,"max_hp_gain":0.0,"max_hp_loss":0.0,"gold_gain":0.0,"event_name":"Back to Basics","player_choice":"Simplicity","floor":20.0,"gold_loss":0.0,"damage_taken":0.0,"cards_upgraded":["Strike_B","Strike_B","Strike_B","Defend_B","Defend_B","Defend_B","Defend_B"]},{"damage_healed":0.0,"max_hp_gain":0.0,"max_hp_loss":0.0,"gold_gain":0.0,"event_name":"Accursed Blacksmith","player_choice":"Forge","floor":22.0,"gold_loss":0.0,"damage_taken":0.0,"cards_upgraded":["Seek"]},{"damage_healed":0.0,"max_hp_gain":0.0,"max_hp_loss":0.0,"gold_gain":0.0,"event_name":"Masked Bandits","player_choice":"Fought Bandits","floor":29.0,"gold_loss":0.0,"damage_taken":0.0},{"damage_healed":0.0,"max_hp_gain":0.0,"max_hp_loss":0.0,"gold_gain":0.0,"event_name":"Vampires","player_choice":"Ignored","floor":31.0,"gold_loss":0.0,"damage_taken":0.0},{"damage_healed":0.0,"max_hp_gain":0.0,"max_hp_loss":4.0,"gold_gain":0.0,"event_name":"Winding Halls","player_choice":"Max HP","floor":36.0,"gold_loss":0.0,"damage_taken":0.0},{"damage_healed":0.0,"max_hp_gain":0.0,"max_hp_loss":0.0,"gold_gain":0.0,"event_name":"Mysterious Sphere","player_choice":"Ignored","floor":37.0,"gold_loss":0.0,"damage_taken":0.0},{"damage_healed":0.0,"max_hp_gain":0.0,"max_hp_loss":0.0,"gold_gain":0.0,"event_name":"MindBloom","player_choice":"Fight","floor":38.0,"gold_loss":0.0,"damage_taken":0.0},{"damage_healed":0,"gold_gain":0,"player_choice":"0 cards matched","damage_taken":0,"max_hp_gain":0,"max_hp_loss":0,"event_name":"Match and Keep!","floor":39,"gold_loss":0,"cards_obtained":[]}],"is_beta":false,"boss_relics":[{"not_picked":["Pandora\u0027s Box","Black Star"],"picked":"Cursed Key"},{"not_picked":["Runic Pyramid","Snecko Eye"],"picked":"SacredBark"}],"items_purged_floors":[2],"is_endless":false,"potions_floor_spawned":[1,6,13,16,19,24,28],"killed_by":"Reptomancer","ascension_level":20}}