{"host":"x205naxbihvu3p76","time":1609155816,"event":{"mods":["AchievementEnabler","BaseMod","Minty Spire (QoL Compilation)","StSLib","SuperFastMode"],"gold_per_floor":[215,232,9,28,28,56,69,69,69,79,108,127,127,141,141,244,244,262,262,282,107,126,126,153,153,153,153,179,191,191,204,204,303,303,316,18,34,34,52,52,71,71,120,120,7,20,36,51,51,51],"floor_reached":51,"playtime":1266,"items_purged":["Strike_B","Strike_B","Sunder"],"score":703,"play_id":"ca9797d2-c6d9-418e-ae96-11aefab0b17d","local_time":"20201228204336","is_ascension_mode":false,"campfire_choices":[{"data":"Storm","floor":8.0,"key":"SMITH"},{"floor":15.0,"key":"REST"},{"data":"Storm","floor":23.0,"key":"SMITH"},{"data":"Creative AI","floor":27,"key":"SMITH"},{"floor":30,"key":"REST"},{"data":"Biased Cognition","floor":32,"key":"SMITH"},{"data":"Heatsinks","floor":40,"key":"SMITH"},{"data":"Heatsinks","floor":42,"key":"SMITH"},{"data":"Storm","floor":49,"key":"SMITH"}],"circlet_count":0,"master_deck":["Defend_B","Defend_B","Defend_B","Zap","Dualcast+1","Storm+1","Leap+1","Storm+1","Genetic Algorithm","Self Repair","Glacier","Biased Cognition+1","Reboot","Undo","Self Repair","Creative AI+1","BootSequence","Electrodynamics","Consume+1","Heatsinks+1","Heatsinks+1","Storm+1","Parasite","Defragment+1"],"relics":["Cracked Core","DollysMirror","Mercury Hourglass","Question Card","InkBottle","Empty Cage","StoneCalendar","War Paint","Bird Faced Urn","Inserter","Membership Card","Ancient Tea Set","ClockworkSouvenir"],"acts_visited":["Exordium","TheCity","TheBeyond"],"potions_floor_usage":[50,50,50],"damage_taken":[{"damage":6.0,"enemies":"Jaw Worm","floor":1.0,"turns":4.0},{"damage":1.0,"enemies":"Cultist","floor":2.0,"turns":3.0},{"damage":7.0,"enemies":"2 Louse","floor":4.0,"turns":3.0},{"damage":3.0,"enemies":"Lagavulin","floor":6.0,"turns":6.0},{"damage":1.0,"enemies":"Red Slaver","floor":7.0,"turns":4.0},{"damage":16.0,"enemies":"Blue Slaver","floor":10.0,"turns":3.0},{"damage":5.0,"enemies":"3 Sentries","floor":11.0,"turns":3.0},{"damage":13.0,"enemies":"Lots of Slimes","floor":12.0,"turns":3.0},{"damage":9.0,"enemies":"3 Louse","floor":14.0,"turns":2.0},{"damage":30.0,"enemies":"Slime Boss","floor":16.0,"turns":5.0},{"damage":1.0,"enemies":"Spheric Guardian","floor":18.0,"turns":3.0},{"damage":7.0,"enemies":"3 Byrds","floor":20.0,"turns":3.0},{"damage":12.0,"enemies":"Centurion and Healer","floor":22.0,"turns":7.0},{"damage":20.0,"enemies":"Gremlin Leader","floor":24.0,"turns":6.0},{"damage":63,"enemies":"Slavers","floor":28,"turns":6},{"damage":2,"enemies":"Chosen and Byrds","floor":29,"turns":6},{"damage":6,"enemies":"3 Cultists","floor":31,"turns":5},{"damage":43,"enemies":"Champ","floor":33,"turns":9},{"damage":0,"enemies":"Orb Walker","floor":35,"turns":3},{"damage":9,"enemies":"3 Darklings","floor":37,"turns":3},{"damage":35,"enemies":"Spire Growth","floor":39,"turns":5},{"damage":27,"enemies":"Jaw Worm Horde","floor":41,"turns":4},{"damage":11,"enemies":"Writhing Mass","floor":46,"turns":5},{"damage":17,"enemies":"Maw","floor":47,"turns":7},{"damage":13,"enemies":"Jaw Worm Horde","floor":48,"turns":4},{"damage":31,"enemies":"Donu and Deca","floor":50,"turns":3}],"seed_played":"6631140506327956449","potions_obtained":[{"floor":4.0,"key":"EntropicBrew"},{"floor":6.0,"key":"DuplicationPotion"},{"floor":11.0,"key":"Swift Potion"},{"floor":14.0,"key":"Ancient Potion"},{"floor":16.0,"key":"PowerPotion"},{"floor":22.0,"key":"FocusPotion"},{"floor":28,"key":"DuplicationPotion"}],"is_trial":false,"path_per_floor":["M","M","$","M","?","E","M","R","T","M","E","M","?","M","R","B",null,"M","T","M","$","M","R","E","?","T","R","E","M","R","M","R","B",null,"M","$","M","?","M","R","M","R","T","?","$","M","M","M","R","B",null],"character_chosen":"DEFECT","items_purchased":["DollysMirror","Self Repair","Membership Card","Consume","Heatsinks","ClockworkSouvenir","Storm"],"campfire_rested":2,"item_purchase_floors":[3,21,36,36,36,45,45],"current_hp_per_floor":[69,68,68,61,61,58,57,57,57,41,36,30,30,21,43,20,75,75,75,75,75,75,75,69,69,69,69,13,30,52,70,70,69,75,75,75,75,75,60,60,43,43,43,43,43,51,59,63,63,59],"gold":51,"neow_bonus":"HUNDRED_GOLD","is_daily":false,"chose_seed":false,"campfire_upgraded":7,"win_rate":0.0,"timestamp":1609155816,"path_taken":["M","M","$","M","?","E","?","R","T","M","E","M","?","M","R","BOSS","M","?","M","$","M","R","E","?","T","R","E","M","R","M","R","BOSS","M","$","M","?","?","R","M","R","T","?","$","M","M","M","R","BOSS"],"items_purchased_type":["Relic","Card","Relic","Card","Card","Relic","Card"],"build_version":"2020-12-22","purchased_purges":3,"victory":true,"max_hp_per_floor":[75,75,75,75,75,75,75,75,75,75,75,75,75,75,75,75,75,75,75,75,75,75,75,75,75,75,75,75,75,75,75,75,75,75,75,75,75,75,75,75,75,75,75,75,75,75,75,75,75,75],"card_choices":[{"not_picked":["Conserve Battery","Tempest"],"picked":"Storm","floor":1.0},{"not_picked":["Turbo","Beam Cell"],"picked":"Leap","floor":2.0},{"not_picked":["Go for the Eyes","Auto Shields"],"picked":"Sunder","floor":4.0},{"not_picked":["Redo","Stack","Sweeping Beam"],"picked":"SKIP","floor":6.0},{"not_picked":["Conserve Battery","Leap","Amplify"],"picked":"SKIP","floor":7.0},{"not_picked":["Coolheaded","Doom and Gloom","Go for the Eyes"],"picked":"Genetic Algorithm","floor":10.0},{"not_picked":["Barrage","Static Discharge","Rip and Tear"],"picked":"Self Repair","floor":11.0},{"not_picked":["FTL","Self Repair","Turbo"],"picked":"Glacier","floor":12.0},{"not_picked":["Rebound","Ball Lightning","Turbo","Beam Cell"],"picked":"SKIP","floor":14.0},{"not_picked":["All For One","Meteor Strike","Rainbow"],"picked":"Reboot","floor":16.0},{"not_picked":["Hologram","Coolheaded+1","Barrage+1"],"picked":"Undo","floor":18.0},{"not_picked":["Leap+1","Steam","Compile Driver+1","Hologram"],"picked":"SKIP","floor":20.0},{"not_picked":["Streamline","Compile Driver+1","Steam","Reinforced Body+1"],"picked":"SKIP","floor":22.0},{"not_picked":["Rebound","Conserve Battery","Biased Cognition"],"picked":"Creative AI","floor":24},{"not_picked":["Hologram","All For One","Beam Cell","Conserve Battery"],"picked":"SKIP","floor":28},{"not_picked":["Turbo","Skim","Streamline"],"picked":"BootSequence","floor":29},{"not_picked":["Barrage+1","Reprogram+1","Doom and Gloom","Undo"],"picked":"SKIP","floor":31},{"not_picked":["Biased Cognition","Seek","Hyperbeam"],"picked":"Electrodynamics","floor":33},{"not_picked":["Compile Driver","Barrage+1","Go for the Eyes","Gash"],"picked":"SKIP","floor":35},{"not_picked":["Go for the Eyes","Hologram","Self Repair","Doom and Gloom"],"picked":"SKIP","floor":37},{"not_picked":["Steam","Ball Lightning","Beam Cell","BootSequence+1"],"picked":"SKIP","floor":39},{"not_picked":["Chill","Ball Lightning+1","Consume+1"],"picked":"Heatsinks","floor":41},{"not_picked":["Ball Lightning+1","Barrage","Heatsinks+1","Genetic Algorithm+1"],"picked":"SKIP","floor":46},{"not_picked":["Darkness+1","Turbo","Streamline+1","Ball Lightning"],"picked":"SKIP","floor":47},{"not_picked":["Ball Lightning+1","Steam Power","Coolheaded"],"picked":"Defragment+1","floor":48}],"player_experience":934505,"relics_obtained":[{"floor":6.0,"key":"Mercury Hourglass"},{"floor":9.0,"key":"Question Card"},{"floor":11.0,"key":"InkBottle"},{"floor":19.0,"key":"StoneCalendar"},{"floor":26,"key":"War Paint"},{"floor":28,"key":"Bird Faced Urn"},{"floor":43,"key":"Ancient Tea Set"}],"event_choices":[{"damage_healed":0.0,"max_hp_gain":0.0,"max_hp_loss":0.0,"gold_gain":0.0,"event_name":"Wheel of Change","player_choice":"Cursed","floor":5.0,"gold_loss":0.0,"damage_taken":0.0,"cards_obtained":["Decay"]},{"cards_removed":["Decay"],"damage_healed":0.0,"max_hp_gain":0.0,"max_hp_loss":0.0,"gold_gain":0.0,"event_name":"NoteForYourself","player_choice":"Took Card","floor":13.0,"gold_loss":0.0,"damage_taken":0.0,"cards_obtained":["Biased Cognition"]},{"damage_healed":0,"gold_gain":0,"player_choice":"Ignored","damage_taken":0,"max_hp_gain":0,"max_hp_loss":0,"event_name":"The Mausoleum","floor":25,"gold_loss":0},{"damage_healed":0,"gold_gain":0,"player_choice":"Upgraded","damage_taken":0,"max_hp_gain":0,"max_hp_loss":0,"event_name":"Upgrade Shrine","floor":38,"gold_loss":0,"cards_upgraded":["Consume"]},{"cards_removed":["Defend_B"],"damage_healed":0,"gold_gain":0,"player_choice":"Removed Skill","damage_taken":0,"max_hp_gain":0,"max_hp_loss":0,"event_name":"Falling","floor":44,"gold_loss":0}],"is_beta":false,"boss_relics":[{"not_picked":["Coffee Dripper","Runic Dome"],"picked":"Empty Cage"},{"not_picked":["FrozenCore","Velvet Choker"],"picked":"Inserter"}],"items_purged_floors":[3,21,36],"is_endless":false,"potions_floor_spawned":[4,6,11,14,16,18,22,28,31,35,37,47],"ascension_level":0}}