{"host":"l8lkgdumzpe3823a","time":1609198737,"event":{"mods":["Always Whale","Aspiration","BaseMod","Better Note","Clockwork Mod","Colored Powertips","Curses Come First","Custom Start","DeckTracker","Defuse TimeMaze Blight","Highlight Path","Hubris","Infinite Spire","Minty Spire (QoL Compilation)","Quick Restart","Replay The Spire","Shop Mod","StSLib","SuperFastMode","The Construct","The Dragon Tamer","vexMod"],"gold_per_floor":[109,127,52,52,52,86,86,86,113,113,131,188,208,221,221,251,251],"floor_reached":16,"playtime":397,"items_purged":["Strike_G"],"score":146,"play_id":"81a666fa-de0e-4cdf-a2a7-d78ea2db0019","local_time":"20201228173857","is_ascension_mode":true,"campfire_choices":[{"data":"Calculated Gamble","floor":7,"key":"SMITH"},{"data":"Poisoned Stab","floor":10,"key":"SMITH"},{"floor":15,"key":"REST"}],"circlet_count":0,"master_deck":["Strike_G","Strike_G","Strike_G","Strike_G","Defend_G","Defend_G","Defend_G","Defend_G","Defend_G","Survivor","Neutralize","Calculated Gamble+1","Poisoned Stab+1","Envenom+1","Bouncing Flask","PiercingWail","Bane","Calculated Gamble"],"relics":["Ring of the Snake","NeowsBlessing","Frozen Egg 2","vexMod:ConsolationPrize","Centennial Puzzle"],"acts_visited":["Exordium"],"potions_floor_usage":[12,16],"damage_taken":[{"damage":0,"enemies":"2 Louse","floor":1,"turns":1},{"damage":0,"enemies":"Small Slimes","floor":2,"turns":1},{"damage":0,"enemies":"3 Sentries","floor":6,"turns":2},{"damage":4,"enemies":"Jaw Worm","floor":11,"turns":2},{"damage":40,"enemies":"Exordium Thugs","floor":12,"turns":5},{"damage":0,"enemies":"2 Fungi Beasts","floor":13,"turns":4},{"damage":0,"enemies":"Large Slime","floor":14,"turns":4},{"damage":42,"enemies":"Slime Boss","floor":16,"turns":9}],"seed_played":"571531436949867023","potions_obtained":[{"floor":1,"key":"CunningPotion"},{"floor":11,"key":"SpeedPotion"},{"floor":12,"key":"Milkshake"},{"floor":14,"key":"SkillPotion"}],"is_trial":false,"path_per_floor":["M","M","$","?","?","E","R","?","T","R","M","M","M","M","R","B"],"character_chosen":"THE_SILENT","items_purchased":[],"campfire_rested":1,"item_purchase_floors":[],"current_hp_per_floor":[70,70,70,70,70,70,70,63,63,63,59,19,19,19,40,0,0],"gold":251,"neow_bonus":"THREE_ENEMY_KILL","is_daily":false,"chose_seed":false,"campfire_upgraded":2,"win_rate":0.0,"timestamp":1609198737,"path_taken":["M","M","$","?","?","E","R","?","T","R","M","M","M","?","R","BOSS"],"items_purchased_type":[],"build_version":"2020-12-22","purchased_purges":1,"victory":false,"max_hp_per_floor":[70,70,70,70,70,70,70,70,70,70,70,70,70,70,70,70,70],"card_choices":[{"not_picked":["Prepared","Dodge and Roll"],"picked":"Calculated Gamble","floor":1},{"not_picked":["Prepared","Underhanded Strike"],"picked":"Poisoned Stab","floor":2},{"not_picked":["Backstab","Infinite Blades+1"],"picked":"Envenom+1","floor":6},{"not_picked":["ReplayTheSpireMod:The Works","Setup"],"picked":"Bouncing Flask","floor":11},{"not_picked":["Dash","Concentrate"],"picked":"PiercingWail","floor":12},{"not_picked":["Flying Knee","Prepared"],"picked":"Bane","floor":13},{"not_picked":["PiercingWail","Backflip"],"picked":"Calculated Gamble","floor":14}],"player_experience":652175,"relics_obtained":[{"floor":6,"key":"vexMod:ConsolationPrize"},{"floor":9,"key":"Centennial Puzzle"}],"event_choices":[{"cards_removed":["Injury"],"damage_healed":0,"gold_gain":0,"player_choice":"Card Removal","damage_taken":7,"max_hp_gain":0,"max_hp_loss":0,"event_name":"Golden Wing","floor":8,"gold_loss":0}],"is_beta":false,"boss_relics":[],"items_purged_floors":[3],"is_endless":false,"potions_floor_spawned":[1,11,12,14],"killed_by":"Slime Boss","ascension_level":3}}