{"host":"2se5dq1do2gp0x9k","time":1609138644,"event":{"mods":["AchievementEnabler","BaseMod","Block Reminder","Colored Map","Colored Powertips","Minty Spire (QoL Compilation)","Relic Stats","StSLib","SuperFastMode"],"gold_per_floor":[119,132,132,151,175,175,175,215,215,230,230,230,250,250,250],"floor_reached":14,"playtime":312,"items_purged":[],"score":184,"play_id":"4783339d-820c-4b02-9d24-38910f90c0e8","local_time":"20201227225724","is_ascension_mode":true,"campfire_choices":[{"data":"Whirlwind","floor":6,"key":"SMITH"},{"data":"Anger","floor":11,"key":"SMITH"}],"circlet_count":0,"master_deck":["AscendersBane","Strike_R+1","Strike_R","Strike_R","Strike_R","Strike_R","Defend_R","Defend_R+1","Defend_R","Defend_R","Bash","Ghostly Armor","Whirlwind+1","Anger+1","Seeing Red","Thunderclap","Flex"],"relics":["Burning Blood","NeowsBlessing","Golden Idol","Singing Bowl","The Courier"],"acts_visited":["Exordium"],"potions_floor_usage":[8,14,14],"damage_taken":[{"damage":0,"enemies":"Small Slimes","floor":1,"turns":1},{"damage":0,"enemies":"Jaw Worm","floor":2,"turns":1},{"damage":0,"enemies":"2 Louse","floor":4,"turns":2},{"damage":11,"enemies":"Blue Slaver","floor":5,"turns":5},{"damage":10,"enemies":"Gremlin Nob","floor":8,"turns":3},{"damage":8,"enemies":"Red Slaver","floor":10,"turns":3},{"damage":6,"enemies":"Large Slime","floor":13,"turns":4},{"damage":40,"enemies":"Lagavulin","floor":14,"turns":7}],"seed_played":"1745565490165124339","potions_obtained":[{"floor":2,"key":"Swift Potion"},{"floor":4,"key":"DuplicationPotion"},{"floor":8,"key":"SmokeBomb"},{"floor":10,"key":"Swift Potion"}],"is_trial":false,"path_per_floor":["M","M","?","M","M","R","?","E","T","M","R","?","M","E"],"character_chosen":"IRONCLAD","items_purchased":[],"campfire_rested":0,"item_purchase_floors":[],"current_hp_per_floor":[74,75,49,55,50,50,27,23,23,23,23,28,28,0,0],"gold":250,"neow_bonus":"THREE_ENEMY_KILL","is_daily":false,"chose_seed":false,"campfire_upgraded":2,"win_rate":0.0,"timestamp":1609138644,"path_taken":["M","M","?","M","M","R","?","E","T","M","R","?","M","E"],"items_purchased_type":[],"build_version":"2020-12-22","purchased_purges":0,"victory":false,"max_hp_per_floor":[75,75,75,75,75,75,75,75,75,77,77,82,82,82,82],"relic_stats":{"Singing Bowl":2,"counters":[8,26],"Golden Idol":24,"obtain_stats":[{"NeowsBlessing":0,"Singing Bowl":8,"Golden Idol":3,"The Courier":9,"Burning Blood":0},{"NeowsBlessing":0,"Singing Bowl":5,"Golden Idol":2,"The Courier":5,"Burning Blood":0},{"NeowsBlessing":0,"Singing Bowl":12,"Golden Idol":2,"The Courier":12,"Burning Blood":0}],"Burning Blood":37},"card_choices":[{"not_picked":["Clash","Sentinel"],"picked":"Ghostly Armor","floor":1},{"not_picked":["Pommel Strike","Intimidate"],"picked":"Whirlwind","floor":2},{"not_picked":["Hemokinesis","Iron Wave"],"picked":"Anger","floor":4},{"not_picked":["Heavy Blade","Blood for Blood"],"picked":"Seeing Red","floor":5},{"not_picked":["Ghostly Armor","Sword Boomerang"],"picked":"Thunderclap","floor":8},{"not_picked":["Clash","Rampage","Cleave"],"picked":"Singing Bowl","floor":10},{"not_picked":["Armaments","Rampage"],"picked":"Flex","floor":13}],"player_experience":3627652,"relics_obtained":[{"floor":8,"key":"Singing Bowl"},{"floor":9,"key":"The Courier"}],"event_choices":[{"damage_healed":0,"gold_gain":0,"player_choice":"Take Damage","damage_taken":26,"relics_obtained":["Golden Idol"],"max_hp_gain":0,"max_hp_loss":0,"event_name":"Golden Idol","floor":3,"gold_loss":0},{"damage_healed":0,"gold_gain":0,"player_choice":"Entered Light","damage_taken":23,"max_hp_gain":0,"max_hp_loss":0,"event_name":"Shining Light","floor":7,"gold_loss":0,"cards_upgraded":["Defend_R","Strike_R"]},{"damage_healed":0,"gold_gain":0,"player_choice":"Donut","damage_taken":0,"max_hp_gain":5,"max_hp_loss":0,"event_name":"Big Fish","floor":12,"gold_loss":0}],"is_beta":false,"boss_relics":[],"items_purged_floors":[],"is_endless":false,"potions_floor_spawned":[2,4,8,10],"killed_by":"Lagavulin","ascension_level":20}}