{"host":"5fasz840ryq7obdf","time":1609182483,"event":{"mods":["AchievementEnabler","BaseMod","Bestiary","Better Altar","Better Skull","Better Third Choice","BetterRewards","Block Reminder","Colored Powertips","Curses Come First","Highlight Path","Minty Spire (QoL Compilation)","Quick Restart","Rare Cards Sparkle","Relic Sorter","Relic Stats","Shop Mod","Slay-I","Spicy Shops","StSLib","SuperFastMode"],"gold_per_floor":[118,118,118,33,45,79,79,112,139,181,198,198,234,257,257,257,257],"floor_reached":16,"playtime":605,"items_purged":[],"score":306,"play_id":"c1fd1d20-8858-46da-b6bc-d25571ac4b88","local_time":"20201228190803","is_ascension_mode":true,"campfire_choices":[{"floor":12.0,"key":"REST"},{"data":"Seek","floor":15.0,"key":"SMITH"}],"circlet_count":0,"master_deck":["AscendersBane","Strike_B","Strike_B","Strike_B+1","Strike_B","Defend_B","Defend_B","Defend_B","Defend_B","Zap+1","Dualcast+1","Coolheaded","Self Repair","Go for the Eyes","Melter","BootSequence","Seek+1","Defragment+1"],"relics":["Cracked Core","NeowsBlessing","Frozen Egg 2","Letter Opener","Toy Ornithopter","CeramicFish","Pen Nib","Pear"],"acts_visited":["Exordium"],"potions_floor_usage":[],"damage_taken":[{"damage":0.0,"enemies":"2 Louse","floor":1.0,"turns":1.0},{"damage":0.0,"enemies":"Jaw Worm","floor":5.0,"turns":1.0},{"damage":0.0,"enemies":"3 Sentries","floor":6.0,"turns":1.0},{"damage":30.0,"enemies":"Gremlin Nob","floor":8.0,"turns":4.0},{"damage":31.0,"enemies":"Lagavulin","floor":10.0,"turns":5.0},{"damage":9.0,"enemies":"Cultist","floor":11.0,"turns":4.0},{"damage":12.0,"enemies":"3 Sentries","floor":13.0,"turns":7.0},{"damage":9.0,"enemies":"Large Slime","floor":14.0,"turns":4.0},{"damage":51,"enemies":"Hexaghost","floor":16,"turns":11}],"seed_played":"697573499497220651","potions_obtained":[{"floor":1.0,"key":"Regen Potion"},{"floor":6.0,"key":"Fire Potion"},{"floor":8.0,"key":"FearPotion"}],"is_trial":false,"path_per_floor":["M","?","?","$","M","E","T","E","T","E","M","R","E","M","R","B"],"character_chosen":"DEFECT","items_purchased":["Self Repair"],"campfire_rested":1,"item_purchase_floors":[4],"current_hp_per_floor":[64,64,43,43,43,50,50,36,36,17,15,36,46,44,44,0,0],"gold":257,"neow_bonus":"THREE_ENEMY_KILL","is_daily":false,"chose_seed":false,"campfire_upgraded":1,"win_rate":0.0,"timestamp":1609182483,"path_taken":["M","?","?","$","M","E","?","E","T","E","?","R","E","M","R","BOSS"],"items_purchased_type":["Card"],"build_version":"2020-12-22","purchased_purges":0,"victory":false,"max_hp_per_floor":[71,71,71,71,71,71,71,71,71,71,71,71,81,81,81,81,81],"relic_stats":{"counters":[9,38],"CeramicFish":27,"Pen Nib":[4],"Letter Opener":[20],"obtain_stats":[{"Pear":13,"NeowsBlessing":0,"CeramicFish":9,"Pen Nib":10,"Letter Opener":7,"Frozen Egg 2":6,"Cracked Core":0,"Toy Ornithopter":8},{"Pear":7,"NeowsBlessing":0,"CeramicFish":4,"Pen Nib":5,"Letter Opener":3,"Frozen Egg 2":3,"Cracked Core":0,"Toy Ornithopter":4},{"Pear":23,"NeowsBlessing":0,"CeramicFish":7,"Pen Nib":12,"Letter Opener":3,"Frozen Egg 2":3,"Cracked Core":0,"Toy Ornithopter":7}],"Toy Ornithopter":10},"card_choices":[{"not_picked":["Redo","Melter"],"picked":"Coolheaded","floor":1.0},{"not_picked":["Gash","Leap","Sweeping Beam"],"picked":"SKIP","floor":5.0},{"not_picked":["Compile Driver","Force Field"],"picked":"Go for the Eyes","floor":6.0},{"not_picked":["Aggregate","Turbo"],"picked":"Melter","floor":8.0},{"not_picked":["Amplify","Undo"],"picked":"BootSequence","floor":10.0},{"not_picked":["Blizzard","Recycle","Streamline"],"picked":"SKIP","floor":11.0},{"not_picked":["Glacier","Ball Lightning"],"picked":"Seek","floor":13.0},{"not_picked":["Steam","Rip and Tear"],"picked":"Defragment+1","floor":14.0}],"player_experience":1234220,"relics_obtained":[{"floor":6.0,"key":"Frozen Egg 2"},{"floor":7.0,"key":"Letter Opener"},{"floor":8.0,"key":"Toy Ornithopter"},{"floor":9.0,"key":"CeramicFish"},{"floor":10.0,"key":"Pen Nib"},{"floor":13.0,"key":"Pear"}],"event_choices":[{"damage_healed":0.0,"max_hp_gain":0.0,"max_hp_loss":0.0,"gold_gain":0.0,"event_name":"Living Wall","player_choice":"Grow","floor":2.0,"gold_loss":0.0,"damage_taken":0.0,"cards_upgraded":["Zap"]},{"damage_healed":64.0,"max_hp_gain":0.0,"max_hp_loss":71.0,"gold_gain":0.0,"event_name":"betterThird:BetterShining","player_choice":"Upgrade","floor":3.0,"gold_loss":0.0,"damage_taken":21.0,"cards_upgraded":["Dualcast","Strike_B"]}],"is_beta":false,"boss_relics":[],"items_purged_floors":[],"is_endless":false,"potions_floor_spawned":[1,6,8],"killed_by":"Hexaghost","ascension_level":20}}