{"host":"lgcfsflrbypvnipj","time":1609136118,"event":{"mods":["2.2 Compatiblity","BaseMod","Bestiary","Block Reminder","Colored Map","Colored Powertips","Minty Spire (QoL Compilation)","Quick Restart","Rare Cards Sparkle","Relic Stats","StSLib"],"gold_per_floor":[116,116,16,16,16,47,12,63,63,87,87,103,128,148,148,269,269,283,44,44,58,58,101,117,148,148,148,148,161,161,184,184,310,310,330,15,39,39,58,58,98,98,176,216,240,240,240,265,265,265],"floor_reached":51,"playtime":1726,"items_purged":["Strike_R"],"score":780,"play_id":"7cba21a9-c4ea-4686-94b3-f2529235b16f","local_time":"20201228011518","is_ascension_mode":true,"campfire_choices":[{"data":"Searing Blow","floor":11,"key":"SMITH"},{"data":"Searing Blow+1","floor":15,"key":"SMITH"},{"data":"Barricade","floor":28,"key":"SMITH"},{"data":"Searing Blow+2","floor":32,"key":"SMITH"},{"floor":40,"key":"REST"},{"floor":42,"key":"REST"},{"floor":47,"key":"REST"},{"floor":49,"key":"REST"}],"circlet_count":0,"master_deck":["Defend_R","Defend_R","Defend_R","Bash","Shrug It Off","Searing Blow+3","Clothesline","Barricade+1","Metallicize+1","Carnage+1","Rage+1","Metallicize","Flex","Seeing Red","Thunderclap","Cleave","Double Tap","Inflame","Inflame","Apotheosis"],"relics":["Busted Crown","Golden Idol","Regal Pillow","Bag of Preparation","Mummified Hand","Astrolabe","Membership Card","Lizard Tail","Dream Catcher","Kunai","Fusion Hammer","DollysMirror","Frozen Egg 2","Bag of Marbles","Nunchaku","Shuriken","Champion Belt"],"acts_visited":["Exordium","TheCity","TheBeyond"],"potions_floor_usage":[6,14,23,24,31,33,33,33,45,50],"damage_taken":[{"damage":2,"enemies":"Small Slimes","floor":1,"turns":3},{"damage":14,"enemies":"Gremlin Nob","floor":6,"turns":3},{"damage":0,"enemies":"2 Louse","floor":10,"turns":2},{"damage":0,"enemies":"Jaw Worm","floor":12,"turns":3},{"damage":8,"enemies":"2 Fungi Beasts","floor":13,"turns":3},{"damage":5,"enemies":"Large Slime","floor":14,"turns":4},{"damage":33,"enemies":"The Guardian","floor":16,"turns":15},{"damage":6,"enemies":"Shell Parasite","floor":18,"turns":5},{"damage":0,"enemies":"Spheric Guardian","floor":21,"turns":3},{"damage":7,"enemies":"Slavers","floor":23,"turns":6},{"damage":0,"enemies":"Cultist and Chosen","floor":24,"turns":6},{"damage":16,"enemies":"Book of Stabbing","floor":25,"turns":6},{"damage":2,"enemies":"Chosen and Byrds","floor":29,"turns":6},{"damage":0,"enemies":"3 Cultists","floor":31,"turns":5},{"damage":48,"enemies":"Collector","floor":33,"turns":22},{"damage":7,"enemies":"3 Shapes","floor":35,"turns":5},{"damage":0,"enemies":"3 Darklings","floor":37,"turns":2},{"damage":16,"enemies":"Sphere and 2 Shapes","floor":39,"turns":5},{"damage":14,"enemies":"Reptomancer","floor":41,"turns":3},{"damage":1,"enemies":"Giant Head","floor":44,"turns":6},{"damage":16,"enemies":"Jaw Worm Horde","floor":45,"turns":4},{"damage":7,"enemies":"Spire Growth","floor":48,"turns":4},{"damage":8,"enemies":"Time Eater","floor":50,"turns":10}],"seed_played":"-6307456972713500487","potions_obtained":[{"floor":6,"key":"Dexterity Potion"},{"floor":13,"key":"Regen Potion"},{"floor":16,"key":"Fire Potion"},{"floor":23,"key":"Fire Potion"},{"floor":29,"key":"BloodPotion"},{"floor":31,"key":"SpeedPotion"},{"floor":35,"key":"PowerPotion"},{"floor":45,"key":"EssenceOfSteel"}],"is_trial":false,"path_per_floor":["M","?","$","?","$","E","?","T","T","M","R","M","M","M","R","B",null,"M","$","?","M","?","E","M","E","T","?","R","M","?","M","R","B",null,"M","$","M","?","M","R","E","R","T","E","M","?","R","M","R","B",null],"character_chosen":"IRONCLAD","items_purchased":["Shrug It Off","SteroidPotion","Membership Card","Metallicize","DuplicationPotion","Inflame","DollysMirror","Frozen Egg 2","Bag of Marbles"],"campfire_rested":4,"item_purchase_floors":[3,3,19,19,19,36,36,36,36],"current_hp_per_floor":[78,74,74,79,79,65,79,79,79,79,79,79,71,66,66,33,79,73,73,73,73,73,66,66,50,50,50,50,48,48,67,67,38,79,73,73,77,67,57,79,71,79,79,79,63,63,79,72,79,71],"gold":265,"neow_bonus":"BOSS_RELIC","is_daily":false,"chose_seed":false,"campfire_upgraded":4,"win_rate":0.0,"timestamp":1609136118,"path_taken":["M","?","$","?","?","E","?","?","T","M","R","M","?","M","R","BOSS","M","$","?","M","?","E","M","E","T","?","R","M","?","?","R","BOSS","M","$","M","?","M","R","E","R","T","E","M","?","R","M","R","BOSS"],"items_purchased_type":["Card","Potion","Relic","Card","Potion","Card","Relic","Relic","Relic"],"build_version":"2020-12-22","purchased_purges":1,"victory":true,"max_hp_per_floor":[80,74,74,79,79,79,79,79,79,79,79,79,79,79,79,79,79,79,79,79,79,79,79,79,79,79,79,79,79,79,79,79,79,79,79,79,79,79,79,79,79,79,79,79,79,79,79,79,79,79],"relic_stats":{"Regal Pillow":0,"counters":[23,131],"Golden Idol":168,"Astrolabe":["Metallicize","Carnage","Rage"],"Bag of Preparation":[42],"Lizard Tail":0,"Dream Catcher":4,"Nunchaku":[4],"Busted Crown":58,"Mummified Hand":[74],"Shuriken":[7],"Kunai":[14],"Champion Belt":[18],"obtain_stats":[{"Regal Pillow":6,"Golden Idol":2,"Astrolabe":17,"Bag of Preparation":8,"Frozen Egg 2":36,"Burning Blood":0,"Lizard Tail":23,"Dream Catcher":25,"Nunchaku":41,"Busted Crown":0,"Mummified Hand":9,"DollysMirror":36,"Shuriken":43,"Fusion Hammer":34,"Bag of Marbles":36,"Membership Card":19,"Kunai":26,"Champion Belt":44},{"Regal Pillow":2,"Golden Idol":1,"Astrolabe":7,"Bag of Preparation":2,"Frozen Egg 2":16,"Burning Blood":0,"Lizard Tail":10,"Dream Catcher":12,"Nunchaku":19,"Busted Crown":0,"Mummified Hand":2,"DollysMirror":16,"Shuriken":19,"Fusion Hammer":15,"Bag of Marbles":16,"Membership Card":8,"Kunai":12,"Champion Belt":20},{"Regal Pillow":6,"Golden Idol":3,"Astrolabe":33,"Bag of Preparation":6,"Frozen Egg 2":97,"Burning Blood":0,"Lizard Tail":47,"Dream Catcher":59,"Nunchaku":107,"Busted Crown":0,"Mummified Hand":6,"DollysMirror":97,"Shuriken":107,"Fusion Hammer":92,"Bag of Marbles":97,"Membership Card":38,"Kunai":59,"Champion Belt":113}]},"card_choices":[{"not_picked":["Flex"],"picked":"SKIP","floor":1},{"not_picked":[],"picked":"Searing Blow","floor":6},{"not_picked":["Anger"],"picked":"SKIP","floor":10},{"not_picked":["Perfected Strike"],"picked":"SKIP","floor":12},{"not_picked":[],"picked":"Clothesline","floor":13},{"not_picked":["Seeing Red"],"picked":"SKIP","floor":14},{"not_picked":[],"picked":"Barricade","floor":16},{"not_picked":["Second Wind"],"picked":"SKIP","floor":18},{"not_picked":["Anger"],"picked":"SKIP","floor":21},{"not_picked":["Whirlwind"],"picked":"SKIP","floor":23},{"not_picked":[],"picked":"Thunderclap","floor":24},{"not_picked":["Second Wind+1"],"picked":"SKIP","floor":25},{"not_picked":[],"picked":"Cleave","floor":29},{"not_picked":["Rage"],"picked":"SKIP","floor":31},{"not_picked":[],"picked":"Double Tap","floor":33},{"not_picked":["Headbutt+1"],"picked":"SKIP","floor":35},{"not_picked":["True Grit+1"],"picked":"SKIP","floor":37},{"not_picked":[],"picked":"Apotheosis","floor":38},{"not_picked":["Flex+1"],"picked":"SKIP","floor":39},{"not_picked":["Heavy Blade"],"picked":"SKIP","floor":41},{"not_picked":["True Grit+1"],"picked":"SKIP","floor":44},{"not_picked":["Intimidate"],"picked":"SKIP","floor":45},{"not_picked":["Feel No Pain+1"],"picked":"SKIP","floor":48}],"player_experience":10773,"relics_obtained":[{"floor":6,"key":"Regal Pillow"},{"floor":8,"key":"Bag of Preparation"},{"floor":9,"key":"Mummified Hand"},{"floor":23,"key":"Lizard Tail"},{"floor":25,"key":"Dream Catcher"},{"floor":26,"key":"Kunai"},{"floor":41,"key":"Nunchaku"},{"floor":43,"key":"Shuriken"},{"floor":44,"key":"Champion Belt"}],"event_choices":[{"damage_healed":0,"gold_gain":0,"player_choice":"Lose Max HP","damage_taken":0,"relics_obtained":["Golden Idol"],"max_hp_gain":0,"max_hp_loss":6,"event_name":"Golden Idol","floor":2,"gold_loss":0},{"damage_healed":0,"gold_gain":0,"player_choice":"Donut","damage_taken":0,"max_hp_gain":5,"max_hp_loss":0,"event_name":"Big Fish","floor":4,"gold_loss":0},{"damage_healed":19,"gold_gain":0,"player_choice":"Healed","damage_taken":0,"max_hp_gain":0,"max_hp_loss":0,"event_name":"The Cleric","floor":7,"gold_loss":35},{"damage_healed":0,"gold_gain":0,"cards_transformed":["Strike_R","Defend_R"],"player_choice":"Became Test Subject","damage_taken":0,"max_hp_gain":0,"max_hp_loss":0,"event_name":"Drug Dealer","floor":20,"gold_loss":0,"cards_obtained":["Flex","Seeing Red"]},{"damage_healed":0,"gold_gain":0,"player_choice":"Ignored","damage_taken":0,"max_hp_gain":0,"max_hp_loss":0,"event_name":"Vampires","floor":22,"gold_loss":0},{"damage_healed":0,"gold_gain":0,"player_choice":"Ignored","damage_taken":0,"max_hp_gain":0,"max_hp_loss":0,"event_name":"Ghosts","floor":27,"gold_loss":0},{"damage_healed":0,"gold_gain":0,"player_choice":"1 cards matched","damage_taken":0,"max_hp_gain":0,"max_hp_loss":0,"event_name":"Match and Keep!","floor":30,"gold_loss":0,"cards_obtained":["Bandage Up"]},{"damage_healed":0,"gold_gain":0,"player_choice":"Memory 3","damage_taken":10,"max_hp_gain":0,"max_hp_loss":0,"event_name":"SensoryStone","floor":38,"gold_loss":0},{"cards_removed":["Bandage Up"],"damage_healed":0,"gold_gain":0,"player_choice":"Removed Skill","damage_taken":0,"max_hp_gain":0,"max_hp_loss":0,"event_name":"Falling","floor":46,"gold_loss":0}],"is_beta":false,"boss_relics":[{"not_picked":["Black Star","Calling Bell"],"picked":"Astrolabe"},{"not_picked":["Philosopher\u0027s Stone","Snecko Eye"],"picked":"Fusion Hammer"}],"items_purged_floors":[19],"is_endless":false,"potions_floor_spawned":[6,13,16,21,23,29,31,35,45],"ascension_level":1}}