{"host":"grli52lbdph2722t","time":1609176833,"event":{"mods":["AchievementEnabler","BaseMod","Downfall","Minty Spire (QoL Compilation)","Quick Restart","StSLib"],"gold_per_floor":[0,15,28,41,53,88,88,102,114,130,3,3,3,3,23,23,23,23],"floor_reached":16,"playtime":813,"items_purged":["champ:Strike"],"score":159,"play_id":"952788b7-e4ee-42cc-8244-f976c0eb314e","local_time":"20201228183353","is_ascension_mode":true,"campfire_choices":[{"data":"champ:Taunt","floor":1,"key":"SMITH"},{"floor":13,"key":"REST"}],"circlet_count":0,"master_deck":["AscendersBane","champ:Strike","champ:Strike","champ:Defend","champ:Defend","champ:Defend","champ:Execute","champ:Taunt+1","champ:SteelEdge","champ:CrownThrow","champ:StanceDance","champ:Haymaker","champ:SteelEdge","champ:Control","champ:FightOn","champ:Improvising","champ:BringItOn","champ:BerserkerStyle","champ:ArenaPreparation","champ:RageSigil"],"relics":["champ:ChampionCrown","Nunchaku","Bronze Scales","Dream Catcher"],"acts_visited":["Exordium"],"potions_floor_usage":[6,15,16],"damage_taken":[{"damage":5,"enemies":"Cultist","floor":2,"turns":3},{"damage":5,"enemies":"Jaw Worm","floor":3,"turns":4},{"damage":5,"enemies":"2 Louse","floor":4,"turns":2},{"damage":16,"enemies":"Lots of Slimes","floor":5,"turns":6},{"damage":29,"enemies":"Lagavulin","floor":6,"turns":8},{"damage":20,"enemies":"2 Fungi Beasts","floor":8,"turns":2},{"damage":13,"enemies":"Blue Slaver","floor":9,"turns":3},{"damage":7,"enemies":"Exordium Wildlife","floor":10,"turns":3},{"damage":13,"enemies":"downfall:FleeingMerchant","floor":11,"turns":4},{"damage":12,"enemies":"Large Slime","floor":15,"turns":6},{"damage":15,"enemies":"downfall:Watcher","floor":16,"turns":3}],"seed_played":"-1826539172247905030","potions_obtained":[{"floor":2,"key":"hexamod:EctoCoolerPotion"},{"floor":5,"key":"Block Potion"},{"floor":6,"key":"Guardian:BlockOnCardUsePotion"},{"floor":8,"key":"PowerPotion"},{"floor":15,"key":"Guardian:BlockOnCardUsePotion"}],"is_trial":false,"path_per_floor":["R","M","M","M","M","E","T","M","M","M","$","T","R","?","M","B"],"character_chosen":"THE_CHAMP","items_purchased":["champ:BerserkerStyle"],"campfire_rested":1,"item_purchase_floors":[11],"current_hp_per_floor":[81,81,81,81,65,41,41,26,17,10,5,5,32,17,15,0,0,0],"gold":23,"neow_bonus":"TRANSFORM_TWO_CARDS","is_daily":false,"chose_seed":false,"campfire_upgraded":1,"win_rate":0.0,"timestamp":1609176833,"path_taken":["R","M","M","M","M","E","T","M","M","M","$","?","R","?","M","BOSS"],"items_purchased_type":["Card"],"build_version":"2020-12-22","purchased_purges":1,"victory":false,"max_hp_per_floor":[90,90,90,90,90,90,90,90,90,90,90,90,90,90,90,90,90,90],"card_choices":[{"not_picked":["champ:FanOfKnives","champ:GladiatorsShout"],"picked":"champ:StanceDance","floor":2},{"not_picked":["champ:CalledShot","champ:IronFortress"],"picked":"champ:Haymaker","floor":3},{"not_picked":["champ:CrookedStrike","champ:DefensiveShout","champ:AdrenalArmor"],"picked":"SKIP","floor":4},{"not_picked":["champ:PerfectedStrike","champ:ShieldSigil"],"picked":"champ:SteelEdge","floor":5},{"not_picked":["champ:CrookedStrike","champ:FanOfKnives"],"picked":"champ:Control","floor":6},{"not_picked":["champ:HeartStrike","champ:DefensiveShout"],"picked":"champ:FightOn","floor":8},{"not_picked":["champ:BerserkersShout","champ:FlashCut"],"picked":"champ:Improvising","floor":9},{"not_picked":["champ:EnragedBash","champ:Circumvent","champ:CrookedStrike"],"picked":"SKIP","floor":10},{"not_picked":["champ:FanOfKnives","champ:BladeFlurry"],"picked":"champ:BringItOn","floor":11},{"not_picked":["champ:FanOfKnives","champ:SkillfulDodge"],"picked":"champ:ArenaPreparation","floor":13},{"not_picked":["champ:PreciseThrust","champ:PerfectedStrike"],"picked":"champ:RageSigil","floor":15}],"player_experience":4889311,"relics_obtained":[{"floor":6,"key":"Nunchaku"},{"floor":7,"key":"Bronze Scales"},{"floor":12,"key":"Dream Catcher"}],"event_choices":[],"is_beta":false,"boss_relics":[],"items_purged_floors":[11],"is_endless":false,"potions_floor_spawned":[2,5,6,8,15],"killed_by":"downfall:Watcher","ascension_level":10}}