{"host":"qdfumeom6htv8yxl","time":1609171615,"event":{"mods":["AchievementEnabler","BaseMod","Block Reminder","Minty Spire (QoL Compilation)","Quick Restart","Relic Stats"],"gold_per_floor":[109,109,38,54,20,20,47,61,86,11,28,53,53,82,82,184,184,198,50,50,50,50,50,99,23,23,33,0,30,30],"floor_reached":29,"playtime":1015,"items_purged":["Clumsy"],"score":347,"play_id":"c404b238-77ea-4b56-8686-0b36ae1d0bee","local_time":"20201228100655","is_ascension_mode":true,"campfire_choices":[{"data":"Tantrum","floor":6.0,"key":"SMITH"},{"data":"Protect","floor":15.0,"key":"SMITH"},{"data":"Wish","floor":23,"key":"SMITH"}],"circlet_count":0,"master_deck":["Eruption+1","Vigilance+1","EmptyBody","Tantrum+1","FlyingSleeves+1","Conclude","Meditate","FlurryOfBlows","Protect+1","Halt","Parasite","FlurryOfBlows","Wish+1","EmptyMind+1","Sanctity","MasterReality","Conclude","JustLucky","LessonLearned","Blasphemy","Evaluate","Protect","Decay","BattleHymn"],"relics":["PureWater","Ginger","Damaru","Whetstone","Blue Candle","War Paint","Pandora\u0027s Box","Bag of Marbles","MutagenicStrength","StrikeDummy"],"acts_visited":["Exordium","TheCity"],"potions_floor_usage":[27],"damage_taken":[{"damage":0.0,"enemies":"Jaw Worm","floor":1.0,"turns":2.0},{"damage":7.0,"enemies":"Cultist","floor":4.0,"turns":3.0},{"damage":53.0,"enemies":"Lagavulin","floor":7.0,"turns":4.0},{"damage":0.0,"enemies":"2 Louse","floor":8.0,"turns":2.0},{"damage":0.0,"enemies":"Large Slime","floor":11.0,"turns":3.0},{"damage":32.0,"enemies":"Gremlin Nob","floor":12.0,"turns":3.0},{"damage":5.0,"enemies":"3 Sentries","floor":14.0,"turns":4.0},{"damage":28.0,"enemies":"Hexaghost","floor":16.0,"turns":8.0},{"damage":1.0,"enemies":"Chosen","floor":18.0,"turns":3.0},{"damage":1,"enemies":"Spheric Guardian","floor":24,"turns":3},{"damage":14,"enemies":"Snake Plant","floor":27,"turns":4},{"damage":53,"enemies":"Book of Stabbing","floor":29,"turns":5}],"seed_played":"3152870492532228616","potions_obtained":[{"floor":4.0,"key":"FairyPotion"},{"floor":8.0,"key":"BottledMiracle"},{"floor":11.0,"key":"Dexterity Potion"},{"floor":12.0,"key":"PowerPotion"},{"floor":18.0,"key":"Ancient Potion"}],"is_trial":false,"path_per_floor":["M","?","$","M","$","R","E","M","T","$","M","E","?","E","R","B",null,"M","$","?","?","?","R","M","$","T","M","?","E"],"character_chosen":"WATCHER","items_purchased":["Tantrum","Conclude","Bag of Marbles","BattleHymn"],"campfire_rested":0,"item_purchase_floors":[3,5,19,25],"current_hp_per_floor":[65,65,65,58,58,58,5,5,5,5,5,21,39,34,34,6,56,55,55,55,55,55,55,54,54,54,40,40,0,0],"gold":30,"neow_bonus":"ONE_RARE_RELIC","is_daily":false,"chose_seed":false,"campfire_upgraded":3,"win_rate":0.0,"timestamp":1609171615,"path_taken":["M","?","$","M","?","R","E","M","T","$","M","E","?","E","R","BOSS","M","$","?","?","?","R","M","?","T","M","?","E"],"items_purchased_type":["Card","Card","Relic","Card"],"build_version":"2020-12-22","purchased_purges":1,"victory":false,"max_hp_per_floor":[72,72,72,72,72,72,72,72,72,72,72,72,72,72,72,72,72,72,72,72,72,72,72,72,72,72,72,72,72,72],"relic_stats":{"counters":[12,44],"Blue Candle":[5],"Pandora\u0027s Box":["EmptyMind","Sanctity","MasterReality","Conclude","JustLucky","LessonLearned","Blasphemy","Evaluate"],"Ginger":[6],"Whetstone":["Strike_P","Eruption"],"War Paint":["Defend_P","Vigilance"],"obtain_stats":[{"Blue Candle":12,"MutagenicStrength":21,"Damaru":7,"Pandora\u0027s Box":17,"Bag of Marbles":19,"Ginger":0,"Whetstone":9,"PureWater":0,"War Paint":14,"StrikeDummy":26},{"Blue Candle":6,"MutagenicStrength":9,"Damaru":3,"Pandora\u0027s Box":8,"Bag of Marbles":9,"Ginger":0,"Whetstone":4,"PureWater":0,"War Paint":7,"StrikeDummy":10},{"Blue Candle":17,"MutagenicStrength":32,"Damaru":9,"Pandora\u0027s Box":29,"Bag of Marbles":32,"Ginger":0,"Whetstone":11,"PureWater":0,"War Paint":21,"StrikeDummy":35}]},"card_choices":[{"not_picked":["DeceiveReality","SignatureMove"],"picked":"EmptyBody","floor":1.0},{"not_picked":["JustLucky","ThirdEye"],"picked":"FlyingSleeves","floor":4.0},{"not_picked":["SandsOfTime","Crescendo"],"picked":"Meditate","floor":7.0},{"not_picked":["MasterReality","CutThroughFate"],"picked":"FlurryOfBlows","floor":8.0},{"not_picked":["BowlingBash","ReachHeaven"],"picked":"Protect","floor":11.0},{"not_picked":["JustLucky","EmptyBody"],"picked":"Halt","floor":12.0},{"not_picked":["ClearTheMind","EmptyBody"],"picked":"FlurryOfBlows","floor":14.0},{"not_picked":["Ragnarok","DeusExMachina"],"picked":"Wish","floor":16.0},{"not_picked":["Consecrate","Halt"],"picked":"Protect","floor":18.0},{"not_picked":["PathToVictory+1","Sanctity","EmptyMind"],"picked":"SKIP","floor":24},{"not_picked":["Nirvana+1","BowlingBash","ReachHeaven"],"picked":"SKIP","floor":27}],"player_experience":1589136,"relics_obtained":[{"floor":7.0,"key":"Damaru"},{"floor":9.0,"key":"Whetstone"},{"floor":12.0,"key":"Blue Candle"},{"floor":14.0,"key":"War Paint"},{"floor":26,"key":"StrikeDummy"}],"event_choices":[{"damage_healed":0.0,"max_hp_gain":0.0,"max_hp_loss":0.0,"gold_gain":0.0,"event_name":"The Woman in Blue","player_choice":"Bought 0 Potions","floor":2.0,"gold_loss":0.0,"damage_taken":0.0},{"damage_healed":18.0,"max_hp_gain":0.0,"max_hp_loss":0.0,"gold_gain":0.0,"event_name":"Mushrooms","player_choice":"Healed and dodged fight","floor":13.0,"gold_loss":0.0,"damage_taken":0.0,"cards_obtained":["Parasite"]},{"damage_healed":0.0,"max_hp_gain":0.0,"max_hp_loss":0.0,"gold_gain":0.0,"event_name":"Forgotten Altar","player_choice":"Smashed Altar","floor":20.0,"gold_loss":0.0,"damage_taken":0.0,"cards_obtained":["Decay"]},{"damage_healed":0.0,"max_hp_gain":0.0,"max_hp_loss":0.0,"gold_gain":0.0,"event_name":"Drug Dealer","player_choice":"Inject Mutagens","floor":21.0,"gold_loss":0.0,"damage_taken":0.0,"relics_obtained":["MutagenicStrength"]},{"damage_healed":0,"gold_gain":0,"player_choice":"Ignored","damage_taken":0,"max_hp_gain":0,"max_hp_loss":0,"event_name":"Cursed Tome","floor":22,"gold_loss":0},{"damage_healed":0,"gold_gain":0,"player_choice":"Paid Fearfully","damage_taken":0,"max_hp_gain":0,"max_hp_loss":0,"event_name":"Masked Bandits","floor":28,"gold_loss":33}],"is_beta":false,"boss_relics":[{"not_picked":["VioletLotus","HolyWater"],"picked":"Pandora\u0027s Box"}],"items_purged_floors":[10],"is_endless":false,"potions_floor_spawned":[4,8,11,12,14,18],"killed_by":"Book of Stabbing","ascension_level":9}}