{"host":"Rich","time":1609189773,"event":{"mods":["AchievementEnabler","BaseMod","Highlight Path","Minty Spire (QoL Compilation)","Relic Stats"],"gold_per_floor":[365,515,284,284,15,340,340,48,93,123,123,156,175,192,192,269,269,288,168,168,180,8,34,0,14,60,71,71,85,85,116,116,190,190,206,55,80,80,91,119,119,119,119],"floor_reached":42,"playtime":1796,"items_purged":["Doubt","Strike_G","Strike_G","Strike_G","Defend_G"],"score":1410,"play_id":"f7b79d6e-4a16-4ed2-816f-351215e7c6db","local_time":"20201228160933","is_ascension_mode":true,"campfire_choices":[{"floor":7.0,"key":"REST"},{"floor":11.0,"key":"REST"},{"data":"Catalyst","floor":15.0,"key":"SMITH"},{"data":"Catalyst","floor":28.0,"key":"SMITH"},{"floor":30.0,"key":"REST"},{"floor":32.0,"key":"REST"},{"floor":41,"key":"RECALL"}],"circlet_count":0,"master_deck":["AscendersBane","Defend_G","Defend_G","Defend_G","Survivor","Neutralize","Backflip","Bouncing Flask","Catalyst+1","Distraction","Blur","Footwork","PiercingWail","Leg Sweep","Catalyst+1","Bullet Time","Bouncing Flask+1","Bouncing Flask","Acrobatics","Calculated Gamble","Doppelganger","Backflip+1","Phantasmal Killer+1","Quick Slash+1","Backflip","Deadly Poison","Bouncing Flask","Leg Sweep"],"relics":["Ring of the Snake","Snake Skull","Old Coin","PreservedInsect","Ornamental Fan","The Courier","Snecko Eye","TungstenRod","White Beast Statue","Astrolabe","Lantern","Gambling Chip","WingedGreaves"],"acts_visited":["Exordium","TheCity","TheBeyond"],"potions_floor_usage":[35,40,42],"damage_taken":[{"damage":9.0,"enemies":"Jaw Worm","floor":1.0,"turns":7.0},{"damage":17.0,"enemies":"Lagavulin","floor":6.0,"turns":4.0},{"damage":10.0,"enemies":"3 Sentries","floor":10.0,"turns":9.0},{"damage":28.0,"enemies":"Gremlin Nob","floor":12.0,"turns":4.0},{"damage":4.0,"enemies":"2 Louse","floor":13.0,"turns":3.0},{"damage":0.0,"enemies":"Cultist","floor":14.0,"turns":3.0},{"damage":0.0,"enemies":"Hexaghost","floor":16.0,"turns":4.0},{"damage":10.0,"enemies":"Spheric Guardian","floor":18.0,"turns":6.0},{"damage":0.0,"enemies":"2 Thieves","floor":21.0,"turns":3.0},{"damage":0.0,"enemies":"Gremlin Leader","floor":23.0,"turns":4.0},{"damage":0.0,"enemies":"Snecko","floor":25.0,"turns":2.0},{"damage":0.0,"enemies":"Centurion and Healer","floor":27.0,"turns":4.0},{"damage":24.0,"enemies":"3 Cultists","floor":29.0,"turns":6.0},{"damage":0.0,"enemies":"Book of Stabbing","floor":31.0,"turns":2.0},{"damage":0.0,"enemies":"Champ","floor":33.0,"turns":2.0},{"damage":11,"enemies":"3 Darklings","floor":35,"turns":13},{"damage":15,"enemies":"Mind Bloom Boss Battle","floor":37,"turns":5},{"damage":0,"enemies":"Orb Walker","floor":39,"turns":2},{"damage":0,"enemies":"Nemesis","floor":40,"turns":1},{"damage":44,"enemies":"Reptomancer","floor":42,"turns":2}],"seed_played":"-4663743381414219178","potions_obtained":[{"floor":6.0,"key":"BlessingOfTheForge"},{"floor":10.0,"key":"ColorlessPotion"},{"floor":13.0,"key":"LiquidMemories"},{"floor":14.0,"key":"FearPotion"},{"floor":20.0,"key":"BlessingOfTheForge"},{"floor":21.0,"key":"GhostInAJar"},{"floor":29.0,"key":"BlessingOfTheForge"},{"floor":33.0,"key":"Fire Potion"},{"floor":35,"key":"CultistPotion"},{"floor":37,"key":"Regen Potion"},{"floor":39,"key":"Weak Potion"},{"floor":40,"key":"Strength Potion"}],"is_trial":false,"path_per_floor":["M","?","$","?","$","E","R","$","T","E","R","E","M","M","R","B",null,"M","$","?","M","$","E","$","M","T","M","R","M","R","E","R","B",null,"M","$","?","?","M","E","R","E"],"character_chosen":"THE_SILENT","items_purchased":["Bouncing Flask","Catalyst","Snake Skull","Blur","Footwork","Bouncing Flask","Calculated Gamble","Lantern","Backflip"],"campfire_rested":4,"item_purchase_floors":[3,3,5,8,8,22,24,36,36],"current_hp_per_floor":[35,35,35,35,35,18,37,37,37,27,46,18,14,14,14,14,53,43,43,43,43,43,43,43,43,43,43,43,19,38,38,57,57,64,53,53,38,38,38,43,43,0,0],"gold":119,"neow_bonus":"TWO_FIFTY_GOLD","is_daily":false,"chose_seed":false,"campfire_upgraded":2,"win_rate":0.0,"timestamp":1609189773,"path_taken":["M","?","$","?","$","E","R","$","T","E","R","E","M","?","R","BOSS","M","$","?","M","$","E","$","M","T","?","R","?","R","E","R","BOSS","M","$","?","?","M","E","R","E"],"items_purchased_type":["Card","Card","Relic","Card","Card","Card","Card","Relic","Card"],"build_version":"2020-12-18","purchased_purges":5,"victory":false,"max_hp_per_floor":[66,66,66,66,66,66,66,66,66,66,66,66,66,66,66,66,66,66,66,66,66,66,66,66,66,66,66,66,66,66,66,66,66,66,66,66,66,66,66,66,66,66,66],"relic_stats":{"counters":[20,86],"Ornamental Fan":[0],"Astrolabe":["Backflip","Phantasmal Killer","Quick Slash"],"Gambling Chip":[8],"Snecko Eye":[107,117,131,117],"Snake Skull":[197],"PreservedInsect":261,"obtain_stats":[{"Lantern":36,"Astrolabe":34,"Snake Skull":5,"PreservedInsect":9,"The Courier":12,"White Beast Statue":31,"Old Coin":6,"Ornamental Fan":10,"Gambling Chip":37,"Snecko Eye":17,"WingedGreaves":40,"TungstenRod":23,"Ring of the Snake":0},{"Lantern":16,"Astrolabe":15,"Snake Skull":1,"PreservedInsect":2,"The Courier":4,"White Beast Statue":14,"Old Coin":2,"Ornamental Fan":3,"Gambling Chip":17,"Snecko Eye":7,"WingedGreaves":19,"TungstenRod":10,"Ring of the Snake":0},{"Lantern":76,"Astrolabe":63,"Snake Skull":7,"PreservedInsect":11,"The Courier":24,"White Beast Statue":61,"Old Coin":11,"Ornamental Fan":20,"Gambling Chip":81,"Snecko Eye":34,"WingedGreaves":84,"TungstenRod":47,"Ring of the Snake":0}],"TungstenRod":10,"Ring of the Snake":[40]},"card_choices":[{"not_picked":["Prepared","Dodge and Roll"],"picked":"Backflip","floor":1.0},{"not_picked":["Sucker Punch","Blade Dance"],"picked":"Distraction","floor":6.0},{"not_picked":["Skewer","Glass Knife"],"picked":"PiercingWail","floor":10.0},{"not_picked":["Setup","Riddle With Holes"],"picked":"Leg Sweep","floor":12.0},{"not_picked":["Dagger Throw","Backflip","Dodge and Roll"],"picked":"SKIP","floor":13.0},{"not_picked":["Underhanded Strike","Blade Dance"],"picked":"Catalyst","floor":14.0},{"not_picked":["Die Die Die","A Thousand Cuts"],"picked":"Bullet Time","floor":16.0},{"not_picked":["Backflip","Deadly Poison"],"picked":"Bouncing Flask+1","floor":18.0},{"not_picked":["Slice","Choke","Flechettes+1"],"picked":"SKIP","floor":21.0},{"not_picked":["Finisher","Terror","Acrobatics"],"picked":"SKIP","floor":23.0},{"not_picked":["Finisher","Terror"],"picked":"Acrobatics","floor":23.0},{"not_picked":["Outmaneuver","Bane+1","Skewer"],"picked":"SKIP","floor":25.0},{"not_picked":["Finisher","Riddle With Holes","Deflect"],"picked":"SKIP","floor":27.0},{"not_picked":["Distraction","Cloak And Dagger","Prepared"],"picked":"SKIP","floor":29.0},{"not_picked":["Blade Dance","Heel Hook+1","Slice"],"picked":"SKIP","floor":31.0},{"not_picked":["Glass Knife","Envenom"],"picked":"Doppelganger","floor":33.0},{"not_picked":["Prepared+1","Sucker Punch","Cloak And Dagger"],"picked":"SKIP","floor":35},{"not_picked":["Accuracy+1","Prepared"],"picked":"Deadly Poison","floor":37},{"not_picked":["Quick Slash+1","Sucker Punch"],"picked":"Bouncing Flask","floor":39},{"not_picked":["Well Laid Plans","Slice"],"picked":"Leg Sweep","floor":40}],"player_experience":1935242,"relics_obtained":[{"floor":6.0,"key":"Old Coin"},{"floor":9.0,"key":"PreservedInsect"},{"floor":10.0,"key":"Ornamental Fan"},{"floor":12.0,"key":"The Courier"},{"floor":23.0,"key":"TungstenRod"},{"floor":31.0,"key":"White Beast Statue"},{"floor":37,"key":"Gambling Chip"},{"floor":40,"key":"WingedGreaves"}],"event_choices":[{"damage_healed":0.0,"max_hp_gain":0.0,"max_hp_loss":0.0,"gold_gain":150.0,"event_name":"Liars Game","player_choice":"AGREE","floor":2.0,"gold_loss":0.0,"damage_taken":0.0,"cards_obtained":["Doubt"]},{"damage_healed":0.0,"max_hp_gain":0.0,"max_hp_loss":0.0,"gold_gain":0.0,"event_name":"WeMeetAgain","player_choice":"Ignored","floor":4.0,"gold_loss":0.0,"damage_taken":0.0},{"damage_healed":0.0,"max_hp_gain":0.0,"max_hp_loss":0.0,"gold_gain":0.0,"event_name":"Lab","player_choice":"Got Potions","floor":20.0,"gold_loss":0.0,"damage_taken":0.0},{"damage_healed":0,"gold_gain":0,"player_choice":"Fight","damage_taken":0,"max_hp_gain":0,"max_hp_loss":0,"event_name":"MindBloom","floor":37,"gold_loss":0},{"damage_healed":0,"gold_gain":0,"player_choice":"Memory 1","damage_taken":0,"max_hp_gain":0,"max_hp_loss":0,"event_name":"SensoryStone","floor":38,"gold_loss":0}],"is_beta":true,"boss_relics":[{"not_picked":["HoveringKite","SlaversCollar"],"picked":"Snecko Eye"},{"not_picked":["Sozu","Philosopher\u0027s Stone"],"picked":"Astrolabe"}],"items_purged_floors":[3,5,8,19,22],"is_endless":false,"potions_floor_spawned":[6,10,13,14,21,29,33,35,37,39,40],"killed_by":"Reptomancer","ascension_level":20}}