{"host":"vzugls1u57eppbds","time":1609198631,"event":{"mods":["AchievementEnabler","BaseMod","Better Third Choice","Minty Spire (QoL Compilation)","Relic Stats","Shop Mod","StSLib","The IronCluck"],"gold_per_floor":[112,287,298,298,298,325,325,351,375,409,94,110,110,15,15,114,114,127,144,144,164,164,79,79,79,79,95,123,123,140,156,156,156,156],"floor_reached":33,"playtime":1794,"items_purged":["Doubt"],"score":410,"play_id":"0f2dd534-3010-48a9-bcaa-0ecab17534d3","local_time":"20201229003711","is_ascension_mode":true,"campfire_choices":[{"floor":7,"key":"REST"},{"floor":13,"key":"REST"},{"floor":15,"key":"REST"},{"data":"Berserk","floor":24,"key":"SMITH"},{"floor":32,"key":"REST"}],"circlet_count":0,"master_deck":["Strike_R","Strike_R","Strike_R","Strike_R","Defend_R","Defend_R","Defend_R","Bash","Clothesline","Perfected Strike","Bludgeon","Wild Strike+1","Iron Wave+1","Fire Breathing","Pommel Strike+1","Feed+1","Pommel Strike+1","Berserk+1","Evolve","Ghostly Armor","Pummel+1","Fire Breathing+1","Uppercut+1"],"relics":["Burning Blood","Anchor","Centennial Puzzle","Molten Egg 2","Pen Nib","HornCleat","Juzu Bracelet","Empty Cage","Regal Pillow","White Beast Statue","Eternal Feather"],"acts_visited":["Exordium","TheCity"],"potions_floor_usage":[10,16,27,28,30,31,33],"damage_taken":[{"damage":0,"enemies":"2 Louse","floor":1,"turns":3},{"damage":0,"enemies":"Jaw Worm","floor":3,"turns":4},{"damage":34,"enemies":"Gremlin Nob","floor":6,"turns":5},{"damage":35,"enemies":"3 Sentries","floor":8,"turns":9},{"damage":25,"enemies":"Lagavulin","floor":10,"turns":6},{"damage":0,"enemies":"Cultist","floor":12,"turns":3},{"damage":55,"enemies":"The Guardian","floor":16,"turns":10},{"damage":0,"enemies":"Spheric Guardian","floor":18,"turns":3},{"damage":0,"enemies":"Shell Parasite","floor":19,"turns":3},{"damage":10,"enemies":"Cultist and Chosen","floor":21,"turns":5},{"damage":16,"enemies":"Sentry and Sphere","floor":27,"turns":4},{"damage":62,"enemies":"Book of Stabbing","floor":28,"turns":7},{"damage":7,"enemies":"3 Cultists","floor":30,"turns":5},{"damage":9,"enemies":"Centurion and Healer","floor":31,"turns":6},{"damage":89,"enemies":"Collector","floor":33,"turns":7}],"seed_played":"1411514667165199834","potions_obtained":[{"floor":1,"key":"HeartOfIron"},{"floor":6,"key":"FearPotion"},{"floor":10,"key":"DistilledChaos"},{"floor":21,"key":"PowerPotion"},{"floor":27,"key":"Fire Potion"},{"floor":28,"key":"BlessingOfTheForge"},{"floor":30,"key":"SteroidPotion"},{"floor":31,"key":"PowerPotion"}],"is_trial":false,"path_per_floor":["M","?","M","?","?","E","R","E","T","E","$","M","R","$","R","B",null,"M","M","?","M","?","?","R","?","T","M","E","$","M","M","R","B"],"character_chosen":"IRONCLAD","items_purchased":["Juzu Bracelet","Fire Breathing","Pommel Strike+1","Pommel Strike+1","BloodPotion"],"campfire_rested":4,"item_purchase_floors":[11,11,11,14,14],"current_hp_per_floor":[78,78,80,85,85,57,82,53,53,34,34,40,65,65,85,36,73,79,85,85,81,81,81,81,81,81,75,19,19,18,32,85,0,0],"gold":156,"neow_bonus":"RANDOM_COMMON_RELIC","is_daily":false,"chose_seed":false,"campfire_upgraded":1,"win_rate":0.0,"timestamp":1609198631,"path_taken":["M","?","M","?","?","E","R","E","T","E","$","M","R","?","R","BOSS","M","M","?","M","?","?","R","?","T","M","E","$","M","M","R","BOSS"],"items_purchased_type":["Relic","Card","Card","Card","Potion"],"build_version":"2020-12-22","purchased_purges":1,"victory":false,"max_hp_per_floor":[80,80,80,85,85,85,85,85,85,85,85,85,85,85,85,85,85,85,85,85,85,85,85,85,85,85,89,89,89,89,89,89,89,89],"relic_stats":{"Centennial Puzzle":[27],"Regal Pillow":15,"counters":[15,80],"Eternal Feather":12,"Pen Nib":[11],"Juzu Bracelet":1,"obtain_stats":[{"Anchor":0,"Centennial Puzzle":6,"Regal Pillow":23,"HornCleat":10,"Molten Egg 2":8,"Eternal Feather":28,"Pen Nib":9,"Juzu Bracelet":11,"Empty Cage":17,"Burning Blood":0,"White Beast Statue":26},{"Anchor":0,"Centennial Puzzle":3,"Regal Pillow":10,"HornCleat":5,"Molten Egg 2":4,"Eternal Feather":12,"Pen Nib":4,"Juzu Bracelet":5,"Empty Cage":7,"Burning Blood":0,"White Beast Statue":10},{"Anchor":0,"Centennial Puzzle":12,"Regal Pillow":51,"HornCleat":27,"Molten Egg 2":21,"Eternal Feather":62,"Pen Nib":21,"Juzu Bracelet":27,"Empty Cage":40,"Burning Blood":0,"White Beast Statue":51}],"Burning Blood":80},"card_choices":[{"not_picked":["Burning Pact","Sever Soul"],"picked":"Clothesline","floor":1},{"not_picked":["Thunderclap","Cleave"],"picked":"Perfected Strike","floor":3},{"not_picked":["Anger","Clash"],"picked":"Bludgeon","floor":6},{"not_picked":["Thunderclap+1","Clash+1"],"picked":"Wild Strike+1","floor":8},{"not_picked":["Clash+1","Rupture"],"picked":"Iron Wave+1","floor":10},{"not_picked":["Shrug It Off","Headbutt+1"],"picked":"Feed+1","floor":12},{"not_picked":["Fiend Fire+1","Limit Break"],"picked":"Berserk","floor":16},{"not_picked":["Flex+1","Warcry","Iron Wave+1"],"picked":"SKIP","floor":18},{"not_picked":["Perfected Strike+1","Havoc"],"picked":"Evolve","floor":19},{"not_picked":["Shrug It Off","Flame Barrier"],"picked":"Ghostly Armor","floor":21},{"not_picked":["Clothesline+1","Warcry","Perfected Strike+1"],"picked":"SKIP","floor":27},{"not_picked":["Body Slam+1","Burning Pact"],"picked":"Fire Breathing+1","floor":28},{"not_picked":["Iron Wave+1","Shockwave"],"picked":"Uppercut+1","floor":30},{"not_picked":["Headbutt+1","Flex+1","Thunderclap+1"],"picked":"SKIP","floor":31}],"player_experience":223647,"relics_obtained":[{"floor":6,"key":"Centennial Puzzle"},{"floor":8,"key":"Molten Egg 2"},{"floor":9,"key":"Pen Nib"},{"floor":10,"key":"HornCleat"},{"floor":26,"key":"White Beast Statue"},{"floor":28,"key":"Eternal Feather"}],"event_choices":[{"damage_healed":0,"gold_gain":175,"player_choice":"AGREE","damage_taken":112,"max_hp_gain":0,"max_hp_loss":0,"event_name":"betterThird:BetterSerpent","floor":2,"gold_loss":0},{"damage_healed":0,"gold_gain":0,"player_choice":"Donut","damage_taken":0,"max_hp_gain":5,"max_hp_loss":0,"event_name":"Big Fish","floor":4,"gold_loss":0},{"damage_healed":0,"gold_gain":0,"player_choice":"Leave","damage_taken":0,"max_hp_gain":0,"max_hp_loss":0,"event_name":"The Cleric","floor":5,"gold_loss":0},{"damage_healed":0,"gold_gain":0,"player_choice":"Ignored","damage_taken":0,"max_hp_gain":0,"max_hp_loss":0,"event_name":"Vampires","floor":20,"gold_loss":0},{"damage_healed":0,"gold_gain":0,"player_choice":"Read","damage_taken":0,"max_hp_gain":0,"max_hp_loss":0,"event_name":"The Library","floor":22,"gold_loss":0,"cards_obtained":["Pummel"]},{"damage_healed":0,"gold_gain":0,"player_choice":"Obtained Relic","damage_taken":0,"relics_obtained":["Regal Pillow"],"max_hp_gain":0,"max_hp_loss":0,"event_name":"Addict","floor":23,"gold_loss":85},{"damage_healed":0,"gold_gain":0,"player_choice":"Ignored","damage_taken":0,"max_hp_gain":0,"max_hp_loss":0,"event_name":"Ghosts","floor":25,"gold_loss":0}],"is_beta":false,"boss_relics":[{"not_picked":["Busted Crown","Coffee Dripper"],"picked":"Empty Cage"}],"items_purged_floors":[11],"is_endless":false,"potions_floor_spawned":[1,6,10,21,27,28,30,31],"killed_by":"Collector","ascension_level":9}}