{"host":"ix2a18c4ohfsrslv","time":1609140104,"event":{"mods":["BaseMod","Better Third Choice","Downfall","Minty Spire (QoL Compilation)","Replay The Spire","StSLib","The Disciple"],"gold_per_floor":[112,112,187,205,170,170,199,214,214,214,214,214,233,105,120,138,138,238,238,218,16,16,32,32,32,65,65,92,105,120,1,13,13,13,113,113,126,86,106,28,28,28,28,48,48,98,98,98],"floor_reached":47,"playtime":2858,"items_purged":["Strike_Br","Strike_Br"],"score":618,"play_id":"290f9b47-89a0-414f-94be-55b3628468e4","local_time":"20201227232144","is_ascension_mode":false,"campfire_choices":[{"data":"Tempo","floor":6.0,"key":"SMITH"},{"floor":12.0,"key":"REST"},{"data":"Strike_Br","floor":17.0,"key":"PURGE"},{"floor":25.0,"key":"REST"},{"floor":27.0,"key":"REST"},{"data":"Strike_Br","floor":34,"key":"PURGE"},{"data":"HandsUpC","floor":43,"key":"PURGE"}],"circlet_count":0,"master_deck":["Defend_Br","Defend_Br+1","Defend_Br","SecondHand","PatternShift","LockedScales","ReapSow","AlternateTimeline","Allegro+1","ExoVibe","OldTimer","FormalWear+1","LockedWhetstone","Fragmentalize","CrunchTime","ResonantCall+1","LockedWhetstone","MasterKey","EscortCommand","Goo+5","LockedAnchor","BlueShift+1"],"relics":["Chronometer","Peace Pipe","Mango","Runic Dome","Membership Card","MutagenicStrength","Cryopreserver","BlueBox","Lee\u0027s Waffle","Philosopher\u0027s Stone","Orichalcum","Blood Vial","Garlic","Du-Vu Doll"],"acts_visited":["Exordium","TheCity","TheBeyond"],"potions_floor_usage":[30,32,46],"damage_taken":[{"damage":7.0,"enemies":"Jaw Worm","floor":1.0,"turns":5.0},{"damage":2.0,"enemies":"Small Slimes","floor":4.0,"turns":5.0},{"damage":68.0,"enemies":"3 Sentries","floor":7.0,"turns":15.0},{"damage":0.0,"enemies":"2 Louse","floor":8.0,"turns":4.0},{"damage":0.0,"enemies":"Large Slime","floor":13.0,"turns":5.0},{"damage":2.0,"enemies":"Exordium Wildlife","floor":15.0,"turns":5.0},{"damage":3.0,"enemies":"3 Louse","floor":16.0,"turns":4.0},{"damage":28.0,"enemies":"The Guardian","floor":18.0,"turns":10.0},{"damage":15.0,"enemies":"2 Thieves","floor":20.0,"turns":4.0},{"damage":19.0,"enemies":"3 Byrds","floor":23.0,"turns":4.0},{"damage":42.0,"enemies":"Slavers","floor":26.0,"turns":7.0},{"damage":3,"enemies":"Snecko","floor":29,"turns":4},{"damage":14,"enemies":"Snake Plant","floor":30,"turns":3},{"damage":1,"enemies":"3 Cultists","floor":32,"turns":3},{"damage":68,"enemies":"Pondfish","floor":35,"turns":9},{"damage":13,"enemies":"3 Darklings","floor":37,"turns":2},{"damage":6,"enemies":"Orb Walker","floor":39,"turns":2},{"damage":12,"enemies":"Spire Growth","floor":44,"turns":3},{"damage":19,"enemies":"Mind Bloom Boss Battle","floor":46,"turns":6}],"seed_played":"-6688791573786038511","potions_obtained":[{"floor":7.0,"key":"SteroidPotion"},{"floor":16.0,"key":"Strength Potion"},{"floor":26.0,"key":"SkillPotion"},{"floor":30,"key":"LiquidMemories"},{"floor":37,"key":"Strength Potion"},{"floor":39,"key":"Regen Potion"}],"is_trial":false,"path_per_floor":["M","?","?","M","?","R","E","M","T","PTL","PTL","R","M","$","M","M","R","B",null,"M","$","?","M","?","R","E","R","T","M","M","$","M","?","R","B",null,"M","?","M","$","?","$","R","M","T","?","M"],"character_chosen":"CHRONO_CLASS","items_purchased":["HandsUpC","Membership Card","Lee\u0027s Waffle","LockedWhetstone","Orichalcum"],"campfire_rested":3,"item_purchase_floors":[14,21,31,31,40],"current_hp_per_floor":[58,58,47,49,65,65,3,7,21,21,21,44,50,50,54,53,53,31,79,66,66,66,51,36,61,25,50,50,49,35,91,91,91,91,31,91,78,78,72,72,62,62,62,52,52,47,0,0],"gold":98,"neow_bonus":"THREE_CARDS","is_daily":false,"chose_seed":false,"campfire_upgraded":1,"win_rate":0.0,"timestamp":1609140104,"path_taken":["M","?","?","M","?","R","E","M","T","PTL","PTL","R","M","$","M","M","R","BOSS","M","$","?","M","?","R","E","R","T","M","M","?","M","?","R","BOSS","M","?","?","$","?","$","R","M","T","?","M"],"items_purchased_type":["Card","Relic","Relic","Card","Relic"],"build_version":"2020-12-22","purchased_purges":2,"victory":false,"max_hp_per_floor":[65,65,65,65,65,65,65,65,79,79,79,79,79,79,79,79,79,79,79,79,79,79,79,84,84,84,84,84,84,84,91,91,91,91,91,91,91,91,91,91,91,91,91,91,91,91,91,91],"card_choices":[{"not_picked":["CrunchTime","TickedOff"],"picked":"Tempo","floor":0.0},{"not_picked":["LockedMawBank","CrunchTime"],"picked":"LockedBlood","floor":1.0},{"not_picked":["Tempo","LockedTornado"],"picked":"LockedScales","floor":4.0},{"not_picked":["LockedBlood","WatchCommand"],"picked":"ReapSow","floor":7.0},{"not_picked":["ReapSow","MasterKey","HandsUpB"],"picked":"SKIP","floor":8.0},{"not_picked":["LockedAnchor","LockedWhetstone"],"picked":"AlternateTimeline","floor":13.0},{"not_picked":["Tempo","LockedOrichalcum"],"picked":"ExoVibe","floor":15.0},{"not_picked":["LockedMedicine","Tempo","SlimeSpray"],"picked":"SKIP","floor":16.0},{"not_picked":["Fragmentalize","BackFourSeconds"],"picked":"OldTimer","floor":18.0},{"not_picked":["BiteCommand","LockedAnchor","HandsUpB"],"picked":"SKIP","floor":20.0},{"not_picked":["LockedMedicine","TiringSlam"],"picked":"FormalWear+1","floor":23.0},{"not_picked":["Echoward","LockedMawBank+1"],"picked":"LockedWhetstone","floor":26.0},{"not_picked":["BlueShift","HandsUpB"],"picked":"ResonantCall","floor":29},{"not_picked":["CrunchTime","PrimeTime","ReapSow"],"picked":"SKIP","floor":30},{"not_picked":["LockedBell","Stagnate+1","LockedMedicine+1"],"picked":"SKIP","floor":32},{"not_picked":["OracleForm","Chronoelasticity"],"picked":"MasterKey","floor":35},{"not_picked":["Keepsakes","HandsUpB"],"picked":"EscortCommand","floor":37},{"not_picked":["LockedWhetstone+1","WindUp"],"picked":"Goo+1","floor":39},{"not_picked":["AlternateTimeline+1","BlueShift+1"],"picked":"LockedAnchor","floor":44},{"not_picked":["HandsUpB+1","AlternateTimeline+1"],"picked":"BlueShift+1","floor":46}],"player_experience":149838,"relics_obtained":[{"floor":7.0,"key":"Peace Pipe"},{"floor":9.0,"key":"Mango"},{"floor":26.0,"key":"Cryopreserver"},{"floor":28.0,"key":"BlueBox"},{"floor":45,"key":"Garlic"},{"floor":46,"key":"Du-Vu Doll"}],"event_choices":[{"damage_healed":0.0,"max_hp_gain":0.0,"max_hp_loss":0.0,"gold_gain":75.0,"event_name":"betterThird:BetterGoop","player_choice":"Gold","floor":3.0,"gold_loss":0.0,"damage_taken":11.0},{"damage_healed":16.0,"max_hp_gain":0.0,"max_hp_loss":0.0,"gold_gain":0.0,"event_name":"The Cleric","player_choice":"Healed","floor":5.0,"gold_loss":35.0,"damage_taken":0.0},{"damage_healed":0.0,"max_hp_gain":0.0,"max_hp_loss":0.0,"gold_gain":0.0,"event_name":"Drug Dealer","player_choice":"Inject Mutagens","floor":22.0,"gold_loss":0.0,"damage_taken":0.0,"relics_obtained":["MutagenicStrength"]},{"damage_healed":0.0,"max_hp_gain":5.0,"max_hp_loss":0.0,"gold_gain":0.0,"event_name":"Forgotten Altar","player_choice":"Shed Blood","floor":24.0,"gold_loss":0.0,"damage_taken":20.0},{"damage_healed":0,"gold_gain":0,"player_choice":"Ignored","damage_taken":0,"max_hp_gain":0,"max_hp_loss":0,"event_name":"NoteForYourself","floor":33,"gold_loss":0},{"damage_healed":0,"gold_gain":0,"player_choice":"Upgraded Two","damage_taken":0,"max_hp_gain":0,"max_hp_loss":0,"event_name":"Designer","floor":38,"gold_loss":40,"cards_upgraded":["Defend_Br","ResonantCall"]},{"damage_healed":0,"gold_gain":0,"player_choice":"Fight","damage_taken":0,"max_hp_gain":0,"max_hp_loss":0,"event_name":"MindBloom","floor":46,"gold_loss":0}],"is_beta":false,"boss_relics":[{"not_picked":["Empty Cage","HangingClock"],"picked":"Runic Dome"},{"not_picked":["SlaversCollar","Replay:Wanted Poster"],"picked":"Philosopher\u0027s Stone"}],"items_purged_floors":[14,21],"is_endless":false,"potions_floor_spawned":[7,16,26,30,37,39],"killed_by":"Sphere and 2 Shapes","ascension_level":0}}