{"host":"6qo42zgaknezulyg","time":1609199277,"event":{"mods":["2.2 Compatiblity","BaseMod","Colored Map","Downfall","Highlight Path","Keyboard Shortcuts","Minty Spire (QoL Compilation)","Permanent Neow","Quick Restart","StSLib","SuperFastMode"],"gold_per_floor":[99,113,132,150,214,231,284,284,317,344,369,379,379,70,82,156,156,156,171,171,56,56,66,66,78,88,116,116,158,191,221,238,309,309,234,254,273,298,308,158,158,207,224,144,144,144,144,90,108,108],"floor_reached":51,"playtime":2451,"items_purged":["champ:Strike","champ:Strike","Clumsy","champ:Defend"],"score":1411,"play_id":"194c5d91-53fb-45e2-bd21-e782a6b9ba0b","local_time":"20201229084757","is_ascension_mode":true,"campfire_choices":[{"data":"champ:Taunt","floor":1.0,"key":"SMITH"},{"floor":8.0,"key":"REST"},{"floor":13.0,"key":"REST"},{"data":"champ:SwordThrow","floor":18.0,"key":"SMITH"},{"data":"champ:FocusedBerserking","floor":28.0,"key":"SMITH"},{"data":"champ:Devastate","floor":35.0,"key":"SMITH"},{"floor":47,"key":"REST"}],"circlet_count":0,"master_deck":["AscendersBane","champ:Defend","champ:Defend+1","champ:Defend+1","champ:Execute","champ:Taunt+1","champ:Duel","champ:RecklessLeap","champ:CrookedStrike+1","champ:FaceSlap+1","champ:AdrenalArmor","champ:Control+1","champ:SwordThrow+1","champ:SwordSigil+1","champ:AdrenalArmor","champ:FocusedBerserking+1","champ:DeathBlow","champ:Devastate+1","champ:Haymaker+1","champ:Aggression","champ:Control","champ:ArenaPreparation+1","champ:Improvising"],"relics":["champ:ChampionCrown","Gambling Chip","Lantern","MealTicket","Centennial Puzzle","Odd Mushroom","Nunchaku","champ:Barbells","Empty Cage","Pantograph","Whetstone","HandDrill","Red Mask","Mango","sneckomod:SneckoTalon","downfall:HeartBlessingGreen","champ:DeflectingBracers","Bottled Lightning","StoneCalendar"],"acts_visited":["Exordium","TheCity","TheBeyond"],"potions_floor_usage":[50,50],"damage_taken":[{"damage":7.0,"enemies":"Jaw Worm","floor":2.0,"turns":5.0},{"damage":11.0,"enemies":"Cultist","floor":3.0,"turns":3.0},{"damage":15.0,"enemies":"2 Louse","floor":4.0,"turns":2.0},{"damage":28.0,"enemies":"Gremlin Nob","floor":5.0,"turns":4.0},{"damage":8.0,"enemies":"Exordium Wildlife","floor":6.0,"turns":4.0},{"damage":30.0,"enemies":"Lagavulin","floor":9.0,"turns":4.0},{"damage":16.0,"enemies":"The Mushroom Lair","floor":10.0,"turns":3.0},{"damage":20.0,"enemies":"Gremlin Nob","floor":11.0,"turns":2.0},{"damage":22.0,"enemies":"3 Louse","floor":12.0,"turns":4.0},{"damage":20.0,"enemies":"downfall:FleeingMerchant","floor":14.0,"turns":4.0},{"damage":19.0,"enemies":"Large Slime","floor":15.0,"turns":2.0},{"damage":84.0,"enemies":"downfall:Silent","floor":16.0,"turns":8.0},{"damage":15.0,"enemies":"Chosen","floor":19.0,"turns":2.0},{"damage":36.0,"enemies":"downfall:FleeingMerchant","floor":21.0,"turns":4.0},{"damage":46.0,"enemies":"Snecko","floor":23.0,"turns":4.0},{"damage":44.0,"enemies":"Centurion and Healer","floor":25.0,"turns":3.0},{"damage":28.0,"enemies":"Snake Plant","floor":26.0,"turns":2.0},{"damage":68.0,"enemies":"Gremlin Leader","floor":27.0,"turns":5.0},{"damage":30.0,"enemies":"downfall:FleeingMerchant","floor":29.0,"turns":1.0},{"damage":28.0,"enemies":"Masked Bandits","floor":30.0,"turns":4.0},{"damage":49.0,"enemies":"Book of Stabbing","floor":31.0,"turns":4.0},{"damage":49.0,"enemies":"Shelled Parasite and Fungi","floor":32.0,"turns":2.0},{"damage":60.0,"enemies":"downfall:Defect","floor":33.0,"turns":4.0},{"damage":48.0,"enemies":"3 Darklings","floor":36.0,"turns":3.0},{"damage":24.0,"enemies":"Orb Walker","floor":37.0,"turns":2.0},{"damage":106.0,"enemies":"Mind Bloom Boss Battle","floor":38.0,"turns":7.0},{"damage":69.0,"enemies":"3 Darklings","floor":39.0,"turns":4.0},{"damage":41,"enemies":"2 Orb Walkers","floor":42,"turns":3},{"damage":58,"enemies":"Transient","floor":43,"turns":6},{"damage":46,"enemies":"Jaw Worm Horde","floor":49,"turns":3},{"damage":67,"enemies":"downfall:Watcher","floor":50,"turns":5}],"seed_played":"-176886266198458078","potions_obtained":[{"floor":2.0,"key":"champ:TechniquePotion"},{"floor":5.0,"key":"Energy Potion"},{"floor":9.0,"key":"DistilledChaos"},{"floor":12.0,"key":"AttackPotion"},{"floor":15.0,"key":"Dexterity Potion"},{"floor":31.0,"key":"Slimebound:ThreeZeroPotion"},{"floor":37.0,"key":"FearPotion"}],"is_trial":false,"path_per_floor":["R","M","M","M","?","M","T","R","E","?","E","M","R","$","M","B",null,"R","M","?","$","?","M","T","M","M","E","R","$","?","E","M","B",null,"R","M","M","?","M","$","T","?","M","$","?","?","R","$","M","B",null],"character_chosen":"THE_CHAMP","items_purchased":["champ:Barbells","champ:AdrenalArmor","HandDrill","champ:ArenaPreparation","Strength Potion"],"campfire_rested":3,"item_purchase_floors":[14,14,29,44,48],"current_hp_per_floor":[73,71,65,65,52,44,44,68,58,52,52,45,69,81,81,49,73,73,73,73,81,81,76,76,72,69,65,65,80,78,90,90,88,93,93,93,93,70,54,69,69,59,59,74,74,74,95,95,95,95],"gold":108,"neow_bonus":"ONE_RARE_RELIC","is_daily":false,"chose_seed":false,"campfire_upgraded":4,"win_rate":0.0,"timestamp":1609199277,"path_taken":["R","M","M","M","?","M","T","R","E","?","E","M","R","$","M","BOSS","R","M","?","$","?","?","T","M","M","E","R","$","?","E","M","BOSS","R","M","M","?","M","$","T","?","M","$","?","?","R","$","M","BOSS"],"items_purchased_type":["Relic","Card","Relic","Card","Potion"],"build_version":"2020-12-22","purchased_purges":4,"victory":true,"max_hp_per_floor":[81,81,81,81,81,81,81,81,81,81,81,81,81,81,81,81,81,81,81,81,81,81,81,81,81,81,81,81,81,81,95,95,95,95,95,95,95,95,95,95,95,95,95,95,95,95,95,95,95,95],"card_choices":[{"not_picked":["champ:RisingSlash","champ:EnragedBash"],"picked":"champ:Duel","floor":2.0},{"not_picked":["champ:GutPunch","champ:PerfectedStrike"],"picked":"champ:RecklessLeap","floor":3.0},{"not_picked":["champ:GutPunch","champ:RisingSlash"],"picked":"champ:CrookedStrike","floor":4.0},{"not_picked":["champ:BerserkerStyle","champ:GutPunch"],"picked":"champ:FaceSlap","floor":6.0},{"not_picked":["champ:RisingSlash","champ:GladiatorsShout","champ:BladeFlurry"],"picked":"SKIP","floor":9.0},{"not_picked":["champ:FocusedDefense","champ:FlashCut","champ:ShieldSigil"],"picked":"SKIP","floor":11.0},{"not_picked":["champ:LastStand","champ:Lariat","champ:Circumvent"],"picked":"SKIP","floor":12.0},{"not_picked":["champ:LastStand","champ:Lariat","champ:Circumvent"],"picked":"SKIP","floor":12.0},{"not_picked":["champ:Lariat","champ:FlashCut","champ:GladiatorsShout"],"picked":"SKIP","floor":14.0},{"not_picked":["champ:DefensiveShout","champ:GladiatorsShout"],"picked":"champ:Control","floor":15.0},{"not_picked":["champ:ShieldThrow","champ:LastStand"],"picked":"champ:SwordThrow","floor":16.0},{"not_picked":["champ:FightOn","champ:StanceDance"],"picked":"champ:SwordSigil+1","floor":19.0},{"not_picked":["champ:CalledShot","champ:SwordSigil","champ:CrookedStrike"],"picked":"SKIP","floor":21.0},{"not_picked":["champ:BladeFlurry","champ:CalledShot"],"picked":"champ:AdrenalArmor","floor":23.0},{"not_picked":["champ:EnragedBash","champ:CrookedStrike"],"picked":"champ:FocusedBerserking","floor":25.0},{"not_picked":["champ:ViciousMockery","champ:Circumvent","champ:IronFortress"],"picked":"SKIP","floor":26.0},{"not_picked":["champ:FocusedGladiator","champ:Circumvent"],"picked":"champ:DeathBlow","floor":27.0},{"not_picked":["champ:VampiricStrike","champ:ViciousMockery","champ:GladiatorsShout"],"picked":"SKIP","floor":29.0},{"not_picked":["champ:StanceDance","champ:BladeFlurry","champ:RageSigil"],"picked":"SKIP","floor":31.0},{"not_picked":["champ:CrookedStrike","champ:EndlessRage","champ:FocusedDefense"],"picked":"SKIP","floor":32.0},{"not_picked":["champ:SwordThrow","champ:DancingMaster"],"picked":"champ:Devastate","floor":33.0},{"not_picked":["champ:GladiatorsShout","champ:Circumvent"],"picked":"champ:Haymaker+1","floor":36.0},{"not_picked":["champ:GladiatorsShout+1","champ:BladeFlurry","champ:RapidStrikes"],"picked":"SKIP","floor":37.0},{"not_picked":["champ:FanOfKnives","champ:DeathBlow+1"],"picked":"champ:Aggression","floor":38.0},{"not_picked":["champ:ShieldThrow","champ:RageSigil"],"picked":"champ:Control","floor":39.0},{"not_picked":["champ:FlashCut","champ:Circumvent"],"picked":"champ:AdrenalArmor","floor":42},{"not_picked":["champ:Riposte+1","champ:FightOn","champ:BerserkersShout"],"picked":"SKIP","floor":43},{"not_picked":["champ:GladiatorsShout","champ:BerserkersShout"],"picked":"champ:Improvising","floor":49}],"player_experience":1079571,"relics_obtained":[{"floor":7.0,"key":"MealTicket"},{"floor":9.0,"key":"Centennial Puzzle"},{"floor":10.0,"key":"Odd Mushroom"},{"floor":11.0,"key":"Nunchaku"},{"floor":24.0,"key":"Pantograph"},{"floor":27.0,"key":"Whetstone"},{"floor":30.0,"key":"Red Mask"},{"floor":31.0,"key":"Mango"},{"floor":38.0,"key":"champ:DeflectingBracers"},{"floor":41.0,"key":"Bottled Lightning"},{"floor":42,"key":"StoneCalendar"}],"event_choices":[{"damage_healed":0.0,"max_hp_gain":0.0,"max_hp_loss":0.0,"gold_gain":0.0,"event_name":"Mushrooms","player_choice":"Fought Mushrooms","floor":10.0,"gold_loss":0.0,"damage_taken":0.0},{"damage_healed":0.0,"max_hp_gain":0.0,"max_hp_loss":0.0,"gold_gain":0.0,"event_name":"Upgrade Shrine","player_choice":"Upgraded","floor":22.0,"gold_loss":0.0,"damage_taken":0.0,"cards_upgraded":["champ:Control"]},{"damage_healed":0.0,"max_hp_gain":0.0,"max_hp_loss":0.0,"gold_gain":0.0,"event_name":"Masked Bandits","player_choice":"Fought Bandits","floor":30.0,"gold_loss":0.0,"damage_taken":0.0},{"damage_healed":0,"gold_gain":0,"player_choice":"Fight","damage_taken":0,"max_hp_gain":0,"max_hp_loss":0,"event_name":"Mysterious Sphere","floor":42,"gold_loss":0},{"cards_removed":["champ:AdrenalArmor"],"damage_healed":0,"gold_gain":0,"player_choice":"Removed Skill","damage_taken":0,"max_hp_gain":0,"max_hp_loss":0,"event_name":"Falling","floor":46,"gold_loss":0}],"is_beta":false,"boss_relics":[{"not_picked":["SacredBark","Tiny House"],"picked":"Empty Cage"},{"not_picked":["Calling Bell","champ:ChampionCrownUpgraded"],"picked":"sneckomod:SneckoTalon"}],"items_purged_floors":[14,21,29,40],"is_endless":false,"potions_floor_spawned":[2,5,9,12,15,23,25,26,31,37,42,43,49],"ascension_level":17}}