{"host":"71h53w2p123dt4nv","time":1609189690,"event":{"mods":["AchievementEnabler","BaseMod","Better Third Choice","Minty Spire (QoL Compilation)","Rare Cards Sparkle","Shop Mod","StSLib","The Animator"],"gold_per_floor":[117,132,149,167,186,186,218,218,241,261,261,261,290,240,240,342,342,360,360,370,383,393,423,440,440,464,563,9,39,39,56,56,160,160,179,179,0,10,10,45,45,70,70,70,86,105,105,152,152,152,152],"floor_reached":50,"playtime":5658,"items_purged":["Strike_G"],"score":602,"play_id":"ff9ca2f9-d753-46b5-a281-1378e92d0a99","local_time":"20201228220810","is_ascension_mode":false,"campfire_choices":[{"data":"Bouncing Flask","floor":6,"key":"SMITH"},{"floor":8,"key":"REST"},{"floor":15,"key":"REST"},{"floor":25,"key":"REST"},{"floor":32,"key":"REST"},{"floor":41,"key":"REST"},{"floor":44,"key":"RECALL"},{"floor":49,"key":"REST"}],"circlet_count":0,"master_deck":["Strike_G+1","Strike_G+1","Strike_G","Defend_G","Defend_G","Defend_G","Defend_G","Survivor","Neutralize","Slice","Finisher","Bouncing Flask+1","Deflect","Flying Knee","Noxious Fumes","Blur","Doppelganger","Dodge and Roll","Prepared","After Image","CurseOfTheBell","Sucker Punch","Tools of the Trade","Footwork","Prepared","Footwork","Poisoned Stab+1","Acrobatics+1","Calculated Gamble","Unload","Backflip+1","Backstab+1","Madness","Madness","Catalyst+1","Prepared+1","Catalyst","Bouncing Flask"],"relics":["Ring of the Snake","PreservedInsect","Juzu Bracelet","Dream Catcher","Regal Pillow","Calling Bell","Gremlin Horn","Smiling Mask","Bird Faced Urn","Anchor","Bronze Scales","White Beast Statue","InkBottle","Mercury Hourglass","Philosopher\u0027s Stone","Red Mask","Whetstone","Ninja Scroll","Thread and Needle"],"acts_visited":["Exordium","TheCity","TheBeyond"],"potions_floor_usage":[13,13,20,22,22,22,23,31,33,38,40,40,42,48,50,50,50],"damage_taken":[{"damage":2,"enemies":"Jaw Worm","floor":1,"turns":6},{"damage":0,"enemies":"Small Slimes","floor":2,"turns":4},{"damage":0,"enemies":"2 Louse","floor":3,"turns":1},{"damage":2,"enemies":"Blue Slaver","floor":4,"turns":3},{"damage":3,"enemies":"Exordium Wildlife","floor":5,"turns":4},{"damage":26,"enemies":"Gremlin Nob","floor":7,"turns":4},{"damage":4,"enemies":"2 Fungi Beasts","floor":10,"turns":5},{"damage":17,"enemies":"3 Sentries","floor":13,"turns":7},{"damage":10,"enemies":"The Guardian","floor":16,"turns":9},{"damage":8,"enemies":"Shell Parasite","floor":18,"turns":7},{"damage":13,"enemies":"Spheric Guardian","floor":20,"turns":4},{"damage":5,"enemies":"Snake Plant","floor":21,"turns":6},{"damage":15,"enemies":"3 Cultists","floor":22,"turns":6},{"damage":27,"enemies":"Slavers","floor":23,"turns":6},{"damage":23,"enemies":"Shelled Parasite and Fungi","floor":24,"turns":10},{"damage":22,"enemies":"Gremlin Leader","floor":29,"turns":6},{"damage":11,"enemies":"Sentry and Sphere","floor":31,"turns":5},{"damage":36,"enemies":"Champ","floor":33,"turns":11},{"damage":4,"enemies":"3 Shapes","floor":35,"turns":3},{"damage":12,"enemies":"3 Darklings","floor":38,"turns":5},{"damage":15,"enemies":"Reptomancer","floor":40,"turns":5},{"damage":10,"enemies":"Giant Head","floor":42,"turns":7},{"damage":13,"enemies":"Writhing Mass","floor":45,"turns":4},{"damage":39,"enemies":"Spire Growth","floor":46,"turns":5},{"damage":24,"enemies":"2 Orb Walkers","floor":48,"turns":5},{"damage":81,"enemies":"Time Eater","floor":50,"turns":12}],"seed_played":"8457532182352203834","potions_obtained":[{"floor":1,"key":"Regen Potion"},{"floor":3,"key":"ColorlessPotion"},{"floor":5,"key":"GamblersBrew"},{"floor":16,"key":"Fire Potion"},{"floor":18,"key":"Poison Potion"},{"floor":20,"key":"LiquidMemories"},{"floor":22,"key":"Block Potion"},{"floor":29,"key":"SkillPotion"},{"floor":31,"key":"ColorlessPotion"},{"floor":33,"key":"Poison Potion"},{"floor":35,"key":"BlessingOfTheForge"},{"floor":38,"key":"ColorlessPotion"},{"floor":40,"key":"Swift Potion"},{"floor":42,"key":"FearPotion"},{"floor":45,"key":"Weak Potion"},{"floor":46,"key":"PowerPotion"},{"floor":48,"key":"Dexterity Potion"}],"is_trial":false,"path_per_floor":["M","M","M","M","M","R","E","R","T","M","?","?","E","?","R","B",null,"M","?","M","M","M","E","M","R","T","?","$","E","?","M","R","B",null,"M","?","?","M","?","E","R","E","T","R","M","M","?","?","R","B"],"character_chosen":"THE_SILENT","items_purchased":["White Beast Statue","InkBottle"],"campfire_rested":6,"item_purchase_floors":[28,28],"current_hp_per_floor":[68,68,68,66,63,63,37,58,58,54,54,54,52,52,70,60,70,65,65,57,58,47,26,11,47,47,47,47,33,33,32,68,36,70,70,70,70,60,51,46,70,60,60,60,57,24,61,41,61,0,0],"gold":152,"neow_bonus":"RANDOM_COMMON_RELIC","is_daily":false,"chose_seed":false,"campfire_upgraded":1,"win_rate":0.0,"timestamp":1609189690,"path_taken":["M","M","M","M","M","R","E","R","T","M","?","?","E","?","R","BOSS","M","?","M","M","M","E","M","R","T","?","?","E","?","M","R","BOSS","M","?","?","M","?","E","R","E","T","R","M","M","?","?","R","BOSS"],"items_purchased_type":["Relic","Relic"],"build_version":"2020-12-22","purchased_purges":1,"victory":false,"max_hp_per_floor":[70,70,70,70,70,70,70,70,70,70,70,70,70,70,70,70,70,70,70,70,70,70,70,70,70,70,70,70,70,70,70,70,70,70,70,70,70,70,70,70,70,70,70,70,70,70,61,61,61,61,61],"card_choices":[{"not_picked":["Leg Sweep","Bane"],"picked":"Slice","floor":1},{"not_picked":["Blur","Bane"],"picked":"Finisher","floor":2},{"not_picked":["Bane","Envenom"],"picked":"Bouncing Flask","floor":3},{"not_picked":["Underhanded Strike","Crippling Poison"],"picked":"Deflect","floor":4},{"not_picked":["Backflip","PiercingWail"],"picked":"Flying Knee","floor":5},{"not_picked":["Backstab","Slice"],"picked":"Noxious Fumes","floor":7},{"not_picked":["Skewer","Dagger Spray"],"picked":"Blur","floor":10},{"not_picked":["Expertise","Malaise"],"picked":"Dodge and Roll","floor":13},{"not_picked":["Quick Slash","Underhanded Strike"],"picked":"Prepared","floor":15},{"not_picked":["Die Die Die","Venomology"],"picked":"After Image","floor":16},{"not_picked":["Flying Knee","Dagger Spray"],"picked":"Sucker Punch","floor":18},{"not_picked":["Dagger Spray","Prepared"],"picked":"Tools of the Trade","floor":20},{"not_picked":["Bane","Wraith Form v2","Heel Hook"],"picked":"SKIP","floor":21},{"not_picked":["Predator","Escape Plan"],"picked":"Footwork","floor":22},{"not_picked":["Dagger Spray","Dodge and Roll"],"picked":"Prepared","floor":23},{"not_picked":["Quick Slash+1","Cloak And Dagger"],"picked":"Footwork","floor":24},{"not_picked":["Quick Slash","Deadly Poison"],"picked":"Poisoned Stab+1","floor":25},{"not_picked":["Expertise","Prepared"],"picked":"Acrobatics+1","floor":29},{"not_picked":["Expertise","Bane"],"picked":"Calculated Gamble","floor":31},{"not_picked":["Night Terror","Envenom"],"picked":"Unload","floor":33},{"not_picked":["Deflect+1","Dagger Spray"],"picked":"Backflip+1","floor":35},{"not_picked":["PiercingWail+1","Slice"],"picked":"Backstab+1","floor":38},{"not_picked":["Bane","Deflect","Underhanded Strike"],"picked":"SKIP","floor":40},{"not_picked":["Reflex","Slice+1"],"picked":"Catalyst+1","floor":41},{"not_picked":["Reflex","Expertise+1","Terror"],"picked":"SKIP","floor":42},{"not_picked":["Poisoned Stab","Cloak And Dagger+1"],"picked":"Prepared+1","floor":45},{"not_picked":["All Out Attack","Slice","Bane+1"],"picked":"SKIP","floor":46},{"not_picked":["Reflex","Poisoned Stab+1"],"picked":"Catalyst","floor":48},{"not_picked":["Flying Knee","Dash"],"picked":"Bouncing Flask","floor":49}],"player_experience":182940,"relics_obtained":[{"floor":7,"key":"Juzu Bracelet"},{"floor":9,"key":"Dream Catcher"},{"floor":13,"key":"Regal Pillow"},{"floor":17,"key":"Gremlin Horn"},{"floor":17,"key":"Smiling Mask"},{"floor":17,"key":"Bird Faced Urn"},{"floor":23,"key":"Anchor"},{"floor":26,"key":"Bronze Scales"},{"floor":29,"key":"Mercury Hourglass"},{"floor":40,"key":"Whetstone"},{"floor":42,"key":"Ninja Scroll"},{"floor":48,"key":"Thread and Needle"}],"event_choices":[{"damage_healed":0,"gold_gain":0,"cards_transformed":["Strike_G"],"player_choice":"Change","damage_taken":0,"max_hp_gain":0,"max_hp_loss":0,"event_name":"Living Wall","floor":11,"gold_loss":0,"cards_obtained":["Doppelganger"]},{"damage_healed":0,"gold_gain":0,"player_choice":"Ignored","damage_taken":0,"max_hp_gain":0,"max_hp_loss":0,"event_name":"Golden Wing","floor":12,"gold_loss":0},{"cards_removed":["Defend_G"],"damage_healed":0,"gold_gain":0,"player_choice":"Card Removal","damage_taken":0,"max_hp_gain":0,"max_hp_loss":0,"event_name":"The Cleric","floor":14,"gold_loss":50},{"damage_healed":0,"gold_gain":0,"player_choice":"Ignored","damage_taken":0,"max_hp_gain":0,"max_hp_loss":0,"event_name":"Vampires","floor":19,"gold_loss":0},{"damage_healed":0,"gold_gain":99,"player_choice":"Steal","damage_taken":0,"max_hp_gain":0,"max_hp_loss":0,"event_name":"betterThird:BetterNest","floor":27,"gold_loss":0},{"damage_healed":0,"gold_gain":0,"player_choice":"Ignored","damage_taken":0,"max_hp_gain":0,"max_hp_loss":0,"event_name":"Cursed Tome","floor":30,"gold_loss":0},{"damage_healed":0,"gold_gain":0,"player_choice":"Ignored","damage_taken":0,"max_hp_gain":0,"max_hp_loss":0,"event_name":"NoteForYourself","floor":36,"gold_loss":0},{"damage_healed":0,"gold_gain":0,"player_choice":"Paid","damage_taken":0,"relics_obtained":["Red Mask"],"max_hp_gain":0,"max_hp_loss":0,"event_name":"Tomb of Lord Red Mask","floor":37,"gold_loss":179},{"damage_healed":0,"gold_gain":0,"player_choice":"Embrace Madness","damage_taken":9,"max_hp_gain":0,"max_hp_loss":0,"event_name":"Winding Halls","floor":39,"gold_loss":0,"cards_obtained":["Madness","Madness"]},{"damage_healed":61,"gold_gain":0,"player_choice":"Heal","damage_taken":0,"max_hp_gain":0,"max_hp_loss":9,"event_name":"The Moai Head","floor":47,"gold_loss":0},{"damage_healed":0,"gold_gain":0,"player_choice":"Fight","damage_taken":0,"max_hp_gain":0,"max_hp_loss":0,"event_name":"Mysterious Sphere","floor":48,"gold_loss":0}],"is_beta":false,"boss_relics":[{"not_picked":["HoveringKite","SlaversCollar"],"picked":"Calling Bell"},{"not_picked":["Black Star","Coffee Dripper"],"picked":"Philosopher\u0027s Stone"}],"items_purged_floors":[28],"is_endless":false,"potions_floor_spawned":[1,3,5,16,18,20,22,29,31,33,35,38,40,42,45,46,48],"killed_by":"Time Eater","ascension_level":0}}