{"host":"z4j51vjvl4ssilsu","time":1609137280,"event":{"mods":["AchievementEnabler","Act Like it!","Aspiration","BaseMod","Better Altar","Better Match","Better Note","Better Sensory Stone","Better Silent Start","Better Skull","Better Synergies","Better Third Choice","Better Vampires","Better-Laid Plans","BetterRewards","Block Reminder","CapriCore","Colored Powertips","Conspire","DeckTracker","Disable Question Mark Monsters","Elementarium","Emptier Cage","Energized Spire","Gensokyo","GifTheSpireLib","Gold Saver","Halation","Hallownest","Hubris","Infinite Spire","Ironclad Rager","Marisa????????","Marked Mod","Minty Spire (QoL Compilation)","MostiFishMod","Permanent Neow","Quick Restart","RRrroohrrRGHHhhh!!","Replay The Spire","SCP261 Mod","SacredBarkPlus","Spicy Shops","StSLib","Stuff the Spire","The Servant 0.9.4","Transform Curses","Unceasing Turn Reminder"],"gold_per_floor":[11,11,11,30,48,48,68,94,143,22,32,32,65,82,82,179,179,195,212,224,19,36,36,36,36,36],"floor_reached":25,"playtime":1274,"items_purged":["Spreading Infection"],"score":326,"play_id":"7f783bf1-bb89-40a1-9393-37afd4d37215","local_time":"20201228033440","is_ascension_mode":true,"campfire_choices":[{"data":"Chill","floor":6,"key":"SMITH"},{"data":"MostiFishMod:DawningShadow","floor":15,"key":"SMITH"},{"data":"MostiFishMod:Culaccino","floor":24,"key":"SMITH"}],"circlet_count":0,"master_deck":["Zap","Dualcast","Ball Lightning","Cold Snap","Ball Lightning","Cold Snap","Leap","Leap","Leap","Leap","Chill+1","Injury","FTL","Glacier","hubris:PowerSurge+1","StuffTheSpire:ShieldGenerator+1","Sweeping Beam","Electrodynamics","MostiFishMod:DawningShadow+1","MostiFishMod:Culaccino+1","ReplaySolidLightProjector+1","Blizzard","Gensokyo:DepletedGenerator","MostiFishMod:FluxCapactior+1"],"relics":["Cracked Core","DaveBox","SynthV:TestCard","StuffTheSpire:Experiment12","Bag of Preparation","Technique","Smiling Mask","Membership Card","hubris:TinFlute","ReplayTheSpireMod:Lightbulb","hubris:Backtick","HandDrill","StuffTheSpire:Saxophone","halation:PinkSoulGem"],"acts_visited":["Gensokyo:Gensokyo","Gensokyo:Gensokyoer"],"potions_floor_usage":[],"damage_taken":[{"damage":0,"enemies":"Gensokyo:Python","floor":1,"turns":3},{"damage":1,"enemies":"Gensokyo:2_Kodama","floor":4,"turns":2},{"damage":0,"enemies":"Gensokyo:Gryphon","floor":5,"turns":3},{"damage":0,"enemies":"Gensokyo:Kitsune","floor":7,"turns":3},{"damage":0,"enemies":"Gensokyo:Cirno","floor":8,"turns":6},{"damage":0,"enemies":"Gensokyo:Gryphon_and_Rabbit","floor":11,"turns":3},{"damage":0,"enemies":"Gensokyo:Aya","floor":13,"turns":4},{"damage":0,"enemies":"Gensokyo:5_Fairies","floor":14,"turns":2},{"damage":5,"enemies":"Gensokyo:Yukari","floor":16,"turns":5},{"damage":0,"enemies":"Gensokyo:CosmicMonolith","floor":18,"turns":3},{"damage":0,"enemies":"Gensokyo:3_Dogs","floor":19,"turns":2},{"damage":0,"enemies":"Gensokyo:3_Gloops","floor":20,"turns":3},{"damage":5,"enemies":"Gensokyo:Slime_Group","floor":22,"turns":4},{"damage":75,"enemies":"Gensokyo:Tenshi","floor":25,"turns":4}],"seed_played":"-7623926319603834120","potions_obtained":[{"floor":1,"key":"SCP261:DewritoBlazePotion"},{"floor":8,"key":"SCP261:PenguinPunchPotion"},{"floor":11,"key":"CultistPotion"}],"is_trial":false,"path_per_floor":["M","?","?","M","M","R","M","E","T","$","M","T","E","M","R","B",null,"M","M","M","COS","M","?","R","E"],"character_chosen":"DEFECT","items_purchased":["Membership Card"],"campfire_rested":0,"item_purchase_floors":[10],"current_hp_per_floor":[50,50,54,53,53,53,53,53,53,53,53,53,53,53,53,48,63,63,63,63,63,58,58,58,0,0],"gold":36,"neow_bonus":"DEFECT_STORMLORD","is_daily":false,"chose_seed":false,"campfire_upgraded":3,"win_rate":0.0,"timestamp":1609137280,"path_taken":["M","?","?","M","?","R","M","E","T","$","M","?","E","M","R","BOSS","M","M","M","COS","M","?","R","E"],"items_purchased_type":["Relic"],"build_version":"2020-12-22","purchased_purges":1,"victory":false,"max_hp_per_floor":[68,68,68,68,68,68,68,68,68,68,68,68,68,68,68,68,68,68,68,68,68,68,68,68,68,68],"card_choices":[{"not_picked":["Crystallizer","ReplaySort"],"picked":"Chill","floor":1},{"not_picked":["Turbo","Ball Lightning","Cold Snap","rorgmod:Steady Aim"],"picked":"FTL","floor":4},{"not_picked":["rorgmod:Leap","Conserve Battery","MostiFishMod:PushDownKick","StuffTheSpire:LoadUp"],"picked":"Glacier","floor":5},{"not_picked":["Rebound","aspiration:Polymerization","hubris:Prefetch","StuffTheSpire:ShieldGenerator"],"picked":"hubris:PowerSurge","floor":7},{"not_picked":["rorgmod:Antivirus","rorgmod:Refrigerate","Skim","rorgmod:Malware"],"picked":"StuffTheSpire:ShieldGenerator","floor":8},{"not_picked":["rorgmod:Fragmentation","Barrage","hubris:Prefetch","StuffTheSpire:Plugnplay"],"picked":"Sweeping Beam","floor":11},{"not_picked":["rorgmod:LRU Cache","MostiFishMod:IceShield","Hologram","Coolheaded"],"picked":"Electrodynamics","floor":13},{"not_picked":["Sweeping Beam","Coolheaded","rorgmod:LRU Cache","Hologram"],"picked":"MostiFishMod:DawningShadow","floor":14},{"not_picked":["Rainbow","Fission","MostiFishMod:Overload","hubris:Prefetch"],"picked":"MostiFishMod:Culaccino","floor":16},{"not_picked":["rorgmod:Steady Aim+1","Barrage","rorgmod:Leap","Consume","Panic Button+1"],"picked":"SKIP","floor":18},{"not_picked":["Genetic Algorithm","StuffTheSpire:CleanHardDrive","Stack","Hologram"],"picked":"ReplaySolidLightProjector+1","floor":19},{"not_picked":["rorgmod:Leap","Steam Power+1","Sweeping Beam","Barrage"],"picked":"Blizzard","floor":20},{"not_picked":["MostiFishMod:PushDownKick","Cold Snap","Streamline+1","ICR:FrostFall"],"picked":"MostiFishMod:FluxCapactior+1","floor":22}],"player_experience":268801,"relics_obtained":[{"floor":1,"key":"SynthV:TestCard"},{"floor":8,"key":"Bag of Preparation"},{"floor":9,"key":"Smiling Mask"},{"floor":12,"key":"hubris:TinFlute"},{"floor":13,"key":"ReplayTheSpireMod:Lightbulb"}],"event_choices":[{"damage_healed":4,"gold_gain":0,"player_choice":"LEAVE ","damage_taken":0,"relics_obtained":[],"max_hp_gain":0,"max_hp_loss":0,"event_name":"betterSkull:BetterSkull","floor":3,"gold_loss":0,"cards_upgraded":[]}],"is_beta":false,"boss_relics":[{"not_picked":["RhineCircuit","energizedSpire:OldTV"],"picked":"hubris:Backtick"}],"items_purged_floors":[10],"is_endless":false,"potions_floor_spawned":[1,8,11,13,14,18,22],"killed_by":"Gensokyo:Tenshi","ascension_level":5}}