{"host":"q9718omregw4er46","time":1609172274,"event":{"mods":["BaseMod","Bestiary","Colored Powertips","Minty Spire (QoL Compilation)","Quick Restart","Relic Stats"],"gold_per_floor":[119,194,194,205,90,90,122,122,122,154,171,185,185,219,219,293,293,303,14,14,31,31,31,31,31,31,65,82,2,16,16,16],"floor_reached":31,"playtime":846,"items_purged":["Decay","Strike_P+1"],"score":592,"play_id":"b7fa859d-02f7-4433-a1b9-89c8ea85ceab","local_time":"20201228211754","is_ascension_mode":true,"campfire_choices":[{"data":"MentalFortress","floor":6.0,"key":"SMITH"},{"data":"Conclude","floor":8.0,"key":"SMITH"},{"data":"Meditate","floor":15.0,"key":"SMITH"},{"floor":23,"key":"REST"},{"data":"MentalFortress","floor":25,"key":"SMITH"}],"circlet_count":0,"master_deck":["AscendersBane","Strike_P+1","Defend_P+1","Defend_P+1","Defend_P+1","Defend_P+1","Eruption","Vigilance","Conclude+1","DevaForm","MentalFortress+1","Adaptation","ReachHeaven","Meditate+1","Omniscience","Fasting2+1","Fasting2","MentalFortress+1","MentalFortress","Crescendo","Adaptation","EmptyBody"],"relics":["PureWater","NeowsBlessing","Mercury Hourglass","HornCleat","Art of War","The Courier","Snecko Eye","OrangePellets","Frozen Egg 2","Eternal Feather"],"acts_visited":["Exordium","TheCity"],"potions_floor_usage":[27],"damage_taken":[{"damage":0.0,"enemies":"Small Slimes","floor":1.0,"turns":1.0},{"damage":0.0,"enemies":"Jaw Worm","floor":4.0,"turns":1.0},{"damage":0.0,"enemies":"Gremlin Nob","floor":7.0,"turns":1.0},{"damage":22.0,"enemies":"Lagavulin","floor":10.0,"turns":7.0},{"damage":0.0,"enemies":"Cultist","floor":11.0,"turns":3.0},{"damage":0.0,"enemies":"Gremlin Gang","floor":12.0,"turns":2.0},{"damage":2.0,"enemies":"Gremlin Nob","floor":14.0,"turns":3.0},{"damage":7.0,"enemies":"Hexaghost","floor":16.0,"turns":9.0},{"damage":6.0,"enemies":"3 Byrds","floor":18.0,"turns":3.0},{"damage":10,"enemies":"Chosen","floor":21,"turns":4},{"damage":8,"enemies":"Gremlin Leader","floor":27,"turns":6},{"damage":31,"enemies":"Shelled Parasite and Fungi","floor":28,"turns":5},{"damage":0,"enemies":"Centurion and Healer","floor":30,"turns":4},{"damage":13,"enemies":"Slavers","floor":31,"turns":1}],"seed_played":"-6443160819561868628","potions_obtained":[{"floor":10.0,"key":"FearPotion"},{"floor":11.0,"key":"Strength Potion"},{"floor":14.0,"key":"Fire Potion"},{"floor":30,"key":"SpeedPotion"}],"is_trial":false,"path_per_floor":["M","?","?","M","$","R","E","R","T","E","M","M","?","E","R","B",null,"M","$","?","M","?","R","?","R","T","E","M","$","M","E"],"character_chosen":"WATCHER","items_purchased":["Adaptation","OrangePellets","Fasting2","MentalFortress","MentalFortress"],"campfire_rested":1,"item_purchase_floors":[5,19,19,19,19],"current_hp_per_floor":[61,50,50,50,50,50,50,50,50,28,28,28,28,26,26,19,56,50,50,31,21,21,42,42,42,42,34,3,3,3,0,0],"gold":16,"neow_bonus":"THREE_ENEMY_KILL","is_daily":false,"chose_seed":false,"campfire_upgraded":4,"win_rate":0.0,"timestamp":1609172274,"path_taken":["M","?","?","?","$","R","E","R","T","E","M","?","?","E","R","BOSS","M","$","?","M","?","R","?","R","T","E","M","$","?","E"],"items_purchased_type":["Card","Relic","Card","Card","Card"],"build_version":"2020-12-22","purchased_purges":2,"victory":false,"max_hp_per_floor":[68,68,68,68,68,68,68,68,68,68,68,68,68,68,68,68,68,68,68,73,73,73,73,73,73,73,73,73,73,73,73,73],"relic_stats":{"OrangePellets":[13],"counters":[14,49],"Snecko Eye":[33,22,26,20],"Eternal Feather":0,"Art of War":[7],"obtain_stats":[{"OrangePellets":19,"HornCleat":9,"NeowsBlessing":0,"Snecko Eye":17,"Eternal Feather":27,"The Courier":14,"Art of War":10,"PureWater":0,"Frozen Egg 2":26,"Mercury Hourglass":7},{"OrangePellets":9,"HornCleat":3,"NeowsBlessing":0,"Snecko Eye":8,"Eternal Feather":11,"The Courier":7,"Art of War":4,"PureWater":0,"Frozen Egg 2":10,"Mercury Hourglass":3},{"OrangePellets":29,"HornCleat":3,"NeowsBlessing":0,"Snecko Eye":26,"Eternal Feather":39,"The Courier":17,"Art of War":10,"PureWater":0,"Frozen Egg 2":33,"Mercury Hourglass":3}],"Mercury Hourglass":[169]},"card_choices":[{"not_picked":["Consecrate","SashWhip"],"picked":"Conclude","floor":1.0},{"not_picked":["SashWhip","WindmillStrike"],"picked":"MentalFortress","floor":4.0},{"not_picked":["CutThroughFate","WaveOfTheHand"],"picked":"ReachHeaven","floor":7.0},{"not_picked":["Protect","WaveOfTheHand"],"picked":"Meditate","floor":10.0},{"not_picked":["Protect","ForeignInfluence","PathToVictory"],"picked":"SKIP","floor":11.0},{"not_picked":["Prostrate","SignatureMove","MentalFortress"],"picked":"SKIP","floor":12.0},{"not_picked":["Worship","Devotion","CrushJoints"],"picked":"SKIP","floor":14.0},{"not_picked":["Alpha","SpiritShield"],"picked":"Omniscience","floor":16.0},{"not_picked":["Prostrate","Evaluate"],"picked":"Fasting2+1","floor":18.0},{"not_picked":["CarveReality","Collect"],"picked":"Crescendo","floor":21},{"not_picked":["FlyingSleeves","JustLucky","ConjureBlade"],"picked":"SKIP","floor":27},{"not_picked":["Consecrate","WreathOfFlame","ClearTheMind"],"picked":"SKIP","floor":28},{"not_picked":["Evaluate","FlyingSleeves","Sanctity"],"picked":"SKIP","floor":30}],"player_experience":1134284,"relics_obtained":[{"floor":7.0,"key":"Mercury Hourglass"},{"floor":9.0,"key":"HornCleat"},{"floor":10.0,"key":"Art of War"},{"floor":14.0,"key":"The Courier"},{"floor":26,"key":"Frozen Egg 2"},{"floor":27,"key":"Eternal Feather"}],"event_choices":[{"damage_healed":0.0,"max_hp_gain":0.0,"max_hp_loss":0.0,"gold_gain":75.0,"event_name":"World of Goop","player_choice":"Gather Gold","floor":2.0,"gold_loss":0.0,"damage_taken":11.0},{"damage_healed":0.0,"max_hp_gain":0.0,"max_hp_loss":0.0,"gold_gain":0.0,"event_name":"Match and Keep!","player_choice":"2 cards matched","floor":3.0,"gold_loss":0.0,"damage_taken":0.0,"cards_obtained":["Decay","DevaForm"]},{"damage_healed":0.0,"max_hp_gain":0.0,"max_hp_loss":0.0,"gold_gain":0.0,"event_name":"Liars Game","player_choice":"Ignored","floor":13.0,"gold_loss":0.0,"damage_taken":0.0},{"damage_healed":0.0,"max_hp_gain":5.0,"max_hp_loss":0.0,"gold_gain":0.0,"event_name":"Forgotten Altar","player_choice":"Shed Blood","floor":20.0,"gold_loss":0.0,"damage_taken":24.0},{"damage_healed":0,"gold_gain":0,"cards_transformed":["Strike_P","Strike_P"],"player_choice":"Became Test Subject","damage_taken":0,"max_hp_gain":0,"max_hp_loss":0,"event_name":"Drug Dealer","floor":22,"gold_loss":0,"cards_obtained":["Adaptation","EmptyBody"]},{"damage_healed":0,"gold_gain":0,"player_choice":"Simplicity","damage_taken":0,"max_hp_gain":0,"max_hp_loss":0,"event_name":"Back to Basics","floor":24,"gold_loss":0,"cards_upgraded":["Strike_P","Strike_P","Defend_P","Defend_P","Defend_P","Defend_P"]}],"is_beta":false,"boss_relics":[{"not_picked":["Fusion Hammer","Ectoplasm"],"picked":"Snecko Eye"}],"items_purged_floors":[5,29],"is_endless":false,"potions_floor_spawned":[10,11,14,21,30],"killed_by":"Slavers","ascension_level":20}}