{"host":"Rich","time":1609121560,"event":{"mods":["AchievementEnabler","BaseMod","Highlight Path","Minty Spire (QoL Compilation)","Relic Stats"],"gold_per_floor":[114,39,50,50,67,79,79,114,141,175,175,175,4,4,4,83,83,97,147,15,33,45,75,75,75,75,88,88,88,118,118,118,118,118],"floor_reached":33,"playtime":1113,"items_purged":[],"score":582,"play_id":"992a2346-fdf2-4b72-a9fd-8ef1949e9891","local_time":"20201227211240","is_ascension_mode":true,"campfire_choices":[{"data":"Blade Dance","floor":7.0,"key":"SMITH"},{"data":"Blade Dance","floor":11.0,"key":"SMITH"},{"floor":15.0,"key":"REST"},{"floor":25.0,"key":"REST"},{"floor":32.0,"key":"REST"}],"circlet_count":0,"master_deck":["AscendersBane","Strike_G","Strike_G","Strike_G","Strike_G","Defend_G+1","Defend_G","Defend_G","Defend_G","Defend_G","Survivor","Neutralize","After Image+1","Blade Dance+1","Endless Agony","Blade Dance+1","Infinite Blades","Accuracy","A Thousand Cuts","Cloak And Dagger+1","Infinite Blades","Prepared","Finisher","PiercingWail","Escape Plan"],"relics":["Ring of the Snake","Blood Vial","Oddly Smooth Stone","Nunchaku","Akabeko","Anchor","Black Star","Vajra","The Specimen","War Paint","MutagenicStrength","HornCleat","Darkstone Periapt","MealTicket","Bag of Marbles"],"acts_visited":["Exordium","TheCity"],"potions_floor_usage":[],"damage_taken":[{"damage":0.0,"enemies":"Cultist","floor":1.0,"turns":4.0},{"damage":5.0,"enemies":"Jaw Worm","floor":3.0,"turns":6.0},{"damage":0.0,"enemies":"2 Louse","floor":5.0,"turns":3.0},{"damage":1.0,"enemies":"Blue Slaver","floor":6.0,"turns":4.0},{"damage":7.0,"enemies":"Lagavulin","floor":8.0,"turns":6.0},{"damage":1.0,"enemies":"3 Sentries","floor":10.0,"turns":8.0},{"damage":16.0,"enemies":"Slime Boss","floor":16.0,"turns":8.0},{"damage":17.0,"enemies":"Spheric Guardian","floor":18.0,"turns":4.0},{"damage":5.0,"enemies":"3 Byrds","floor":21.0,"turns":5.0},{"damage":0.0,"enemies":"Centurion and Healer","floor":22.0,"turns":6.0},{"damage":23.0,"enemies":"Book of Stabbing","floor":23.0,"turns":5.0},{"damage":5.0,"enemies":"Cultist and Chosen","floor":27.0,"turns":5.0},{"damage":19.0,"enemies":"Slavers","floor":30.0,"turns":5.0},{"damage":54,"enemies":"Collector","floor":33,"turns":7}],"seed_played":"-7792482150205946275","potions_obtained":[{"floor":3.0,"key":"Ancient Potion"},{"floor":6.0,"key":"SteroidPotion"},{"floor":10.0,"key":"Weak Potion"},{"floor":23.0,"key":"Poison Potion"}],"is_trial":false,"path_per_floor":["M","?","M","?","M","M","R","E","T","E","R","?","$","$","R","B",null,"M","?","?","M","M","E","?","R","T","M","?","?","E","T","R","B"],"character_chosen":"THE_SILENT","items_purchased":["Anchor"],"campfire_rested":3,"item_purchase_floors":[13],"current_hp_per_floor":[59,59,54,54,54,53,53,46,46,47,47,29,29,29,48,34,58,43,43,43,40,42,21,21,40,40,37,50,50,33,33,52,0,0],"gold":118,"neow_bonus":"ONE_RANDOM_RARE_CARD","is_daily":false,"chose_seed":false,"campfire_upgraded":2,"win_rate":0.0,"timestamp":1609121560,"path_taken":["M","?","M","?","M","M","R","E","T","E","R","?","?","$","R","BOSS","M","?","?","M","?","E","?","R","T","M","?","?","E","?","R","BOSS"],"items_purchased_type":["Relic"],"build_version":"2020-12-18","purchased_purges":0,"victory":false,"max_hp_per_floor":[66,66,66,66,66,66,66,66,66,66,66,66,66,66,66,66,66,66,66,66,66,66,66,66,66,66,66,66,66,66,66,66,66,66],"relic_stats":{"Blood Vial":18,"Darkstone Periapt":0,"Nunchaku":[18],"counters":[14,76],"MealTicket":0,"Black Star":2,"War Paint":["Defend_G","Cloak And Dagger"],"obtain_stats":[{"Darkstone Periapt":30,"The Specimen":23,"Oddly Smooth Stone":9,"Vajra":20,"War Paint":23,"Akabeko":12,"Blood Vial":8,"Nunchaku":10,"Anchor":13,"HornCleat":26,"MutagenicStrength":24,"MealTicket":30,"Black Star":17,"Bag of Marbles":31,"Ring of the Snake":0},{"Darkstone Periapt":13,"The Specimen":11,"Oddly Smooth Stone":5,"Vajra":8,"War Paint":11,"Akabeko":6,"Blood Vial":5,"Nunchaku":6,"Anchor":6,"HornCleat":11,"MutagenicStrength":11,"MealTicket":13,"Black Star":7,"Bag of Marbles":13,"Ring of the Snake":0},{"Darkstone Periapt":69,"The Specimen":59,"Oddly Smooth Stone":23,"Vajra":43,"War Paint":59,"Akabeko":31,"Blood Vial":23,"Nunchaku":31,"Anchor":31,"HornCleat":59,"MutagenicStrength":59,"MealTicket":69,"Black Star":39,"Bag of Marbles":69,"Ring of the Snake":0}],"Ring of the Snake":[28]},"card_choices":[{"not_picked":["Poisoned Stab","Dagger Throw"],"picked":"Blade Dance","floor":1.0},{"not_picked":["Catalyst","Concentrate"],"picked":"Endless Agony","floor":3.0},{"not_picked":["Flying Knee","Prepared"],"picked":"Blade Dance","floor":5.0},{"not_picked":["Dagger Spray","Reflex"],"picked":"Infinite Blades","floor":6.0},{"not_picked":["Prepared","Dodge and Roll"],"picked":"Accuracy","floor":8.0},{"not_picked":["Dagger Throw","Deadly Poison","Outmaneuver"],"picked":"SKIP","floor":10.0},{"not_picked":["Unload","After Image"],"picked":"A Thousand Cuts","floor":16.0},{"not_picked":["Distraction","Outmaneuver"],"picked":"Cloak And Dagger","floor":18.0},{"not_picked":["Dash","Prepared"],"picked":"Infinite Blades","floor":21.0},{"not_picked":["Endless Agony","Flechettes"],"picked":"Prepared","floor":22.0},{"not_picked":["Endless Agony","Tactician"],"picked":"Finisher","floor":23.0},{"not_picked":["Flying Knee","Poisoned Stab"],"picked":"PiercingWail","floor":27.0},{"not_picked":["Expertise","All Out Attack"],"picked":"Escape Plan","floor":30.0}],"player_experience":1934129,"relics_obtained":[{"floor":8.0,"key":"Blood Vial"},{"floor":9.0,"key":"Oddly Smooth Stone"},{"floor":10.0,"key":"Nunchaku"},{"floor":23.0,"key":"The Specimen"},{"floor":23.0,"key":"War Paint"},{"floor":26.0,"key":"HornCleat"},{"floor":30.0,"key":"Darkstone Periapt"},{"floor":30.0,"key":"MealTicket"},{"floor":31.0,"key":"Bag of Marbles"}],"event_choices":[{"cards_removed":["Strike_G"],"damage_healed":0.0,"max_hp_gain":0.0,"max_hp_loss":0.0,"gold_gain":0.0,"event_name":"The Cleric","player_choice":"Card Removal","floor":2.0,"gold_loss":75.0,"damage_taken":0.0},{"damage_healed":0.0,"max_hp_gain":0.0,"max_hp_loss":0.0,"gold_gain":0.0,"event_name":"Living Wall","player_choice":"Grow","floor":4.0,"gold_loss":0.0,"damage_taken":0.0,"cards_upgraded":["After Image"]},{"damage_healed":0.0,"max_hp_gain":0.0,"max_hp_loss":0.0,"gold_gain":0.0,"event_name":"Scrap Ooze","player_choice":"Success","floor":12.0,"gold_loss":0.0,"damage_taken":18.0,"relics_obtained":["Akabeko"]},{"damage_healed":0.0,"max_hp_gain":0.0,"max_hp_loss":0.0,"gold_gain":50.0,"event_name":"Nest","player_choice":"Stole From Cult","floor":19.0,"gold_loss":0.0,"damage_taken":0.0},{"damage_healed":0.0,"max_hp_gain":0.0,"max_hp_loss":0.0,"gold_gain":0.0,"event_name":"WeMeetAgain","player_choice":"Paid Gold","floor":20.0,"gold_loss":132.0,"damage_taken":0.0,"relics_obtained":["Vajra"]},{"damage_healed":0.0,"max_hp_gain":0.0,"max_hp_loss":0.0,"gold_gain":0.0,"event_name":"Drug Dealer","player_choice":"Inject Mutagens","floor":24.0,"gold_loss":0.0,"damage_taken":0.0,"relics_obtained":["MutagenicStrength"]},{"damage_healed":13.0,"max_hp_gain":0.0,"max_hp_loss":0.0,"gold_gain":0.0,"event_name":"The Library","player_choice":"Heal","floor":28.0,"gold_loss":0.0,"damage_taken":0.0},{"damage_healed":0.0,"max_hp_gain":0.0,"max_hp_loss":0.0,"gold_gain":0.0,"event_name":"Cursed Tome","player_choice":"Ignored","floor":29.0,"gold_loss":0.0,"damage_taken":0.0}],"is_beta":true,"boss_relics":[{"not_picked":["Fusion Hammer","WristBlade"],"picked":"Black Star"}],"items_purged_floors":[],"is_endless":false,"potions_floor_spawned":[3,6,10,23],"killed_by":"Collector","ascension_level":20}}