{"host":"3zqlgdr138v4qupe","time":1609167377,"event":{"mods":["BaseMod","Hermit","Minty Spire (QoL Compilation)","StSLib","The Cursed","The Poker Player"],"gold_per_floor":[116,116,133,153,169,169,202,213,240,240,190,190,190,210,210,314,314,331,351,351,369,369,369],"floor_reached":22,"playtime":1073,"items_purged":[],"score":238,"play_id":"e6bf5c78-4cae-4195-99ca-8cd6b3570943","local_time":"20201228235617","is_ascension_mode":false,"campfire_choices":[{"data":"TheCursedMod:CircleOfWindfury","floor":6,"key":"SMITH"},{"data":"TheCursedMod:CircleOfAmplification","floor":13,"key":"SMITH"},{"data":"TheCursedMod:EmpowerCircles","floor":15,"key":"SMITH"}],"circlet_count":0,"master_deck":["TheCursedMod:Strike_TheCursed","TheCursedMod:Strike_TheCursed","TheCursedMod:Strike_TheCursed","TheCursedMod:Defend_TheCursed","TheCursedMod:CursedWand","TheCursedMod:CleanUpWorkshop","TheCursedMod:Dregs","TheCursedMod:EmpowerCircles+1","TheCursedMod:CircleOfFlame","TheCursedMod:SpitefulPlan","TheCursedMod:SpitefulStrike","TheCursedMod:CircleOfWindfury+1","TheCursedMod:DemonicPact","TheCursedMod:CircleOfAmplification+1","TheCursedMod:ForbiddenAlchemy","TheCursedMod:DemonicPact","TheCursedMod:RapidMovement"],"relics":["TheCursedMod:BlackMagic101","NeowsBlessing","InkBottle","Juzu Bracelet","PreservedInsect","TheCursedMod:OminousMark"],"acts_visited":["Exordium","TheCity"],"potions_floor_usage":[16,19,21,21,21,21,21,21,21,21,21],"damage_taken":[{"damage":0,"enemies":"Jaw Worm","floor":1,"turns":1},{"damage":0,"enemies":"Cultist","floor":3,"turns":1},{"damage":0,"enemies":"Small Slimes","floor":4,"turns":1},{"damage":5,"enemies":"Exordium Wildlife","floor":5,"turns":5},{"damage":14,"enemies":"Lagavulin","floor":7,"turns":8},{"damage":7,"enemies":"Blue Slaver","floor":8,"turns":4},{"damage":6,"enemies":"2 Fungi Beasts","floor":14,"turns":2},{"damage":0,"enemies":"Slime Boss","floor":16,"turns":5},{"damage":0,"enemies":"3 Byrds","floor":18,"turns":3},{"damage":17,"enemies":"2 Thieves","floor":19,"turns":3},{"damage":55,"enemies":"Cultist and Chosen","floor":21,"turns":6},{"damage":15,"enemies":"Shelled Parasite and Fungi","floor":22,"turns":1}],"seed_played":"2758125560791813790","potions_obtained":[{"floor":4,"key":"PowerPotion"},{"floor":5,"key":"LiquidMemories"},{"floor":7,"key":"Ancient Potion"},{"floor":14,"key":"Fire Potion"},{"floor":18,"key":"SpeedPotion"}],"is_trial":false,"path_per_floor":["M","?","M","M","M","R","E","M","T","?","?","T","R","M","R","B",null,"M","M","?","M","M"],"character_chosen":"THE_CURSED","items_purchased":[],"campfire_rested":0,"item_purchase_floors":[],"current_hp_per_floor":[75,75,75,75,70,70,56,49,49,49,49,49,49,43,43,43,75,75,58,58,12,0,0],"gold":369,"neow_bonus":"THREE_ENEMY_KILL","is_daily":false,"chose_seed":false,"campfire_upgraded":3,"win_rate":0.0,"timestamp":1609167377,"path_taken":["M","?","?","?","M","R","E","M","T","?","?","?","R","M","R","BOSS","M","M","?","M","M"],"items_purchased_type":[],"build_version":"2020-12-22","purchased_purges":0,"victory":false,"max_hp_per_floor":[75,75,75,75,75,75,75,75,75,75,75,75,75,75,75,75,75,75,75,75,75,75,75],"card_choices":[{"not_picked":["TheCursedMod:SpitefulStrike","TheCursedMod:SurpriseAttack"],"picked":"TheCursedMod:EmpowerCircles","floor":1},{"not_picked":["TheCursedMod:CursedMace","TheCursedMod:Hemoplague"],"picked":"TheCursedMod:SpitefulPlan","floor":3},{"not_picked":["TheCursedMod:SpreadPlague","TheCursedMod:SurpriseAttack"],"picked":"TheCursedMod:SpitefulStrike","floor":4},{"not_picked":["TheCursedMod:VitalStrike","TheCursedMod:TacticalStrike"],"picked":"TheCursedMod:CircleOfWindfury","floor":5},{"not_picked":["TheCursedMod:CursedBoomerang","TheCursedMod:Obscuration"],"picked":"TheCursedMod:DemonicPact","floor":7},{"not_picked":["TheCursedMod:SmokeScreen","TheCursedMod:CursedAmulet"],"picked":"TheCursedMod:CircleOfAmplification","floor":8},{"not_picked":["TheCursedMod:CursedBoomerang","TheCursedMod:CursedShiv","TheCursedMod:Obscuration"],"picked":"SKIP","floor":14},{"not_picked":["TheCursedMod:CursedRelics","TheCursedMod:Neurasthenia"],"picked":"TheCursedMod:ForbiddenAlchemy","floor":16},{"not_picked":["TheCursedMod:FleshFromBone","TheCursedMod:TacticalStrike","TheCursedMod:CursedAmulet"],"picked":"SKIP","floor":18},{"not_picked":["TheCursedMod:Wield","TheCursedMod:SmokeScreen"],"picked":"TheCursedMod:DemonicPact","floor":19},{"not_picked":["TheCursedMod:SmokeScreen","TheCursedMod:CursedMace"],"picked":"TheCursedMod:RapidMovement","floor":21}],"player_experience":7797,"relics_obtained":[{"floor":7,"key":"InkBottle"},{"floor":9,"key":"Juzu Bracelet"},{"floor":12,"key":"PreservedInsect"}],"event_choices":[{"damage_healed":0,"gold_gain":0,"cards_transformed":["TheCursedMod:Strike_TheCursed"],"player_choice":"Transformed","damage_taken":0,"max_hp_gain":0,"max_hp_loss":0,"event_name":"Transmorgrifier","floor":2,"gold_loss":0,"cards_obtained":["TheCursedMod:CircleOfFlame"]},{"cards_removed":["TheCursedMod:Defend_TheCursed"],"damage_healed":0,"gold_gain":0,"player_choice":"Purged","damage_taken":0,"max_hp_gain":0,"max_hp_loss":0,"event_name":"Purifier","floor":10,"gold_loss":0},{"cards_removed":["TheCursedMod:Defend_TheCursed"],"damage_healed":0,"gold_gain":0,"player_choice":"Card Removal","damage_taken":0,"max_hp_gain":0,"max_hp_loss":0,"event_name":"The Cleric","floor":11,"gold_loss":50},{"cards_removed":["TheCursedMod:Defend_TheCursed"],"damage_healed":0,"gold_gain":0,"player_choice":"Elegance","damage_taken":0,"max_hp_gain":0,"max_hp_loss":0,"event_name":"Back to Basics","floor":20,"gold_loss":0}],"is_beta":false,"boss_relics":[{"not_picked":["TheCursedMod:BlackMagicAdvanced","TheCursedMod:FourLeafCloverCharm"],"picked":"TheCursedMod:OminousMark"}],"items_purged_floors":[],"is_endless":false,"potions_floor_spawned":[4,5,7,14,18],"killed_by":"Shelled Parasite and Fungi","ascension_level":0}}