{"host":"m77rrhbqzv44va4v","time":1609147463,"event":{"mods":["AchievementEnabler","BaseMod","Colored Map","DeckTracker","Keyboard Shortcuts","Minty Spire (QoL Compilation)","StSLib","SuperFastMode","everything is the same but u backflip on backflip"],"gold_per_floor":[114,133,144,144,160,160,188,188,188,220,220,235,248,248,248,248,248],"floor_reached":16,"playtime":350,"items_purged":[],"score":185,"play_id":"12ef0a58-e8f6-4726-b1c3-4e07f6db0b4d","local_time":"20201228182423","is_ascension_mode":true,"campfire_choices":[{"data":"Bash","floor":6.0,"key":"SMITH"},{"data":"Wild Strike","floor":8.0,"key":"SMITH"},{"data":"Impervious","floor":11.0,"key":"SMITH"},{"floor":15.0,"key":"REST"}],"circlet_count":0,"master_deck":["AscendersBane","Strike_R","Strike_R","Strike_R","Defend_R","Defend_R","Defend_R","Defend_R","Bash+1","Impervious+1","Wild Strike+1","Disarm"],"relics":["Burning Blood","PreservedInsect","Pear","Mummified Hand"],"acts_visited":["Exordium"],"potions_floor_usage":[16],"damage_taken":[{"damage":4.0,"enemies":"2 Louse","floor":1.0,"turns":4.0},{"damage":5.0,"enemies":"Small Slimes","floor":2.0,"turns":4.0},{"damage":13.0,"enemies":"Jaw Worm","floor":3.0,"turns":6.0},{"damage":9.0,"enemies":"2 Fungi Beasts","floor":5.0,"turns":5.0},{"damage":55.0,"enemies":"3 Sentries","floor":7.0,"turns":15.0},{"damage":10.0,"enemies":"Lagavulin","floor":10.0,"turns":4.0},{"damage":8.0,"enemies":"3 Louse","floor":12.0,"turns":4.0},{"damage":13.0,"enemies":"Exordium Thugs","floor":13.0,"turns":7.0},{"damage":58,"enemies":"The Guardian","floor":16,"turns":14}],"seed_played":"6560821584313166876","potions_obtained":[{"floor":1.0,"key":"AttackPotion"},{"floor":3.0,"key":"BlessingOfTheForge"},{"floor":5.0,"key":"Energy Potion"},{"floor":12.0,"key":"ColorlessPotion"}],"is_trial":false,"path_per_floor":["M","M","M","?","M","R","E","R","T","E","R","M","M","?","R","B"],"character_chosen":"IRONCLAD","items_purchased":[],"campfire_rested":1,"item_purchase_floors":[],"current_hp_per_floor":[53,54,47,73,70,70,21,21,31,27,27,25,18,18,45,0,0],"gold":248,"neow_bonus":"REMOVE_TWO","is_daily":false,"chose_seed":false,"campfire_upgraded":3,"win_rate":0.0,"timestamp":1609147463,"path_taken":["M","M","M","?","M","R","E","R","T","E","R","M","M","?","R","BOSS"],"items_purchased_type":[],"build_version":"2020-12-22","purchased_purges":0,"victory":false,"max_hp_per_floor":[80,80,80,80,80,80,80,80,90,90,90,90,90,90,90,90,90],"card_choices":[{"not_picked":["Clothesline","Thunderclap","Searing Blow"],"picked":"SKIP","floor":1.0},{"not_picked":["Combust","Heavy Blade","Spot Weakness"],"picked":"SKIP","floor":2.0},{"not_picked":["Anger","Reckless Charge"],"picked":"Impervious","floor":3.0},{"not_picked":["Searing Blow","Dual Wield","Clothesline"],"picked":"SKIP","floor":5.0},{"not_picked":["Searing Blow","Dual Wield","Clothesline"],"picked":"SKIP","floor":5.0},{"not_picked":["Carnage","Inflame"],"picked":"Wild Strike","floor":7.0},{"not_picked":["Twin Strike","Wild Strike","Ghostly Armor"],"picked":"SKIP","floor":10.0},{"not_picked":["Flame Barrier","Body Slam"],"picked":"Disarm","floor":12.0},{"not_picked":["Havoc","Warcry","Flex"],"picked":"SKIP","floor":13.0}],"player_experience":823831,"relics_obtained":[{"floor":7.0,"key":"PreservedInsect"},{"floor":9.0,"key":"Pear"},{"floor":10.0,"key":"Mummified Hand"}],"event_choices":[{"damage_healed":26.0,"max_hp_gain":0.0,"max_hp_loss":0.0,"gold_gain":0.0,"event_name":"Big Fish","player_choice":"Banana","floor":4.0,"gold_loss":0.0,"damage_taken":0.0},{"damage_healed":0.0,"max_hp_gain":0.0,"max_hp_loss":0.0,"gold_gain":0.0,"event_name":"Shining Light","player_choice":"Ignored","floor":14.0,"gold_loss":0.0,"damage_taken":0.0}],"is_beta":false,"boss_relics":[],"items_purged_floors":[],"is_endless":false,"potions_floor_spawned":[1,3,5,12],"killed_by":"The Guardian","ascension_level":13}}