{"host":"n4oa921u88t6jog9","time":1609133195,"event":{"mods":["AchievementEnabler","BaseMod","DeckTracker","Keyboard Shortcuts","Minty Spire (QoL Compilation)","Quick Restart","StSLib","SuperFastMode"],"gold_per_floor":[37,92,125,27,27,52,52,52,52,122,206,272,272,272],"floor_reached":13,"playtime":495,"items_purged":["Strike_G"],"score":166,"play_id":"2e2993c8-ff70-4d65-a499-68c8164ee1b3","local_time":"20201228142635","is_ascension_mode":true,"campfire_choices":[{"data":"HandOfGreed","floor":7.0,"key":"SMITH"}],"circlet_count":0,"master_deck":["AscendersBane","Strike_G","Strike_G","Strike_G","Strike_G","Defend_G","Defend_G","Defend_G","Defend_G","Defend_G","Survivor","Neutralize","HandOfGreed+1","Backflip","Footwork","Predator","Slice","Escape Plan","Prepared","After Image","Neutralize","Reflex","Well Laid Plans","PiercingWail"],"relics":["Ring of the Snake","Bird Faced Urn","Torii","Oddly Smooth Stone"],"acts_visited":["Exordium"],"potions_floor_usage":[],"damage_taken":[{"damage":1.0,"enemies":"Cultist","floor":1.0,"turns":4.0},{"damage":4.0,"enemies":"Small Slimes","floor":2.0,"turns":5.0},{"damage":2.0,"enemies":"Jaw Worm","floor":3.0,"turns":3.0},{"damage":30.0,"enemies":"Lagavulin","floor":6.0,"turns":12.0},{"damage":1,"enemies":"Exordium Wildlife","floor":10,"turns":4},{"damage":12,"enemies":"3 Sentries","floor":11,"turns":12},{"damage":9,"enemies":"Exordium Thugs","floor":12,"turns":6},{"damage":25,"enemies":"Gremlin Nob","floor":13,"turns":3}],"seed_played":"6452190937195996041","potions_obtained":[{"floor":1.0,"key":"Block Potion"},{"floor":6.0,"key":"Fire Potion"},{"floor":12,"key":"LiquidBronze"}],"is_trial":false,"path_per_floor":["M","M","M","$","$","E","R","?","T","M","E","M","E"],"character_chosen":"THE_SILENT","items_purchased":["Slice"],"campfire_rested":0,"item_purchase_floors":[4],"current_hp_per_floor":[58,54,52,52,52,22,22,22,22,25,17,14,0,0],"gold":272,"neow_bonus":"RANDOM_COLORLESS_2","is_daily":false,"chose_seed":false,"campfire_upgraded":1,"win_rate":0.0,"timestamp":1609133195,"path_taken":["M","M","M","?","$","E","R","?","T","?","E","M","E"],"items_purchased_type":["Card"],"build_version":"2020-12-22","purchased_purges":1,"victory":false,"max_hp_per_floor":[66,66,66,66,66,66,66,66,66,66,66,66,66,66],"card_choices":[{"not_picked":["Violence","Thinking Ahead"],"picked":"HandOfGreed","floor":0.0},{"not_picked":["Dodge and Roll","Accuracy"],"picked":"Backflip","floor":1.0},{"not_picked":["Blur","Leg Sweep"],"picked":"Footwork","floor":2.0},{"not_picked":["Accuracy","Sucker Punch"],"picked":"Predator","floor":3.0},{"not_picked":["Endless Agony","PiercingWail"],"picked":"Escape Plan","floor":6.0},{"not_picked":["Catalyst","Infinite Blades"],"picked":"Reflex","floor":10},{"not_picked":["Cloak And Dagger","Distraction"],"picked":"Well Laid Plans","floor":11},{"not_picked":["Bane","Poisoned Stab"],"picked":"PiercingWail","floor":12}],"player_experience":365369,"relics_obtained":[{"floor":6.0,"key":"Bird Faced Urn"},{"floor":9,"key":"Torii"},{"floor":11,"key":"Oddly Smooth Stone"}],"event_choices":[{"damage_healed":0,"gold_gain":0,"player_choice":"3 cards matched","damage_taken":0,"max_hp_gain":0,"max_hp_loss":0,"event_name":"Match and Keep!","floor":8,"gold_loss":0,"cards_obtained":["Prepared","After Image","Neutralize"]}],"is_beta":false,"boss_relics":[],"items_purged_floors":[4],"is_endless":false,"potions_floor_spawned":[1,6,12],"killed_by":"Gremlin Nob","ascension_level":15}}