{"host":"0fm1w3v00gid44jl","time":1609180374,"event":{"mods":["AchievementEnabler","BaseMod","Colored Map","Colored Powertips","Displayed Cursed Tome","Downfall","Googly Eyes","Highlight Path","Minty Spire (QoL Compilation)","Permanent Neow","Relic Stats","StSLib","SuperFastMode","slay the spire mod where everything is the same but ironclad has a cowboy hat"],"gold_per_floor":[99,112,57,57,42,42,88,100,85,119,44,64,64,83,102,205,205,130,143,143,157,169,169,193,224,47,47,47,47,12,23,36,36,36,36],"floor_reached":33,"playtime":1471,"items_purged":[],"score":272,"play_id":"b403f307-4e8b-405a-9027-d248ffcfff95","local_time":"20201228123254","daily_mods":["SealedDeck"],"is_ascension_mode":false,"campfire_choices":[{"data":"champ:BerserkerStyle","floor":1,"key":"SMITH"},{"floor":11,"key":"RECALL"},{"data":"champ:StanceDance","floor":18,"key":"SMITH"},{"data":"champ:EnchantSword","floor":29,"key":"SMITH"}],"circlet_count":0,"master_deck":["champ:BerserkerStyle+1","champ:Backstep","champ:RisingSlash","champ:RisingSlash","champ:StanceDance+1","champ:BerserkersShout","champ:AdrenalArmor","champ:Backstep","champ:Control+1","champ:RageSigil","champ:FanOfKnives","champ:Encircle","champ:RisingSlash","champ:StanceDance+1","champ:BringItOn","champ:ShieldSigil","champ:Aggression","champ:ShieldWall+1","champ:BringItOn","champ:EnchantSword+1","champ:HeartStrike"],"relics":["champ:ChampionCrown","downfall:HeartBlessingBlue","SlaversCollar","downfall:HeartBlessingRed","MawBank","Pear","Orichalcum","downfall:RedIOU"],"acts_visited":["Exordium","TheCity"],"potions_floor_usage":[16,22,25],"damage_taken":[{"damage":29,"enemies":"Cultist","floor":2,"turns":3},{"damage":42,"enemies":"downfall:FleeingMerchant","floor":3,"turns":4},{"damage":56,"enemies":"downfall:FleeingMerchant","floor":5,"turns":4},{"damage":34,"enemies":"2 Louse","floor":8,"turns":3},{"damage":72,"enemies":"downfall:FleeingMerchant","floor":9,"turns":4},{"damage":49,"enemies":"3 Sentries","floor":10,"turns":3},{"damage":17,"enemies":"Jaw Worm","floor":12,"turns":2},{"damage":29,"enemies":"Exordium Thugs","floor":14,"turns":2},{"damage":34,"enemies":"Gremlin Gang","floor":15,"turns":2},{"damage":35,"enemies":"downfall:Ironclad","floor":16,"turns":5},{"damage":47,"enemies":"Chosen","floor":19,"turns":4},{"damage":23,"enemies":"Spheric Guardian","floor":21,"turns":2},{"damage":26,"enemies":"Snake Plant","floor":22,"turns":3},{"damage":68,"enemies":"Snecko","floor":25,"turns":4},{"damage":0,"enemies":"downfall:FleeingMerchant","floor":26,"turns":1},{"damage":71,"enemies":"Cultist and Chosen","floor":31,"turns":5},{"damage":69,"enemies":"Centurion and Healer","floor":32,"turns":5},{"damage":130,"enemies":"downfall:Silent","floor":33,"turns":7}],"seed_played":"7149083150315488283","potions_obtained":[{"floor":8,"key":"Fire Potion"},{"floor":10,"key":"Ancient Potion"},{"floor":14,"key":"SpeedPotion"},{"floor":19,"key":"sneckomod:MuddlingPotion"},{"floor":22,"key":"Block Potion"},{"floor":25,"key":"sneckomod:MuddlingPotion"}],"is_trial":true,"path_per_floor":["R","M","$","?","$","?","T","M","$","E","R","M","?","M","M","B",null,"R","M","?","M","M","?","T","M","$","?","$","R","$","M","M","B"],"character_chosen":"THE_CHAMP","items_purchased":["champ:Encircle","champ:EnchantSword","Pear","Orichalcum","champ:HeartStrike"],"campfire_rested":0,"item_purchase_floors":[3,26,26,26,30],"current_hp_per_floor":[90,90,90,90,90,75,75,73,53,44,54,53,53,41,36,16,100,100,100,100,100,93,93,93,78,88,88,88,88,88,73,71,0,0,0],"gold":36,"neow_bonus":"","is_daily":false,"chose_seed":false,"campfire_upgraded":3,"win_rate":0.0,"timestamp":1609180374,"path_taken":["R","M","$","?","?","?","T","?","$","E","R","M","?","M","M","BOSS","R","M","?","?","M","?","T","?","$","?","$","R","$","M","M","BOSS"],"items_purchased_type":["Card","Card","Relic","Relic","Card"],"build_version":"2020-12-22","purchased_purges":0,"victory":false,"max_hp_per_floor":[90,90,90,90,90,90,90,90,90,90,100,100,100,100,100,100,100,100,100,100,100,100,100,100,100,110,110,110,110,110,110,110,110,110,110],"relic_stats":{"counters":[18,63],"Orichalcum":[30],"MawBank":24,"obtain_stats":[{"SlaversCollar":17,"Pear":26,"downfall:HeartBlessingRed":18,"downfall:HeartBlessingBlue":11,"Vajra":10,"champ:ChampionCrown":0,"downfall:RedIOU":27,"Orichalcum":26,"MawBank":24},{"SlaversCollar":10,"Pear":15,"downfall:HeartBlessingRed":10,"downfall:HeartBlessingBlue":6,"Vajra":6,"champ:ChampionCrown":0,"downfall:RedIOU":15,"Orichalcum":15,"MawBank":13},{"SlaversCollar":32,"Pear":46,"downfall:HeartBlessingRed":32,"downfall:HeartBlessingBlue":21,"Vajra":21,"champ:ChampionCrown":0,"downfall:RedIOU":46,"Orichalcum":46,"MawBank":41}]},"card_choices":[{"not_picked":["champ:DefensiveStyle","champ:PreciseThrust"],"picked":"champ:RageSigil","floor":2},{"not_picked":["champ:FlashCut","champ:CrookedStrike"],"picked":"champ:FanOfKnives","floor":3},{"not_picked":["champ:EnragedBash","champ:CrownThrow","champ:Circumvent"],"picked":"SKIP","floor":5},{"not_picked":["champ:Backstep","champ:TornadoPunch"],"picked":"champ:RisingSlash","floor":8},{"not_picked":["champ:FlashCut","champ:EndlessRage"],"picked":"champ:StanceDance","floor":9},{"not_picked":["champ:TornadoPunch","champ:PerfectForm"],"picked":"champ:BringItOn","floor":10},{"not_picked":["champ:TornadoPunch","champ:Haymaker"],"picked":"champ:ShieldSigil","floor":12},{"not_picked":["champ:Haymaker","champ:Circumvent"],"picked":"champ:Aggression","floor":14},{"not_picked":["champ:FlashCut","champ:BerserkersShout","champ:GutPunch"],"picked":"SKIP","floor":15},{"not_picked":["champ:HeartStrike","champ:DefensiveStyle"],"picked":"champ:ShieldWall","floor":19},{"not_picked":["champ:PerfectedStrike","champ:DefensiveShout"],"picked":"champ:BringItOn","floor":21},{"not_picked":["champ:Circumvent","champ:BerserkerStyle+1","champ:GladiatorsShout+1"],"picked":"SKIP","floor":22},{"not_picked":["champ:PerfectedStrike","champ:ShieldSigil+1","champ:FaceSlap"],"picked":"SKIP","floor":25},{"not_picked":["champ:RageSigil","champ:Control","champ:StanceDance"],"picked":"SKIP","floor":26},{"not_picked":["champ:Aggression","champ:PerfectedStrike","champ:Riposte"],"picked":"SKIP","floor":31},{"not_picked":["champ:Aggression","champ:TornadoPunch","champ:Control"],"picked":"SKIP","floor":32}],"player_experience":1456804,"relics_obtained":[{"floor":10,"key":"Vajra"},{"floor":24,"key":"MawBank"}],"event_choices":[{"damage_healed":0,"gold_gain":0,"player_choice":"Upgraded","damage_taken":0,"max_hp_gain":0,"max_hp_loss":0,"event_name":"Upgrade Shrine","floor":4,"gold_loss":0,"cards_upgraded":["champ:Control"]},{"damage_healed":0,"gold_gain":0,"player_choice":"Grow","damage_taken":0,"max_hp_gain":0,"max_hp_loss":0,"event_name":"Living Wall","floor":13,"gold_loss":0,"cards_upgraded":["champ:StanceDance"]},{"damage_healed":0,"gold_gain":0,"player_choice":"Forge","damage_taken":0,"max_hp_gain":0,"max_hp_loss":0,"event_name":"Accursed Blacksmith","floor":20,"gold_loss":0,"cards_upgraded":["champ:ShieldWall"]},{"cards_removed":["champ:BerserkerStyle"],"damage_healed":0,"gold_gain":0,"player_choice":"Card Removal","damage_taken":0,"max_hp_gain":0,"max_hp_loss":0,"event_name":"Wheel of Change","floor":23,"gold_loss":0}],"is_beta":false,"boss_relics":[{"not_picked":["Astrolabe","sneckomod:SneckoTalon"],"picked":"SlaversCollar"}],"items_purged_floors":[],"is_endless":false,"potions_floor_spawned":[8,10,14,19,22,25,31],"killed_by":"downfall:Silent","ascension_level":0}}