{"host":"0ydzwspkajt4brzd","time":1609193619,"event":{"mods":["AchievementEnabler","BaseMod","Colored Map","DeckTracker","Googly Eyes","Highlight Path","Minty Spire (QoL Compilation)","Quick Restart","Random Character Button","Rare Cards Sparkle"],"gold_per_floor":[119,44,62,74,90,90,117,217,298,298,331,0,19,46,46,144,144,156,167,67,86,121,121,150,167,167,42,42,53,73,108,108,207,207,218,268,278,278,500,500,532,546,546,561,561,593,610,610,610,610],"floor_reached":51,"playtime":3362,"items_purged":["Strike_R","Strike_R","Strike_R"],"score":1040,"play_id":"af9bbd60-0823-48fa-a75b-5a2605abf8b5","local_time":"20201228141339","is_ascension_mode":true,"campfire_choices":[{"data":"Shockwave","floor":6.0,"key":"SMITH"},{"floor":10.0,"key":"REST"},{"data":"Whirlwind","floor":15,"key":"SMITH"},{"data":"Limit Break","floor":28,"key":"SMITH"},{"data":"Body Slam","floor":32,"key":"SMITH"},{"data":"True Grit","floor":40,"key":"SMITH"},{"data":"Demon Form","floor":45,"key":"SMITH"},{"floor":49,"key":"REST"}],"circlet_count":0,"master_deck":["Strike_R","Strike_R","Defend_R","Defend_R","Defend_R","Defend_R","Bash","Shockwave+1","Pommel Strike","Spot Weakness","Battle Trance","Cleave","Demon Form+1","Whirlwind+1","Limit Break+1","Warcry+1","Metallicize+1","Bloodletting+1","Shrug It Off","Dropkick","Body Slam+1","Twin Strike","Inflame","Impervious","True Grit+1","Enlightenment","Blood for Blood+1","Parasite"],"relics":["Burning Blood","NeowsBlessing","FossilizedHelix","White Beast Statue","Bag of Marbles","Shuriken","Shovel","Sozu","Red Mask","Boot","Thread and Needle","Mercury Hourglass","SlaversCollar","Ginger","Bottled Flame","Gremlin Horn","Strawberry"],"acts_visited":["Exordium","TheCity","TheBeyond"],"potions_floor_usage":[14,24,29,29],"damage_taken":[{"damage":0.0,"enemies":"Cultist","floor":1.0,"turns":1.0},{"damage":0.0,"enemies":"Jaw Worm","floor":3.0,"turns":1.0},{"damage":0.0,"enemies":"Small Slimes","floor":4.0,"turns":1.0},{"damage":10.0,"enemies":"2 Fungi Beasts","floor":5.0,"turns":3.0},{"damage":60.0,"enemies":"3 Sentries","floor":7.0,"turns":9.0},{"damage":13.0,"enemies":"Gremlin Nob","floor":11.0,"turns":4.0},{"damage":8.0,"enemies":"Exordium Thugs","floor":13.0,"turns":6.0},{"damage":11,"enemies":"3 Sentries","floor":14,"turns":6},{"damage":7,"enemies":"Slime Boss","floor":16,"turns":7},{"damage":17,"enemies":"3 Byrds","floor":18,"turns":3},{"damage":22,"enemies":"Spheric Guardian","floor":19,"turns":4},{"damage":0,"enemies":"Snecko","floor":21,"turns":4},{"damage":0,"enemies":"Masked Bandits","floor":22,"turns":2},{"damage":31,"enemies":"Book of Stabbing","floor":24,"turns":4},{"damage":0,"enemies":"Shelled Parasite and Fungi","floor":25,"turns":1},{"damage":0,"enemies":"Centurion and Healer","floor":29,"turns":5},{"damage":3,"enemies":"Snecko","floor":30,"turns":4},{"damage":0,"enemies":"Gremlin Leader","floor":31,"turns":5},{"damage":23,"enemies":"Collector","floor":33,"turns":6},{"damage":0,"enemies":"Orb Walker","floor":35,"turns":3},{"damage":0,"enemies":"Mind Bloom Boss Battle","floor":36,"turns":5},{"damage":0,"enemies":"3 Shapes","floor":37,"turns":4},{"damage":12,"enemies":"Giant Head","floor":41,"turns":6},{"damage":8,"enemies":"Jaw Worm Horde","floor":42,"turns":4},{"damage":24,"enemies":"Spire Growth","floor":44,"turns":5},{"damage":7,"enemies":"Reptomancer","floor":46,"turns":4},{"damage":23,"enemies":"Writhing Mass","floor":47,"turns":5},{"damage":49,"enemies":"Donu and Deca","floor":50,"turns":6}],"seed_played":"8369174990319896870","potions_obtained":[{"floor":3.0,"key":"Ancient Potion"},{"floor":4.0,"key":"Weak Potion"},{"floor":11.0,"key":"BloodPotion"},{"floor":13.0,"key":"BlessingOfTheForge"},{"floor":14,"key":"Weak Potion"},{"floor":16,"key":"LiquidMemories"}],"is_trial":false,"path_per_floor":["M","$","M","M","M","R","E","?","T","R","E","$","M","E","R","B",null,"M","M","$","M","?","?","E","M","T","$","R","M","M","E","R","B",null,"M","?","M","?","?","R","E","M","T","M","R","E","M","?","R","B",null],"character_chosen":"IRONCLAD","items_purchased":["Shuriken","Whirlwind"],"campfire_rested":2,"item_purchase_floors":[12,12],"current_hp_per_floor":[80,80,80,80,76,76,22,22,22,46,39,39,37,48,48,47,80,69,53,53,59,65,65,40,46,46,46,46,52,55,61,61,44,80,80,80,80,80,80,80,74,72,72,54,54,60,43,43,69,26],"gold":610,"neow_bonus":"THREE_ENEMY_KILL","is_daily":false,"chose_seed":false,"campfire_upgraded":6,"win_rate":0.0,"timestamp":1609193619,"path_taken":["M","$","?","M","M","R","E","?","T","R","E","$","?","E","R","BOSS","M","M","$","M","?","?","E","M","T","$","R","M","M","E","R","BOSS","M","?","M","?","?","R","E","M","T","M","R","E","?","?","R","BOSS"],"items_purchased_type":["Relic","Card"],"build_version":"2020-12-22","purchased_purges":3,"victory":true,"max_hp_per_floor":[80,80,80,80,80,80,80,80,80,80,80,80,80,80,80,80,80,80,80,80,80,80,80,80,80,80,80,80,80,80,80,80,80,80,80,80,80,80,80,80,80,80,80,80,80,87,87,87,87,87],"card_choices":[{"not_picked":["Clash","Intimidate"],"picked":"Shockwave","floor":1.0},{"not_picked":["Flame Barrier","Iron Wave"],"picked":"Pommel Strike","floor":3.0},{"not_picked":["Fire Breathing","Anger"],"picked":"Spot Weakness","floor":4.0},{"not_picked":["Sever Soul","Clothesline"],"picked":"Battle Trance","floor":5.0},{"not_picked":["Armaments","Perfected Strike"],"picked":"Cleave","floor":7.0},{"not_picked":["Iron Wave","Pummel"],"picked":"Demon Form","floor":11.0},{"not_picked":["Sword Boomerang","Clash","Evolve"],"picked":"SKIP","floor":13.0},{"not_picked":["Cleave","Flex","Clash"],"picked":"SKIP","floor":14},{"not_picked":["Brutality","Feed"],"picked":"Limit Break","floor":16},{"not_picked":["Anger","Clothesline"],"picked":"Warcry+1","floor":18},{"not_picked":["Wild Strike","Havoc"],"picked":"Metallicize+1","floor":19},{"not_picked":["Fiend Fire","Thunderclap"],"picked":"Bloodletting+1","floor":21},{"not_picked":["Armaments","Barricade"],"picked":"Shrug It Off","floor":24},{"not_picked":["Anger","Flex+1"],"picked":"Dropkick","floor":25},{"not_picked":["Sword Boomerang","Bludgeon"],"picked":"Body Slam","floor":29},{"not_picked":["Armaments","Perfected Strike"],"picked":"Twin Strike","floor":30},{"not_picked":["Clothesline","Fire Breathing"],"picked":"Inflame","floor":31},{"not_picked":["Reaper","Exhume"],"picked":"Impervious","floor":33},{"not_picked":["Twin Strike","Body Slam+1","Anger"],"picked":"SKIP","floor":35},{"not_picked":["Iron Wave","Seeing Red+1"],"picked":"True Grit","floor":36},{"not_picked":["Body Slam+1","Havoc+1","Second Wind"],"picked":"SKIP","floor":37},{"not_picked":["Discovery","Impatience"],"picked":"Enlightenment","floor":38},{"not_picked":["Body Slam+1","Second Wind+1","Flex+1"],"picked":"SKIP","floor":41},{"not_picked":["Clothesline","Feel No Pain+1","Sword Boomerang+1"],"picked":"SKIP","floor":42},{"not_picked":["Entrench","Reckless Charge"],"picked":"Blood for Blood+1","floor":44},{"not_picked":["Corruption","Perfected Strike+1","Reckless Charge+1"],"picked":"SKIP","floor":46},{"not_picked":["Iron Wave","Cleave","Headbutt+1"],"picked":"SKIP","floor":47}],"player_experience":325096,"relics_obtained":[{"floor":7.0,"key":"FossilizedHelix"},{"floor":9.0,"key":"White Beast Statue"},{"floor":11.0,"key":"Bag of Marbles"},{"floor":14,"key":"Shovel"},{"floor":22,"key":"Red Mask"},{"floor":24,"key":"Boot"},{"floor":26,"key":"Thread and Needle"},{"floor":31,"key":"Mercury Hourglass"},{"floor":36,"key":"Ginger"},{"floor":41,"key":"Bottled Flame"},{"floor":43,"key":"Gremlin Horn"},{"floor":46,"key":"Strawberry"}],"event_choices":[{"damage_healed":0.0,"max_hp_gain":0.0,"max_hp_loss":0.0,"gold_gain":100.0,"event_name":"Golden Shrine","player_choice":"Pray","floor":8.0,"gold_loss":0.0,"damage_taken":0.0},{"damage_healed":0,"gold_gain":0,"player_choice":"Fought Bandits","damage_taken":0,"max_hp_gain":0,"max_hp_loss":0,"event_name":"Masked Bandits","floor":22,"gold_loss":0},{"damage_healed":0,"gold_gain":0,"player_choice":"Ignored","damage_taken":0,"max_hp_gain":0,"max_hp_loss":0,"event_name":"The Mausoleum","floor":23,"gold_loss":0},{"damage_healed":0,"gold_gain":0,"player_choice":"Fight","damage_taken":0,"max_hp_gain":0,"max_hp_loss":0,"event_name":"MindBloom","floor":36,"gold_loss":0},{"damage_healed":0,"gold_gain":0,"player_choice":"Memory 1","damage_taken":0,"max_hp_gain":0,"max_hp_loss":0,"event_name":"SensoryStone","floor":38,"gold_loss":0},{"damage_healed":0,"gold_gain":222,"player_choice":"Wore Mask","damage_taken":0,"max_hp_gain":0,"max_hp_loss":0,"event_name":"Tomb of Lord Red Mask","floor":39,"gold_loss":0},{"damage_healed":0,"gold_gain":0,"player_choice":"0 cards matched","damage_taken":0,"max_hp_gain":0,"max_hp_loss":0,"event_name":"Match and Keep!","floor":48,"gold_loss":0,"cards_obtained":[]}],"is_beta":false,"boss_relics":[{"not_picked":["Ectoplasm","Empty Cage"],"picked":"Sozu"},{"not_picked":["Mark of Pain","Pandora\u0027s Box"],"picked":"SlaversCollar"}],"items_purged_floors":[2,20,27],"is_endless":false,"potions_floor_spawned":[3,4,11,13,14,16,18,19,21,22,24,25,29,30,31,33,35,36,37,41,42,44,46,47],"ascension_level":4}}