{"host":"1tl36azeqm6yhdgj","time":1609199504,"event":{"mods":["AchievementEnabler","BaseMod","Minty Spire (QoL Compilation)","StSLib","The IronCluck","everything is the same but u backflip on backflip"],"gold_per_floor":[114,128,128,19,33,61,61,75,98,117,144,187,206,249,249,331,331,356,356,375,375,425,458,14,56,107,134,55,255,255,274,274,274,274],"floor_reached":33,"playtime":1221,"items_purged":[],"score":599,"play_id":"5f40187b-e00f-4494-9a28-0ea676506366","local_time":"20201228185144","is_ascension_mode":true,"campfire_choices":[{"floor":7.0,"key":"REST"},{"floor":15.0,"key":"REST"},{"data":"Barricade","floor":30.0,"key":"SMITH"},{"floor":32.0,"key":"REST"}],"circlet_count":0,"master_deck":["AscendersBane","Strike_R","Strike_R","Strike_R","Strike_R","Defend_R","Defend_R","Defend_R","Defend_R","Bash","Trip","Anger","Pommel Strike","Cleave","Clash","Seeing Red","Infernal Blade","Flame Barrier","Clash","Rage","Barricade+1","Shockwave","Body Slam","Shrug It Off","Conserve Battery","Flex","Dropkick","Caltrops+1"],"relics":["Burning Blood","Ancient Tea Set","CeramicFish","Boot","Akabeko","Lizard Tail","Busted Crown","MealTicket","Omamori","PrismaticShard","HornCleat","Oddly Smooth Stone"],"acts_visited":["Exordium","TheCity"],"potions_floor_usage":[],"damage_taken":[{"damage":9.0,"enemies":"2 Louse","floor":1.0,"turns":3.0},{"damage":1.0,"enemies":"Cultist","floor":2.0,"turns":3.0},{"damage":0.0,"enemies":"Small Slimes","floor":5.0,"turns":2.0},{"damage":60.0,"enemies":"3 Sentries","floor":6.0,"turns":12.0},{"damage":8.0,"enemies":"Blue Slaver","floor":8.0,"turns":2.0},{"damage":0.0,"enemies":"2 Fungi Beasts","floor":10.0,"turns":3.0},{"damage":0.0,"enemies":"Red Slaver","floor":11.0,"turns":2.0},{"damage":20.0,"enemies":"Lagavulin","floor":12.0,"turns":5.0},{"damage":0.0,"enemies":"3 Louse","floor":13.0,"turns":1.0},{"damage":36.0,"enemies":"Gremlin Nob","floor":14.0,"turns":4.0},{"damage":34.0,"enemies":"The Guardian","floor":16.0,"turns":11.0},{"damage":11.0,"enemies":"Spheric Guardian","floor":18.0,"turns":4.0},{"damage":0.0,"enemies":"Shell Parasite","floor":20.0,"turns":1.0},{"damage":53.0,"enemies":"Slavers","floor":23.0,"turns":7.0},{"damage":21.0,"enemies":"Gremlin Leader","floor":25.0,"turns":8.0},{"damage":20.0,"enemies":"Sentry and Sphere","floor":27.0,"turns":7.0},{"damage":17.0,"enemies":"Centurion and Healer","floor":31.0,"turns":6.0},{"damage":66,"enemies":"Collector","floor":33,"turns":8}],"seed_played":"8469338897705058181","potions_obtained":[{"floor":2.0,"key":"PowerPotion"},{"floor":10.0,"key":"DistilledChaos"},{"floor":11.0,"key":"Explosive Potion"},{"floor":13.0,"key":"LiquidBronze"},{"floor":14.0,"key":"Energy Potion"},{"floor":16.0,"key":"Explosive Potion"},{"floor":20.0,"key":"LiquidBronze"},{"floor":23.0,"key":"LiquidMemories"},{"floor":25.0,"key":"SkillPotion"}],"is_trial":false,"path_per_floor":["M","M","?","$","M","E","R","M","T","M","M","E","M","E","R","B",null,"M","?","M","?","?","E","$","E","T","M","$","?","R","M","R","B"],"character_chosen":"IRONCLAD","items_purchased":["Cleave","Swift Potion","Omamori","PrismaticShard","DistilledChaos","Shrug It Off","Dropkick"],"campfire_rested":3,"item_purchase_floors":[4,4,24,24,24,24,28],"current_hp_per_floor":[65,70,70,70,75,21,43,41,41,47,53,39,45,15,37,9,59,54,54,60,60,60,13,28,13,13,39,54,54,54,43,65,0,0],"gold":274,"neow_bonus":"RANDOM_COLORLESS","is_daily":false,"chose_seed":false,"campfire_upgraded":1,"win_rate":0.0,"timestamp":1609199504,"path_taken":["M","M","?","$","M","E","R","M","T","M","?","E","?","E","R","BOSS","M","?","M","?","?","E","$","E","T","M","$","?","R","?","R","BOSS"],"items_purchased_type":["Card","Potion","Relic","Relic","Potion","Card","Card"],"build_version":"2020-12-22","purchased_purges":0,"victory":false,"max_hp_per_floor":[75,75,75,75,75,75,75,75,75,75,75,75,75,75,75,75,75,75,75,75,75,75,75,75,75,75,75,75,75,75,75,75,75,75],"card_choices":[{"not_picked":["Purity","Good Instincts"],"picked":"Trip","floor":0.0},{"not_picked":["Evolve","Perfected Strike"],"picked":"Anger","floor":1.0},{"not_picked":["Heavy Blade","Entrench"],"picked":"Pommel Strike","floor":2.0},{"not_picked":["Sword Boomerang","Heavy Blade"],"picked":"Clash","floor":5.0},{"not_picked":["Havoc","Dual Wield","Armaments"],"picked":"SKIP","floor":6.0},{"not_picked":["Sword Boomerang","True Grit","Iron Wave"],"picked":"SKIP","floor":8.0},{"not_picked":["Anger","True Grit"],"picked":"Seeing Red","floor":10.0},{"not_picked":["Searing Blow","Cleave"],"picked":"Infernal Blade","floor":11.0},{"not_picked":["Havoc","Limit Break"],"picked":"Flame Barrier","floor":12.0},{"not_picked":["Pommel Strike","Havoc"],"picked":"Clash","floor":13.0},{"not_picked":["Thunderclap","Dark Embrace"],"picked":"Rage","floor":14.0},{"not_picked":["Immolate","Offering"],"picked":"Barricade","floor":16.0},{"not_picked":[],"picked":"Shockwave","floor":18.0},{"not_picked":[],"picked":"Body Slam","floor":20.0},{"not_picked":["Whirlwind"],"picked":"SKIP","floor":23.0},{"not_picked":[],"picked":"Conserve Battery","floor":25.0},{"not_picked":[],"picked":"Flex","floor":27.0},{"not_picked":[],"picked":"Caltrops+1","floor":31.0}],"player_experience":1991821,"relics_obtained":[{"floor":6.0,"key":"CeramicFish"},{"floor":9.0,"key":"Boot"},{"floor":12.0,"key":"Akabeko"},{"floor":14.0,"key":"Lizard Tail"},{"floor":23.0,"key":"MealTicket"},{"floor":25.0,"key":"HornCleat"},{"floor":26.0,"key":"Oddly Smooth Stone"}],"event_choices":[{"damage_healed":0.0,"max_hp_gain":0.0,"max_hp_loss":0.0,"gold_gain":0.0,"event_name":"WeMeetAgain","player_choice":"Gave Potion","floor":3.0,"gold_loss":0.0,"damage_taken":0.0,"relics_obtained":["Ancient Tea Set"]},{"damage_healed":0.0,"max_hp_gain":0.0,"max_hp_loss":0.0,"gold_gain":0.0,"event_name":"Cursed Tome","player_choice":"Ignored","floor":19.0,"gold_loss":0.0,"damage_taken":0.0},{"cards_removed":["Strike_R"],"damage_healed":0.0,"max_hp_gain":0.0,"max_hp_loss":0.0,"gold_gain":0.0,"event_name":"Back to Basics","player_choice":"Elegance","floor":21.0,"gold_loss":0.0,"damage_taken":0.0},{"damage_healed":0.0,"max_hp_gain":0.0,"max_hp_loss":0.0,"gold_gain":50.0,"event_name":"Nest","player_choice":"Stole From Cult","floor":22.0,"gold_loss":0.0,"damage_taken":0.0},{"damage_healed":0.0,"max_hp_gain":0.0,"max_hp_loss":0.0,"gold_gain":250.0,"event_name":"The Joust","player_choice":"Bet on Owner","floor":29.0,"gold_loss":50.0,"damage_taken":0.0}],"is_beta":false,"boss_relics":[{"not_picked":["Philosopher\u0027s Stone","Velvet Choker"],"picked":"Busted Crown"}],"items_purged_floors":[],"is_endless":false,"potions_floor_spawned":[2,10,11,13,14,16,20,23,25],"killed_by":"Collector","ascension_level":19}}