{"host":"sh8ot41fo7a0kahq","time":1609120390,"event":{"mods":["ATMod(°¢èªMod)","BaseMod","Better Third Choice","Colored Powertips","Displayed Cursed Tome","Minty Spire (QoL Compilation)","Quick Restart","Spicy Shops","StSLib","UnlockEverythingMod","¡¾ÒÅÎï¿¨ÅÆ¡¿REMEMod"],"gold_per_floor":[368,385,71,21,41,41,58,86,86,100,100,129,129,158,158,263,263,273,24,24,51,62,97,97,97,148,181,181,181,195,195,195,291,291,305,317,336,62,107,132,151,176,176,176,191,191,191,41,41,41,41,41,41,76,76],"floor_reached":56,"playtime":1386,"items_purged":["Strike_G","Strike_G","Strike_G","Defend_G"],"score":1979,"play_id":"72dd11bb-f70f-426b-aa00-d620f6720f23","local_time":"20201228095310","is_ascension_mode":true,"campfire_choices":[{"data":"Terror","floor":6.0,"key":"SMITH"},{"data":"Ragnarok","floor":11.0,"key":"SMITH"},{"floor":15.0,"key":"RECALL"},{"data":"Strike_G","floor":24.0,"key":"PURGE"},{"data":"Wraith Form v2","floor":29.0,"key":"SMITH"},{"data":"AT_MachinaRedman","floor":32.0,"key":"SMITH"},{"data":"Defend_G","floor":44,"key":"PURGE"},{"data":"Defend_G","floor":47,"key":"PURGE"},{"data":"AT_EssenceShift","floor":49,"key":"SMITH"},{"data":"Defend_G","floor":52,"key":"PURGE"}],"circlet_count":0,"master_deck":["Survivor","Neutralize+1","AT_MachinaRedman+1","Ragnarok+1","Terror+1","REME_FirmDetermination","AT_WindFlip+1","Apotheosis+1","Phantasmal Killer","CurseOfTheBell","Wraith Form v2+1","Ghostly","Ghostly","Ghostly","Ghostly","Ghostly","AT_EssenceShift+1","Acrobatics","AT_Desolate+1"],"relics":["Ring of the Snake","AT_ATBox","REME_ComplimentaryCards","AT_BladeRuinedKing","Odd Mushroom","Singing Bowl","Bottled Tornado","Potion Belt","Calling Bell","AT_SeraphEmbrace","AT_BellowingDragoncrestRing","Peace Pipe","Torii","Nunchaku","StrikeDummy","REME_PuzzleBoxRelic","HornCleat","Question Card","Medical Kit","Vajra","Whetstone","AT_GuinsooRageblade","Oddly Smooth Stone"],"acts_visited":["Exordium","TheCity","TheBeyond","TheEnding"],"potions_floor_usage":[55,55,55],"damage_taken":[{"damage":0.0,"enemies":"Jaw Worm","floor":1.0,"turns":3.0},{"damage":3.0,"enemies":"Small Slimes","floor":2.0,"turns":2.0},{"damage":0.0,"enemies":"Cultist","floor":5.0,"turns":2.0},{"damage":14.0,"enemies":"Exordium Thugs","floor":7.0,"turns":2.0},{"damage":8.0,"enemies":"The Mushroom Lair","floor":8.0,"turns":2.0},{"damage":0.0,"enemies":"Looter","floor":10.0,"turns":1.0},{"damage":0.0,"enemies":"Lagavulin","floor":12.0,"turns":3.0},{"damage":12.0,"enemies":"3 Sentries","floor":14.0,"turns":4.0},{"damage":0.0,"enemies":"Slime Boss","floor":16.0,"turns":3.0},{"damage":0.0,"enemies":"Spheric Guardian","floor":18.0,"turns":2.0},{"damage":0.0,"enemies":"Shell Parasite","floor":22.0,"turns":2.0},{"damage":0.0,"enemies":"Slavers","floor":23.0,"turns":2.0},{"damage":3.0,"enemies":"Book of Stabbing","floor":27.0,"turns":3.0},{"damage":0.0,"enemies":"Snecko","floor":30.0,"turns":1.0},{"damage":0.0,"enemies":"Automaton","floor":33.0,"turns":7.0},{"damage":0.0,"enemies":"3 Darklings","floor":35.0,"turns":2.0},{"damage":0.0,"enemies":"Orb Walker","floor":36.0,"turns":4.0},{"damage":0.0,"enemies":"Transient","floor":37.0,"turns":5.0},{"damage":2.0,"enemies":"3 Darklings","floor":39.0,"turns":6.0},{"damage":0.0,"enemies":"Nemesis","floor":40.0,"turns":3.0},{"damage":0,"enemies":"Maw","floor":41,"turns":3},{"damage":0,"enemies":"Reptomancer","floor":42,"turns":3},{"damage":0,"enemies":"Transient","floor":45,"turns":4},{"damage":0,"enemies":"Donu and Deca","floor":50,"turns":3},{"damage":0,"enemies":"Shield and Spear","floor":54,"turns":3},{"damage":50,"enemies":"The Heart","floor":55,"turns":7}],"seed_played":"-9191299167423730981","potions_obtained":[{"floor":1.0,"key":"Fire Potion"},{"floor":2.0,"key":"SteroidPotion"},{"floor":10.0,"key":"AttackPotion"},{"floor":12.0,"key":"Fruit Juice"},{"floor":14.0,"key":"Fruit Juice"},{"floor":16.0,"key":"Poison Potion"},{"floor":18.0,"key":"DuplicationPotion"},{"floor":33.0,"key":"REME_GoldPotion"},{"floor":42,"key":"Ancient Potion"}],"is_trial":false,"path_per_floor":["M","M","$","?","M","R","M","?","T","M","R","E","?","E","R","B",null,"M","$","?","T","M","E","R","T","T","E","?","R","M","T","R","B",null,"M","M","M","$","M","E","M","E","T","R","M","?","R","$","R","B",null,"R","$","E","B",null],"character_chosen":"THE_SILENT","items_purchased":["AT_BladeRuinedKing","REME_FirmDetermination","Torii","Medical Kit"],"campfire_rested":0,"item_purchase_floors":[3,3,19,38],"current_hp_per_floor":[45,42,42,42,42,42,28,20,20,22,22,29,29,19,19,19,66,73,73,56,56,58,58,58,58,58,57,48,48,50,50,50,50,50,52,54,56,56,56,58,58,60,60,60,62,62,62,62,62,62,62,62,62,64,14],"gold":76,"neow_bonus":"TWO_FIFTY_GOLD","is_daily":false,"chose_seed":false,"campfire_upgraded":5,"win_rate":0.0,"timestamp":1609120390,"path_taken":["M","M","$","?","M","R","M","?","T","M","R","E","?","E","R","BOSS","M","$","?","?","?","E","R","?","T","E","?","R","M","?","R","BOSS","M","?","M","$","M","E","M","E","T","R","M","?","R","$","R","BOSS","R","$","E","BOSS"],"items_purchased_type":["Relic","Card","Relic","Relic"],"build_version":"2020-12-22","purchased_purges":4,"victory":true,"max_hp_per_floor":[70,70,70,70,70,70,70,70,70,72,72,79,79,81,81,81,81,88,88,93,93,95,95,95,95,95,97,48,48,50,50,50,50,50,52,54,56,56,58,58,58,60,60,60,62,62,62,62,62,62,62,62,62,64,64],"card_choices":[{"not_picked":["Dagger Spray","Prepared"],"picked":"Terror","floor":1.0},{"not_picked":["Slice","Outmaneuver","AT_KneejerkReflex"],"picked":"SKIP","floor":2.0},{"not_picked":["Bane","Heel Hook"],"picked":"AT_WindFlip","floor":5.0},{"not_picked":["Deadly Poison","Underhanded Strike","Dagger Spray"],"picked":"SKIP","floor":7.0},{"not_picked":["Endless Agony","Outmaneuver","Dodge and Roll"],"picked":"Singing Bowl","floor":10.0},{"not_picked":["REME_ShadowStrike","Cloak And Dagger","Dagger Throw"],"picked":"Singing Bowl","floor":12.0},{"not_picked":["Setup","Blade Dance","Bouncing Flask"],"picked":"Singing Bowl","floor":14.0},{"not_picked":["Burst","Doppelganger"],"picked":"Phantasmal Killer","floor":16.0},{"not_picked":["Acrobatics","Dodge and Roll","Concentrate"],"picked":"Singing Bowl","floor":18.0},{"not_picked":["Dagger Spray","Outmaneuver","Flying Knee"],"picked":"Singing Bowl","floor":22.0},{"not_picked":["Dodge and Roll","Underhanded Strike"],"picked":"Wraith Form v2","floor":23.0},{"not_picked":["Backflip","Reflex","Blur"],"picked":"Singing Bowl","floor":27.0},{"not_picked":["Terror","Sucker Punch+1","Flechettes"],"picked":"Singing Bowl","floor":30.0},{"not_picked":["Grand Finale","Phantasmal Killer","After Image"],"picked":"AT_EssenceShift","floor":33.0},{"not_picked":["Outmaneuver","AT_WindFlip","Dagger Spray+1","Dagger Throw"],"picked":"Singing Bowl","floor":35.0},{"not_picked":["Flying Knee","Riddle With Holes+1","Bane+1","Dagger Spray+1"],"picked":"Singing Bowl","floor":36.0},{"not_picked":["Riddle With Holes","AT_WindFlip+1","Bane+1","Dagger Throw"],"picked":"Singing Bowl","floor":37.0},{"not_picked":["AT_WindFlip+1","AT_ArcaneSupremacy+1","Outmaneuver","Poisoned Stab+1"],"picked":"Singing Bowl","floor":39.0},{"not_picked":["After Image","Dagger Throw+1","Wraith Form v2"],"picked":"Acrobatics","floor":40},{"not_picked":["AT_ArcaneSupremacy","PiercingWail+1","Dodge and Roll"],"picked":"AT_Desolate+1","floor":41},{"not_picked":["Terror","Bane","Deflect+1","AT_WindFlip+1"],"picked":"Singing Bowl","floor":42},{"not_picked":["AT_WindFlip","AT_TwilightShroud+1","Dodge and Roll+1","Storm of Steel"],"picked":"Singing Bowl","floor":45},{"not_picked":["Flying Knee","Dagger Spray+1","Phantasmal Killer","Outmaneuver+1"],"picked":"Singing Bowl","floor":54}],"player_experience":302260,"relics_obtained":[{"floor":8.0,"key":"Odd Mushroom"},{"floor":9.0,"key":"Singing Bowl"},{"floor":12.0,"key":"Bottled Tornado"},{"floor":14.0,"key":"Potion Belt"},{"floor":17.0,"key":"AT_ArchangelStaff"},{"floor":17.0,"key":"AT_BellowingDragoncrestRing"},{"floor":17.0,"key":"Peace Pipe"},{"floor":23.0,"key":"Nunchaku"},{"floor":25.0,"key":"StrikeDummy"},{"floor":26.0,"key":"REME_PuzzleBoxRelic"},{"floor":27.0,"key":"HornCleat"},{"floor":31.0,"key":"Question Card"},{"floor":40,"key":"Vajra"},{"floor":42,"key":"Whetstone"},{"floor":43,"key":"AT_GuinsooRageblade"},{"floor":54,"key":"Oddly Smooth Stone"}],"event_choices":[{"cards_removed":["Strike_G"],"damage_healed":0.0,"max_hp_gain":0.0,"max_hp_loss":0.0,"gold_gain":0.0,"event_name":"The Cleric","player_choice":"Card Removal","floor":4.0,"gold_loss":50.0,"damage_taken":0.0},{"damage_healed":0.0,"max_hp_gain":0.0,"max_hp_loss":0.0,"gold_gain":0.0,"event_name":"Mushrooms","player_choice":"Fought Mushrooms","floor":8.0,"gold_loss":0.0,"damage_taken":0.0},{"damage_healed":29.0,"max_hp_gain":0.0,"max_hp_loss":79.0,"gold_gain":0.0,"event_name":"betterThird:BetterShining","player_choice":"Embrace","floor":13.0,"gold_loss":0.0,"damage_taken":0.0},{"damage_healed":0.0,"max_hp_gain":5.0,"max_hp_loss":0.0,"gold_gain":0.0,"event_name":"Forgotten Altar","player_choice":"Shed Blood","floor":20.0,"gold_loss":0.0,"damage_taken":22.0},{"damage_healed":0.0,"max_hp_gain":0.0,"max_hp_loss":49.0,"gold_gain":0.0,"event_name":"Ghosts","player_choice":"Became a Ghost","floor":28.0,"gold_loss":0.0,"damage_taken":0.0,"cards_obtained":["Ghostly","Ghostly","Ghostly","Ghostly","Ghostly"]},{"cards_removed":["Defend_G"],"damage_healed":0,"gold_gain":0,"player_choice":"Offered Basic","damage_taken":0,"max_hp_gain":0,"max_hp_loss":0,"event_name":"Bonfire Elementals","floor":46,"gold_loss":0}],"is_beta":false,"boss_relics":[{"not_picked":["Fusion Hammer","Black Star"],"picked":"Calling Bell"},{"not_picked":["REME_DemonsWealth","Velvet Choker","Pandora\u0027s Box"]}],"items_purged_floors":[3,19,38,48],"is_endless":false,"potions_floor_spawned":[1,2,10,12,14,16,18,33,35,42,45],"ascension_level":6}}