{"host":"g5ctwwsvxeihc2vr","time":1609116449,"event":{"mods":["Act Like it!","BaseMod","Bestiary","Better Third Choice","Block Reminder","CapriCore","Dio Mod","Downfall","Hallownest","Hermit","JesterMod","Jorbs\u0027s Wanderer Trilogy","Koishi","Luminous","Marisa????????","Minty Spire (QoL Compilation)","Reimu??????","Remilia??????","StSLib","The Alterego","The Animator","The Bug Knight","The Cursed","The Fake Hero","The Hierophant","The Immortal","The Jungle","The Marked","The Runesmith","The Servant 0.9.4","The Wild Card","Waifu the Spire"],"gold_per_floor":[114,129,146,166,177,208,227,259,284,295,142,142,159,218,218,313,313,329,116,116,116,128,128,155,155,155,155,72,92,109,109,109,109,109],"floor_reached":33,"playtime":1975,"items_purged":[],"score":304,"play_id":"82de9c26-e945-495d-b5da-ddfa89565187","local_time":"20201227194729","is_ascension_mode":false,"campfire_choices":[{"floor":12,"key":"REST"},{"floor":15,"key":"REST"},{"data":"theMarked:ParalyzingBlade","floor":23,"key":"SMITH"},{"floor":25,"key":"REST"},{"floor":27,"key":"REST"},{"floor":32,"key":"REST"}],"circlet_count":0,"master_deck":["theMarked:Strike","theMarked:Strike","theMarked:Strike","theMarked:Strike","theMarked:Strike","theMarked:Defend","theMarked:Defend","theMarked:Defend","theMarked:Defend","theMarked:SoldierOfQuellstein","theMarked:EmpowerWeapon","theMarked:ResourceFulStrike","theMarked:SwordAndMagic","theMarked:EmpowerWeapon","theMarked:Overcharge","theMarked:TakeOffHeels","theMarked:MuscleMemory","theMarked:ParalyzingBlade","theMarked:ParalyzingBlade+1","theMarked:RogueSparks","expansioncontent:Collect"],"relics":["theMarked:ArtifactOfAir","Tea:ReiMu","Regal Pillow","MealTicket","Vajra","Bronze Scales","Velvet Choker","Lee\u0027s Waffle","MutagenicStrength","Bag of Preparation","Pantograph","Boot"],"acts_visited":["Exordium","TheCity"],"potions_floor_usage":[16,16,24,33,33,33],"damage_taken":[{"damage":0,"enemies":"2 Louse","floor":1,"turns":2},{"damage":5,"enemies":"Small Slimes","floor":2,"turns":3},{"damage":0,"enemies":"Cultist","floor":3,"turns":3},{"damage":9,"enemies":"Blue Slaver","floor":4,"turns":3},{"damage":13,"enemies":"Exordium Thugs","floor":5,"turns":4},{"damage":0,"enemies":"HollowMod:MossKnight","floor":6,"turns":4},{"damage":5,"enemies":"Looter","floor":7,"turns":3},{"damage":15,"enemies":"Gremlin Nob","floor":8,"turns":3},{"damage":0,"enemies":"2 Fungi Beasts","floor":10,"turns":2},{"damage":1,"enemies":"Large Slime","floor":13,"turns":5},{"damage":32,"enemies":"Gremlin Nob","floor":14,"turns":5},{"damage":33,"enemies":"Hexaghost","floor":16,"turns":8},{"damage":7,"enemies":"Shell Parasite","floor":18,"turns":3},{"damage":12,"enemies":"Centurion and Healer","floor":22,"turns":4},{"damage":49,"enemies":"Gremlin Leader","floor":24,"turns":6},{"damage":30,"enemies":"Sentry and Sphere","floor":29,"turns":4},{"damage":6,"enemies":"Snake Plant","floor":30,"turns":4},{"damage":85,"enemies":"Collector","floor":33,"turns":5}],"seed_played":"8500682781125128633","potions_obtained":[{"floor":2,"key":"theMarked:ChargePotion"},{"floor":5,"key":"FearPotion"},{"floor":6,"key":"Weak Potion"},{"floor":18,"key":"GrandPatriotsElixir:ReiMu"},{"floor":22,"key":"sneckomod:MuddlingPotion"},{"floor":24,"key":"Weak Potion"}],"is_trial":false,"path_per_floor":["M","M","M","M","M","E","M","E","T","M","$","R","M","?","R","B",null,"M","$","?","?","M","R","E","R","T","R","$","M","M","?","R","B"],"character_chosen":"THE_DEFAULT","items_purchased":["Vajra","theMarked:ParalyzingBlade","Lee\u0027s Waffle","expansioncontent:Collect"],"campfire_rested":5,"item_purchase_floors":[11,19,19,28],"current_hp_per_floor":[77,72,72,63,50,50,45,30,30,30,45,77,76,44,77,44,77,70,84,84,84,72,72,23,63,63,84,84,54,48,48,84,0,0],"gold":109,"neow_bonus":"TEN_PERCENT_HP_BONUS","is_daily":false,"chose_seed":false,"campfire_upgraded":1,"win_rate":0.0,"timestamp":1609116449,"path_taken":["M","M","M","M","M","E","M","E","T","M","$","R","M","?","R","BOSS","M","$","?","?","?","R","E","R","T","R","$","M","?","?","R","BOSS"],"items_purchased_type":["Relic","Card","Relic","Card"],"build_version":"2020-12-22","purchased_purges":0,"victory":false,"max_hp_per_floor":[77,77,77,77,77,77,77,77,77,77,77,77,77,77,77,77,77,77,84,84,84,84,84,84,84,84,84,84,84,84,84,84,84,84],"card_choices":[{"not_picked":["theMarked:Aftermath","theMarked:Frustration"],"picked":"theMarked:EmpowerWeapon","floor":1},{"not_picked":["theMarked:BanishingWave","theMarked:Parkour"],"picked":"theMarked:ResourceFulStrike","floor":2},{"not_picked":["theMarked:Reabsorb","theMarked:ElectricStrings"],"picked":"theMarked:SwordAndMagic","floor":3},{"not_picked":["theMarked:ResourceFulStrike","theMarked:HeightenedSenses"],"picked":"theMarked:EmpowerWeapon","floor":4},{"not_picked":["theMarked:Improvise","theMarked:SelfDefenseTraining","theMarked:EnhanceMovement"],"picked":"SKIP","floor":5},{"not_picked":["theMarked:Overthink","theMarked:RepellingDischarge","theMarked:WardOff"],"picked":"SKIP","floor":6},{"not_picked":["theMarked:Static","theMarked:Polarize"],"picked":"theMarked:Overcharge","floor":7},{"not_picked":["theMarked:Opportunist","theMarked:GodGivenPower"],"picked":"theMarked:TakeOffHeels","floor":8},{"not_picked":["theMarked:HeightenedSenses","theMarked:MagicAdept","theMarked:StartUp"],"picked":"SKIP","floor":10},{"not_picked":["theMarked:RepellingDischarge","theMarked:ResourceFulStrike","theMarked:Panic"],"picked":"SKIP","floor":13},{"not_picked":["theMarked:Levitate","theMarked:FavorableWinds"],"picked":"theMarked:MuscleMemory","floor":16},{"not_picked":["theMarked:ContemptForTheProud","theMarked:WastefulAttack+1","theMarked:Static"],"picked":"SKIP","floor":18},{"not_picked":["theMarked:ElectricStrings","theMarked:Seal","theMarked:HeightenedSenses+1"],"picked":"SKIP","floor":22},{"not_picked":["theMarked:BindingBlade","theMarked:MaelstromOfLightning"],"picked":"theMarked:RogueSparks","floor":24},{"not_picked":["theMarked:Overcharge","theMarked:WastefulDefense","theMarked:Electrocute"],"picked":"SKIP","floor":29},{"not_picked":["theMarked:SwordAndMagic","theMarked:Frustration+1","theMarked:Static+1"],"picked":"SKIP","floor":30}],"player_experience":307014,"relics_obtained":[{"floor":6,"key":"Tea:ReiMu"},{"floor":8,"key":"Regal Pillow"},{"floor":9,"key":"MealTicket"},{"floor":14,"key":"Bronze Scales"},{"floor":24,"key":"Bag of Preparation"},{"floor":26,"key":"Pantograph"}],"event_choices":[{"damage_healed":0,"gold_gain":0,"player_choice":"Searched \u00272\u0027 times","damage_taken":0,"max_hp_gain":0,"max_hp_loss":0,"event_name":"Dead Adventurer","floor":14,"gold_loss":0},{"damage_healed":0,"gold_gain":0,"player_choice":"Inject Mutagens","damage_taken":0,"relics_obtained":["MutagenicStrength"],"max_hp_gain":0,"max_hp_loss":0,"event_name":"Drug Dealer","floor":20,"gold_loss":0},{"damage_healed":0,"gold_gain":0,"player_choice":"Copied","damage_taken":0,"max_hp_gain":0,"max_hp_loss":0,"event_name":"Duplicator","floor":21,"gold_loss":0,"cards_obtained":["theMarked:ParalyzingBlade"]},{"damage_healed":0,"gold_gain":0,"player_choice":"Opened","damage_taken":0,"relics_obtained":["Boot"],"max_hp_gain":0,"max_hp_loss":0,"event_name":"The Mausoleum","floor":31,"gold_loss":0}],"is_beta":false,"boss_relics":[{"not_picked":["Ectoplasm","Snecko Eye"],"picked":"Velvet Choker"}],"items_purged_floors":[],"is_endless":false,"potions_floor_spawned":[2,5,6,10,13,18,22,24],"killed_by":"Collector","ascension_level":0}}