{"host":"f5n4tidiz2n5sooh","time":1609153542,"event":{"mods":["BaseMod","Bestiary","Colored Map","Minty Spire (QoL Compilation)","Relic Stats","StSLib"],"gold_per_floor":[110,127,145,145,160,187,187,213,239,239,249,268,268,268,268,268,268],"floor_reached":16,"playtime":611,"items_purged":[],"score":224,"play_id":"55d673de-b692-4027-8c1c-dcc8e3ca0d6d","local_time":"20201228050542","is_ascension_mode":true,"campfire_choices":[{"floor":7,"key":"REST"},{"data":"Neutralize","floor":10,"key":"SMITH"},{"floor":15,"key":"REST"}],"circlet_count":0,"master_deck":["AscendersBane","Strike_G","Strike_G","Strike_G","Strike_G","Defend_G","Defend_G","Defend_G","Defend_G","Defend_G","Survivor","Neutralize+1","Unload","Blur","Footwork","Well Laid Plans","Blade Dance","Poisoned Stab"],"relics":["Ring of the Snake","Smiling Mask","Art of War","MealTicket","Golden Idol"],"acts_visited":["Exordium"],"potions_floor_usage":[6,6,8],"damage_taken":[{"damage":0,"enemies":"Cultist","floor":1,"turns":3},{"damage":0,"enemies":"Small Slimes","floor":2,"turns":5},{"damage":0,"enemies":"2 Louse","floor":3,"turns":4},{"damage":5,"enemies":"Exordium Wildlife","floor":5,"turns":9},{"damage":10,"enemies":"Lagavulin","floor":6,"turns":5},{"damage":29,"enemies":"Gremlin Nob","floor":8,"turns":4},{"damage":2,"enemies":"Blue Slaver","floor":11,"turns":5},{"damage":7,"enemies":"3 Louse","floor":12,"turns":4},{"damage":41,"enemies":"Slime Boss","floor":16,"turns":10}],"seed_played":"-500843996666307027","potions_obtained":[{"floor":1,"key":"SteroidPotion"},{"floor":2,"key":"SpeedPotion"},{"floor":3,"key":"FearPotion"},{"floor":6,"key":"Fire Potion"}],"is_trial":false,"path_per_floor":["M","M","M","?","M","E","R","E","T","R","M","M","?","?","R","B"],"character_chosen":"THE_SILENT","items_purchased":[],"campfire_rested":2,"item_purchase_floors":[],"current_hp_per_floor":[44,44,44,44,39,29,48,19,19,19,17,10,10,10,28,0,0],"gold":268,"neow_bonus":"THREE_RARE_CARDS","is_daily":false,"chose_seed":false,"campfire_upgraded":1,"win_rate":0.0,"timestamp":1609153542,"path_taken":["M","M","M","?","?","E","R","E","T","R","M","M","?","?","R","BOSS"],"items_purchased_type":[],"build_version":"2020-12-22","purchased_purges":0,"victory":false,"max_hp_per_floor":[66,66,66,66,66,66,66,66,66,66,66,66,66,60,60,60,60],"relic_stats":{"counters":[9,49],"Golden Idol":0,"MealTicket":0,"Art of War":[1],"Smiling Mask":0,"obtain_stats":[{"Golden Idol":14,"MealTicket":9,"Art of War":8,"Smiling Mask":6,"Ring of the Snake":0},{"Golden Idol":8,"MealTicket":6,"Art of War":6,"Smiling Mask":5,"Ring of the Snake":0},{"Golden Idol":39,"MealTicket":30,"Art of War":30,"Smiling Mask":26,"Ring of the Snake":0}],"Ring of the Snake":[18]},"card_choices":[{"not_picked":["Doppelganger","Envenom"],"picked":"Unload","floor":0},{"not_picked":["Backflip","Backstab"],"picked":"Blur","floor":1},{"not_picked":["Deflect","Sucker Punch"],"picked":"Footwork","floor":2},{"not_picked":["Prepared","Calculated Gamble"],"picked":"Well Laid Plans","floor":3},{"not_picked":["Accuracy","Dodge and Roll"],"picked":"Blade Dance","floor":5},{"not_picked":["Caltrops","PiercingWail"],"picked":"Poisoned Stab","floor":6},{"not_picked":["Underhanded Strike","Sucker Punch","Caltrops"],"picked":"SKIP","floor":8},{"not_picked":["Unload","Cloak And Dagger","Blade Dance"],"picked":"SKIP","floor":11},{"not_picked":["Deflect","Concentrate","Deadly Poison"],"picked":"SKIP","floor":12}],"player_experience":1939086,"relics_obtained":[{"floor":6,"key":"Smiling Mask"},{"floor":8,"key":"Art of War"},{"floor":9,"key":"MealTicket"}],"event_choices":[{"cards_removed":["Strike_G"],"damage_healed":0,"gold_gain":0,"player_choice":"Offered Basic","damage_taken":0,"max_hp_gain":0,"max_hp_loss":0,"event_name":"Bonfire Elementals","floor":4,"gold_loss":0},{"damage_healed":0,"gold_gain":0,"player_choice":"Searched \u00270\u0027 times","damage_taken":0,"max_hp_gain":0,"max_hp_loss":0,"event_name":"Dead Adventurer","floor":13,"gold_loss":0},{"damage_healed":0,"gold_gain":0,"player_choice":"Lose Max HP","damage_taken":0,"relics_obtained":["Golden Idol"],"max_hp_gain":0,"max_hp_loss":6,"event_name":"Golden Idol","floor":14,"gold_loss":0}],"is_beta":false,"boss_relics":[],"items_purged_floors":[],"is_endless":false,"potions_floor_spawned":[1,2,3,6],"killed_by":"Slime Boss","ascension_level":20}}