{"host":"8yg5xi2a6w9qkgsw","time":1609176248,"event":{"mods":["AchievementEnabler","BaseMod","Block Reminder","Colored Powertips","Minty Spire (QoL Compilation)","MonsterHotkey","Random Character Button","Relic Stats"],"gold_per_floor":[114,289,289,68,68,95,95,139,139,162,187,187,210,238,238,320,320,347,446,458,152,171,171,206,206,258,297,297,197,208,20,20,101,101,125,125,159,188,188,188,214,239,239,278,287,71,106,131,131,131],"floor_reached":51,"playtime":8246,"items_purged":["Doubt","Strike_B","Defend_B","Pain"],"score":1533,"play_id":"5e30b2c6-604a-47a6-8dfd-31207c4d0563","local_time":"20201228182408","is_ascension_mode":true,"campfire_choices":[{"data":"Consume","floor":7.0,"key":"SMITH"},{"data":"Ball Lightning","floor":12.0,"key":"SMITH"},{"data":"Zap","floor":15.0,"key":"SMITH"},{"data":"Aggregate","floor":23.0,"key":"SMITH"},{"data":"Buffer","floor":28.0,"key":"SMITH"},{"data":"Coolheaded","floor":32.0,"key":"SMITH"},{"data":"Buffer","floor":40.0,"key":"SMITH"},{"data":"Hologram","floor":49,"key":"SMITH"}],"circlet_count":0,"master_deck":["AscendersBane","Strike_B","Strike_B","Defend_B","Defend_B","Defend_B","Zap+1","Dualcast","Conserve Battery","Steam","Consume+1","Go for the Eyes","Ball Lightning+1","Coolheaded+1","Chill","Buffer+1","Double Energy","Aggregate+1","Buffer+1","Loop+1","Self Repair","Core Surge","White Noise+1","Cold Snap","Redo","Hologram+1","Reboot","Redo","Darkness","Hologram"],"relics":["Cracked Core","NeowsBlessing","Runic Capacitor","Bag of Preparation","CeramicFish","Nunchaku","Juzu Bracelet","Runic Pyramid","Ice Cream","Ancient Tea Set","MealTicket","Kunai","Nuclear Battery","Dead Branch","Vajra","Smiling Mask","WarpedTongs","Medical Kit","Orichalcum"],"acts_visited":["Exordium","TheCity","TheBeyond"],"potions_floor_usage":[41],"damage_taken":[{"damage":0.0,"enemies":"2 Louse","floor":1.0,"turns":1.0},{"damage":0.0,"enemies":"3 Sentries","floor":6.0,"turns":2.0},{"damage":0.0,"enemies":"Lagavulin","floor":8.0,"turns":1.0},{"damage":2.0,"enemies":"Small Slimes","floor":10.0,"turns":3.0},{"damage":0.0,"enemies":"Jaw Worm","floor":11.0,"turns":3.0},{"damage":2.0,"enemies":"2 Fungi Beasts","floor":13.0,"turns":3.0},{"damage":11.0,"enemies":"Gremlin Nob","floor":14.0,"turns":4.0},{"damage":0.0,"enemies":"The Guardian","floor":16.0,"turns":9.0},{"damage":13.0,"enemies":"3 Byrds","floor":18.0,"turns":4.0},{"damage":0.0,"enemies":"Chosen","floor":20.0,"turns":5.0},{"damage":23.0,"enemies":"Snake Plant","floor":22.0,"turns":4.0},{"damage":15.0,"enemies":"Gremlin Leader","floor":24.0,"turns":9.0},{"damage":4.0,"enemies":"Book of Stabbing","floor":27.0,"turns":6.0},{"damage":0.0,"enemies":"3 Cultists","floor":30.0,"turns":7.0},{"damage":0.0,"enemies":"Automaton","floor":33.0,"turns":9.0},{"damage":3.0,"enemies":"Orb Walker","floor":35.0,"turns":3.0},{"damage":10.0,"enemies":"Mind Bloom Boss Battle","floor":37.0,"turns":7.0},{"damage":19.0,"enemies":"3 Shapes","floor":38.0,"turns":5.0},{"damage":6,"enemies":"Reptomancer","floor":41,"turns":9},{"damage":0,"enemies":"Maw","floor":42,"turns":7},{"damage":3,"enemies":"Giant Head","floor":44,"turns":7},{"damage":0,"enemies":"Reptomancer","floor":47,"turns":13},{"damage":0,"enemies":"4 Shapes","floor":48,"turns":6},{"damage":14,"enemies":"Donu and Deca","floor":50,"turns":7}],"seed_played":"5238336784963085708","potions_obtained":[{"floor":8.0,"key":"SteroidPotion"},{"floor":11.0,"key":"PotionOfCapacity"},{"floor":14.0,"key":"LiquidMemories"},{"floor":16.0,"key":"SmokeBomb"},{"floor":24.0,"key":"DistilledChaos"},{"floor":33.0,"key":"Weak Potion"},{"floor":35.0,"key":"SteroidPotion"},{"floor":41,"key":"SpeedPotion"}],"is_trial":false,"path_per_floor":["M","?","?","$","?","E","R","E","T","M","M","R","M","E","R","B",null,"M","?","M","$","M","R","E","?","T","E","R","$","M","$","R","B",null,"M","?","?","M","$","R","E","M","T","E","?","$","E","M","R","B",null],"character_chosen":"DEFECT","items_purchased":["Runic Capacitor","Ice Cream","Self Repair","Medical Kit","Redo"],"campfire_rested":0,"item_purchase_floors":[4,21,31,46,46],"current_hp_per_floor":[68,68,73,73,73,73,73,73,73,71,71,71,69,58,58,58,75,62,62,62,62,39,39,24,24,24,20,20,35,35,50,50,57,74,78,78,75,63,78,78,79,80,80,80,80,80,80,80,80,73],"gold":131,"neow_bonus":"THREE_ENEMY_KILL","is_daily":false,"chose_seed":false,"campfire_upgraded":8,"win_rate":0.0,"timestamp":1609176248,"path_taken":["M","?","?","$","?","E","R","E","T","M","M","R","M","E","R","BOSS","M","?","M","$","M","R","E","?","T","E","R","$","M","$","R","BOSS","M","?","?","M","$","R","E","M","T","E","?","$","E","M","R","BOSS"],"items_purchased_type":["Relic","Relic","Card","Relic","Card"],"build_version":"2020-12-22","purchased_purges":4,"victory":true,"max_hp_per_floor":[75,75,80,80,80,80,80,80,80,80,80,80,80,80,80,80,80,80,80,80,80,80,80,80,80,80,80,80,80,80,80,80,80,80,80,80,80,80,80,80,80,80,80,80,80,80,80,80,80,80],"relic_stats":{"counters":[24,134],"CeramicFish":180,"Dead Branch":[69],"Bag of Preparation":[44],"Juzu Bracelet":0,"Orichalcum":[6],"Smiling Mask":100,"Medical Kit":[13],"WarpedTongs":[26],"Nunchaku":[20],"MealTicket":45,"Kunai":[27],"obtain_stats":[{"Ice Cream":21,"NeowsBlessing":0,"CeramicFish":8,"Dead Branch":37,"Vajra":41,"Runic Capacitor":4,"Bag of Preparation":6,"Juzu Bracelet":14,"Orichalcum":47,"Ancient Tea Set":24,"Smiling Mask":44,"Medical Kit":46,"Nuclear Battery":34,"WarpedTongs":45,"Nunchaku":9,"MealTicket":26,"Kunai":27,"Cracked Core":0,"Runic Pyramid":17},{"Ice Cream":10,"NeowsBlessing":0,"CeramicFish":3,"Dead Branch":17,"Vajra":19,"Runic Capacitor":1,"Bag of Preparation":2,"Juzu Bracelet":7,"Orichalcum":22,"Ancient Tea Set":12,"Smiling Mask":21,"Medical Kit":21,"Nuclear Battery":15,"WarpedTongs":21,"Nunchaku":3,"MealTicket":12,"Kunai":13,"Cracked Core":0,"Runic Pyramid":8},{"Ice Cream":35,"NeowsBlessing":0,"CeramicFish":4,"Dead Branch":80,"Vajra":94,"Runic Capacitor":1,"Bag of Preparation":3,"Juzu Bracelet":17,"Orichalcum":121,"Ancient Tea Set":48,"Smiling Mask":108,"Medical Kit":108,"Nuclear Battery":70,"WarpedTongs":108,"Nunchaku":4,"MealTicket":48,"Kunai":54,"Cracked Core":0,"Runic Pyramid":26}]},"card_choices":[{"not_picked":["Rebound","Beam Cell"],"picked":"Conserve Battery","floor":1.0},{"not_picked":["Go for the Eyes","Auto Shields"],"picked":"Consume","floor":6.0},{"not_picked":["Hologram","Streamline"],"picked":"Go for the Eyes","floor":8.0},{"not_picked":["Cold Snap","Beam Cell"],"picked":"Ball Lightning","floor":10.0},{"not_picked":["Rebound","Genetic Algorithm"],"picked":"Coolheaded","floor":11.0},{"not_picked":["Turbo","Leap"],"picked":"Chill","floor":13.0},{"not_picked":["Hello World","Gash","Creative AI"],"picked":"SKIP","floor":14.0},{"not_picked":["Thunder Strike","Meteor Strike"],"picked":"Buffer","floor":16.0},{"not_picked":["Static Discharge","Barrage"],"picked":"Double Energy","floor":18.0},{"not_picked":["Cold Snap","Streamline","Coolheaded+1"],"picked":"SKIP","floor":20.0},{"not_picked":["Ball Lightning+1","Genetic Algorithm"],"picked":"Aggregate","floor":22.0},{"not_picked":["Stack","Leap"],"picked":"Buffer","floor":24.0},{"not_picked":["Glacier","FTL"],"picked":"Loop+1","floor":27.0},{"not_picked":["Beam Cell","Rebound","Double Energy"],"picked":"SKIP","floor":30.0},{"not_picked":["Machine Learning","Hyperbeam"],"picked":"Core Surge","floor":33.0},{"not_picked":["Rebound","Self Repair"],"picked":"White Noise+1","floor":35.0},{"not_picked":["Static Discharge","Heatsinks"],"picked":"Cold Snap","floor":37.0},{"not_picked":["Barrage","Conserve Battery"],"picked":"Redo","floor":38.0},{"not_picked":["Barrage","Hello World","Consume"],"picked":"SKIP","floor":41},{"not_picked":["Sweeping Beam","Steam"],"picked":"Hologram","floor":42},{"not_picked":["FTL","Hologram"],"picked":"Reboot","floor":44},{"not_picked":["Fusion+1","Melter"],"picked":"Darkness","floor":47},{"not_picked":["Consume","Auto Shields+1"],"picked":"Hologram","floor":48}],"player_experience":1434177,"relics_obtained":[{"floor":6.0,"key":"Bag of Preparation"},{"floor":8.0,"key":"CeramicFish"},{"floor":9.0,"key":"Nunchaku"},{"floor":14.0,"key":"Juzu Bracelet"},{"floor":24.0,"key":"Ancient Tea Set"},{"floor":26.0,"key":"MealTicket"},{"floor":27.0,"key":"Kunai"},{"floor":37.0,"key":"Dead Branch"},{"floor":41,"key":"Vajra"},{"floor":44,"key":"Smiling Mask"},{"floor":47,"key":"Orichalcum"}],"event_choices":[{"damage_healed":0.0,"max_hp_gain":0.0,"max_hp_loss":0.0,"gold_gain":175.0,"event_name":"Liars Game","player_choice":"AGREE","floor":2.0,"gold_loss":0.0,"damage_taken":0.0,"cards_obtained":["Doubt"]},{"damage_healed":0.0,"max_hp_gain":5.0,"max_hp_loss":0.0,"gold_gain":0.0,"event_name":"Big Fish","player_choice":"Donut","floor":3.0,"gold_loss":0.0,"damage_taken":0.0},{"damage_healed":0.0,"max_hp_gain":0.0,"max_hp_loss":0.0,"gold_gain":0.0,"cards_transformed":["Strike_B"],"event_name":"Living Wall","player_choice":"Change","floor":5.0,"gold_loss":0.0,"damage_taken":0.0,"cards_obtained":["Steam"]},{"damage_healed":0.0,"max_hp_gain":0.0,"max_hp_loss":0.0,"gold_gain":99.0,"event_name":"Nest","player_choice":"Stole From Cult","floor":19.0,"gold_loss":0.0,"damage_taken":0.0},{"damage_healed":0.0,"max_hp_gain":0.0,"max_hp_loss":0.0,"gold_gain":0.0,"event_name":"Ghosts","player_choice":"Ignored","floor":25.0,"gold_loss":0.0,"damage_taken":0.0},{"damage_healed":0.0,"max_hp_gain":0.0,"max_hp_loss":0.0,"gold_gain":0.0,"event_name":"Tomb of Lord Red Mask","player_choice":"Ignored","floor":36.0,"gold_loss":0.0,"damage_taken":0.0},{"damage_healed":0.0,"max_hp_gain":0.0,"max_hp_loss":0.0,"gold_gain":0.0,"event_name":"MindBloom","player_choice":"Fight","floor":37.0,"gold_loss":0.0,"damage_taken":0.0},{"damage_healed":0,"gold_gain":0,"player_choice":"Rummage","damage_taken":0,"relics_obtained":["WarpedTongs"],"max_hp_gain":0,"max_hp_loss":0,"event_name":"Accursed Blacksmith","floor":45,"gold_loss":0,"cards_obtained":["Pain"]}],"is_beta":false,"boss_relics":[{"not_picked":["Calling Bell","Cursed Key"],"picked":"Runic Pyramid"},{"not_picked":["Runic Dome","Tiny House"],"picked":"Nuclear Battery"}],"items_purged_floors":[4,29,31,46],"is_endless":false,"potions_floor_spawned":[8,11,14,16,24,30,33,35,38,41],"ascension_level":13}}