{"host":"bxdue9bkfm2khp2x","time":1609145210,"event":{"mods":["ATMod(阿瑾Mod)","Aspiration","BaseMod","Better Vampires","Challenge The Spire","Colored Powertips","Conspire","Decade(王小明)","Dota2Spire","Highlight Path","Minty Spire (QoL Compilation)","MostiFishMod","Replay The Spire","RumiaBox-露米娅的神秘盒子","Spicy Shops","StSLib","Td1madao Mod","The Alterego","The Cursed","WarShipGirlsR/战舰少女R mod","noobMod","vexMod","【功能Mod】混沌之环修复补丁","【遗物卡牌】REMEMod","篝火指南"],"gold_per_floor":[118,43,43,54,68,68,85,85,85,114,128,161,161,161,61,163,163,181,193,193,193,45,45,136,176,228,228,294,294,393,551,551,675,675,770,805,715,854,854,576,618,56,107,107,151,0,87,137,87,137],"floor_reached":51,"playtime":4243,"items_purged":["Strike_R","Strike_R","Strike_R","Strike_R","Iron Wave+1"],"score":928,"play_id":"36017cc9-2236-4064-ad87-46ecd6d19533","local_time":"20201228164650","is_ascension_mode":true,"campfire_choices":[{"data":"Flame Barrier","floor":6.0,"key":"SMITH"},{"data":"Barricade","floor":8.0,"key":"SMITH"},{"data":"MostiFishMod:RacingGame","floor":13.0,"key":"SMITH"},{"data":"AT_ShrugMaster","floor":23.0,"key":"SMITH"},{"data":"Defend_R","floor":27.0,"key":"SMITH"},{"data":"Bash","floor":29.0,"key":"SMITH"},{"data":"Metallicize","floor":32.0,"key":"SMITH"},{"data":"Entrench","floor":44.0,"key":"SMITH"}],"circlet_count":0,"master_deck":["Defend_R+1","Defend_R+1","Defend_R+1","Bash+1","MostiFishMod:IntelligentEquipment+1","AT_ChampionStep+1","Headbutt","Flame Barrier+1","Barricade+1","Rampage+1","MostiFishMod:RacingGame+1","REME_ACTH+1","AT_ShrugMaster+1","Metallicize+1","Impervious+1","Entrench+1","Entrench+1","ReplayTheSpireMod:Private Reserves","Body Slam+1"],"relics":["Burning Blood","DaveBox","REME_ComplimentaryCards","ice","AT_ATBox","RhineCircuit","SynthV:TestCard","Red Skull","Odd Mushroom","vexMod:ImprovementManual","MutagenicStrength","AT_MibuBalloonWealth","Dota2Spire:LotusOrb","Replay:Accelerometer","Black Star","Medical Kit","conspire:BottledYoYo","Smiling Mask","Red Mask","Dota2Spire:ShivaGuard"],"acts_visited":["Exordium","TheCity","TheBeyond"],"potions_floor_usage":[50,50],"damage_taken":[{"damage":5.0,"enemies":"Cultist","floor":1.0,"turns":4.0},{"damage":0.0,"enemies":"conspire:RoseBush","floor":4.0,"turns":3.0},{"damage":0.0,"enemies":"Jaw Worm","floor":5.0,"turns":3.0},{"damage":4.0,"enemies":"conspire:2 RoseBushes","floor":7.0,"turns":6.0},{"damage":3.0,"enemies":"The Mushroom Lair","floor":10.0,"turns":3.0},{"damage":0.0,"enemies":"Looter","floor":11.0,"turns":3.0},{"damage":0.0,"enemies":"Lagavulin","floor":12.0,"turns":3.0},{"damage":25.0,"enemies":"Hexaghost","floor":16.0,"turns":4.0},{"damage":0.0,"enemies":"Spheric Guardian","floor":18.0,"turns":3.0},{"damage":16.0,"enemies":"2 Thieves","floor":19.0,"turns":3.0},{"damage":0.0,"enemies":"3 Cultists","floor":24.0,"turns":2.0},{"damage":0.0,"enemies":"Snake Plant","floor":25.0,"turns":2.0},{"damage":5.0,"enemies":"Sentry and Sphere","floor":28.0,"turns":3.0},{"damage":3.0,"enemies":"conspire:Head Lice","floor":31.0,"turns":3.0},{"damage":18.0,"enemies":"Champ","floor":33.0,"turns":4.0},{"damage":0.0,"enemies":"3 Shapes","floor":35.0,"turns":5.0},{"damage":1.0,"enemies":"Orb Walker","floor":36.0,"turns":3.0},{"damage":25.0,"enemies":"3 Darklings","floor":38.0,"turns":4.0},{"damage":0.0,"enemies":"Spire Growth","floor":41.0,"turns":3.0},{"damage":22.0,"enemies":"Writhing Mass","floor":45.0,"turns":5.0},{"damage":0.0,"enemies":"Jaw Worm Horde","floor":47.0,"turns":4.0},{"damage":0.0,"enemies":"R_Hoarder","floor":48.0,"turns":4.0},{"damage":8,"enemies":"conspire:OrnateMirror","floor":50,"turns":5}],"seed_played":"-2505829667771168667","potions_obtained":[{"floor":5.0,"key":"PowerPotion"},{"floor":7.0,"key":"BloodPotion"},{"floor":11.0,"key":"AttackPotion"},{"floor":12.0,"key":"Block Potion"},{"floor":16.0,"key":"Swift Potion"},{"floor":18.0,"key":"Strength Potion"},{"floor":33.0,"key":"Strength Potion"},{"floor":41.0,"key":"Fire Potion"},{"floor":48,"key":"Weak Potion"}],"is_trial":false,"path_per_floor":["M","$","?","M","M","R","M","R","T","?","M","E","R","?","R","B",null,"M","M","?","?","$","R","M","M","T","R","M","R","?","E","R","B",null,"M","M","?","M","?","R","M","$","T","R","M","?","M","E","R","B",null],"character_chosen":"IRONCLAD","items_purchased":["AT_MibuBalloonWealth","Entrench","ReplayTheSpireMod:Private Reserves","Medical Kit","conspire:BottledYoYo"],"campfire_rested":0,"item_purchase_floors":[22,40,40,42,42],"current_hp_per_floor":[80,80,73,79,80,80,80,80,80,80,80,80,80,80,80,61,75,80,80,80,80,80,80,80,80,80,80,80,80,80,80,80,68,77,80,80,80,61,61,61,67,67,67,67,51,51,57,77,77,75],"gold":137,"neow_bonus":"UPGRADE_CARD","is_daily":false,"chose_seed":false,"campfire_upgraded":8,"win_rate":0.0,"timestamp":1609145210,"path_taken":["M","$","?","M","M","R","M","R","T","?","M","E","R","?","R","BOSS","M","M","?","?","$","R","M","M","T","R","M","R","?","E","R","BOSS","M","M","?","?","?","R","?","$","T","R","M","?","M","E","R","BOSS"],"items_purchased_type":["Relic","Card","Card","Relic","Relic"],"build_version":"2020-12-22","purchased_purges":5,"victory":true,"max_hp_per_floor":[80,80,80,80,80,80,80,80,80,80,80,80,80,80,80,80,80,80,80,80,80,80,80,80,80,80,80,80,80,80,80,80,80,80,80,80,80,80,80,80,80,80,80,80,80,80,80,80,80,80],"card_choices":[{"not_picked":["Fire Breathing","AT_BodySlamDance"],"picked":"Headbutt","floor":1.0},{"not_picked":["Wild Strike","Havoc","Shrug It Off","Hemokinesis"],"picked":"Flame Barrier","floor":4.0},{"not_picked":["MostiFishMod:#F4004","AT_ShrugMaster","Wild Strike","Bloodletting"],"picked":"Barricade","floor":5.0},{"not_picked":["Warcry","Run Through","Defy Death","Perfected Strike","Replay:Undeath\u0027s Touch"],"picked":"SKIP","floor":7.0},{"not_picked":["Flex","Sword Boomerang","Clothesline","Warcry"],"picked":"Rampage","floor":11.0},{"not_picked":["Double Tap","Sword Boomerang","Clothesline","Iron Wave"],"picked":"MostiFishMod:RacingGame","floor":12.0},{"not_picked":["Fiend Fire","Immolate","Feed","MostiFishMod:PerfectStrikeMKII"],"picked":"REME_ACTH","floor":16.0},{"not_picked":["Bloodletting+1","Cleave+1","Disarm+1","Perfected Strike"],"picked":"Iron Wave+1","floor":18.0},{"not_picked":["Sword Boomerang","Dark Embrace+1","REME_TheLastStrike","Shrug It Off","Wild Strike"],"picked":"SKIP","floor":19.0},{"not_picked":["Combust+1","Clash","Power Through","Clothesline","ReplayTheSpireMod:LeadingStrike"],"picked":"SKIP","floor":24.0},{"not_picked":["Sever Soul","REME_Scribble+1","AT_BodySlamDance","Clash","Evolve"],"picked":"SKIP","floor":25.0},{"not_picked":["Warcry","Havoc","Pummel","Seeing Red","Anger"],"picked":"SKIP","floor":28.0},{"not_picked":["REME_SingleHolding","Seeing Red+1","ReplayTheSpireMod:Corrosion Curse","Thunderclap+1"],"picked":"Metallicize","floor":31.0},{"not_picked":["conspire:HitWhereItHurts","MostiFishMod:RainCloud","MostiFishMod:HellRitual","Hemogenesis"],"picked":"Impervious","floor":33.0},{"not_picked":["Twin Strike+1","Defy Death","Replay:Undeath\u0027s Touch","Shrug It Off+1"],"picked":"Entrench","floor":35.0},{"not_picked":["Reckless Charge+1","Wild Strike","Thunderclap+1","ReplayTheSpireMod:LeadingStrike","Armaments+1"],"picked":"SKIP","floor":36.0},{"not_picked":["conspire:Purge","Thunderclap+1","Intimidate+1","Pommel Strike","Rampage"],"picked":"SKIP","floor":38.0},{"not_picked":["Sword Boomerang","MostiFishMod:RacingGame","Headbutt","Massacre","Defy Death"],"picked":"SKIP","floor":41.0},{"not_picked":["Cleave","ReplayTheSpireMod:Corrosion Curse","REME_Scribble","Anger"],"picked":"Body Slam+1","floor":45.0},{"not_picked":["Iron Wave","Intimidate+1","True Grit+1","Headbutt+1","Wild Strike+1"],"picked":"SKIP","floor":47.0},{"not_picked":["ReplayTheSpireMod:LeadingStrike+1","MostiFishMod:BrandingRite+1","Juggernaut","Perfected Strike","Shockwave+1"],"picked":"SKIP","floor":48}],"player_experience":754494,"relics_obtained":[{"floor":1.0,"key":"SynthV:TestCard"},{"floor":9.0,"key":"Red Skull"},{"floor":10.0,"key":"Odd Mushroom"},{"floor":26.0,"key":"Dota2Spire:LotusOrb"},{"floor":31.0,"key":"Replay:Accelerometer"},{"floor":43.0,"key":"Smiling Mask"},{"floor":48,"key":"Dota2Spire:ShivaGuard"}],"event_choices":[{"cards_removed":["Defend_R"],"damage_healed":0.0,"max_hp_gain":0.0,"max_hp_loss":0.0,"gold_gain":0.0,"event_name":"Golden Wing","player_choice":"Card Removal","floor":3.0,"gold_loss":0.0,"damage_taken":7.0},{"damage_healed":0.0,"max_hp_gain":0.0,"max_hp_loss":0.0,"gold_gain":0.0,"event_name":"Mushrooms","player_choice":"Fought Mushrooms","floor":10.0,"gold_loss":0.0,"damage_taken":0.0},{"damage_healed":0.0,"max_hp_gain":0.0,"max_hp_loss":0.0,"gold_gain":0.0,"event_name":"conspire:LoneGhost","player_choice":"Disagree","floor":14.0,"gold_loss":0.0,"damage_taken":0.0},{"damage_healed":0.0,"max_hp_gain":0.0,"max_hp_loss":0.0,"gold_gain":0.0,"event_name":"The Library","player_choice":"Read","floor":20.0,"gold_loss":0.0,"damage_taken":0.0,"cards_obtained":["AT_ShrugMaster"]},{"damage_healed":0.0,"max_hp_gain":0.0,"max_hp_loss":0.0,"gold_gain":0.0,"event_name":"Drug Dealer","player_choice":"Inject Mutagens","floor":21.0,"gold_loss":0.0,"damage_taken":0.0,"relics_obtained":["MutagenicStrength"]},{"damage_healed":0.0,"max_hp_gain":0.0,"max_hp_loss":0.0,"gold_gain":99.0,"event_name":"Nest","player_choice":"Stole From Cult","floor":30.0,"gold_loss":0.0,"damage_taken":0.0},{"cards_removed":["Strike_R"],"damage_healed":0.0,"max_hp_gain":0.0,"max_hp_loss":0.0,"gold_gain":0.0,"event_name":"Designer","player_choice":"Upgrade and Remove","floor":37.0,"gold_loss":90.0,"damage_taken":0.0,"cards_upgraded":["Entrench"]},{"damage_healed":0.0,"max_hp_gain":0.0,"max_hp_loss":0.0,"gold_gain":0.0,"event_name":"Upgrade Shrine","player_choice":"Upgraded","floor":39.0,"gold_loss":0.0,"damage_taken":0.0,"cards_upgraded":["Impervious"]},{"damage_healed":0.0,"max_hp_gain":0.0,"max_hp_loss":0.0,"gold_gain":0.0,"event_name":"Tomb of Lord Red Mask","player_choice":"Paid","floor":46.0,"gold_loss":151.0,"damage_taken":0.0,"relics_obtained":["Red Mask"]}],"is_beta":false,"boss_relics":[{"not_picked":["vexMod:DeviousBotling","conspire:SlowCooker"],"picked":"vexMod:ImprovementManual"},{"not_picked":["conspire:RunicOctahedron","Painkiller Herb"],"picked":"Black Star"}],"items_purged_floors":[2,15,40,42,49],"is_endless":false,"potions_floor_spawned":[5,7,11,12,16,18,33,41,48],"ascension_level":5}}