{"host":"1tl36azeqm6yhdgj","time":1609197709,"event":{"mods":["AchievementEnabler","BaseMod","Minty Spire (QoL Compilation)","StSLib","The IronCluck","everything is the same but u backflip on backflip"],"gold_per_floor":[111,36,6,25,25,58,135,135,135,135,155,190,207,223,223,295,295,311,328,328,298,311,311,323,323,403,403,417,24,24,24,24],"floor_reached":31,"playtime":1052,"items_purged":["Bash"],"score":527,"play_id":"0ac38851-69b9-412c-be2b-2b45c09fdf3e","local_time":"20201228182149","is_ascension_mode":true,"campfire_choices":[{"data":"Thunderclap","floor":8.0,"key":"SMITH"},{"data":"Double Tap","floor":15.0,"key":"SMITH"},{"data":"Body Slam","floor":23.0,"key":"SMITH"},{"floor":25.0,"key":"REST"},{"data":"Dark Embrace","floor":27.0,"key":"SMITH"}],"circlet_count":0,"master_deck":["AscendersBane","Thunderclap+1","Clash","Ghostly Armor","Flex","Double Tap+1","Flame Barrier","Disarm","Feel No Pain","Body Slam+1","Juggernaut","Pummel","Burning Pact","Anger","Intimidate","Demon Form","Cleave","Dark Embrace+1","Clothesline+1","Fire Breathing","Entrench"],"relics":["Burning Blood","NeowsBlessing","Thread and Needle","Art of War","Lantern","Pandora\u0027s Box","Self Forming Clay","Membership Card","Blood Vial","Nunchaku"],"acts_visited":["Exordium","TheCity"],"potions_floor_usage":[],"damage_taken":[{"damage":0.0,"enemies":"Small Slimes","floor":1.0,"turns":1.0},{"damage":0.0,"enemies":"Jaw Worm","floor":4.0,"turns":1.0},{"damage":0.0,"enemies":"Lagavulin","floor":6.0,"turns":1.0},{"damage":2.0,"enemies":"Cultist","floor":11.0,"turns":3.0},{"damage":17.0,"enemies":"Gremlin Nob","floor":12.0,"turns":4.0},{"damage":0.0,"enemies":"Looter","floor":13.0,"turns":3.0},{"damage":0.0,"enemies":"Lots of Slimes","floor":14.0,"turns":4.0},{"damage":55.0,"enemies":"The Guardian","floor":16.0,"turns":17.0},{"damage":10.0,"enemies":"2 Thieves","floor":18.0,"turns":4.0},{"damage":13.0,"enemies":"Chosen","floor":19.0,"turns":5.0},{"damage":24.0,"enemies":"Shelled Parasite and Fungi","floor":22.0,"turns":4.0},{"damage":36.0,"enemies":"3 Cultists","floor":24.0,"turns":7.0},{"damage":16.0,"enemies":"Snecko","floor":28.0,"turns":4.0},{"damage":37,"enemies":"Book of Stabbing","floor":31,"turns":7}],"seed_played":"7155674332720032716","potions_obtained":[{"floor":4.0,"key":"Block Potion"},{"floor":11.0,"key":"AttackPotion"},{"floor":16.0,"key":"SkillPotion"},{"floor":21.0,"key":"EntropicBrew"},{"floor":21.0,"key":"BloodPotion"},{"floor":22.0,"key":"Energy Potion"}],"is_trial":false,"path_per_floor":["M","?","$","M","$","E","?","R","T","?","M","E","M","M","R","B",null,"M","M","T","?","M","R","M","R","T","R","M","$","?","E"],"character_chosen":"IRONCLAD","items_purchased":["Clash","Membership Card","Blood Vial","Fire Breathing","Nunchaku"],"campfire_rested":1,"item_purchase_floors":[3,29,29,29,29],"current_hp_per_floor":[74,74,74,75,75,75,75,75,75,75,75,64,70,75,75,26,63,59,52,52,67,49,49,19,41,41,41,31,31,31,0,0],"gold":24,"neow_bonus":"THREE_ENEMY_KILL","is_daily":false,"chose_seed":false,"campfire_upgraded":4,"win_rate":0.0,"timestamp":1609197709,"path_taken":["M","?","$","M","$","E","?","R","T","?","M","E","M","M","R","BOSS","M","M","?","?","M","R","M","R","T","R","?","$","?","E"],"items_purchased_type":["Card","Relic","Relic","Card","Relic"],"build_version":"2020-12-22","purchased_purges":1,"victory":false,"max_hp_per_floor":[75,75,75,75,75,75,75,75,75,75,75,75,75,75,75,75,75,75,75,75,75,75,75,75,75,75,75,75,75,75,75,75],"card_choices":[{"not_picked":["Armaments","Flex"],"picked":"Thunderclap","floor":1.0},{"not_picked":["Thunderclap","Twin Strike"],"picked":"Ghostly Armor","floor":4.0},{"not_picked":["Exhume","Bloodletting"],"picked":"Flex","floor":6.0},{"not_picked":["Clash","Cleave"],"picked":"Flame Barrier","floor":11.0},{"not_picked":["Rampage","Thunderclap"],"picked":"Disarm","floor":12.0},{"not_picked":["Rampage","Burning Pact"],"picked":"Feel No Pain","floor":13.0},{"not_picked":["Twin Strike","True Grit"],"picked":"Body Slam","floor":14.0},{"not_picked":["Limit Break","Brutality"],"picked":"Juggernaut","floor":16.0},{"not_picked":["Pummel","Perfected Strike","Cleave"],"picked":"SKIP","floor":18.0},{"not_picked":["Clash","Perfected Strike"],"picked":"Dark Embrace","floor":19.0},{"not_picked":["Sever Soul","Pommel Strike"],"picked":"Clothesline+1","floor":22.0},{"not_picked":["Whirlwind","Rupture","Anger"],"picked":"SKIP","floor":24.0},{"not_picked":["Heavy Blade","Sword Boomerang","Thunderclap+1"],"picked":"SKIP","floor":28.0}],"player_experience":1990769,"relics_obtained":[{"floor":6.0,"key":"Thread and Needle"},{"floor":9.0,"key":"Art of War"},{"floor":12.0,"key":"Lantern"},{"floor":20.0,"key":"Self Forming Clay"}],"event_choices":[{"cards_removed":["Strike_R"],"damage_healed":0.0,"max_hp_gain":0.0,"max_hp_loss":0.0,"gold_gain":0.0,"event_name":"The Cleric","player_choice":"Card Removal","floor":2.0,"gold_loss":75.0,"damage_taken":0.0},{"damage_healed":0.0,"max_hp_gain":0.0,"max_hp_loss":0.0,"gold_gain":77.0,"event_name":"Golden Wing","player_choice":"Gained Gold","floor":7.0,"gold_loss":0.0,"damage_taken":0.0},{"damage_healed":0.0,"max_hp_gain":0.0,"max_hp_loss":0.0,"gold_gain":0.0,"cards_transformed":["Strike_R"],"event_name":"Transmorgrifier","player_choice":"Transformed","floor":10.0,"gold_loss":0.0,"damage_taken":0.0,"cards_obtained":["Double Tap"]},{"damage_healed":0.0,"max_hp_gain":0.0,"max_hp_loss":0.0,"gold_gain":0.0,"event_name":"The Woman in Blue","player_choice":"Bought 2 Potions","floor":21.0,"gold_loss":0.0,"damage_taken":0.0},{"damage_healed":0.0,"max_hp_gain":0.0,"max_hp_loss":0.0,"gold_gain":0.0,"cards_transformed":["Bloodletting"],"event_name":"Transmorgrifier","player_choice":"Transformed","floor":30.0,"gold_loss":0.0,"damage_taken":0.0,"cards_obtained":["Entrench"]}],"is_beta":false,"boss_relics":[{"not_picked":["Snecko Eye","Ectoplasm"],"picked":"Pandora\u0027s Box"}],"items_purged_floors":[29],"is_endless":false,"potions_floor_spawned":[4,11,16,22],"killed_by":"Book of Stabbing","ascension_level":19}}