{"host":"4sgoj70bvr8ov3jh","time":1609158624,"event":{"mods":["2.2 Compatiblity","AchievementEnabler","BaseMod","Chen","GifTheSpireLib","Marisa????????","Minty Spire (QoL Compilation)","Permanent Neow","Remilia_Scarlet Moed?????·?????3.3.5","StSLib","The Alterego","The Servant 0.9.4"],"gold_per_floor":[118,79,44,44,44,44,64,64,113,146,158,185,201,213,213,213,213],"floor_reached":16,"playtime":601,"items_purged":[],"score":100,"play_id":"f08e1911-0c8c-46dc-b130-fd9ab27a2465","local_time":"20201228043024","is_ascension_mode":false,"campfire_choices":[{"data":"KidneyShot","floor":6,"key":"SMITH"},{"data":"DoubleEdge","floor":8,"key":"SMITH"},{"floor":15,"key":"REST"}],"circlet_count":0,"master_deck":["Strike_S","Strike_S","Strike_S","Strike_S","Defend_S","Defend_S","Defend_S","Defend_S","KidneyShot+1","Exchange+1","Enlightenment","ReturningBlade","Collapse","DoubleEdge+1","TimeWarp","Shuttle","DoubleEdge","ShiftingGears"],"relics":["Uniform","Toy Ornithopter","Blood Vial","FossilizedHelix","Centennial Puzzle"],"acts_visited":["Exordium"],"potions_floor_usage":[10,13],"damage_taken":[{"damage":17,"enemies":"Cultist","floor":1,"turns":7},{"damage":0,"enemies":"Small Slimes","floor":7,"turns":3},{"damage":40,"enemies":"Lagavulin","floor":10,"turns":6},{"damage":0,"enemies":"2 Louse","floor":11,"turns":2},{"damage":0,"enemies":"Blue Slaver","floor":13,"turns":2},{"damage":3,"enemies":"Red Slaver","floor":14,"turns":3},{"damage":57,"enemies":"Slime Boss","floor":16,"turns":10}],"seed_played":"-347580664718898161","potions_obtained":[{"floor":7,"key":"DuplicationPotion"},{"floor":11,"key":"AttackPotion"},{"floor":13,"key":"Energy Potion"}],"is_trial":false,"path_per_floor":["M","$","?","?","?","R","M","R","T","E","M","T","M","M","R","B"],"character_chosen":"THE_SERVANT","items_purchased":["Collapse"],"campfire_rested":1,"item_purchase_floors":[2],"current_hp_per_floor":[48,48,64,57,57,57,57,57,57,24,26,26,33,32,51,0,0],"gold":213,"neow_bonus":"RANDOM_COLORLESS","is_daily":false,"chose_seed":false,"campfire_upgraded":2,"win_rate":0.0,"timestamp":1609158624,"path_taken":["M","$","?","?","?","R","M","R","T","E","M","?","M","M","R","BOSS"],"items_purchased_type":["Card"],"build_version":"2020-12-22","purchased_purges":0,"victory":false,"max_hp_per_floor":[65,65,65,65,65,65,65,65,65,65,65,65,65,65,65,65,65],"card_choices":[{"not_picked":["Forethought","Panacea"],"picked":"Enlightenment","floor":0},{"not_picked":["ShatteredReality","Rearm"],"picked":"ReturningBlade","floor":1},{"not_picked":["ReturningBlade","Defy"],"picked":"DoubleEdge","floor":7},{"not_picked":["Moonlight","BottledTime"],"picked":"TimeWarp","floor":10},{"not_picked":["FastForward","Unruled"],"picked":"Shuttle","floor":11},{"not_picked":["Advance","Desolation"],"picked":"DoubleEdge","floor":13},{"not_picked":["DoubleEdge","SurpressingFire"],"picked":"ShiftingGears","floor":14}],"player_experience":161614,"relics_obtained":[{"floor":9,"key":"Blood Vial"},{"floor":10,"key":"FossilizedHelix"},{"floor":12,"key":"Centennial Puzzle"}],"event_choices":[{"damage_healed":16,"gold_gain":0,"player_choice":"Healed","damage_taken":0,"max_hp_gain":0,"max_hp_loss":0,"event_name":"The Cleric","floor":3,"gold_loss":35},{"damage_healed":0,"gold_gain":0,"player_choice":"Success","damage_taken":7,"relics_obtained":["Toy Ornithopter"],"max_hp_gain":0,"max_hp_loss":0,"event_name":"Scrap Ooze","floor":4,"gold_loss":0},{"damage_healed":0,"gold_gain":0,"player_choice":"Grow","damage_taken":0,"max_hp_gain":0,"max_hp_loss":0,"event_name":"Living Wall","floor":5,"gold_loss":0,"cards_upgraded":["Exchange"]}],"is_beta":false,"boss_relics":[],"items_purged_floors":[],"is_endless":false,"potions_floor_spawned":[7,11,13],"killed_by":"Slime Boss","ascension_level":0}}