{"host":"1mv6gj0zv8k9e9tz","time":1609146268,"event":{"mods":["AchievementEnabler","BaseMod","Better Third Choice","Colored Map","KOR Keyword Fix","Minty Spire (QoL Compilation)","Permanent Neow","Rare Cards Sparkle","StSLib"],"gold_per_floor":[109,119,137,157,8,35,35,65,65,76,95,95,127,145,145,145,145],"floor_reached":16,"playtime":1118,"items_purged":["Strike_B"],"score":186,"play_id":"a853e662-9bd2-4f57-aa38-9be1e70c9633","local_time":"20201228180428","is_ascension_mode":true,"campfire_choices":[{"data":"Zap","floor":7,"key":"SMITH"},{"data":"Coolheaded","floor":12,"key":"SMITH"},{"floor":15,"key":"REST"}],"circlet_count":0,"master_deck":["AscendersBane","Strike_B","Strike_B","Defend_B","Defend_B","Defend_B","Zap+1","Dualcast","Coolheaded+1","Chill","Blizzard","Sweeping Beam","BootSequence","Hologram","Seek"],"relics":["Empty Cage","Eternal Feather","Vajra","Bottled Lightning"],"acts_visited":["Exordium"],"potions_floor_usage":[6,10,13,13,13,16],"damage_taken":[{"damage":1,"enemies":"Cultist","floor":1,"turns":3},{"damage":0,"enemies":"Small Slimes","floor":2,"turns":4},{"damage":9,"enemies":"Jaw Worm","floor":3,"turns":5},{"damage":7,"enemies":"2 Fungi Beasts","floor":4,"turns":6},{"damage":3,"enemies":"3 Sentries","floor":6,"turns":5},{"damage":26,"enemies":"Lagavulin","floor":8,"turns":8},{"damage":13,"enemies":"Gremlin Gang","floor":10,"turns":3},{"damage":1,"enemies":"Looter","floor":11,"turns":3},{"damage":17,"enemies":"Gremlin Nob","floor":13,"turns":4},{"damage":0,"enemies":"2 Fungi Beasts","floor":14,"turns":4},{"damage":34,"enemies":"The Guardian","floor":16,"turns":10}],"seed_played":"-6587853426404960016","potions_obtained":[{"floor":1,"key":"Strength Potion"},{"floor":8,"key":"ColorlessPotion"},{"floor":10,"key":"FearPotion"},{"floor":11,"key":"ColorlessPotion"},{"floor":14,"key":"DuplicationPotion"}],"is_trial":false,"path_per_floor":["M","M","M","M","$","E","R","E","T","M","M","R","E","M","R","B"],"character_chosen":"DEFECT","items_purchased":["Sweeping Beam","AttackPotion"],"campfire_rested":1,"item_purchase_floors":[5,5],"current_hp_per_floor":[67,67,58,51,51,48,54,28,28,15,14,20,3,3,34,0,0],"gold":145,"neow_bonus":"BOSS_RELIC","is_daily":false,"chose_seed":false,"campfire_upgraded":2,"win_rate":0.0,"timestamp":1609146268,"path_taken":["M","M","M","M","?","E","R","E","T","?","M","R","E","M","R","BOSS"],"items_purchased_type":["Card","Potion"],"build_version":"2020-12-22","purchased_purges":1,"victory":false,"max_hp_per_floor":[75,75,75,75,75,75,75,75,75,75,75,75,75,75,75,75,75],"card_choices":[{"not_picked":["Storm","Turbo"],"picked":"Coolheaded","floor":1},{"not_picked":["White Noise","Beam Cell","Coolheaded"],"picked":"SKIP","floor":2},{"not_picked":["Go for the Eyes","Barrage"],"picked":"Chill","floor":3},{"not_picked":["Rebound","Coolheaded"],"picked":"Blizzard","floor":4},{"not_picked":["Rebound","Compile Driver","Go for the Eyes"],"picked":"SKIP","floor":6},{"not_picked":["Double Energy","Streamline"],"picked":"BootSequence","floor":8},{"not_picked":["Rainbow","Fusion","Steam"],"picked":"SKIP","floor":10},{"not_picked":["Rainbow","Fusion","Steam"],"picked":"SKIP","floor":10},{"not_picked":["Gash","Barrage"],"picked":"Hologram","floor":11},{"not_picked":["Streamline","Static Discharge","Steam"],"picked":"SKIP","floor":13},{"not_picked":["Stack","Hello World"],"picked":"Seek","floor":14}],"player_experience":495218,"relics_obtained":[{"floor":6,"key":"Eternal Feather"},{"floor":8,"key":"Vajra"},{"floor":13,"key":"Bottled Lightning"}],"event_choices":[],"is_beta":false,"boss_relics":[],"items_purged_floors":[5],"is_endless":false,"potions_floor_spawned":[1,8,10,11,14],"killed_by":"The Guardian","ascension_level":10}}