{"host":"fmtvje4mks8zli8e","time":1609132035,"event":{"mods":["AchievementEnabler","AlwaysNeverKeys","BaseMod","BetterRewards","Minty Spire (QoL Compilation)","READ ME - Guardian Mod","Remove Card Discount Mod","StSLib","The Cursed","The Druid","The Servant 0.9.4","The Wild Card"],"gold_per_floor":[117,117,117,128,28,63,63,93,119,119,134,150,160,195,195,290,290,309,408,443,90,90,90,124,135,159,194,207,225,254,274,274,376,376,394,411,633,647,647,680,680,706,706,706,304,336,366,398,398,398,398,398,95,128,128],"floor_reached":56,"playtime":2733,"items_purged":["Strike_B","Strike_B","Strike_B","Defend_B","Writhe","TheCursedMod:Dregs","Regret"],"score":1600,"play_id":"ae35b323-b9b1-4622-ad2b-730f1c13ad3f","local_time":"20201227230715","is_ascension_mode":true,"campfire_choices":[{"data":"Redo","floor":7.0,"key":"SMITH"},{"data":"Zap","floor":10.0,"key":"SMITH"},{"data":"Capacitor","floor":15.0,"key":"SMITH"},{"data":"Echo Form","floor":23,"key":"SMITH"},{"data":"1","floor":32,"key":"LIFT"},{"data":"2","floor":41,"key":"LIFT"},{"data":"3","floor":44,"key":"LIFT"},{"data":"Creative AI","floor":49,"key":"SMITH"},{"data":"Buffer","floor":52,"key":"SMITH"}],"circlet_count":0,"master_deck":["Strike_B+1","Defend_B+1","Defend_B+1","Defend_B+1","Zap+1","Dualcast+1","Streamline","Redo+1","Cold Snap","Leap+1","Capacitor+1","Cold Snap","Loop","Cold Snap","Echo Form+1","Leap","Leap","Ball Lightning","Cold Snap","Ball Lightning","Self Repair+1","Conserve Battery","Reboot","Chaos+1","Buffer+1","Cold Snap+1","Consume+1","Creative AI+1","Cold Snap"],"relics":["Cracked Core","Blood Vial","Darkstone Periapt","Sundial","Akabeko","Symbiotic Virus","Coffee Dripper","Red Mask","Tiny Chest","Sling","Emotion Chip","Pen Nib","Girya","Pocketwatch","Cursed Key","WingedGreaves","Art of War","Bird Faced Urn","Juzu Bracelet","Letter Opener","War Paint","Bag of Marbles","DataDisk","Centennial Puzzle","Nunchaku"],"acts_visited":["Exordium","TheCity","TheBeyond","TheEnding"],"potions_floor_usage":[18,20,30,33,55,55,55],"damage_taken":[{"damage":1.0,"enemies":"2 Louse","floor":1.0,"turns":3.0},{"damage":4.0,"enemies":"Small Slimes","floor":4.0,"turns":3.0},{"damage":17.0,"enemies":"Gremlin Nob","floor":6.0,"turns":4.0},{"damage":13.0,"enemies":"3 Sentries","floor":8.0,"turns":10.0},{"damage":0.0,"enemies":"Cultist","floor":11.0,"turns":2.0},{"damage":0.0,"enemies":"2 Fungi Beasts","floor":12.0,"turns":3.0},{"damage":6.0,"enemies":"Blue Slaver","floor":13.0,"turns":3.0},{"damage":12.0,"enemies":"Gremlin Nob","floor":14.0,"turns":4.0},{"damage":3.0,"enemies":"Hexaghost","floor":16.0,"turns":8.0},{"damage":26,"enemies":"2 Thieves","floor":18,"turns":3},{"damage":18,"enemies":"Masked Bandits","floor":20,"turns":5},{"damage":17,"enemies":"Gremlin Leader","floor":24,"turns":9},{"damage":12,"enemies":"Spheric Guardian","floor":25,"turns":4},{"damage":7,"enemies":"Book of Stabbing","floor":27,"turns":7},{"damage":0,"enemies":"Snecko","floor":28,"turns":4},{"damage":12,"enemies":"Snake Plant","floor":29,"turns":3},{"damage":0,"enemies":"Slavers","floor":30,"turns":7},{"damage":0,"enemies":"Shelled Parasite and Fungi","floor":31,"turns":3},{"damage":38,"enemies":"Collector","floor":33,"turns":14},{"damage":9,"enemies":"3 Darklings","floor":35,"turns":6},{"damage":0,"enemies":"3 Shapes","floor":36,"turns":7},{"damage":33,"enemies":"Transient","floor":38,"turns":5},{"damage":9,"enemies":"Giant Head","floor":40,"turns":9},{"damage":10,"enemies":"Reptomancer","floor":46,"turns":7},{"damage":24,"enemies":"Nemesis","floor":47,"turns":8},{"damage":0,"enemies":"Giant Head","floor":48,"turns":8},{"damage":17,"enemies":"Donu and Deca","floor":50,"turns":10},{"damage":45,"enemies":"Shield and Spear","floor":54,"turns":6},{"damage":36,"enemies":"The Heart","floor":55,"turns":11}],"seed_played":"8427125455259644631","potions_obtained":[{"floor":8.0,"key":"Weak Potion"},{"floor":11.0,"key":"SpeedPotion"},{"floor":12.0,"key":"DistilledChaos"},{"floor":24,"key":"Strength Potion"},{"floor":25,"key":"SteroidPotion"},{"floor":27,"key":"BlessingOfTheForge"},{"floor":31,"key":"Block Potion"},{"floor":36,"key":"Dexterity Potion"},{"floor":54,"key":"ColorlessPotion"}],"is_trial":false,"path_per_floor":["M","?","?","M","$","E","R","E","T","R","M","M","M","E","R","B",null,"M","?","?","$","?","R","E","M","T","E","M","M","E","M","R","B",null,"M","M","?","M","?","E","R","T","T","R","$","E","E","E","R","B",null,"R","$","E","B",null],"character_chosen":"DEFECT","items_purchased":["Streamline","Cold Snap","Leap","Tiny Chest","Ball Lightning","Sling","Juzu Bracelet","Letter Opener","DataDisk","Centennial Puzzle"],"campfire_rested":0,"item_purchase_floors":[0,5,5,21,21,21,45,45,53,53],"current_hp_per_floor":[74,59,59,57,57,42,42,31,31,31,33,35,31,21,21,20,75,49,49,33,33,33,33,18,8,8,3,15,15,27,39,39,13,75,75,75,75,42,67,70,70,76,82,82,82,93,81,93,93,93,93,93,93,76,93],"gold":128,"neow_bonus":"","is_daily":false,"chose_seed":false,"campfire_upgraded":6,"win_rate":0.0,"timestamp":1609132035,"path_taken":["M","?","?","M","$","E","R","E","T","R","M","M","M","E","R","BOSS","M","?","?","$","?","R","E","M","T","E","M","M","E","M","R","BOSS","M","M","?","M","?","E","R","?","T","R","$","E","E","E","R","BOSS","R","$","E","BOSS"],"items_purchased_type":["Card","Card","Card","Relic","Card","Relic","Relic","Relic","Relic","Relic"],"build_version":"2020-12-22","purchased_purges":7,"victory":true,"max_hp_per_floor":[75,75,75,75,75,75,75,75,75,75,75,75,75,75,75,75,75,75,75,75,75,75,75,75,75,75,75,75,75,75,75,75,75,75,75,75,75,75,81,81,81,87,93,93,93,93,93,93,93,93,93,93,93,93,93],"card_choices":[{"not_picked":["Gash","Chaos"],"picked":"Glacier","floor":1.0},{"not_picked":["Chill","Gash"],"picked":"Redo","floor":4.0},{"not_picked":["Heatsinks","Stack","Rip and Tear"],"picked":"SKIP","floor":6.0},{"not_picked":["Barrage","Loop"],"picked":"Capacitor","floor":8.0},{"not_picked":["Beam Cell","Go for the Eyes"],"picked":"Cold Snap","floor":11.0},{"not_picked":["Capacitor","Compile Driver"],"picked":"Loop","floor":12.0},{"not_picked":["Blizzard","Gash"],"picked":"Cold Snap","floor":13.0},{"not_picked":["Turbo","Blizzard","Undo"],"picked":"SKIP","floor":14.0},{"not_picked":["Meteor Strike","Rainbow"],"picked":"Echo Form","floor":16.0},{"not_picked":["Force Field","Undo"],"picked":"Leap","floor":18},{"not_picked":["Go for the Eyes","Beam Cell"],"picked":"Leap","floor":20},{"not_picked":["Conserve Battery","Recycle+1"],"picked":"Cold Snap","floor":24},{"not_picked":["Compile Driver","Beam Cell"],"picked":"Ball Lightning","floor":25},{"not_picked":["BootSequence","Amplify"],"picked":"Self Repair+1","floor":27},{"not_picked":["Leap","Sweeping Beam+1","Sunder"],"picked":"SKIP","floor":28},{"not_picked":["Sweeping Beam","Static Discharge+1"],"picked":"Conserve Battery","floor":29},{"not_picked":["Streamline","Rebound"],"picked":"Reboot","floor":30},{"not_picked":["Go for the Eyes+1","Streamline"],"picked":"Chaos+1","floor":31},{"not_picked":["Echo Form","Hyperbeam"],"picked":"Buffer","floor":33},{"not_picked":["Recycle+1","Streamline+1"],"picked":"Cold Snap+1","floor":35},{"not_picked":["Compile Driver","Hologram+1"],"picked":"Consume+1","floor":36},{"not_picked":["Beam Cell","Barrage+1","Steam+1"],"picked":"SKIP","floor":38},{"not_picked":["Coolheaded+1","Blizzard+1","Reprogram"],"picked":"SKIP","floor":40},{"not_picked":["Melter+1","Blizzard","Heatsinks"],"picked":"SKIP","floor":46},{"not_picked":["Turbo+1","BootSequence+1"],"picked":"Creative AI","floor":47},{"not_picked":["Coolheaded+1","Barrage+1","Cold Snap"],"picked":"SKIP","floor":48},{"not_picked":["Gash","Ball Lightning"],"picked":"Cold Snap","floor":54}],"player_experience":3022935,"relics_obtained":[{"floor":6.0,"key":"Darkstone Periapt"},{"floor":8.0,"key":"Sundial"},{"floor":9.0,"key":"Akabeko"},{"floor":14.0,"key":"Symbiotic Virus"},{"floor":20,"key":"Red Mask"},{"floor":24,"key":"Emotion Chip"},{"floor":26,"key":"Pen Nib"},{"floor":27,"key":"Girya"},{"floor":30,"key":"Pocketwatch"},{"floor":40,"key":"WingedGreaves"},{"floor":42,"key":"Art of War"},{"floor":43,"key":"Bird Faced Urn"},{"floor":47,"key":"War Paint"},{"floor":48,"key":"Bag of Marbles"},{"floor":54,"key":"Nunchaku"}],"event_choices":[{"damage_healed":0.0,"max_hp_gain":0.0,"max_hp_loss":0.0,"gold_gain":0.0,"event_name":"Shining Light","player_choice":"Entered Light","floor":2.0,"gold_loss":0.0,"damage_taken":15.0,"cards_upgraded":["Strike_B","Defend_B"]},{"cards_removed":["Glacier"],"damage_healed":0.0,"max_hp_gain":0.0,"max_hp_loss":0.0,"gold_gain":0.0,"event_name":"WeMeetAgain","player_choice":"Gave Card","floor":3.0,"gold_loss":0.0,"damage_taken":0.0,"relics_obtained":["Blood Vial"]},{"damage_healed":0,"gold_gain":99,"player_choice":"Stole From Cult","damage_taken":0,"max_hp_gain":0,"max_hp_loss":0,"event_name":"Nest","floor":19,"gold_loss":0},{"damage_healed":0,"gold_gain":0,"player_choice":"Fought Bandits","damage_taken":0,"max_hp_gain":0,"max_hp_loss":0,"event_name":"Masked Bandits","floor":20,"gold_loss":0},{"damage_healed":0,"gold_gain":0,"player_choice":"Simplicity","damage_taken":0,"max_hp_gain":0,"max_hp_loss":0,"event_name":"Back to Basics","floor":22,"gold_loss":0,"cards_upgraded":["Defend_B","Defend_B"]},{"damage_healed":0,"gold_gain":222,"player_choice":"Wore Mask","damage_taken":0,"max_hp_gain":0,"max_hp_loss":0,"event_name":"Tomb of Lord Red Mask","floor":37,"gold_loss":0},{"damage_healed":19,"gold_gain":0,"player_choice":"Writhe","damage_taken":0,"max_hp_gain":0,"max_hp_loss":0,"event_name":"Winding Halls","floor":39,"gold_loss":0,"cards_obtained":["Writhe"]}],"is_beta":false,"boss_relics":[{"not_picked":["Snecko Eye","Empty Cage"],"picked":"Coffee Dripper"},{"not_picked":["Astrolabe","Nuclear Battery"],"picked":"Cursed Key"}],"items_purged_floors":[21,21,21,21,45,45,45],"is_endless":false,"potions_floor_spawned":[8,11,12,13,24,25,27,28,31,36,46,47,48,54],"ascension_level":2}}