{"host":"k5dhp0bkccqfauyu","time":1609168899,"event":{"mods":["BaseMod","Better Note","Better Skull","Better Vampires","Colored Map","Colored Powertips","DeckTracker","Minty Spire (QoL Compilation)","Permanent Neow","StSLib","SuperFastMode"],"gold_per_floor":[111,127,146,166,185,185,212,69,95,95,137,166,188,257,257,367,367,393,422,450,472,498,539,563,600,600,600,612,612,641,601,601,715,715,740,740,274,303,112,155,155,194,217,217,246,260,271,296,296,296,296,296,71,105,105],"floor_reached":56,"playtime":2248,"items_purged":["Strike_P","Strike_P","Strike_P"],"score":1675,"play_id":"af8147da-077f-49af-aceb-60a6965568c0","local_time":"20201229022139","is_ascension_mode":true,"campfire_choices":[{"data":"Eruption","floor":6,"key":"SMITH"},{"data":"SandsOfTime","floor":10,"key":"SMITH"},{"data":"Adaptation","floor":15,"key":"SMITH"},{"data":"Vault","floor":27,"key":"SMITH"},{"data":"Blasphemy","floor":29,"key":"SMITH"},{"data":"TalkToTheHand","floor":32,"key":"SMITH"},{"data":"InnerPeace","floor":41,"key":"SMITH"},{"data":"EmptyMind","floor":44,"key":"SMITH"},{"floor":49,"key":"RECALL"},{"data":"ThirdEye","floor":52,"key":"SMITH"}],"circlet_count":0,"master_deck":["Defend_P","Defend_P","Defend_P","Eruption+1","Vigilance","FlurryOfBlows","Vengeance","EmptyMind+1","Consecrate","SandsOfTime+1","Vault+1","TalkToTheHand+1","ThirdEye+1","Adaptation+1","Blasphemy+1","Halt+1","FearNoEvil+1","Protect+1","Conclude+1","Tantrum+1","InnerPeace+1","JustLucky+1","FlurryOfBlows+1","Scrawl+1","CrushJoints+1","MentalFortress+1","Wallop+1","Tantrum+1","FlurryOfBlows+1","EmptyFist+1","EmptyMind"],"relics":["PureWater","Matryoshka","CeramicFish","Pen Nib","MealTicket","Molten Egg 2","Black Star","Torii","Tiny Chest","Mango","Frozen Egg 2","Damaru","Lizard Tail","Kunai","Dream Catcher","Coffee Dripper","Melange","Nunchaku","Thread and Needle","PreservedInsect","CloakClasp","InkBottle","Prayer Wheel","Turnip","Medical Kit","Centennial Puzzle","White Beast Statue"],"acts_visited":["Exordium","TheCity","TheBeyond","TheEnding"],"potions_floor_usage":[7,16,16,23,23,33,40,47,55,55],"damage_taken":[{"damage":0,"enemies":"Cultist","floor":1,"turns":2},{"damage":2,"enemies":"Small Slimes","floor":2,"turns":4},{"damage":1,"enemies":"Jaw Worm","floor":3,"turns":2},{"damage":0,"enemies":"Looter","floor":4,"turns":2},{"damage":2,"enemies":"Blue Slaver","floor":5,"turns":4},{"damage":0,"enemies":"Lagavulin","floor":7,"turns":5},{"damage":0,"enemies":"Gremlin Nob","floor":11,"turns":2},{"damage":0,"enemies":"Red Slaver","floor":12,"turns":2},{"damage":0,"enemies":"3 Louse","floor":13,"turns":3},{"damage":11,"enemies":"3 Sentries","floor":14,"turns":3},{"damage":4,"enemies":"Hexaghost","floor":16,"turns":4},{"damage":3,"enemies":"Shell Parasite","floor":18,"turns":4},{"damage":0,"enemies":"3 Byrds","floor":19,"turns":6},{"damage":0,"enemies":"Snecko","floor":20,"turns":3},{"damage":0,"enemies":"Chosen and Byrds","floor":21,"turns":4},{"damage":5,"enemies":"Snake Plant","floor":22,"turns":5},{"damage":12,"enemies":"Book of Stabbing","floor":23,"turns":5},{"damage":0,"enemies":"Cultist and Chosen","floor":24,"turns":4},{"damage":0,"enemies":"Gremlin Leader","floor":25,"turns":4},{"damage":9,"enemies":"Shelled Parasite and Fungi","floor":28,"turns":6},{"damage":10,"enemies":"Book of Stabbing","floor":30,"turns":4},{"damage":3,"enemies":"Champ","floor":33,"turns":8},{"damage":1,"enemies":"Orb Walker","floor":35,"turns":2},{"damage":0,"enemies":"3 Shapes","floor":38,"turns":4},{"damage":0,"enemies":"Reptomancer","floor":40,"turns":4},{"damage":0,"enemies":"Giant Head","floor":42,"turns":4},{"damage":0,"enemies":"Nemesis","floor":45,"turns":2},{"damage":0,"enemies":"Transient","floor":46,"turns":6},{"damage":0,"enemies":"Writhing Mass","floor":47,"turns":5},{"damage":0,"enemies":"Jaw Worm Horde","floor":48,"turns":3},{"damage":0,"enemies":"Donu and Deca","floor":50,"turns":4},{"damage":24,"enemies":"Shield and Spear","floor":54,"turns":3},{"damage":2,"enemies":"The Heart","floor":55,"turns":6}],"seed_played":"-6140008526178873821","potions_obtained":[{"floor":2,"key":"LiquidBronze"},{"floor":5,"key":"PowerPotion"},{"floor":11,"key":"CultistPotion"},{"floor":13,"key":"SpeedPotion"},{"floor":19,"key":"EssenceOfSteel"},{"floor":22,"key":"Weak Potion"},{"floor":23,"key":"BlessingOfTheForge"},{"floor":24,"key":"SpeedPotion"},{"floor":28,"key":"LiquidMemories"},{"floor":31,"key":"Block Potion"},{"floor":31,"key":"DistilledChaos"},{"floor":33,"key":"Fire Potion"},{"floor":45,"key":"FearPotion"},{"floor":47,"key":"PowerPotion"},{"floor":48,"key":"StancePotion"}],"is_trial":false,"path_per_floor":["M","M","M","M","M","R","E","$","T","R","E","M","M","?","R","B",null,"M","M","M","M","M","E","M","E","T","R","M","R","E","?","R","B",null,"M","?","$","M","$","E","R","E","T","R","E","M","M","M","R","B",null,"R","$","E","B",null],"character_chosen":"WATCHER","items_purchased":["SandsOfTime","MentalFortress+1","Melange","Nunchaku","Tantrum+1","Medical Kit","StancePotion"],"campfire_rested":0,"item_purchase_floors":[8,37,37,37,39,53,53],"current_hp_per_floor":[51,49,48,48,46,46,46,46,46,46,46,46,46,35,35,31,72,69,69,69,69,64,52,52,66,66,66,57,57,47,47,47,44,86,85,85,86,86,86,86,86,86,86,86,86,86,86,86,86,86,86,86,86,62,60],"gold":105,"neow_bonus":"REMOVE_TWO","is_daily":false,"chose_seed":false,"campfire_upgraded":9,"win_rate":0.0,"timestamp":1609168899,"path_taken":["M","M","M","?","M","R","E","?","T","R","E","?","M","?","R","BOSS","M","M","M","M","M","E","M","E","T","R","M","R","E","?","R","BOSS","M","?","$","M","$","E","R","E","T","R","E","?","M","M","R","BOSS","R","$","E","BOSS"],"items_purchased_type":["Card","Card","Relic","Relic","Card","Relic","Potion"],"build_version":"2020-12-22","purchased_purges":3,"victory":true,"max_hp_per_floor":[72,72,72,72,72,72,72,72,72,72,72,72,72,72,72,72,72,72,72,72,72,72,72,72,86,86,86,86,86,86,86,86,86,86,86,86,86,86,86,86,86,86,86,86,86,86,86,86,86,86,86,86,86,86,86],"card_choices":[{"not_picked":["Protect","SashWhip"],"picked":"FlurryOfBlows","floor":1},{"not_picked":["CutThroughFate","Crescendo","Perseverance"],"picked":"SKIP","floor":2},{"not_picked":["CutThroughFate","Protect"],"picked":"Vengeance","floor":3},{"not_picked":["BattleHymn","ClearTheMind","Prostrate"],"picked":"SKIP","floor":4},{"not_picked":["CrushJoints","FollowUp"],"picked":"EmptyMind","floor":5},{"not_picked":["Weave","Halt"],"picked":"Consecrate","floor":7},{"not_picked":["Perseverance","Prostrate"],"picked":"Vault","floor":11},{"not_picked":["Consecrate","Swivel"],"picked":"TalkToTheHand","floor":12},{"not_picked":["CutThroughFate","Perseverance"],"picked":"ThirdEye","floor":13},{"not_picked":["CarveReality+1","WaveOfTheHand"],"picked":"Adaptation","floor":14},{"not_picked":["Omniscience","Alpha"],"picked":"Blasphemy","floor":16},{"not_picked":["EmptyFist+1","SashWhip+1"],"picked":"Halt+1","floor":18},{"not_picked":["Fasting2","FollowUp+1"],"picked":"FearNoEvil+1","floor":19},{"not_picked":["Prostrate+1","ForeignInfluence"],"picked":"Protect+1","floor":20},{"not_picked":["Prostrate","Weave+1"],"picked":"Conclude+1","floor":21},{"not_picked":["Consecrate+1","Meditate"],"picked":"Tantrum+1","floor":22},{"not_picked":["SignatureMove+1","Judgement"],"picked":"InnerPeace","floor":23},{"not_picked":["Pray","Evaluate+1"],"picked":"JustLucky+1","floor":24},{"not_picked":["BattleHymn+1","FollowUp+1"],"picked":"FlurryOfBlows+1","floor":25},{"not_picked":["ReachHeaven+1","CutThroughFate+1","SignatureMove+1"],"picked":"SKIP","floor":28},{"not_picked":["Worship","EmptyBody","Devotion+1"],"picked":"SKIP","floor":30},{"not_picked":["Blasphemy","DevaForm+1"],"picked":"Scrawl","floor":33},{"not_picked":["Crescendo","CutThroughFate+1"],"picked":"CrushJoints+1","floor":35},{"not_picked":["CutThroughFate+1","Tantrum+1"],"picked":"Wallop+1","floor":38},{"not_picked":["DeceiveReality+1","Blasphemy"],"picked":"FlurryOfBlows+1","floor":40},{"not_picked":["CarveReality+1","SignatureMove+1"],"picked":"EmptyFist+1","floor":42},{"not_picked":["Evaluate","ConjureBlade","CutThroughFate+1"],"picked":"SKIP","floor":45},{"not_picked":["Consecrate+1","PathToVictory+1","Protect+1"],"picked":"SKIP","floor":46},{"not_picked":["Prostrate+1","PathToVictory","Collect"],"picked":"SKIP","floor":46},{"not_picked":["DeceiveReality+1","CrushJoints+1","SashWhip+1"],"picked":"SKIP","floor":47},{"not_picked":["JustLucky+1","Pray+1","Crescendo+1"],"picked":"SKIP","floor":47},{"not_picked":["PathToVictory+1","ReachHeaven+1"],"picked":"EmptyMind","floor":48},{"not_picked":["CrushJoints+1","Halt","WreathOfFlame"],"picked":"SKIP","floor":48},{"not_picked":["Blasphemy","ForeignInfluence","Swivel+1"],"picked":"SKIP","floor":54}],"player_experience":1855692,"relics_obtained":[{"floor":7,"key":"Matryoshka"},{"floor":9,"key":"CeramicFish"},{"floor":9,"key":"Pen Nib"},{"floor":11,"key":"MealTicket"},{"floor":14,"key":"Molten Egg 2"},{"floor":23,"key":"Torii"},{"floor":23,"key":"Tiny Chest"},{"floor":25,"key":"Mango"},{"floor":25,"key":"Frozen Egg 2"},{"floor":26,"key":"Damaru"},{"floor":26,"key":"Lizard Tail"},{"floor":30,"key":"Kunai"},{"floor":30,"key":"Dream Catcher"},{"floor":40,"key":"Thread and Needle"},{"floor":40,"key":"PreservedInsect"},{"floor":42,"key":"CloakClasp"},{"floor":42,"key":"InkBottle"},{"floor":45,"key":"Prayer Wheel"},{"floor":45,"key":"Turnip"},{"floor":54,"key":"Centennial Puzzle"},{"floor":54,"key":"White Beast Statue"}],"event_choices":[{"damage_healed":0,"gold_gain":30,"player_choice":"Searched \u00272\u0027 times","damage_taken":0,"max_hp_gain":0,"max_hp_loss":0,"event_name":"Dead Adventurer","floor":14,"gold_loss":0},{"damage_healed":0,"gold_gain":0,"player_choice":"Bought 3 Potions","damage_taken":0,"max_hp_gain":0,"max_hp_loss":0,"event_name":"The Woman in Blue","floor":31,"gold_loss":0},{"damage_healed":0,"gold_gain":0,"player_choice":"Upgraded","damage_taken":0,"max_hp_gain":0,"max_hp_loss":0,"event_name":"Upgrade Shrine","floor":36,"gold_loss":0,"cards_upgraded":["Scrawl"]}],"is_beta":false,"boss_relics":[{"not_picked":["Calling Bell","Tiny House"],"picked":"Black Star"},{"not_picked":["SlaversCollar","Busted Crown"],"picked":"Coffee Dripper"}],"items_purged_floors":[8,37,39],"is_endless":false,"potions_floor_spawned":[2,5,11,13,14,19,22,23,24,28,33,35,45,46,47,48,54],"ascension_level":1}}