{"host":"2se5dq1do2gp0x9k","time":1609195912,"event":{"mods":["BaseMod","Block Reminder","Colored Map","Colored Powertips","Minty Spire (QoL Compilation)","Relic Stats","StSLib","SuperFastMode","Synergy Search"],"gold_per_floor":[114,114,124,24,35,35,64,76,76,76,87,113,113,132,132,132,132],"floor_reached":16,"playtime":512,"items_purged":["Strike_B"],"score":224,"play_id":"0f3dc489-d89b-46a1-ac79-f3dae0998043","local_time":"20201228145152","is_ascension_mode":true,"campfire_choices":[{"data":"Sunder","floor":6,"key":"SMITH"},{"data":"Zap","floor":10,"key":"SMITH"},{"floor":15,"key":"REST"}],"circlet_count":0,"master_deck":["AscendersBane","Strike_B","Strike_B","Defend_B","Defend_B","Defend_B","Defend_B","Zap+1","Dualcast","Cold Snap","Sunder+1","Ball Lightning","Chill","Compile Driver","Undo","Coolheaded","Beam Cell"],"relics":["Cracked Core","NeowsBlessing","Orichalcum","Kunai","Du-Vu Doll","Bronze Scales"],"acts_visited":["Exordium"],"potions_floor_usage":[12,16],"damage_taken":[{"damage":0,"enemies":"2 Louse","floor":1,"turns":1},{"damage":0,"enemies":"Cultist","floor":3,"turns":1},{"damage":0,"enemies":"Small Slimes","floor":5,"turns":1},{"damage":34,"enemies":"Gremlin Nob","floor":7,"turns":4},{"damage":0,"enemies":"2 Fungi Beasts","floor":8,"turns":2},{"damage":6,"enemies":"Large Slime","floor":11,"turns":4},{"damage":13,"enemies":"3 Sentries","floor":12,"turns":9},{"damage":7,"enemies":"3 Louse","floor":14,"turns":3},{"damage":26,"enemies":"The Guardian","floor":16,"turns":6}],"seed_played":"-5831267038940172972","potions_obtained":[{"floor":1,"key":"Dexterity Potion"},{"floor":7,"key":"SneckoOil"},{"floor":11,"key":"FearPotion"},{"floor":12,"key":"FearPotion"}],"is_trial":false,"path_per_floor":["M","?","M","$","M","R","E","M","T","R","M","E","?","M","R","B"],"character_chosen":"DEFECT","items_purchased":["Ball Lightning"],"campfire_rested":1,"item_purchase_floors":[4],"current_hp_per_floor":[64,64,64,64,64,64,30,30,30,30,24,11,11,4,25,0,0],"gold":132,"neow_bonus":"THREE_ENEMY_KILL","is_daily":false,"chose_seed":false,"campfire_upgraded":2,"win_rate":0.0,"timestamp":1609195912,"path_taken":["M","?","M","$","M","R","E","?","T","R","M","E","?","M","R","BOSS"],"items_purchased_type":["Card"],"build_version":"2020-12-22","purchased_purges":1,"victory":false,"max_hp_per_floor":[71,71,71,71,71,71,71,71,71,71,71,71,71,71,71,71,71],"relic_stats":{"counters":[9,31],"Bronze Scales":[33],"Kunai":[4],"Orichalcum":[18],"obtain_stats":[{"Du-Vu Doll":12,"NeowsBlessing":0,"Bronze Scales":13,"Kunai":9,"Orichalcum":7,"Cracked Core":0},{"Du-Vu Doll":7,"NeowsBlessing":0,"Bronze Scales":7,"Kunai":5,"Orichalcum":4,"Cracked Core":0},{"Du-Vu Doll":22,"NeowsBlessing":0,"Bronze Scales":22,"Kunai":9,"Orichalcum":7,"Cracked Core":0}]},"card_choices":[{"not_picked":["Scrape","Hologram"],"picked":"Cold Snap","floor":1},{"not_picked":["Rebound","Go for the Eyes"],"picked":"Sunder","floor":3},{"not_picked":["Hologram","Beam Cell"],"picked":"Chill","floor":5},{"not_picked":["FTL","Rebound"],"picked":"Compile Driver","floor":7},{"not_picked":["Go for the Eyes","Gash","Steam"],"picked":"SKIP","floor":8},{"not_picked":["Double Energy","Beam Cell"],"picked":"Undo","floor":11},{"not_picked":["Leap","Gash"],"picked":"Coolheaded","floor":12},{"not_picked":["Ball Lightning","Go for the Eyes"],"picked":"Beam Cell","floor":14}],"player_experience":3637715,"relics_obtained":[{"floor":7,"key":"Orichalcum"},{"floor":9,"key":"Kunai"},{"floor":12,"key":"Du-Vu Doll"}],"event_choices":[{"cards_removed":["Strike_B"],"damage_healed":0,"gold_gain":0,"player_choice":"Offered Basic","damage_taken":0,"max_hp_gain":0,"max_hp_loss":0,"event_name":"Bonfire Elementals","floor":2,"gold_loss":0},{"damage_healed":0,"gold_gain":0,"player_choice":"Searched \u00271\u0027 times","damage_taken":0,"relics_obtained":["Bronze Scales"],"max_hp_gain":0,"max_hp_loss":0,"event_name":"Dead Adventurer","floor":13,"gold_loss":0}],"is_beta":false,"boss_relics":[],"items_purged_floors":[4],"is_endless":false,"potions_floor_spawned":[1,7,11,12],"killed_by":"The Guardian","ascension_level":20}}