{"host":"873t0y8ybyo38pfq","time":1609124710,"event":{"mods":["BaseMod","Bestiary","Colored Map","Colored Powertips","Highlight Path","Minty Spire (QoL Compilation)","Quick Restart","RNG Fix","Rare Cards Sparkle","Relic Stats","StSLib"],"gold_per_floor":[111,111,134,134,134,170,170,170,170,170,210,210,210,231,231,324,324,349,349,349,349,349,349],"floor_reached":22,"playtime":464,"items_purged":[],"score":451,"play_id":"a7381dc5-3f41-4e0a-ae7c-569b1f11734b","local_time":"20201227220510","is_ascension_mode":true,"campfire_choices":[{"data":"Calculated Gamble","floor":8,"key":"SMITH"},{"data":"Corpse Explosion","floor":12,"key":"SMITH"},{"floor":15,"key":"REST"}],"circlet_count":0,"master_deck":["AscendersBane","Defend_G","Defend_G","Defend_G","Defend_G","Defend_G","Survivor","Neutralize","Calculated Gamble+1","Dagger Throw+1","Venomology","Corpse Explosion+1","PiercingWail","After Image","CurseOfTheBell","Cloak And Dagger+1","Ghostly","Ghostly","Ghostly","Bite","Bite","Bite","Bite","Bite"],"relics":["Ring of the Snake","NeowsBlessing","Bloody Idol","Juzu Bracelet","Paper Crane","Calling Bell","Bag of Preparation","Matryoshka","StoneCalendar"],"acts_visited":["Exordium","TheCity"],"potions_floor_usage":[11,11,16,16,18,18,22],"damage_taken":[{"damage":0,"enemies":"Small Slimes","floor":1,"turns":2},{"damage":0,"enemies":"Jaw Worm","floor":3,"turns":1},{"damage":0,"enemies":"Gremlin Nob","floor":6,"turns":1},{"damage":42,"enemies":"Lagavulin","floor":11,"turns":10},{"damage":6,"enemies":"Cultist","floor":14,"turns":4},{"damage":29,"enemies":"The Guardian","floor":16,"turns":12},{"damage":45,"enemies":"Chosen","floor":18,"turns":7},{"damage":6,"enemies":"3 Byrds","floor":22,"turns":3}],"seed_played":"-5081674193951882441","potions_obtained":[{"floor":3,"key":"Dexterity Potion"},{"floor":6,"key":"Ancient Potion"},{"floor":14,"key":"Energy Potion"}],"is_trial":false,"path_per_floor":["M","?","M","?","?","E","?","R","T","?","E","R","?","M","R","B",null,"M","?","?","?","M"],"character_chosen":"THE_SILENT","items_purchased":[],"campfire_rested":1,"item_purchase_floors":[],"current_hp_per_floor":[59,59,59,59,60,60,60,60,60,65,23,23,23,17,36,7,51,6,6,6,6,0,0],"gold":349,"neow_bonus":"THREE_ENEMY_KILL","is_daily":false,"chose_seed":false,"campfire_upgraded":2,"win_rate":0.0,"timestamp":1609124710,"path_taken":["M","?","?","?","?","E","?","R","T","?","E","R","?","M","R","BOSS","M","?","?","?","M"],"items_purchased_type":[],"build_version":"2020-12-22","purchased_purges":0,"victory":false,"max_hp_per_floor":[66,60,60,60,60,60,60,60,60,65,65,65,65,65,65,65,65,65,32,32,22,22,22],"relic_stats":{"counters":[8,40],"Bloody Idol":0,"StoneCalendar":[2],"Juzu Bracelet":1,"Bag of Preparation":[4],"obtain_stats":[{"Calling Bell":17,"Matryoshka":17,"NeowsBlessing":0,"Golden Idol":2,"Bloody Idol":20,"StoneCalendar":17,"Juzu Bracelet":6,"Bag of Preparation":17,"Paper Crane":11,"Ring of the Snake":0},{"Calling Bell":6,"Matryoshka":6,"NeowsBlessing":0,"Golden Idol":1,"Bloody Idol":7,"StoneCalendar":6,"Juzu Bracelet":3,"Bag of Preparation":6,"Paper Crane":4,"Ring of the Snake":0},{"Calling Bell":30,"Matryoshka":30,"NeowsBlessing":0,"Golden Idol":2,"Bloody Idol":37,"StoneCalendar":30,"Juzu Bracelet":4,"Bag of Preparation":30,"Paper Crane":14,"Ring of the Snake":0}],"Ring of the Snake":[16]},"card_choices":[{"not_picked":["Reflex","Sucker Punch"],"picked":"Calculated Gamble","floor":1},{"not_picked":["Heel Hook","Poisoned Stab"],"picked":"Dagger Throw","floor":3},{"not_picked":["Underhanded Strike","Blade Dance"],"picked":"Venomology","floor":6},{"not_picked":["Riddle With Holes","Underhanded Strike"],"picked":"Corpse Explosion","floor":11},{"not_picked":["Prepared","Distraction"],"picked":"PiercingWail","floor":14},{"not_picked":["Night Terror","Envenom"],"picked":"After Image","floor":16},{"not_picked":["Infinite Blades","Prepared"],"picked":"Cloak And Dagger+1","floor":18}],"player_experience":1371049,"relics_obtained":[{"floor":6,"key":"Juzu Bracelet"},{"floor":11,"key":"Paper Crane"},{"floor":17,"key":"Bag of Preparation"},{"floor":17,"key":"Matryoshka"},{"floor":17,"key":"StoneCalendar"}],"event_choices":[{"damage_healed":0,"gold_gain":0,"player_choice":"Lose Max HP","damage_taken":0,"relics_obtained":["Golden Idol"],"max_hp_gain":0,"max_hp_loss":6,"event_name":"Golden Idol","floor":2,"gold_loss":0},{"cards_removed":["Strike_G"],"damage_healed":0,"gold_gain":0,"player_choice":"Offered Basic","damage_taken":0,"max_hp_gain":0,"max_hp_loss":0,"event_name":"Bonfire Elementals","floor":4,"gold_loss":0},{"damage_healed":1,"gold_gain":0,"player_choice":"Full Heal","damage_taken":0,"max_hp_gain":0,"max_hp_loss":0,"event_name":"Wheel of Change","floor":5,"gold_loss":0},{"damage_healed":0,"gold_gain":0,"player_choice":"Grow","damage_taken":0,"max_hp_gain":0,"max_hp_loss":0,"event_name":"Living Wall","floor":7,"gold_loss":0,"cards_upgraded":["Dagger Throw"]},{"damage_healed":0,"gold_gain":0,"player_choice":"Donut","damage_taken":0,"max_hp_gain":5,"max_hp_loss":0,"event_name":"Big Fish","floor":10,"gold_loss":0},{"damage_healed":0,"gold_gain":0,"player_choice":"Ignored","damage_taken":0,"max_hp_gain":0,"max_hp_loss":0,"event_name":"Liars Game","floor":13,"gold_loss":0},{"damage_healed":0,"gold_gain":0,"player_choice":"Became a Ghost","damage_taken":0,"max_hp_gain":0,"max_hp_loss":33,"event_name":"Ghosts","floor":19,"gold_loss":0,"cards_obtained":["Ghostly","Ghostly","Ghostly"]},{"damage_healed":0,"gold_gain":0,"player_choice":"Gave Idol","damage_taken":0,"relics_obtained":["Bloody Idol"],"max_hp_gain":0,"max_hp_loss":0,"event_name":"Forgotten Altar","floor":20,"relics_lost":["Golden Idol"],"gold_loss":0},{"damage_healed":0,"gold_gain":0,"player_choice":"Became a vampire","damage_taken":0,"max_hp_gain":0,"max_hp_loss":10,"event_name":"Vampires","floor":21,"gold_loss":0,"cards_obtained":["Bite","Bite","Bite","Bite","Bite"]}],"is_beta":false,"boss_relics":[{"not_picked":["Coffee Dripper","Ring of the Serpent"],"picked":"Calling Bell"}],"items_purged_floors":[],"is_endless":false,"potions_floor_spawned":[3,6,14],"killed_by":"3 Byrds","ascension_level":20}}