{"host":"cnluwb240fdd52tp","time":1609173532,"event":{"mods":["BaseMod","Colored Map","DeckTracker","Infinite Spire","Minty Spire (QoL Compilation)","Rare Cards Sparkle","StSLib"],"gold_per_floor":[117,19,19,44,44,70,80,109,109,124,124,200,200,213,213,332,332,347,297,8,33,33,74,74,74,74,108,129,129,129],"floor_reached":29,"playtime":3314,"items_purged":["Defend_R","Strike_R"],"score":309,"play_id":"30857391-4ec1-4245-82ac-2c4132bc025f","local_time":"20201228173852","is_ascension_mode":true,"campfire_choices":[{"data":"Infernal Blade","floor":13,"key":"SMITH"},{"floor":15,"key":"REST"},{"data":"Flex","floor":25,"key":"SMITH"}],"circlet_count":0,"master_deck":["Strike_R","Strike_R","Strike_R","Strike_R","Defend_R","Defend_R","Defend_R","Sword Boomerang","Flex","Double Tap","Heavy Blade","Infernal Blade+1","Whirlwind","Seeing Red+1","Flex+1","Flex+1","infinitespire:Fortify","Dropkick","Feel No Pain+1","True Grit"],"relics":["Black Blood","NeowsBlessing","infinitespire:Bottled Soul","Oddly Smooth Stone","Torii","Blue Candle","HornCleat","Golden Idol","Toy Ornithopter","Anchor","Akabeko","CultistMask","Bottled Flame","Nunchaku"],"acts_visited":["Exordium","TheCity"],"potions_floor_usage":[8,12,16,16,23,27],"damage_taken":[{"damage":0,"enemies":"Cultist","floor":1,"turns":1},{"damage":0,"enemies":"Lagavulin","floor":6,"turns":1},{"damage":0,"enemies":"Jaw Worm","floor":7,"turns":1},{"damage":28,"enemies":"3 Sentries","floor":8,"turns":8},{"damage":1,"enemies":"Small Slimes","floor":10,"turns":3},{"damage":29,"enemies":"Lagavulin Event","floor":12,"turns":6},{"damage":9,"enemies":"2 Fungi Beasts","floor":14,"turns":2},{"damage":36,"enemies":"Slime Boss","floor":16,"turns":10},{"damage":16,"enemies":"Chosen","floor":18,"turns":5},{"damage":6,"enemies":"2 Thieves","floor":21,"turns":4},{"damage":42,"enemies":"Slavers","floor":23,"turns":7},{"damage":9,"enemies":"Nightmare","floor":27,"turns":5},{"damage":31,"enemies":"Cultist and Chosen","floor":28,"turns":8},{"damage":23,"enemies":"Slavers","floor":29,"turns":3}],"seed_played":"5463078574855038979","potions_obtained":[{"floor":7,"key":"DuplicationPotion"},{"floor":8,"key":"EssenceOfSteel"},{"floor":12,"key":"DistilledChaos"},{"floor":14,"key":"infinitespire:BlackPotion"},{"floor":16,"key":"SpeedPotion"},{"floor":21,"key":"FearPotion"},{"floor":28,"key":"SpeedPotion"}],"is_trial":false,"path_per_floor":["M","$","T","T","?","E","M","E","T","M","?","?","R","M","R","B",null,"M","?","$","M","?","E","?","R","T","NM","M","E"],"character_chosen":"IRONCLAD","items_purchased":["Flex","Flex","Anchor"],"campfire_rested":1,"item_purchase_floors":[2,20,20],"current_hp_per_floor":[80,80,80,80,80,80,80,58,58,63,43,20,20,17,41,21,80,76,76,76,80,59,34,34,34,34,42,23,0,0],"gold":129,"neow_bonus":"THREE_ENEMY_KILL","is_daily":false,"chose_seed":false,"campfire_upgraded":2,"win_rate":0.0,"timestamp":1609173532,"path_taken":["M","$","?","?","?","E","M","E","T","?","?","?","R","M","R","BOSS","M","?","?","M","?","E","?","R","T","NM","?","E"],"items_purchased_type":["Card","Card","Relic"],"build_version":"2020-12-22","purchased_purges":2,"victory":false,"max_hp_per_floor":[80,80,80,80,80,80,80,80,80,80,80,80,80,80,80,80,80,80,80,80,80,80,80,80,80,80,80,80,80,80],"card_choices":[{"not_picked":["Cleave","Armaments"],"picked":"Sword Boomerang","floor":1},{"not_picked":["Feel No Pain","Wild Strike"],"picked":"Double Tap","floor":6},{"not_picked":["Clothesline","Clash","Wild Strike"],"picked":"SKIP","floor":7},{"not_picked":["Whirlwind","Evolve"],"picked":"Heavy Blade","floor":8},{"not_picked":["Body Slam","Immolate"],"picked":"Infernal Blade","floor":10},{"not_picked":["Armaments","Intimidate"],"picked":"Whirlwind","floor":12},{"not_picked":["Iron Wave","Hemokinesis","Clothesline"],"picked":"SKIP","floor":14},{"not_picked":["Iron Wave","Headbutt"],"picked":"Seeing Red+1","floor":18},{"not_picked":["Perfected Strike","Warcry"],"picked":"Flex+1","floor":21},{"not_picked":["infinitespire:Starlight","infinitespire:Gouge"],"picked":"infinitespire:Fortify","floor":22},{"not_picked":["Demon Form","Thunderclap"],"picked":"Dropkick","floor":23},{"not_picked":["Warcry","Twin Strike"],"picked":"Feel No Pain+1","floor":27},{"not_picked":["Rupture","Havoc"],"picked":"True Grit","floor":28}],"player_experience":155117,"relics_obtained":[{"floor":3,"key":"infinitespire:Bottled Soul"},{"floor":4,"key":"Oddly Smooth Stone"},{"floor":6,"key":"Torii"},{"floor":8,"key":"Blue Candle"},{"floor":9,"key":"HornCleat"},{"floor":12,"key":"Toy Ornithopter"},{"floor":23,"key":"Akabeko"},{"floor":26,"key":"Bottled Flame"},{"floor":27,"key":"Nunchaku"}],"event_choices":[{"cards_removed":["Bash"],"damage_healed":0,"gold_gain":0,"player_choice":"Offered Basic","damage_taken":0,"max_hp_gain":0,"max_hp_loss":0,"event_name":"Bonfire Elementals","floor":5,"gold_loss":0},{"damage_healed":0,"gold_gain":0,"player_choice":"Take Damage","damage_taken":20,"relics_obtained":["Golden Idol"],"max_hp_gain":0,"max_hp_loss":0,"event_name":"Golden Idol","floor":11,"gold_loss":0},{"damage_healed":0,"gold_gain":0,"player_choice":"Searched \u00271\u0027 times","damage_taken":0,"max_hp_gain":0,"max_hp_loss":0,"event_name":"Dead Adventurer","floor":12,"gold_loss":0},{"damage_healed":0,"gold_gain":0,"player_choice":"Bet on Murderer","damage_taken":0,"max_hp_gain":0,"max_hp_loss":0,"event_name":"The Joust","floor":19,"gold_loss":50},{"damage_healed":0,"gold_gain":0,"player_choice":"Trade","damage_taken":0,"relics_obtained":["CultistMask"],"max_hp_gain":0,"max_hp_loss":0,"event_name":"FaceTrader","floor":24,"gold_loss":0}],"is_beta":false,"boss_relics":[{"not_picked":["Astrolabe","Fusion Hammer"],"picked":"Black Blood"}],"items_purged_floors":[2,20],"is_endless":true,"potions_floor_spawned":[7,8,12,14,16,21,28],"killed_by":"Slavers","ascension_level":1}}