{"host":"jm9833yuloeli2yd","time":1609125411,"event":{"mods":["AchievementEnabler","BaseMod","Better Altar","Better Match","Better Note","Better Sensory Stone","Better Skull","Better Third Choice","Better Vampires","BetterRewards","Colored Map","Colored Powertips","DeckTracker","Marked Mod","Minty Spire (QoL Compilation)","Permanent Neow","Quick Restart","StSLib","SuperFastMode"],"gold_per_floor":[119,133,133,26,26,70,70,101,101,142,142,175,175,209,209,304,304,317,317,44,62,76,114,138,156,156,169,210,210,210,250,250,250,250],"floor_reached":33,"playtime":1515,"items_purged":["Strike_B","Strike_B"],"score":982,"play_id":"b3a1a18e-a2ab-45ca-928b-f3d8394a8c12","local_time":"20201227221651","is_ascension_mode":true,"campfire_choices":[{"data":"Beam Cell","floor":7,"key":"SMITH"},{"data":"Zap","floor":11,"key":"SMITH"},{"floor":15,"key":"DIG"},{"floor":30,"key":"DIG"},{"floor":32,"key":"DIG"}],"circlet_count":0,"master_deck":["AscendersBane","Strike_B","Defend_B","Defend_B","Defend_B","Zap+1","Dualcast","FTL","Chill","Sunder","Dark Shackles","FTL","Beam Cell+1","Thinking Ahead","Well Laid Plans","Hemokinesis","Vault","Protect","SpiritShield","Shrug It Off+1","Vault","After Image","Hemokinesis+1","Capacitor","Shockwave","Double Energy"],"relics":["Cracked Core","PrismaticShard","Ornamental Fan","Unceasing Top","CaptainsWheel","Shovel","Golden Idol","Eternal Feather","Mercury Hourglass","WingedGreaves","Pear","FossilizedHelix","Cables","SlaversCollar","Nloth\u0027s Gift","DollysMirror","Centennial Puzzle","Bottled Lightning","Girya","Orichalcum","Pantograph","Mummified Hand"],"acts_visited":["Exordium","TheCity"],"potions_floor_usage":[6,8,10,22,24,28,31],"damage_taken":[{"damage":0,"enemies":"Small Slimes","floor":1,"turns":2},{"damage":0,"enemies":"2 Louse","floor":2,"turns":2},{"damage":4,"enemies":"Gremlin Nob","floor":6,"turns":3},{"damage":15,"enemies":"3 Sentries","floor":8,"turns":7},{"damage":2,"enemies":"Gremlin Nob","floor":10,"turns":3},{"damage":6,"enemies":"Lagavulin","floor":12,"turns":5},{"damage":12,"enemies":"Gremlin Nob","floor":14,"turns":4},{"damage":12,"enemies":"Slime Boss","floor":16,"turns":8},{"damage":0,"enemies":"Chosen","floor":18,"turns":4},{"damage":0,"enemies":"Shell Parasite","floor":21,"turns":7},{"damage":6,"enemies":"Shelled Parasite and Fungi","floor":22,"turns":5},{"damage":2,"enemies":"Gremlin Leader","floor":23,"turns":8},{"damage":0,"enemies":"Snecko","floor":24,"turns":4},{"damage":4,"enemies":"Cultist and Chosen","floor":25,"turns":6},{"damage":5,"enemies":"Shelled Parasite and Fungi","floor":27,"turns":5},{"damage":4,"enemies":"Slavers","floor":28,"turns":7},{"damage":11,"enemies":"Gremlin Leader","floor":31,"turns":5},{"damage":131,"enemies":"Champ","floor":33,"turns":15}],"seed_played":"4781821183021659345","potions_obtained":[{"floor":6,"key":"Regen Potion"},{"floor":8,"key":"Regen Potion"},{"floor":14,"key":"SpeedPotion"},{"floor":21,"key":"AttackPotion"},{"floor":23,"key":"Energy Potion"},{"floor":24,"key":"EssenceOfSteel"},{"floor":25,"key":"BlessingOfTheForge"},{"floor":28,"key":"PowerPotion"}],"is_trial":false,"path_per_floor":["M","M","?","$","?","E","R","E","T","E","R","E","?","E","R","B",null,"M","?","$","M","M","E","M","M","T","M","E","?","R","E","R","B"],"character_chosen":"DEFECT","items_purchased":["PrismaticShard","Ornamental Fan","Unceasing Top","FairyPotion","FTL","Sunder","Beam Cell","FocusPotion","DollysMirror"],"campfire_rested":0,"item_purchase_floors":[0,0,0,0,0,0,4,4,20],"current_hp_per_floor":[28,28,28,28,28,24,33,33,33,50,59,53,46,36,45,33,65,65,65,65,65,59,57,57,53,53,48,44,44,59,48,63,0,0],"gold":250,"neow_bonus":"","is_daily":false,"chose_seed":false,"campfire_upgraded":2,"win_rate":0.0,"timestamp":1609125411,"path_taken":["M","M","?","$","?","E","R","E","T","E","R","E","?","E","R","BOSS","M","?","$","M","M","E","?","M","T","M","E","?","R","E","R","BOSS"],"items_purchased_type":["Relic","Relic","Relic","Potion","Card","Card","Card","Potion","Relic"],"build_version":"2020-12-22","purchased_purges":2,"victory":false,"max_hp_per_floor":[71,71,64,64,64,64,64,64,64,74,74,74,74,76,76,76,76,76,76,76,76,76,76,76,76,76,76,76,76,76,76,76,76,76],"card_choices":[{"not_picked":["MarkedMod:Acupuncture","Protect"],"picked":"Dark Shackles","floor":1},{"not_picked":["Wild Strike","Blood for Blood"],"picked":"FTL","floor":2},{"not_picked":["Jack Of All Trades","Transmutation"],"picked":"Thinking Ahead","floor":5},{"not_picked":["Loop","Acrobatics"],"picked":"Well Laid Plans","floor":6},{"not_picked":["True Grit","Dagger Throw"],"picked":"Hemokinesis","floor":8},{"not_picked":["Battle Trance","Prostrate"],"picked":"Vault","floor":10},{"not_picked":["Backflip","EmptyBody"],"picked":"Protect","floor":12},{"not_picked":["Havoc","Deadly Poison","Go for the Eyes"],"picked":"Singing Bowl","floor":14},{"not_picked":["All For One","The Bomb"],"picked":"SpiritShield","floor":16},{"not_picked":["FlurryOfBlows","Streamline+1"],"picked":"Shrug It Off+1","floor":18},{"not_picked":["FlurryOfBlows","Discovery","Halt"],"picked":"SKIP","floor":21},{"not_picked":["Acrobatics","EmptyBody","Ghostly Armor"],"picked":"SKIP","floor":22},{"not_picked":["Halt","Riddle With Holes"],"picked":"After Image","floor":23},{"not_picked":["Acrobatics","Heavy Blade"],"picked":"Hemokinesis+1","floor":24},{"not_picked":["Skewer","ClearTheMind+1"],"picked":"Capacitor","floor":25},{"not_picked":["PanicButton","Bouncing Flask+1"],"picked":"Shockwave","floor":27},{"not_picked":["Distraction","CutThroughFate"],"picked":"Double Energy","floor":28},{"not_picked":["Brutality","CutThroughFate","Ball Lightning"],"picked":"SKIP","floor":31}],"player_experience":1169940,"relics_obtained":[{"floor":6,"key":"Eternal Feather"},{"floor":8,"key":"Mercury Hourglass"},{"floor":9,"key":"WingedGreaves"},{"floor":10,"key":"Pear"},{"floor":12,"key":"Singing Bowl"},{"floor":14,"key":"FossilizedHelix"},{"floor":15,"key":"Cables"},{"floor":23,"key":"Centennial Puzzle"},{"floor":26,"key":"Bottled Lightning"},{"floor":28,"key":"Girya"},{"floor":30,"key":"Orichalcum"},{"floor":31,"key":"Pantograph"},{"floor":32,"key":"Mummified Hand"}],"event_choices":[{"damage_healed":0,"gold_gain":0,"player_choice":"Lose Max HP","damage_taken":0,"relics_obtained":["Golden Idol"],"max_hp_gain":0,"max_hp_loss":7,"event_name":"Golden Idol","floor":3,"gold_loss":0},{"damage_healed":0,"gold_gain":1,"player_choice":"1","damage_taken":0,"max_hp_gain":0,"max_hp_loss":0,"event_name":"betterStone:BetterStone","floor":5,"gold_loss":0},{"cards_removed":["Strike_B"],"damage_healed":0,"gold_gain":0,"player_choice":"Card Removal","damage_taken":7,"max_hp_gain":0,"max_hp_loss":0,"event_name":"Golden Wing","floor":13,"gold_loss":0},{"damage_healed":0,"gold_gain":0,"player_choice":"Traded Relic","damage_taken":0,"relics_obtained":["Nloth\u0027s Gift"],"max_hp_gain":0,"max_hp_loss":0,"event_name":"N\u0027loth","floor":19,"relics_lost":["Singing Bowl"],"gold_loss":0},{"damage_healed":0,"gold_gain":0,"player_choice":"Ignored","damage_taken":0,"max_hp_gain":0,"max_hp_loss":0,"event_name":"Ghosts","floor":29,"gold_loss":0}],"is_beta":false,"boss_relics":[{"not_picked":["Tiny House","Velvet Choker"],"picked":"SlaversCollar"}],"items_purged_floors":[0,20],"is_endless":false,"potions_floor_spawned":[6,8,14,21,23,24,25,28],"killed_by":"Champ","ascension_level":20}}