{"host":"19tvufa8xx4wr4o1","time":1609182664,"event":{"mods":["AchievementEnabler","BaseMod","Better Sensory Stone","Better Third Choice","Highlight Path","Minty Spire (QoL Compilation)","Relic Stats","StSLib"],"gold_per_floor":[113,113,124,3,23,50,50,64,64,99,109,109,144,156,156,235,235,251,263,188,35,35,55,65,65,65,81,114,114,131,148,148,220,220,238,103,121,121,137,137,164,164,164,164,180,199,21,33,33,33],"floor_reached":51,"playtime":2303,"items_purged":["Strike_P","Strike_P"],"score":1284,"play_id":"4e820867-5361-4990-b469-1ff974cda7c9","local_time":"20201228131104","is_ascension_mode":true,"campfire_choices":[{"floor":7.0,"key":"REST"},{"floor":12.0,"key":"REST"},{"floor":15.0,"key":"REST"},{"floor":25.0,"key":"REST"},{"floor":29.0,"key":"REST"},{"floor":32.0,"key":"REST"},{"floor":40,"key":"REST"},{"floor":42,"key":"REST"},{"floor":44,"key":"REST"},{"floor":49,"key":"REST"}],"circlet_count":0,"master_deck":["AscendersBane","Strike_P+1","Defend_P+1","Defend_P+1","Eruption+1","Vigilance+1","SignatureMove+1","Swivel+1","EmptyFist+1","Vengeance+1","Meditate+1","CarveReality+1","LessonLearned","Vault+1","Protect","Wireheading","Vault","Tantrum+1","LikeWater+1","FlurryOfBlows+1","Protect","Adaptation","MentalFortress","WaveOfTheHand","Adaptation+1"],"relics":["SlaversCollar","Centennial Puzzle","Oddly Smooth Stone","Shuriken","PreservedInsect","Fusion Hammer","OrangePellets","InkBottle","Ancient Tea Set","Cursed Key","Art of War"],"acts_visited":["Exordium","TheCity","TheBeyond"],"potions_floor_usage":[47,50],"damage_taken":[{"damage":7.0,"enemies":"2 Louse","floor":1.0,"turns":2.0},{"damage":0.0,"enemies":"Cultist","floor":3.0,"turns":3.0},{"damage":0.0,"enemies":"Jaw Worm","floor":5.0,"turns":2.0},{"damage":26.0,"enemies":"Gremlin Nob","floor":6.0,"turns":4.0},{"damage":15.0,"enemies":"Exordium Thugs","floor":8.0,"turns":6.0},{"damage":10.0,"enemies":"Lagavulin","floor":10.0,"turns":6.0},{"damage":7.0,"enemies":"Gremlin Gang","floor":11.0,"turns":3.0},{"damage":9.0,"enemies":"Gremlin Nob","floor":13.0,"turns":3.0},{"damage":6.0,"enemies":"2 Fungi Beasts","floor":14.0,"turns":3.0},{"damage":0.0,"enemies":"Slime Boss","floor":16.0,"turns":3.0},{"damage":0.0,"enemies":"Spheric Guardian","floor":18.0,"turns":2.0},{"damage":3.0,"enemies":"3 Byrds","floor":19.0,"turns":6.0},{"damage":6.0,"enemies":"Snake Plant","floor":23.0,"turns":4.0},{"damage":18.0,"enemies":"Centurion and Healer","floor":24.0,"turns":4.0},{"damage":8.0,"enemies":"Cultist and Chosen","floor":27.0,"turns":5.0},{"damage":14.0,"enemies":"Slavers","floor":28.0,"turns":2.0},{"damage":0.0,"enemies":"3 Cultists","floor":30.0,"turns":5.0},{"damage":0.0,"enemies":"Snecko","floor":31.0,"turns":5.0},{"damage":39.0,"enemies":"Automaton","floor":33.0,"turns":7.0},{"damage":23.0,"enemies":"3 Darklings","floor":35.0,"turns":5.0},{"damage":6,"enemies":"3 Shapes","floor":37,"turns":6},{"damage":15,"enemies":"Maw","floor":39,"turns":6},{"damage":0,"enemies":"Giant Head","floor":41,"turns":4},{"damage":23,"enemies":"Jaw Worm Horde","floor":45,"turns":3},{"damage":5,"enemies":"Spire Growth","floor":46,"turns":4},{"damage":0,"enemies":"Maw","floor":48,"turns":9},{"damage":7,"enemies":"Time Eater","floor":50,"turns":10}],"seed_played":"-6313526768131604824","potions_obtained":[{"floor":1.0,"key":"BlessingOfTheForge"},{"floor":3.0,"key":"Explosive Potion"},{"floor":11.0,"key":"Explosive Potion"},{"floor":14.0,"key":"Fire Potion"},{"floor":24.0,"key":"Explosive Potion"},{"floor":27.0,"key":"StancePotion"},{"floor":28.0,"key":"Strength Potion"},{"floor":48,"key":"PowerPotion"}],"is_trial":false,"path_per_floor":["M","?","M","$","M","E","R","M","T","E","M","R","E","M","R","B",null,"M","M","?","$","?","M","M","R","T","M","E","R","M","M","R","B",null,"M","$","M","?","M","R","E","R","T","R","M","M","$","M","R","B",null],"character_chosen":"WATCHER","items_purchased":["EmptyFist","OrangePellets","LikeWater","Fruit Juice","WaveOfTheHand"],"campfire_rested":10,"item_purchase_floors":[4,21,36,47,47],"current_hp_per_floor":[58,58,58,58,58,32,53,38,38,28,21,42,33,27,48,48,66,66,63,63,63,63,57,39,60,60,52,38,59,59,59,72,33,62,39,39,33,33,18,39,39,60,60,72,49,44,49,49,72,65],"gold":33,"neow_bonus":"BOSS_RELIC","is_daily":false,"chose_seed":false,"campfire_upgraded":0,"win_rate":0.0,"timestamp":1609182664,"path_taken":["M","?","M","$","?","E","R","M","T","E","M","R","E","M","R","BOSS","M","M","?","$","?","M","?","R","T","?","E","R","M","M","R","BOSS","M","$","M","?","M","R","E","R","T","R","M","M","?","M","R","BOSS"],"items_purchased_type":["Card","Relic","Card","Potion","Card"],"build_version":"2020-12-22","purchased_purges":2,"victory":true,"max_hp_per_floor":[72,72,72,72,72,72,72,72,72,72,72,72,72,72,72,72,72,72,72,72,72,72,72,72,72,72,72,72,72,72,72,72,72,72,72,72,72,72,72,72,72,72,72,72,72,72,77,77,77,77],"relic_stats":{"OrangePellets":[4],"Centennial Puzzle":[51],"counters":[27,122],"Shuriken":[51],"PreservedInsect":172,"Art of War":[6],"Cursed Key":0,"obtain_stats":[{"SlaversCollar":0,"OrangePellets":21,"Centennial Puzzle":6,"Shuriken":10,"Oddly Smooth Stone":9,"PreservedInsect":13,"Fusion Hammer":17,"Art of War":41,"PureWater":0,"Ancient Tea Set":28,"Cursed Key":34,"InkBottle":26},{"SlaversCollar":0,"OrangePellets":12,"Centennial Puzzle":4,"Shuriken":6,"Oddly Smooth Stone":5,"PreservedInsect":8,"Fusion Hammer":10,"Art of War":23,"PureWater":0,"Ancient Tea Set":16,"Cursed Key":19,"InkBottle":14},{"SlaversCollar":0,"OrangePellets":43,"Centennial Puzzle":11,"Shuriken":23,"Oddly Smooth Stone":17,"PreservedInsect":29,"Fusion Hammer":35,"Art of War":96,"PureWater":0,"Ancient Tea Set":58,"Cursed Key":75,"InkBottle":51}],"InkBottle":[29]},"card_choices":[{"not_picked":["Prostrate","Nirvana"],"picked":"SignatureMove","floor":1.0},{"not_picked":["EmptyMind","SashWhip"],"picked":"Swivel","floor":3.0},{"not_picked":["ThirdEye","EmptyFist"],"picked":"Vengeance","floor":5.0},{"not_picked":["WheelKick","FlurryOfBlows"],"picked":"Meditate","floor":6.0},{"not_picked":["Halt","SignatureMove","EmptyBody"],"picked":"SKIP","floor":8.0},{"not_picked":["EmptyBody","FlyingSleeves","ClearTheMind"],"picked":"SKIP","floor":10.0},{"not_picked":["Fasting2","Worship","ThirdEye"],"picked":"SKIP","floor":11.0},{"not_picked":["InnerPeace","Adaptation"],"picked":"CarveReality","floor":13.0},{"not_picked":["Adaptation","CarveReality"],"picked":"LessonLearned","floor":14.0},{"not_picked":["Alpha","LessonLearned"],"picked":"Vault","floor":16.0},{"not_picked":["CutThroughFate","PathToVictory","Vengeance"],"picked":"SKIP","floor":18.0},{"not_picked":["EmptyFist","FollowUp"],"picked":"Protect","floor":23.0},{"not_picked":["PathToVictory","Worship","Prostrate"],"picked":"SKIP","floor":24.0},{"not_picked":["SashWhip","Prostrate","FollowUp+1"],"picked":"SKIP","floor":27.0},{"not_picked":["EmptyBody+1","Evaluate","Brilliance"],"picked":"SKIP","floor":28.0},{"not_picked":["BowlingBash","CrushJoints","Prostrate+1"],"picked":"SKIP","floor":30.0},{"not_picked":["SandsOfTime","Study"],"picked":"Wireheading","floor":31.0},{"not_picked":["Brilliance","Establishment"],"picked":"Vault","floor":33.0},{"not_picked":["Halt","BattleHymn"],"picked":"Tantrum","floor":35.0},{"not_picked":["Weave","Consecrate+1"],"picked":"FlurryOfBlows+1","floor":37},{"not_picked":["Study","Evaluate"],"picked":"Protect","floor":39},{"not_picked":["CutThroughFate+1","Establishment"],"picked":"Adaptation","floor":41},{"not_picked":["ThirdEye","JustLucky","ClearTheMind"],"picked":"SKIP","floor":45},{"not_picked":["ForeignInfluence+1","ReachHeaven"],"picked":"MentalFortress","floor":46},{"not_picked":["Protect","Swivel"],"picked":"Adaptation+1","floor":48}],"player_experience":543717,"relics_obtained":[{"floor":6.0,"key":"Centennial Puzzle"},{"floor":9.0,"key":"Oddly Smooth Stone"},{"floor":10.0,"key":"Shuriken"},{"floor":13.0,"key":"PreservedInsect"},{"floor":26.0,"key":"InkBottle"},{"floor":28.0,"key":"Ancient Tea Set"},{"floor":41,"key":"Art of War"}],"event_choices":[{"cards_removed":["Defend_P"],"damage_healed":0.0,"max_hp_gain":0.0,"max_hp_loss":0.0,"gold_gain":0.0,"event_name":"Purifier","player_choice":"Purged","floor":2.0,"gold_loss":0.0,"damage_taken":0.0},{"cards_removed":["Strike_P"],"damage_healed":0.0,"max_hp_gain":0.0,"max_hp_loss":0.0,"gold_gain":0.0,"event_name":"Beggar","player_choice":"Gave Gold","floor":20.0,"gold_loss":75.0,"damage_taken":0.0},{"damage_healed":0.0,"max_hp_gain":0.0,"max_hp_loss":0.0,"gold_gain":0.0,"event_name":"Vampires","player_choice":"Ignored","floor":22.0,"gold_loss":0.0,"damage_taken":0.0},{"cards_removed":["Defend_P"],"damage_healed":0,"gold_gain":0,"player_choice":"Removed Skill","damage_taken":0,"max_hp_gain":0,"max_hp_loss":0,"event_name":"Falling","floor":38,"gold_loss":0}],"is_beta":false,"boss_relics":[{"not_picked":["Coffee Dripper","Black Star"],"picked":"Fusion Hammer"},{"not_picked":["Runic Dome","Philosopher\u0027s Stone"],"picked":"Cursed Key"}],"items_purged_floors":[4,36],"is_endless":false,"potions_floor_spawned":[1,3,5,11,14,16,24,27,28,30,37,41,46,48],"ascension_level":13}}