{"host":"kmq7aw60w430zvtx","time":1609166410,"event":{"mods":["BaseMod","Downfall","GifTheSpireLib","Hermit","Hubris","Minty Spire (QoL Compilation)","Replay The Spire","StSLib","The Construct","The Cursed","The Hierophant","The Jungle","The Necromancer","The Runesmith"],"gold_per_floor":[114,25,25,38,52,86,86,112,138,138,168,168,186,214,214,313,413,431,431,450,450,463,463,488,500,537,565,577,609,571,585,585,585,585],"floor_reached":33,"playtime":1912,"items_purged":["Strike_G","Defend_G"],"score":396,"play_id":"e46f30b7-1c51-4604-8c9f-71614b687577","local_time":"20201228154010","is_ascension_mode":true,"campfire_choices":[{"floor":7,"key":"REST"},{"floor":10,"key":"RECALL"},{"floor":12,"key":"REST"},{"floor":15,"key":"REST"},{"data":"Noxious Fumes","floor":23,"key":"SMITH"},{"floor":32,"key":"REST"}],"circlet_count":0,"master_deck":["Defend_G","Defend_G","Defend_G","Defend_G","Survivor","Neutralize","Poisoned Stab+1","Replay:Poison Smokescreen","Bane","Noxious Fumes+1","Terror","Backstab","Endless Agony","Noxious Fumes","Dodge and Roll","After Image","Poisoned Stab","Bite","Bite","Bite","Bite","Bite","PiercingWail+1","Deadly Poison+1","Neutralize","Adrenaline","Crippling Poison+1","Deflect","Bouncing Flask"],"relics":["Ring of the Snake","Smiling Mask","Ancient Tea Set","Unceasing Top","Oddly Smooth Stone","Odd Mushroom","Replay:Wanted Poster","MawBank","Dream Catcher","Nunchaku"],"acts_visited":["Exordium","TheCity"],"potions_floor_usage":[11,16,22,24,33],"damage_taken":[{"damage":2,"enemies":"Small Slimes","floor":1,"turns":6},{"damage":0,"enemies":"Cultist","floor":4,"turns":3},{"damage":0,"enemies":"Jaw Worm","floor":5,"turns":3},{"damage":16,"enemies":"Replay:BlueRogue","floor":6,"turns":5},{"damage":9,"enemies":"3 Sentries","floor":8,"turns":7},{"damage":31,"enemies":"Gremlin Nob","floor":11,"turns":4},{"damage":3,"enemies":"Exordium Wildlife","floor":13,"turns":3},{"damage":6,"enemies":"The Mushroom Lair","floor":14,"turns":4},{"damage":8,"enemies":"The Guardian","floor":16,"turns":8},{"damage":16,"enemies":"2 Thieves","floor":18,"turns":5},{"damage":16,"enemies":"Spheric Guardian","floor":20,"turns":4},{"damage":6,"enemies":"Cultist and Chosen","floor":22,"turns":6},{"damage":6,"enemies":"Gremlin Leader","floor":24,"turns":4},{"damage":30,"enemies":"Snake Plant","floor":27,"turns":5},{"damage":8,"enemies":"3 Cultists","floor":29,"turns":5},{"damage":18,"enemies":"Centurion and Healer","floor":31,"turns":5},{"damage":36,"enemies":"Collector","floor":33,"turns":5}],"seed_played":"7328125901000682413","potions_obtained":[{"floor":1,"key":"Poison Potion"},{"floor":4,"key":"DuplicationPotion"},{"floor":11,"key":"LifebloodPotion"},{"floor":18,"key":"Slimebound:ThreeZeroPotion"},{"floor":20,"key":"champ:CounterPotion"},{"floor":31,"key":"Swift Potion"}],"is_trial":false,"path_per_floor":["M","$","?","M","M","E","R","E","T","R","E","R","M","?","R","B",null,"M","?","M","?","M","R","E","?","T","M","?","M","$","M","R","B"],"character_chosen":"THE_SILENT","items_purchased":["Replay:Poison Smokescreen"],"campfire_rested":4,"item_purchase_floors":[2],"current_hp_per_floor":[61,61,61,61,61,45,66,57,57,57,26,47,44,38,59,51,65,49,49,37,37,41,41,43,43,43,21,21,23,23,13,27,0,0],"gold":585,"neow_bonus":"RANDOM_COMMON_RELIC","is_daily":false,"chose_seed":false,"campfire_upgraded":1,"win_rate":0.0,"timestamp":1609166410,"path_taken":["M","$","?","?","M","E","R","E","T","R","E","R","M","?","R","BOSS","M","?","M","?","M","R","E","?","T","?","?","?","?","M","R","BOSS"],"items_purchased_type":["Card"],"build_version":"2020-12-22","purchased_purges":2,"victory":false,"max_hp_per_floor":[70,70,70,70,70,70,70,70,70,70,70,70,70,70,70,70,70,70,49,49,49,49,49,49,49,49,49,49,49,49,49,49,49,49],"card_choices":[{"not_picked":["Riddle With Holes","Prepared"],"picked":"Poisoned Stab","floor":1},{"not_picked":["Quick Slash","Acrobatics"],"picked":"Bane","floor":4},{"not_picked":["Heel Hook","Bane"],"picked":"Noxious Fumes","floor":5},{"not_picked":["Outmaneuver","Hidden Blade"],"picked":"Terror","floor":6},{"not_picked":["Night Terror","Backflip"],"picked":"Backstab","floor":8},{"not_picked":["Prepared","Reflex"],"picked":"Endless Agony","floor":11},{"not_picked":["Masterful Stab","Dagger Throw"],"picked":"Noxious Fumes","floor":13},{"not_picked":["Choke","Predator"],"picked":"Dodge and Roll","floor":14},{"not_picked":["Burst","Grand Finale"],"picked":"After Image","floor":16},{"not_picked":["Dagger Spray","Finisher+1"],"picked":"Poisoned Stab","floor":18},{"not_picked":["ReplayTheSpireMod:Exploit Weakness","Hidden Blade","Acrobatics+1"],"picked":"SKIP","floor":20},{"not_picked":["Backflip","ReplayTheSpireMod:From All Sides"],"picked":"PiercingWail+1","floor":22},{"not_picked":["Blade Dance+1","ReplayTheSpireMod:Tripwire"],"picked":"Deadly Poison+1","floor":24},{"not_picked":["Backflip","ReplayTheSpireMod:Shiv Toss+1","Hidden Blade"],"picked":"SKIP","floor":27},{"not_picked":["Slice","Flying Knee"],"picked":"Crippling Poison+1","floor":29},{"not_picked":["PiercingWail","Acrobatics"],"picked":"Deflect","floor":31},{"not_picked":["Leg Sweep","Hidden Blade"],"picked":"Bouncing Flask","floor":32}],"player_experience":257377,"relics_obtained":[{"floor":6,"key":"Ancient Tea Set"},{"floor":8,"key":"Unceasing Top"},{"floor":11,"key":"Oddly Smooth Stone"},{"floor":14,"key":"Odd Mushroom"},{"floor":24,"key":"MawBank"},{"floor":26,"key":"Dream Catcher"}],"event_choices":[{"damage_healed":0,"gold_gain":0,"player_choice":"Upgraded","damage_taken":0,"max_hp_gain":0,"max_hp_loss":0,"event_name":"Upgrade Shrine","floor":3,"gold_loss":0,"cards_upgraded":["Poisoned Stab"]},{"damage_healed":0,"gold_gain":0,"player_choice":"Fought Mushrooms","damage_taken":0,"max_hp_gain":0,"max_hp_loss":0,"event_name":"Mushrooms","floor":14,"gold_loss":0},{"damage_healed":0,"gold_gain":0,"player_choice":"Became a vampire","damage_taken":0,"max_hp_gain":0,"max_hp_loss":21,"event_name":"Vampires","floor":19,"gold_loss":0,"cards_obtained":["Bite","Bite","Bite","Bite","Bite"]},{"damage_healed":0,"gold_gain":0,"player_choice":"2 cards matched","damage_taken":0,"max_hp_gain":0,"max_hp_loss":0,"event_name":"Match and Keep!","floor":25,"gold_loss":0,"cards_obtained":["Neutralize","Adrenaline"]},{"damage_healed":0,"gold_gain":0,"player_choice":"Gave Potion","damage_taken":0,"relics_obtained":["Nunchaku"],"max_hp_gain":0,"max_hp_loss":0,"event_name":"WeMeetAgain","floor":28,"gold_loss":0}],"is_beta":false,"boss_relics":[{"not_picked":["hubris:Backtick","WristBlade"],"picked":"Replay:Wanted Poster"}],"items_purged_floors":[2,30],"is_endless":false,"potions_floor_spawned":[1,4,11,16,18,20,31],"killed_by":"Collector","ascension_level":6}}