{"host":"f7rb14kzcw8hx1r1","time":1609167391,"event":{"mods":["BaseMod","Better Note","Better Third Choice","Colored Map","Highlight Path","Hubris","Minty Spire (QoL Compilation)","Replay The Spire","StSLib","The Forsaken"],"gold_per_floor":[111,121,141,153,78,78,110,10,10,10,10,28,57,73,73,173,173,186,198,198,210,225,225,251,251,251,251,9,26,44,74,74,169,169,179,195,0,17,17,48,60,60,140,140,90,109,121,121,121,21],"floor_reached":51,"playtime":1936,"items_purged":["Strike_G","Strike_G","Strike_G","Strike_G"],"score":881,"play_id":"30baaca2-24ff-41aa-933d-30c372d8b901","local_time":"20201228155631","is_ascension_mode":false,"campfire_choices":[{"data":"Neutralize","floor":6.0,"key":"SMITH"},{"data":"1","floor":15.0,"key":"LIFT"},{"data":"Skewer","floor":23.0,"key":"SMITH"},{"data":"Mirror Shield","floor":25,"key":"SMITH"},{"data":"2","floor":27,"key":"LIFT"},{"data":"3","floor":32,"key":"LIFT"},{"data":"Leg Sweep","floor":42,"key":"SMITH"},{"data":"Acrobatics","floor":49,"key":"SMITH"}],"circlet_count":0,"master_deck":["Defend_G","Defend_G","Defend_G","Defend_G","Defend_G","Survivor","Neutralize+1","Dash","Backflip","Acrobatics+1","ReplayTheSpireMod:From All Sides","Dagger Spray","ReplayTheSpireMod:Speed Training","Hidden Blade","Skewer+1","Mirror Shield+1","Acrobatics+1","Underhanded Strike+1","Predator","Tools of the Trade","Footwork+1","ReplayTheSpireMod:Scrap Shanks+1","Leg Sweep+1","Blur+1","Accuracy+1"],"relics":["hubris:VirtuousBlindfold","hubris:OldNail","hubris:SphereOfDissonance","Bronze Scales","Girya","Replay:Accelerometer","theForsaken:PaleLantern","Oddly Smooth Stone","hubris:PeanutButter","Replay:Wax Seal","Nunchaku","Black Star","Red Mask","Blood Vial","Lantern","Gremlin Horn","hubris:Icosahedron"],"acts_visited":["Exordium","TheCity","TheBeyond"],"potions_floor_usage":[24,33,33,33,40,50],"damage_taken":[{"damage":0.0,"enemies":"Jaw Worm","floor":1.0,"turns":4.0},{"damage":0.0,"enemies":"Small Slimes","floor":2.0,"turns":3.0},{"damage":0.0,"enemies":"Cultist","floor":3.0,"turns":4.0},{"damage":11.0,"enemies":"Exordium Thugs","floor":4.0,"turns":6.0},{"damage":0.0,"enemies":"Replay:BlueRogue","floor":7.0,"turns":9.0},{"damage":0.0,"enemies":"Looter","floor":12.0,"turns":2.0},{"damage":0.0,"enemies":"Gremlin Nob","floor":13.0,"turns":3.0},{"damage":0.0,"enemies":"Exordium Wildlife","floor":14.0,"turns":4.0},{"damage":12.0,"enemies":"Slime Boss","floor":16.0,"turns":2.0},{"damage":1.0,"enemies":"Chosen","floor":18.0,"turns":3.0},{"damage":4.0,"enemies":"2 Thieves","floor":19.0,"turns":4.0},{"damage":5.0,"enemies":"Snake Plant","floor":21.0,"turns":2.0},{"damage":0.0,"enemies":"Centurion and Healer","floor":22.0,"turns":3.0},{"damage":3,"enemies":"Gremlin Leader","floor":24,"turns":7},{"damage":0,"enemies":"Shelled Parasite and Fungi","floor":29,"turns":3},{"damage":0,"enemies":"Chosen and Byrds","floor":30,"turns":4},{"damage":0,"enemies":"Replay:Snechameleon","floor":31,"turns":3},{"damage":13,"enemies":"Collector","floor":33,"turns":10},{"damage":0,"enemies":"Orb Walker","floor":35,"turns":2},{"damage":0,"enemies":"3 Darklings","floor":36,"turns":3},{"damage":0,"enemies":"4 Shapes","floor":38,"turns":6},{"damage":0,"enemies":"Reptomancer","floor":40,"turns":5},{"damage":1,"enemies":"Sphere and 2 Shapes","floor":41,"turns":5},{"damage":0,"enemies":"Transient","floor":46,"turns":5},{"damage":0,"enemies":"3 Darklings","floor":47,"turns":4},{"damage":14,"enemies":"Awakened One","floor":50,"turns":13}],"seed_played":"-6547985511066197405","potions_obtained":[{"floor":1.0,"key":"Death Potion"},{"floor":12.0,"key":"Fire Potion"},{"floor":14.0,"key":"Weak Potion"},{"floor":18.0,"key":"Explosive Potion"},{"floor":24,"key":"Poison Potion"},{"floor":29,"key":"AttackPotion"},{"floor":31,"key":"Explosive Potion"},{"floor":33,"key":"Fruit Juice"},{"floor":46,"key":"SkillPotion"}],"is_trial":false,"path_per_floor":["M","M","M","M","$","R","E","$","T","?","?","M","E","M","R","B",null,"M","M","?","M","M","R","E","R","T","R","$","M","M","E","R","B",null,"M","M","?","M","?","E","M","R","T","?","$","M","M","$","R","B",null],"character_chosen":"THE_SILENT","items_purchased":["Underhanded Strike+1","Replay:Wax Seal"],"campfire_rested":0,"item_purchase_floors":[28,28],"current_hp_per_floor":[70,70,70,59,59,59,59,59,59,29,29,29,29,29,29,17,70,69,65,65,60,60,60,57,57,57,57,57,57,57,57,57,49,75,75,75,75,75,75,75,74,74,74,74,74,75,75,75,75,61],"gold":21,"neow_bonus":"BOSS_RELIC","is_daily":false,"chose_seed":false,"campfire_upgraded":5,"win_rate":0.0,"timestamp":1609167391,"path_taken":["M","M","M","M","$","R","E","$","T","?","?","M","E","M","R","BOSS","M","M","?","M","M","R","E","R","T","R","$","M","M","E","R","BOSS","M","M","?","M","?","E","M","R","T","?","$","?","M","$","R","BOSS"],"items_purchased_type":["Card","Relic"],"build_version":"2020-12-22","purchased_purges":4,"victory":true,"max_hp_per_floor":[70,70,70,70,70,70,70,70,70,70,70,70,70,70,70,70,70,70,70,70,70,70,70,70,70,70,70,70,70,70,70,70,75,75,75,75,75,75,75,75,75,75,75,75,75,75,75,75,75,75],"card_choices":[{"not_picked":["Sucker Punch","Cloak And Dagger"],"picked":"Dash","floor":1.0},{"not_picked":["hubris:Sniper","Sucker Punch","Prepared"],"picked":"SKIP","floor":2.0},{"not_picked":["Slice","Blur"],"picked":"Backflip","floor":3.0},{"not_picked":["hubris:TrickCloak","Blade Dance"],"picked":"Acrobatics","floor":4.0},{"not_picked":["hubris:SlightOfHand","Outmaneuver"],"picked":"ReplayTheSpireMod:From All Sides","floor":7.0},{"not_picked":["Toxin Wave","Blade Dance"],"picked":"Dagger Spray","floor":12.0},{"not_picked":["ReplayTheSpireMod:From All Sides","Hidden Blade"],"picked":"ReplayTheSpireMod:Speed Training","floor":13.0},{"not_picked":["Riddle With Holes","Acrobatics"],"picked":"Hidden Blade","floor":14.0},{"not_picked":["Blade Dance","Dagger Spray"],"picked":"Skewer","floor":18.0},{"not_picked":["Flying Knee","ReplayTheSpireMod:Shiv Toss+1","Poisoned Stab"],"picked":"SKIP","floor":19.0},{"not_picked":["Slice+1","Deadly Poison","Bullet Time"],"picked":"SKIP","floor":21.0},{"not_picked":["Bane+1","Endless Agony","Calculated Gamble"],"picked":"SKIP","floor":22.0},{"not_picked":["Blade Dance","Sneak Up"],"picked":"Acrobatics+1","floor":24},{"not_picked":["Backflip","hubris:Counter"],"picked":"Predator","floor":29},{"not_picked":["Flying Knee","Draining Mist","Dagger Spray"],"picked":"SKIP","floor":30},{"not_picked":["Well Laid Plans","Eviscerate","hubris:SlightOfHand"],"picked":"SKIP","floor":31},{"not_picked":["Storm of Steel","Corpse Explosion"],"picked":"Tools of the Trade","floor":33},{"not_picked":["Prepared","Draining Mist+1","Underhanded Strike+1"],"picked":"SKIP","floor":35},{"not_picked":["Infinite Blades","Cloak And Dagger"],"picked":"Footwork+1","floor":36},{"not_picked":["Footwork","Poisoned Stab"],"picked":"ReplayTheSpireMod:Scrap Shanks+1","floor":38},{"not_picked":["Poison Darts","Flying Knee+1","Outmaneuver+1"],"picked":"SKIP","floor":40},{"not_picked":["Distraction","Calculated Gamble"],"picked":"Leg Sweep","floor":41},{"not_picked":["Masterful Stab+1","hubris:TrickCloak+1"],"picked":"Blur+1","floor":46},{"not_picked":["PiercingWail+1","Backflip+1"],"picked":"Accuracy+1","floor":47}],"player_experience":886532,"relics_obtained":[{"floor":7.0,"key":"hubris:OldNail"},{"floor":9.0,"key":"hubris:SphereOfDissonance"},{"floor":13.0,"key":"Replay:Accelerometer"},{"floor":24,"key":"Oddly Smooth Stone"},{"floor":26,"key":"hubris:PeanutButter"},{"floor":31,"key":"Nunchaku"},{"floor":40,"key":"Blood Vial"},{"floor":40,"key":"Lantern"},{"floor":43,"key":"Gremlin Horn"}],"event_choices":[{"damage_healed":0.0,"max_hp_gain":0.0,"max_hp_loss":0.0,"gold_gain":1.0,"event_name":"betterThird:BetterScrap","player_choice":"Relic Relic ","floor":10.0,"gold_loss":0.0,"damage_taken":30.0,"cards_obtained":["Blasphemy"]},{"cards_removed":["Strike_G"],"damage_healed":0.0,"max_hp_gain":0.0,"max_hp_loss":0.0,"gold_gain":0.0,"event_name":"Living Wall","player_choice":"Forget","floor":11.0,"gold_loss":0.0,"damage_taken":0.0},{"cards_removed":["Neutralize"],"damage_healed":0.0,"max_hp_gain":0.0,"max_hp_loss":0.0,"gold_gain":0.0,"event_name":"betterNote:BetterNote","player_choice":"Take \u0026 Give","floor":20.0,"gold_loss":0.0,"damage_taken":0.0,"cards_obtained":["Mirror Shield"]},{"damage_healed":0,"gold_gain":0,"player_choice":"Paid","damage_taken":0,"relics_obtained":["Red Mask"],"max_hp_gain":0,"max_hp_loss":0,"event_name":"Tomb of Lord Red Mask","floor":37,"gold_loss":195}],"is_beta":false,"boss_relics":[{"not_picked":["hubris:BlackHole","Abe\u0027s Treasure"],"picked":"theForsaken:PaleLantern"},{"not_picked":["HoveringKite","Snecko Scales"],"picked":"Black Star"}],"items_purged_floors":[5,8,28,45],"is_endless":false,"potions_floor_spawned":[1,12,14,18,24,29,31,33,46],"ascension_level":0}}