{"host":"mt3nndg5ku536gxi","time":1609135394,"event":{"mods":["BaseMod","Colored Powertips","Minty Spire (QoL Compilation)","Permanent Neow","Quick Restart","Relic Stats","StSLib"],"gold_per_floor":[117,131,145,164,13,13,40,40,40,40,53,84,124,159,159,233,233,245,245,170,180,199,228,83,83,135,135,165,183,212,229,229,301,301,339,56,71,71,96,125,125,151,174,202,220,253,253,285,285,305,305,305,305,100,130,130],"floor_reached":57,"playtime":4438,"items_purged":["Strike_P","Strike_P","Defend_P","Strike_P+1"],"score":3256,"play_id":"2f9baa78-2e94-44a0-84f4-013c33083cce","local_time":"20201228140314","is_ascension_mode":true,"campfire_choices":[{"data":"Eruption","floor":6.0,"key":"SMITH"},{"data":"FlurryOfBlows","floor":8.0,"key":"SMITH"},{"floor":10.0,"key":"REST"},{"floor":15.0,"key":"REST"},{"floor":27.0,"key":"REST"},{"floor":32.0,"key":"REST"},{"floor":41.0,"key":"RECALL"},{"floor":49.0,"key":"REST"},{"floor":53,"key":"REST"}],"circlet_count":0,"master_deck":["AscendersBane","Defend_P+1","Defend_P+1","Defend_P+1","Eruption+1","Vigilance+1","Collect+1","Prostrate+1","FearNoEvil+1","LessonLearned+1","FlurryOfBlows+1","Tantrum+1","Prostrate+1","Wireheading+1","CrushJoints+1","Vault+1","WheelKick+1","Necronomicurse","FlurryOfBlows+1","EmptyBody+1","ForeignInfluence+1","Clumsy","EmptyMind+1","ConjureBlade+1","InnerPeace","Scrawl+1","CurseOfTheBell","Vault+1","Fasting2+1","TalkToTheHand"],"relics":["Cursed Key","Juzu Bracelet","Dead Branch","War Paint","Fusion Hammer","Necronomicon","Bronze Scales","Lizard Tail","Prayer Wheel","Calling Bell","Boot","Frozen Egg 2","WingedGreaves","Omamori","CloakClasp","Oddly Smooth Stone","InkBottle","Orichalcum","Unceasing Top","HornCleat","Pen Nib"],"acts_visited":["Exordium","TheCity","TheBeyond","TheEnding"],"potions_floor_usage":[55,56],"damage_taken":[{"damage":0.0,"enemies":"Cultist","floor":1.0,"turns":3.0},{"damage":0.0,"enemies":"Small Slimes","floor":2.0,"turns":3.0},{"damage":0.0,"enemies":"Jaw Worm","floor":3.0,"turns":4.0},{"damage":1.0,"enemies":"Lots of Slimes","floor":4.0,"turns":2.0},{"damage":42.0,"enemies":"3 Sentries","floor":7.0,"turns":10.0},{"damage":11.0,"enemies":"Gremlin Gang","floor":11.0,"turns":4.0},{"damage":16.0,"enemies":"Gremlin Nob","floor":12.0,"turns":3.0},{"damage":0.0,"enemies":"Exordium Thugs","floor":13.0,"turns":1.0},{"damage":2.0,"enemies":"Lagavulin","floor":14.0,"turns":7.0},{"damage":3.0,"enemies":"Hexaghost","floor":16.0,"turns":7.0},{"damage":0.0,"enemies":"2 Thieves","floor":18.0,"turns":2.0},{"damage":7.0,"enemies":"Spheric Guardian","floor":21.0,"turns":4.0},{"damage":7.0,"enemies":"3 Cultists","floor":22.0,"turns":3.0},{"damage":3.0,"enemies":"Gremlin Leader","floor":23.0,"turns":5.0},{"damage":7.0,"enemies":"Slavers","floor":28.0,"turns":5.0},{"damage":6.0,"enemies":"Centurion and Healer","floor":29.0,"turns":4.0},{"damage":15.0,"enemies":"Book of Stabbing","floor":30.0,"turns":6.0},{"damage":1.0,"enemies":"Snake Plant","floor":31.0,"turns":2.0},{"damage":12.0,"enemies":"Automaton","floor":33.0,"turns":6.0},{"damage":9.0,"enemies":"3 Shapes","floor":35.0,"turns":5.0},{"damage":0.0,"enemies":"Orb Walker","floor":37.0,"turns":1.0},{"damage":0.0,"enemies":"Mind Bloom Boss Battle","floor":39.0,"turns":6.0},{"damage":0.0,"enemies":"Giant Head","floor":40.0,"turns":4.0},{"damage":0.0,"enemies":"Reptomancer","floor":42.0,"turns":7.0},{"damage":0.0,"enemies":"Giant Head","floor":44.0,"turns":5.0},{"damage":0.0,"enemies":"Spire Growth","floor":45.0,"turns":5.0},{"damage":7.0,"enemies":"Reptomancer","floor":46.0,"turns":5.0},{"damage":0.0,"enemies":"Nemesis","floor":48.0,"turns":4.0},{"damage":9,"enemies":"Donu and Deca","floor":50,"turns":5},{"damage":0,"enemies":"Awakened One","floor":51,"turns":6},{"damage":0,"enemies":"Shield and Spear","floor":55,"turns":4},{"damage":44,"enemies":"The Heart","floor":56,"turns":7}],"seed_played":"-3515267796182697739","potions_obtained":[{"floor":1.0,"key":"Dexterity Potion"},{"floor":3.0,"key":"Explosive Potion"},{"floor":12.0,"key":"ColorlessPotion"},{"floor":13.0,"key":"Ancient Potion"},{"floor":14.0,"key":"Swift Potion"},{"floor":16.0,"key":"Weak Potion"},{"floor":23.0,"key":"SpeedPotion"},{"floor":30.0,"key":"PowerPotion"},{"floor":31.0,"key":"SkillPotion"},{"floor":33.0,"key":"GamblersBrew"},{"floor":42.0,"key":"AttackPotion"},{"floor":45.0,"key":"LiquidMemories"}],"is_trial":false,"path_per_floor":["M","M","M","M","$","R","E","R","T","R","M","E","M","E","R","B",null,"M","?","?","M","M","E","$","?","T","R","E","M","E","M","R","B",null,"M","$","M","?","?","E","R","E","T","E","M","E","?","E","R","B","B",null,"R","$","E","B",null],"character_chosen":"WATCHER","items_purchased":["LessonLearned","ForeignInfluence","Omamori","Swift Potion"],"campfire_rested":6,"item_purchase_floors":[5,24,36,54],"current_hp_per_floor":[61,61,61,60,60,60,18,18,18,38,27,11,11,9,29,26,58,58,37,37,30,23,20,20,20,20,40,33,27,12,11,31,19,56,47,47,47,47,47,47,47,47,47,47,47,40,40,40,59,50,50,61,65,65,65,21],"gold":130,"neow_bonus":"BOSS_RELIC","is_daily":false,"chose_seed":false,"campfire_upgraded":2,"win_rate":0.0,"timestamp":1609135394,"path_taken":["M","M","?","M","$","R","E","R","T","R","M","E","M","E","R","BOSS","M","?","?","M","M","E","$","?","T","R","E","M","E","M","R","BOSS","M","$","M","?","?","E","R","E","T","E","M","E","?","E","R","BOSS","BOSS","R","$","E","BOSS"],"items_purchased_type":["Card","Card","Relic","Potion"],"build_version":"2020-12-22","purchased_purges":4,"victory":true,"max_hp_per_floor":[68,68,68,68,68,68,68,68,68,68,68,68,68,68,68,68,68,68,68,68,68,68,68,68,68,68,68,68,68,68,68,68,68,68,68,68,68,68,68,68,68,68,68,68,68,68,65,65,65,65,65,65,65,65,65,65],"relic_stats":{"counters":[32,145],"Dead Branch":[180],"Pen Nib":[4],"Juzu Bracelet":0,"CloakClasp":[255],"War Paint":["Prostrate","Defend_P"],"Orichalcum":[42],"Cursed Key":2,"Boot":[153],"Lizard Tail":0,"Bronze Scales":[190],"Prayer Wheel":4,"Necronomicon":[49],"obtain_stats":[{"Dead Branch":12,"Oddly Smooth Stone":40,"Pen Nib":55,"Juzu Bracelet":7,"Omamori":36,"CloakClasp":39,"War Paint":14,"Frozen Egg 2":34,"Orichalcum":43,"Cursed Key":0,"Boot":34,"Calling Bell":34,"Lizard Tail":28,"HornCleat":48,"Bronze Scales":23,"Prayer Wheel":30,"Fusion Hammer":17,"WingedGreaves":34,"Necronomicon":19,"PureWater":0,"InkBottle":42,"Unceasing Top":46},{"Dead Branch":7,"Oddly Smooth Stone":23,"Pen Nib":31,"Juzu Bracelet":5,"Omamori":20,"CloakClasp":22,"War Paint":9,"Frozen Egg 2":19,"Orichalcum":24,"Cursed Key":0,"Boot":19,"Calling Bell":19,"Lizard Tail":15,"HornCleat":28,"Bronze Scales":14,"Prayer Wheel":17,"Fusion Hammer":10,"WingedGreaves":19,"Necronomicon":11,"PureWater":0,"InkBottle":24,"Unceasing Top":27},{"Dead Branch":29,"Oddly Smooth Stone":97,"Pen Nib":138,"Juzu Bracelet":22,"Omamori":86,"CloakClasp":93,"War Paint":37,"Frozen Egg 2":81,"Orichalcum":104,"Cursed Key":0,"Boot":81,"Calling Bell":81,"Lizard Tail":63,"HornCleat":123,"Bronze Scales":58,"Prayer Wheel":73,"Fusion Hammer":44,"WingedGreaves":81,"Necronomicon":46,"PureWater":0,"InkBottle":104,"Unceasing Top":119}],"InkBottle":[31],"Unceasing Top":[0]},"card_choices":[{"not_picked":["Nirvana","Indignation"],"picked":"Collect","floor":1.0},{"not_picked":["PathToVictory","FollowUp"],"picked":"Prostrate","floor":2.0},{"not_picked":["Protect","ClearTheMind"],"picked":"FearNoEvil","floor":3.0},{"not_picked":["Crescendo","Evaluate","JustLucky"],"picked":"SKIP","floor":4.0},{"not_picked":["Indignation","EmptyBody"],"picked":"FlurryOfBlows","floor":7.0},{"not_picked":["Wireheading","ThirdEye"],"picked":"Tantrum","floor":11.0},{"not_picked":["Consecrate","SpiritShield"],"picked":"Prostrate","floor":12.0},{"not_picked":["Crescendo","Worship"],"picked":"Wireheading","floor":13.0},{"not_picked":["Prostrate","CarveReality"],"picked":"CrushJoints","floor":14.0},{"not_picked":["Ragnarok","Devotion"],"picked":"Vault","floor":16.0},{"not_picked":["Perseverance","CrushJoints"],"picked":"WheelKick","floor":18.0},{"not_picked":["Protect","CarveReality","Crescendo"],"picked":"SKIP","floor":21.0},{"not_picked":["Evaluate","PathToVictory"],"picked":"FlurryOfBlows","floor":22.0},{"not_picked":["FlurryOfBlows","CrushJoints+1"],"picked":"EmptyBody","floor":23.0},{"not_picked":["Collect","ClearTheMind+1"],"picked":"EmptyMind","floor":28.0},{"not_picked":["CarveReality+1","BowlingBash","Crescendo"],"picked":"SKIP","floor":29.0},{"not_picked":["Prostrate","CrushJoints"],"picked":"ConjureBlade","floor":30.0},{"not_picked":["Pray","JustLucky"],"picked":"InnerPeace","floor":31.0},{"not_picked":["BowlingBash","BattleHymn","FlurryOfBlows"],"picked":"SKIP","floor":31.0},{"not_picked":["DevaForm","LessonLearned"],"picked":"Scrawl","floor":33.0},{"not_picked":["WheelKick+1","SashWhip","FlurryOfBlows+1"],"picked":"SKIP","floor":35.0},{"not_picked":["EmptyFist","Indignation","EmptyBody"],"picked":"SKIP","floor":35.0},{"not_picked":["TalkToTheHand","ThirdEye"],"picked":"Vault","floor":37.0},{"not_picked":["Sanctity+1","FollowUp+1","SandsOfTime"],"picked":"SKIP","floor":37.0},{"not_picked":["ReachHeaven","Crescendo+1"],"picked":"Fasting2+1","floor":39.0},{"not_picked":["Blasphemy","Brilliance","Halt"],"picked":"SKIP","floor":40.0},{"not_picked":["Blasphemy","Brilliance","Halt"],"picked":"SKIP","floor":40.0},{"not_picked":["FlyingSleeves","Prostrate","Crescendo+1"],"picked":"SKIP","floor":42.0},{"not_picked":["Halt","FlyingSleeves","WheelKick+1"],"picked":"SKIP","floor":44.0},{"not_picked":["Indignation","Wireheading+1","Pray"],"picked":"SKIP","floor":45.0},{"not_picked":["Perseverance+1","EmptyBody","Consecrate"],"picked":"SKIP","floor":45.0},{"not_picked":["Prostrate","EmptyFist"],"picked":"TalkToTheHand","floor":46.0},{"not_picked":["Perseverance","SashWhip","Swivel"],"picked":"SKIP","floor":48.0},{"not_picked":["Fasting2+1","ClearTheMind+1","FlyingSleeves"],"picked":"SKIP","floor":55}],"player_experience":16126,"relics_obtained":[{"floor":7.0,"key":"Juzu Bracelet"},{"floor":12.0,"key":"Dead Branch"},{"floor":14.0,"key":"War Paint"},{"floor":19.0,"key":"Necronomicon"},{"floor":23.0,"key":"Bronze Scales"},{"floor":28.0,"key":"Lizard Tail"},{"floor":30.0,"key":"Prayer Wheel"},{"floor":34.0,"key":"Boot"},{"floor":34.0,"key":"Frozen Egg 2"},{"floor":34.0,"key":"WingedGreaves"},{"floor":39.0,"key":"CloakClasp"},{"floor":40.0,"key":"Oddly Smooth Stone"},{"floor":42.0,"key":"InkBottle"},{"floor":43.0,"key":"Orichalcum"},{"floor":46.0,"key":"Unceasing Top"},{"floor":48.0,"key":"HornCleat"},{"floor":55,"key":"Pen Nib"}],"event_choices":[{"damage_healed":0.0,"max_hp_gain":0.0,"max_hp_loss":0.0,"gold_gain":0.0,"event_name":"Cursed Tome","player_choice":"Obtained Book","floor":19.0,"gold_loss":0.0,"damage_taken":21.0},{"cards_removed":["Strike_P"],"damage_healed":0.0,"max_hp_gain":0.0,"max_hp_loss":0.0,"gold_gain":0.0,"event_name":"Beggar","player_choice":"Gave Gold","floor":20.0,"gold_loss":75.0,"damage_taken":0.0},{"damage_healed":0.0,"max_hp_gain":0.0,"max_hp_loss":0.0,"gold_gain":0.0,"event_name":"Tomb of Lord Red Mask","player_choice":"Ignored","floor":38.0,"gold_loss":0.0,"damage_taken":0.0},{"damage_healed":0.0,"max_hp_gain":0.0,"max_hp_loss":0.0,"gold_gain":0.0,"event_name":"MindBloom","player_choice":"Fight","floor":39.0,"gold_loss":0.0,"damage_taken":0.0},{"damage_healed":0.0,"max_hp_gain":0.0,"max_hp_loss":3.0,"gold_gain":0.0,"event_name":"Winding Halls","player_choice":"Max HP","floor":47.0,"gold_loss":0.0,"damage_taken":0.0}],"is_beta":false,"boss_relics":[{"not_picked":["Coffee Dripper","Sozu"],"picked":"Fusion Hammer"},{"not_picked":["Busted Crown","Tiny House"],"picked":"Calling Bell"}],"items_purged_floors":[5,24,36,54],"is_endless":false,"potions_floor_spawned":[1,3,12,13,14,16,22,23,30,31,33,37,42,45,46],"ascension_level":20}}