{"host":"Yuki","time":1609139743,"event":{"mods":["AchievementEnabler","BaseMod","Block Reminder","Colored Map","Colored Powertips","Googly Eyes","Highlight Path","Minty Spire (QoL Compilation)","Permanent Neow","Quick Restart","Random Character Button","Random Character Mod","Relic Stats","StSLib","The Wild Card","everything is the same but u backflip on backflip","slay the spire mod where everything is the same but ironclad has a cowboy hat"],"gold_per_floor":[116,128,142,162,36,68,68,101,101,120,120,139,151,167,167,269,269,269,209,209,209,209,209,209,209,209,209,209,209,209,209,209,209,209,209,209,209,55,55,55,55],"floor_reached":40,"playtime":2297,"items_purged":["Strike_R"],"score":579,"play_id":"48621e01-8da9-49e8-8e07-f433a08bc709","local_time":"20201228011543","is_ascension_mode":true,"campfire_choices":[{"floor":7,"key":"REST"},{"data":"Armaments","floor":15,"key":"SMITH"},{"data":"Disarm","floor":23,"key":"SMITH"},{"data":"Disarm","floor":25,"key":"SMITH"},{"data":"Spot Weakness","floor":27,"key":"SMITH"},{"data":"Spot Weakness","floor":30,"key":"SMITH"},{"data":"Spot Weakness","floor":32,"key":"SMITH"}],"circlet_count":0,"master_deck":["Defend_R","Defend_R","Defend_R","Defend_R","Bash","Spot Weakness+1","Spot Weakness+1","Clothesline","Disarm+1","Armaments+1","Power Through","Shrug It Off","Disarm+1","Shrug It Off","Fire Breathing","Reaper","Heavy Blade","Ghostly Armor","Ghostly Armor","Spot Weakness+1","Reckless Charge+1","Body Slam+1","Reaper","Offering","Flame Barrier+1","Battle Trance"],"relics":["Burning Blood","Red Skull","CaptainsWheel","Eternal Feather","Ectoplasm","Red Mask","Meat on the Bone","Philosopher\u0027s Stone","Orrery"],"acts_visited":["Exordium","TheCity","TheBeyond"],"potions_floor_usage":[16,33],"damage_taken":[{"damage":4,"enemies":"2 Louse","floor":1,"turns":4},{"damage":6,"enemies":"Cultist","floor":2,"turns":3},{"damage":0,"enemies":"Small Slimes","floor":3,"turns":3},{"damage":44,"enemies":"Gremlin Gang","floor":4,"turns":8},{"damage":35,"enemies":"3 Sentries","floor":6,"turns":9},{"damage":25,"enemies":"Lagavulin","floor":8,"turns":6},{"damage":6,"enemies":"2 Fungi Beasts","floor":10,"turns":3},{"damage":0,"enemies":"Exordium Thugs","floor":12,"turns":4},{"damage":18,"enemies":"Exordium Wildlife","floor":13,"turns":8},{"damage":24,"enemies":"Lots of Slimes","floor":14,"turns":8},{"damage":7,"enemies":"Slime Boss","floor":16,"turns":11},{"damage":12,"enemies":"3 Byrds","floor":18,"turns":8},{"damage":2,"enemies":"2 Thieves","floor":19,"turns":4},{"damage":6,"enemies":"Snake Plant","floor":22,"turns":6},{"damage":43,"enemies":"Masked Bandits","floor":24,"turns":7},{"damage":69,"enemies":"3 Cultists","floor":28,"turns":7},{"damage":27,"enemies":"Book of Stabbing","floor":29,"turns":8},{"damage":2,"enemies":"Shelled Parasite and Fungi","floor":31,"turns":6},{"damage":85,"enemies":"Collector","floor":33,"turns":13},{"damage":0,"enemies":"3 Shapes","floor":35,"turns":8},{"damage":9,"enemies":"3 Darklings","floor":36,"turns":5},{"damage":8,"enemies":"Writhing Mass","floor":39,"turns":7},{"damage":122,"enemies":"Giant Head","floor":40,"turns":9}],"seed_played":"4636141582478648909","potions_obtained":[{"floor":3,"key":"FairyPotion"},{"floor":12,"key":"Weak Potion"},{"floor":13,"key":"BloodPotion"},{"floor":14,"key":"DistilledChaos"},{"floor":18,"key":"CultistPotion"},{"floor":21,"key":"DuplicationPotion"},{"floor":35,"key":"Ancient Potion"}],"is_trial":false,"path_per_floor":["M","M","M","M","$","E","R","E","T","M","?","M","M","M","R","B",null,"M","M","?","?","M","R","?","R","T","R","M","E","R","M","R","B",null,"M","M","?","$","M","E"],"character_chosen":"IRONCLAD","items_purchased":["Armaments","Orrery"],"campfire_rested":1,"item_purchase_floors":[5,38],"current_hp_per_floor":[74,74,80,42,42,13,37,18,18,18,18,24,12,21,30,29,67,61,65,65,65,71,80,61,73,73,80,70,49,61,65,77,53,73,79,77,77,77,80,0,0],"gold":55,"neow_bonus":"THREE_CARDS","is_daily":false,"chose_seed":false,"campfire_upgraded":6,"win_rate":0.0,"timestamp":1609139743,"path_taken":["M","M","M","M","$","E","R","E","T","M","?","?","M","M","R","BOSS","M","M","?","?","?","R","?","R","T","R","M","E","R","M","R","BOSS","M","M","?","$","M","E"],"items_purchased_type":["Card","Relic"],"build_version":"2020-12-18","purchased_purges":1,"victory":false,"max_hp_per_floor":[80,80,80,80,80,80,80,80,80,80,80,80,80,80,80,80,80,80,80,80,80,80,80,80,80,80,80,80,80,80,80,80,80,80,80,80,80,80,80,80,80],"relic_stats":{"counters":[23,155],"Eternal Feather":61,"Ectoplasm":254,"obtain_stats":[{"CaptainsWheel":8,"Orrery":38,"Eternal Feather":9,"Philosopher\u0027s Stone":34,"Ectoplasm":17,"Red Mask":24,"Burning Blood":0,"Red Skull":6,"Meat on the Bone":29},{"CaptainsWheel":6,"Orrery":21,"Eternal Feather":6,"Philosopher\u0027s Stone":19,"Ectoplasm":11,"Red Mask":15,"Burning Blood":0,"Red Skull":5,"Meat on the Bone":17},{"CaptainsWheel":33,"Orrery":139,"Eternal Feather":33,"Philosopher\u0027s Stone":126,"Ectoplasm":67,"Red Mask":92,"Burning Blood":0,"Red Skull":27,"Meat on the Bone":107}],"Burning Blood":126,"Meat on the Bone":12},"card_choices":[{"not_picked":["Thunderclap","Entrench"],"picked":"Spot Weakness","floor":0},{"not_picked":["Flex","Evolve"],"picked":"Spot Weakness","floor":1},{"not_picked":["Entrench","Iron Wave","Combust"],"picked":"SKIP","floor":2},{"not_picked":["Uppercut","Intimidate"],"picked":"Clothesline","floor":3},{"not_picked":["True Grit","Armaments"],"picked":"Disarm","floor":4},{"not_picked":["Havoc","Armaments","Dark Embrace"],"picked":"SKIP","floor":6},{"not_picked":["Rupture","True Grit"],"picked":"Power Through","floor":8},{"not_picked":["Heavy Blade","Carnage"],"picked":"Shrug It Off","floor":10},{"not_picked":["Headbutt","Uppercut"],"picked":"Disarm","floor":12},{"not_picked":["Flex","Wild Strike"],"picked":"Shrug It Off","floor":13},{"not_picked":["Body Slam","Iron Wave"],"picked":"Fire Breathing","floor":14},{"not_picked":["Demon Form","Barricade"],"picked":"Reaper","floor":16},{"not_picked":["Sword Boomerang","Blood for Blood"],"picked":"Heavy Blade","floor":18},{"not_picked":["Dropkick","Blood for Blood"],"picked":"Ghostly Armor","floor":19},{"not_picked":["Iron Wave","Pommel Strike","Havoc"],"picked":"SKIP","floor":22},{"not_picked":["Twin Strike+1","Heavy Blade"],"picked":"Reckless Charge+1","floor":24},{"not_picked":["Clothesline","Sword Boomerang","Shockwave"],"picked":"SKIP","floor":28},{"not_picked":["Combust","Bloodletting"],"picked":"Body Slam+1","floor":29},{"not_picked":["Burning Pact","Twin Strike","Searing Blow+1"],"picked":"SKIP","floor":31},{"not_picked":["Brutality","Immolate"],"picked":"Reaper","floor":33},{"not_picked":["True Grit","Armaments","Clothesline+1"],"picked":"SKIP","floor":35},{"not_picked":["Cleave+1","Iron Wave+1"],"picked":"Offering","floor":36},{"not_picked":["Iron Wave","Headbutt+1"],"picked":"Flame Barrier+1","floor":38},{"not_picked":["Sever Soul","Havoc+1"],"picked":"Battle Trance","floor":38},{"not_picked":["True Grit","Searing Blow","Double Tap"],"picked":"SKIP","floor":39}],"player_experience":1230341,"relics_obtained":[{"floor":6,"key":"Red Skull"},{"floor":8,"key":"CaptainsWheel"},{"floor":9,"key":"Eternal Feather"},{"floor":24,"key":"Red Mask"},{"floor":29,"key":"Meat on the Bone"}],"event_choices":[{"cards_removed":["Strike_R"],"damage_healed":0,"gold_gain":0,"player_choice":"Purged","damage_taken":0,"max_hp_gain":0,"max_hp_loss":0,"event_name":"Purifier","floor":11,"gold_loss":0},{"damage_healed":0,"gold_gain":0,"cards_transformed":["Strike_R","Strike_R"],"player_choice":"Became Test Subject","damage_taken":0,"max_hp_gain":0,"max_hp_loss":0,"event_name":"Drug Dealer","floor":20,"gold_loss":0,"cards_obtained":["Ghostly Armor","Spot Weakness"]},{"damage_healed":0,"gold_gain":0,"player_choice":"Got Potions","damage_taken":0,"max_hp_gain":0,"max_hp_loss":0,"event_name":"Lab","floor":21,"gold_loss":0},{"damage_healed":0,"gold_gain":0,"player_choice":"Fought Bandits","damage_taken":0,"max_hp_gain":0,"max_hp_loss":0,"event_name":"Masked Bandits","floor":24,"gold_loss":0},{"cards_removed":["Strike_R"],"damage_healed":0,"gold_gain":0,"player_choice":"Purged","damage_taken":0,"max_hp_gain":0,"max_hp_loss":0,"event_name":"Purifier","floor":37,"gold_loss":0}],"is_beta":true,"boss_relics":[{"not_picked":["Fusion Hammer","SacredBark"],"picked":"Ectoplasm"},{"not_picked":["Astrolabe","Pandora\u0027s Box"],"picked":"Philosopher\u0027s Stone"}],"items_purged_floors":[5],"is_endless":false,"potions_floor_spawned":[3,12,13,14,18,24,29,35,39],"killed_by":"Giant Head","ascension_level":6}}