{"host":"r3d3rfw8zyydmocx","time":1609118082,"event":{"mods":["Aspiration","BaseMod","Better Third Choice","Colored Powertips","Conspire","Downfall","Hermit","Highlight Path","Hubris","Minty Spire (QoL Compilation)","StSLib","The Hierophant","The Servant 0.9.4"],"gold_per_floor":[119,130,148,323,338,338,338,108,161,187,204,232,250,283,283,385,385,398,412,432,458,458,458],"floor_reached":22,"playtime":2209,"items_purged":["Strike_S"],"score":245,"play_id":"3a369b91-1185-4bb2-adb6-bb95af38679a","local_time":"20201227171442","is_ascension_mode":true,"campfire_choices":[{"data":"Replace","floor":6.0,"key":"SMITH"},{"data":"Luminosity","floor":15.0,"key":"SMITH"}],"circlet_count":0,"master_deck":["TheWorld+1","Strike_S","Strike_S","Strike_S","Defend_S","Defend_S","Defend_S","Defend_S","KidneyShot","Exchange","Replace+1","Luminosity+1","Alleviate","GearUp","SilverBlades","RealityMarble","MurderousAura","WasteNot","BottledTime","TheWorld","SilverBlades","Spin+1"],"relics":["Uniform","Omamori","Bronze Scales","Molten Egg 2","aspiration:Lifesprig","aspiration:HatOfInfinitePower","StoneMask","Red Mask"],"acts_visited":["Exordium","TheCity"],"potions_floor_usage":[22],"damage_taken":[{"damage":2.0,"enemies":"2 Louse","floor":1.0,"turns":3.0},{"damage":0.0,"enemies":"Small Slimes","floor":2.0,"turns":4.0},{"damage":0.0,"enemies":"Jaw Worm","floor":3.0,"turns":4.0},{"damage":3.0,"enemies":"Blue Slaver","floor":5.0,"turns":5.0},{"damage":0.0,"enemies":"Lagavulin","floor":10.0,"turns":11.0},{"damage":1.0,"enemies":"2 Fungi Beasts","floor":11.0,"turns":4.0},{"damage":3.0,"enemies":"Gremlin Nob","floor":12.0,"turns":3.0},{"damage":0.0,"enemies":"3 Louse","floor":13.0,"turns":5.0},{"damage":15.0,"enemies":"3 Sentries","floor":14.0,"turns":11.0},{"damage":1.0,"enemies":"Hexaghost","floor":16.0,"turns":11.0},{"damage":6.0,"enemies":"Chosen","floor":18.0,"turns":7.0},{"damage":8.0,"enemies":"conspire:FuzzyDice","floor":19.0,"turns":8.0},{"damage":50.0,"enemies":"3 Cultists","floor":20.0,"turns":9.0},{"damage":14.0,"enemies":"Masked Bandits","floor":21.0,"turns":6.0},{"damage":20,"enemies":"Cultist and Chosen","floor":22,"turns":6}],"seed_played":"-1273355081438144389","potions_obtained":[{"floor":1.0,"key":"Fire Potion"},{"floor":5.0,"key":"Explosive Potion"},{"floor":7.0,"key":"DistilledChaos"},{"floor":7.0,"key":"Fire Potion"},{"floor":10.0,"key":"Ancient Potion"},{"floor":12.0,"key":"Ancient Potion"},{"floor":13.0,"key":"PowerPotion"},{"floor":14.0,"key":"EssenceOfSteel"},{"floor":18.0,"key":"EntropicBrew"},{"floor":20.0,"key":"hexamod:EctoCoolerPotion"}],"is_trial":false,"path_per_floor":["M","M","M","?","M","R","?","$","T","E","M","E","M","E","R","B",null,"M","M","M","?","M"],"character_chosen":"THE_SERVANT","items_purchased":["GearUp","SilverBlades"],"campfire_rested":0,"item_purchase_floors":[8,8],"current_hp_per_floor":[63,63,63,63,60,60,60,60,60,60,59,56,56,41,41,40,65,62,60,19,14,0,0],"gold":458,"neow_bonus":"RANDOM_COMMON_RELIC","is_daily":false,"chose_seed":false,"campfire_upgraded":2,"win_rate":0.0,"timestamp":1609118082,"path_taken":["M","M","M","?","M","R","?","$","T","E","M","E","?","E","R","BOSS","M","M","M","?","M"],"items_purchased_type":["Card","Card"],"build_version":"2020-12-22","purchased_purges":1,"victory":false,"max_hp_per_floor":[65,65,65,65,65,65,65,65,65,65,65,65,65,65,65,65,65,66,68,71,74,75,75],"card_choices":[{"not_picked":["SpecialFormula","Shuttle"],"picked":"Replace","floor":1.0},{"not_picked":["Manipulate","Alleviate"],"picked":"Luminosity","floor":2.0},{"not_picked":["Alleviate","Starlight","Spin"],"picked":"SKIP","floor":3.0},{"not_picked":["Defy","Comet"],"picked":"Alleviate","floor":5.0},{"not_picked":["FastForward","BottledTime"],"picked":"RealityMarble","floor":10.0},{"not_picked":["Moondial","ShatteredReality+1"],"picked":"MurderousAura","floor":11.0},{"not_picked":["Alleviate","DoubleEdge+1","Rearm"],"picked":"SKIP","floor":12.0},{"not_picked":["Manipulate","SpecialFormula"],"picked":"WasteNot","floor":13.0},{"not_picked":["Starlight+1","Replace"],"picked":"BottledTime","floor":14.0},{"not_picked":["Solidify","TrueSight"],"picked":"TheWorld","floor":16.0},{"not_picked":["Replace","ShatteredReality+1","Reset+1"],"picked":"SKIP","floor":18.0},{"not_picked":["Replace","Defy","Spin+1"],"picked":"SKIP","floor":19.0},{"not_picked":["Alleviate","SpecialFormula+1"],"picked":"SilverBlades","floor":20.0},{"not_picked":["ShiftingGears","Alleviate"],"picked":"Spin+1","floor":21.0}],"player_experience":544530,"relics_obtained":[{"floor":9.0,"key":"Bronze Scales"},{"floor":10.0,"key":"Molten Egg 2"},{"floor":12.0,"key":"aspiration:Lifesprig"},{"floor":14.0,"key":"aspiration:HatOfInfinitePower"},{"floor":21.0,"key":"Red Mask"}],"event_choices":[{"damage_healed":0.0,"max_hp_gain":0.0,"max_hp_loss":0.0,"gold_gain":175.0,"event_name":"betterThird:BetterSerpent","player_choice":"AGREE","floor":4.0,"gold_loss":0.0,"damage_taken":148.0},{"damage_healed":0.0,"max_hp_gain":0.0,"max_hp_loss":0.0,"gold_gain":0.0,"event_name":"Lab","player_choice":"Got Potions","floor":7.0,"gold_loss":0.0,"damage_taken":0.0},{"damage_healed":0.0,"max_hp_gain":0.0,"max_hp_loss":0.0,"gold_gain":0.0,"event_name":"Masked Bandits","player_choice":"Fought Bandits","floor":21.0,"gold_loss":0.0,"damage_taken":0.0}],"is_beta":false,"boss_relics":[{"not_picked":["hubris:GrandSneckoEye","hubris:HollowSoul"],"picked":"StoneMask"}],"items_purged_floors":[8],"is_endless":false,"potions_floor_spawned":[1,5,10,12,13,14,18,20],"killed_by":"Cultist and Chosen","ascension_level":1}}