{"host":"cfluht5kr2kfk9p9","time":1609167417,"event":{"mods":["ATMod(阿瑾Mod)","Arknights The Spire","BaseMod","GungeonMod","Highlight Path","Library of Ruina","Library of Ruina Extra","Minty Spire (QoL Compilation)","Quick Restart","Rare Cards Sparkle","Relic Stats","RumiaBox-露米娅的神秘盒子","Spicy Shops","StSLib","TestMod","The Alterego","【功能Mod】混沌之环修复补丁"],"gold_per_floor":[119,130,205,205,225,250,210,238,238,238,270,280,308,308,308,412,412,430,430,448,448,467,497,515,550,550,563,588,606,640,666,666,765,815,826,844,220,220,24,54,103,130,130,141,141,167,21,48,48,48,48,48,48,48,77,77],"floor_reached":57,"playtime":2480,"items_purged":["LightDefense"],"score":1817,"play_id":"24a563b2-e354-42c3-9231-135fa32ef7b6","local_time":"20201228225657","is_ascension_mode":true,"campfire_choices":[{"data":"ChargeAndCover","floor":10.0,"key":"SMITH"},{"data":"SweepTheBackstreets","floor":15.0,"key":"SMITH"},{"floor":32.0,"key":"RECALL"},{"data":"Apotheosis","floor":49,"key":"SMITH"},{"data":"Madness","floor":53,"key":"SMITH"}],"circlet_count":0,"master_deck":["Dodge","LightAttack","LightAttack","LightDefense","LightDefense","LightDefense","ChargeAndCover+1","FocusedStrikes","AT_EssenceShift","SweepTheBackstreets+1","Rampage_lor+1","Unlock1","GuidanceOfTheGears","Quickness","WaitUp+1","Apotheosis+1","Parasite","Madness+1","Madness"],"relics":["PageOfLibrarian","testmod-TestBox","AT_ATBox","testmod-Fanaticism","NeowsBlessing","ats:Originium","testmod-Nyarlathotep","ats:Originium","Singing Bowl","DemoMod:BlueGuonStone","ats:Originium","GodSword6","ats:Originium","Toy Ornithopter","testmod-SaigiyounoYou","MutagenicStrength","InkBottle","DemoMod:Metronome","Gambling Chip","DemoMod:SerJunkan","DemoMod:Junk","Tiny House","MagicDraw3","Bag of Marbles","PageOfPorccubus","testmod-EqualTreatment","AT_Manta","testmod-Justice","Membership Card","Ornamental Fan"],"acts_visited":["Exordium","TheCity","TheBeyond","TheEnding"],"potions_floor_usage":[56,56,56],"damage_taken":[{"damage":0.0,"enemies":"Small Slimes","floor":1.0,"turns":1.0},{"damage":0.0,"enemies":"Cultist","floor":2.0,"turns":1.0},{"damage":0.0,"enemies":"Jaw Worm","floor":5.0,"turns":1.0},{"damage":16.0,"enemies":"3 Sentries","floor":6.0,"turns":5.0},{"damage":0.0,"enemies":"Gremlin Nob","floor":8.0,"turns":2.0},{"damage":15.0,"enemies":"3 Sentries","floor":11.0,"turns":5.0},{"damage":0.0,"enemies":"Lots of Slimes","floor":12.0,"turns":3.0},{"damage":0.0,"enemies":"Lagavulin","floor":13.0,"turns":5.0},{"damage":6.0,"enemies":"The Guardian","floor":16.0,"turns":5.0},{"damage":9.0,"enemies":"2 Thieves","floor":18.0,"turns":3.0},{"damage":2.0,"enemies":"Chosen","floor":20.0,"turns":3.0},{"damage":0.0,"enemies":"Shelled Parasite and Fungi","floor":22.0,"turns":3.0},{"damage":0.0,"enemies":"Gremlin Leader","floor":23.0,"turns":4.0},{"damage":0.0,"enemies":"Snecko","floor":24.0,"turns":3.0},{"damage":0.0,"enemies":"Book of Stabbing","floor":25.0,"turns":3.0},{"damage":0.0,"enemies":"Centurion and Healer","floor":27.0,"turns":4.0},{"damage":22.0,"enemies":"Slavers","floor":28.0,"turns":4.0},{"damage":6.0,"enemies":"3 Cultists","floor":29.0,"turns":4.0},{"damage":0.0,"enemies":"Book of Stabbing","floor":30.0,"turns":3.0},{"damage":10.0,"enemies":"Collector","floor":33.0,"turns":6.0},{"damage":0.0,"enemies":"3 Darklings","floor":35.0,"turns":5.0},{"damage":3.0,"enemies":"3 Shapes","floor":36.0,"turns":3.0},{"damage":17.0,"enemies":"Giant Head","floor":40.0,"turns":3.0},{"damage":24.0,"enemies":"2 Orb Walkers","floor":41.0,"turns":2.0},{"damage":0,"enemies":"Nemesis","floor":42,"turns":3},{"damage":0,"enemies":"Writhing Mass","floor":44,"turns":2},{"damage":0,"enemies":"Giant Head","floor":46,"turns":4},{"damage":0,"enemies":"Reptomancer","floor":48,"turns":2},{"damage":0,"enemies":"Donu and Deca","floor":50,"turns":3},{"damage":0,"enemies":"Donu and Deca","floor":51,"turns":2},{"damage":0,"enemies":"Shield and Spear","floor":55,"turns":2},{"damage":78,"enemies":"The Heart","floor":56,"turns":5}],"seed_played":"-2271158067331016830","potions_obtained":[{"floor":2.0,"key":"LiquidBronze"},{"floor":7.0,"key":"Regen Potion"},{"floor":7.0,"key":"Block Potion"},{"floor":12.0,"key":"Fire Potion"},{"floor":16.0,"key":"testmod-SpacePotion"},{"floor":20.0,"key":"AttackPotion"},{"floor":24.0,"key":"EssenceOfSteel"},{"floor":28.0,"key":"PowerPotion"},{"floor":33.0,"key":"Dexterity Potion"},{"floor":34.0,"key":"FairyPotion"},{"floor":36.0,"key":"Weak Potion"},{"floor":42,"key":"DuplicationPotion"}],"is_trial":false,"path_per_floor":["M","M","?","?","M","E","?","E","T","R","E","M","E","?","R","B",null,"M","?","M","?","M","E","M","E","T","M","E","M","E","T","R","B",null,"M","M","$","?","$","E","?","E","T","M","?","E","$","E","R","B",null,null,"R","$","E","B",null],"character_chosen":"Librarian","items_purchased":["MagicDraw3","Bag of Marbles","PageOfPorccubus","Apotheosis","Membership Card"],"campfire_rested":0,"item_purchase_floors":[37,37,37,39,47],"current_hp_per_floor":[60,60,49,49,49,57,57,62,62,62,65,67,67,60,60,83,83,85,85,87,70,94,96,96,98,98,86,88,88,90,90,90,92,99,101,103,103,103,103,121,107,109,109,126,109,137,137,139,139,139,139,139,139,139,141,141],"gold":77,"neow_bonus":"THREE_ENEMY_KILL","is_daily":false,"chose_seed":false,"campfire_upgraded":4,"win_rate":0.0,"timestamp":1609167417,"path_taken":["M","M","?","?","?","E","?","E","T","R","E","?","E","?","R","BOSS","M","?","M","?","M","E","M","E","T","M","E","M","E","?","R","BOSS","M","M","$","?","$","E","?","E","T","M","?","E","$","E","R","BOSS","R","$","E","BOSS"],"items_purchased_type":["Relic","Relic","Relic","Card","Relic"],"build_version":"2020-12-22","purchased_purges":1,"victory":true,"max_hp_per_floor":[71,71,71,71,71,71,71,63,63,63,65,67,81,81,81,83,83,85,85,87,92,94,96,96,98,98,86,88,88,90,90,90,92,99,101,119,119,119,119,121,107,133,133,135,135,137,137,139,139,139,139,139,139,139,141,141],"relic_stats":{"Singing Bowl":44,"counters":[32,104],"Ornamental Fan":[8],"Gambling Chip":[52],"obtain_stats":[{"DemoMod:BlueGuonStone":9,"AT_ATBox":0,"Tiny House":34,"Singing Bowl":8,"testmod-EqualTreatment":41,"DemoMod:GlassGuonStoneRelic":1,"testmod-Nyarlathotep":6,"MagicDraw3":37,"testmod-Fanaticism":0,"DemoMod:Metronome":25,"Gambling Chip":26,"InkBottle":23,"DemoMod:Junk":30,"testmod-TestBox":0,"NeowsBlessing":0,"AT_Manta":42,"testmod-Justice":43,"testmod-SaigiyounoYou":17,"PageOfLibrarian":0,"ats:Originium":6,"Ornamental Fan":55,"MutagenicStrength":19,"DemoMod:SerJunkan":28,"GodSword6":11,"Bag of Marbles":37,"PageOfPorccubus":37,"Membership Card":47,"Toy Ornithopter":13},{"DemoMod:BlueGuonStone":5,"AT_ATBox":0,"Tiny House":20,"Singing Bowl":5,"testmod-EqualTreatment":24,"DemoMod:GlassGuonStoneRelic":1,"testmod-Nyarlathotep":4,"MagicDraw3":22,"testmod-Fanaticism":0,"DemoMod:Metronome":15,"Gambling Chip":15,"InkBottle":13,"DemoMod:Junk":19,"testmod-TestBox":0,"NeowsBlessing":0,"AT_Manta":25,"testmod-Justice":25,"testmod-SaigiyounoYou":9,"PageOfLibrarian":0,"ats:Originium":4,"Ornamental Fan":31,"MutagenicStrength":10,"DemoMod:SerJunkan":17,"GodSword6":6,"Bag of Marbles":22,"PageOfPorccubus":22,"Membership Card":27,"Toy Ornithopter":8},{"DemoMod:BlueGuonStone":10,"AT_ATBox":0,"Tiny House":68,"Singing Bowl":10,"testmod-EqualTreatment":81,"DemoMod:GlassGuonStoneRelic":1,"testmod-Nyarlathotep":8,"MagicDraw3":76,"testmod-Fanaticism":0,"DemoMod:Metronome":47,"Gambling Chip":47,"InkBottle":41,"DemoMod:Junk":62,"testmod-TestBox":0,"NeowsBlessing":0,"AT_Manta":84,"testmod-Justice":84,"testmod-SaigiyounoYou":28,"PageOfLibrarian":0,"ats:Originium":8,"Ornamental Fan":99,"MutagenicStrength":31,"DemoMod:SerJunkan":55,"GodSword6":15,"Bag of Marbles":76,"PageOfPorccubus":76,"Membership Card":90,"Toy Ornithopter":23}],"Toy Ornithopter":0,"InkBottle":[24]},"card_choices":[{"not_picked":["NightInTheBackstreets","AGoldenOpportunity","EnergyCycle"],"picked":"SweepTheBackstreets","floor":1.0},{"not_picked":["Eject","FervidEmotions","HighKick"],"picked":"Rampage_lor","floor":2.0},{"not_picked":["Parry","SunsetBlade","WaitUp"],"picked":"Unlock1","floor":5.0},{"not_picked":["BiteOff","FendThisOffIfYouCan","GaleKick","PreemptiveStrike"],"picked":"SKIP","floor":6.0},{"not_picked":["FierceOnslaught","Unlock1","Parry"],"picked":"GuidanceOfTheGears","floor":8.0},{"not_picked":["ReadyUp","Thrust","Rewind","SearingSword"],"picked":"Singing Bowl","floor":11.0},{"not_picked":["NightInTheBackstreets","Leap_lor","ViolentFlame","Track"],"picked":"Singing Bowl","floor":12.0},{"not_picked":["Mutilate","Rewind","EnergyCycle"],"picked":"BindingChains","floor":13.0},{"not_picked":["TieShanKao","GoinFirst","BlazingStrike"],"picked":"Singing Bowl","floor":16.0},{"not_picked":["HighKick","UpbeatPerformance","Overcharge+1","Rewind+1"],"picked":"Singing Bowl","floor":18.0},{"not_picked":["ViolentFlame","EnergyShield","EnergyCycle","FierceCharge+1"],"picked":"Singing Bowl","floor":20.0},{"not_picked":["SinglePointStab+1","Rewind","RipSpace","StayCalm"],"picked":"Singing Bowl","floor":22.0},{"not_picked":["Thrust","StayCalm","HighKick","HandleRequest"],"picked":"Singing Bowl","floor":23.0},{"not_picked":["TheRedNotes","FormingStorm","DimensionalRift"],"picked":"Quickness","floor":24.0},{"not_picked":["Gamble","SinglePointStab","BiteOff","BindingChains"],"picked":"Singing Bowl","floor":25.0},{"not_picked":["Wallop_lor","BindingChains+1","FaintMemories","FendThisOffIfYouCan+1"],"picked":"Singing Bowl","floor":27.0},{"not_picked":["Wallop_lor","GoinFirst","NightInTheBackstreets","SinglePointStab+1"],"picked":"Singing Bowl","floor":28.0},{"not_picked":["SinglePointStab+1","Slice_lor","WildCard"],"picked":"WaitUp+1","floor":29.0},{"not_picked":["UpbeatPerformance","ShrineToMusic+1","RatsGuideToSurvival","HighKick"],"picked":"Singing Bowl","floor":30.0},{"not_picked":["Decapitation","GutHarvesting","FlamingDragonFist"],"picked":"Singing Bowl","floor":33.0},{"not_picked":["Gamble","Rewind","ForTheFamily+1","Multislash"],"picked":"Singing Bowl","floor":34.0},{"not_picked":["ViolentFlame+1","GuidanceOfTheGears","UpbeatPerformance","SunsetBlade"],"picked":"Singing Bowl","floor":35.0},{"not_picked":["DarkCloud+1","ButterflySlash","SinglePointStab","FendThisOffIfYouCan+1"],"picked":"Singing Bowl","floor":36.0},{"not_picked":["TheRedNotes","Overpower+1","Thrust","BackstreetsDash+1"],"picked":"Singing Bowl","floor":40.0},{"not_picked":["ShrineToMusic+1","FaintMemories","SunsetBlade+1","Eliminate"],"picked":"Singing Bowl","floor":41.0},{"not_picked":["DarkCloud","TendonChords","EnergyShield","FierceCharge"],"picked":"Singing Bowl","floor":42},{"not_picked":["Parry","Track","EnergyShield","UpbeatPerformance"],"picked":"Singing Bowl","floor":44},{"not_picked":["DirtyBlow+1","CrackOfDawn","WaitUp","SinglePointStab+1"],"picked":"Singing Bowl","floor":46},{"not_picked":["TendonChords+1","FierceOnslaught+1","ForTheFamily","WildCard"],"picked":"Singing Bowl","floor":48},{"not_picked":["PreemptiveStrike","Wallop_lor+1","FendThisOffIfYouCan+1","BurningFlash+1"],"picked":"Singing Bowl","floor":55}],"player_experience":55128,"relics_obtained":[{"floor":6.0,"key":"ats:Originium"},{"floor":6.0,"key":"testmod-Nyarlathotep"},{"floor":8.0,"key":"ats:Originium"},{"floor":8.0,"key":"Singing Bowl"},{"floor":9.0,"key":"DemoMod:BlueGuonStone"},{"floor":11.0,"key":"ats:Originium"},{"floor":11.0,"key":"GodSword6"},{"floor":13.0,"key":"ats:Originium"},{"floor":13.0,"key":"Toy Ornithopter"},{"floor":23.0,"key":"InkBottle"},{"floor":25.0,"key":"DemoMod:Metronome"},{"floor":26.0,"key":"Gambling Chip"},{"floor":28.0,"key":"DemoMod:SerJunkan"},{"floor":30.0,"key":"DemoMod:Junk"},{"floor":40.0,"key":"DemoMod:Junk"},{"floor":41.0,"key":"testmod-EqualTreatment"},{"floor":42,"key":"AT_Manta"},{"floor":43,"key":"testmod-Justice"},{"floor":46,"key":"DemoMod:Junk"},{"floor":48,"key":"DemoMod:Junk"},{"floor":55,"key":"Ornamental Fan"}],"event_choices":[{"damage_healed":0.0,"max_hp_gain":0.0,"max_hp_loss":0.0,"gold_gain":75.0,"event_name":"World of Goop","player_choice":"Gather Gold","floor":3.0,"gold_loss":0.0,"damage_taken":11.0},{"damage_healed":0.0,"max_hp_gain":0.0,"max_hp_loss":0.0,"gold_gain":0.0,"event_name":"Upgrade Shrine","player_choice":"Upgraded","floor":4.0,"gold_loss":0.0,"damage_taken":0.0,"cards_upgraded":["Rampage_lor"]},{"damage_healed":0.0,"max_hp_gain":0.0,"max_hp_loss":0.0,"gold_gain":0.0,"event_name":"The Woman in Blue","player_choice":"Bought 3 Potions","floor":7.0,"gold_loss":0.0,"damage_taken":0.0},{"cards_removed":["LightAttack"],"damage_healed":0.0,"max_hp_gain":0.0,"max_hp_loss":0.0,"gold_gain":0.0,"event_name":"Golden Wing","player_choice":"Card Removal","floor":14.0,"gold_loss":0.0,"damage_taken":7.0},{"damage_healed":0.0,"max_hp_gain":0.0,"max_hp_loss":0.0,"gold_gain":0.0,"event_name":"Drug Dealer","player_choice":"Inject Mutagens","floor":19.0,"gold_loss":0.0,"damage_taken":0.0,"relics_obtained":["MutagenicStrength"]},{"damage_healed":0.0,"max_hp_gain":5.0,"max_hp_loss":0.0,"gold_gain":0.0,"event_name":"Forgotten Altar","player_choice":"Shed Blood","floor":21.0,"gold_loss":0.0,"damage_taken":22.0},{"cards_removed":["BindingChains"],"damage_healed":0.0,"max_hp_gain":0.0,"max_hp_loss":0.0,"gold_gain":0.0,"event_name":"Falling","player_choice":"Removed Attack","floor":38.0,"gold_loss":0.0,"damage_taken":0.0},{"damage_healed":0.0,"max_hp_gain":0.0,"max_hp_loss":0.0,"gold_gain":0.0,"event_name":"Mysterious Sphere","player_choice":"Fight","floor":41.0,"gold_loss":0.0,"damage_taken":0.0},{"damage_healed":0,"gold_gain":0,"player_choice":"Embrace Madness","damage_taken":17,"max_hp_gain":0,"max_hp_loss":0,"event_name":"Winding Halls","floor":45,"gold_loss":0,"cards_obtained":["Madness","Madness"]}],"is_beta":false,"boss_relics":[{"not_picked":["AddBug","Runic Dome"],"picked":"testmod-SaigiyounoYou"},{"not_picked":["testmod-NegativeEmotionEnhancer","testmod-KeyOfTheVoid"],"picked":"Tiny House"}],"items_purged_floors":[37],"is_endless":false,"potions_floor_spawned":[2,12,16,20,24,28,33,36,42,44],"ascension_level":1}}