{"host":"ssbj2e5691x5ub3h","time":1609120197,"event":{"mods":["BaseMod","Duelist Mod","Minty Spire (QoL Compilation)","StSLib"],"gold_per_floor":[144,144,144,144,164,202,222,280,280,280,296,296,336,369,369,522,522,526,546,581,581,624,624,723,589,589,589,624,648,684,724,724,874,874,900,900,915,576,591,591,626,626,626,626,626,687,687,713,713,713],"floor_reached":51,"playtime":3270,"items_purged":["theDuelist:Sparks","theDuelist:Sparks"],"score":1226,"play_id":"9829b722-23d5-473f-8dc5-11f97947d752","local_time":"20201227234957","is_ascension_mode":true,"campfire_choices":[{"floor":10,"key":"REST"},{"data":"theDuelist:Yami","floor":12,"key":"SMITH"},{"data":"theDuelist:WitchBlackRose","floor":15,"key":"SMITH"},{"data":"theDuelist:BlueDragonSummoner","floor":23,"key":"SMITH"},{"data":"theDuelist:AltarTribute","floor":32,"key":"SMITH"},{"floor":40,"key":"REST"},{"floor":42,"key":"REST"},{"floor":44,"key":"REST"},{"data":"theDuelist:Relinquished","floor":47,"key":"SMITH"},{"data":"theDuelist:RainbowMagician","floor":49,"key":"SMITH"}],"circlet_count":0,"master_deck":["AscendersBane","theDuelist:CastleWalls","theDuelist:CastleWalls","theDuelist:DarkMagician","theDuelist:MysticalElf+1","theDuelist:MysticalElf","theDuelist:NeoMagic","theDuelist:NeoMagic","theDuelist:Sparks","theDuelist:BlueDragonSummoner+1","theDuelist:Yami+1","theDuelist:ApprenticeIllusionMagician","theDuelist:WitchBlackRose+1","theDuelist:BlizzardPrincess","theDuelist:SwordsRevealing","theDuelist:FairyBox","theDuelist:InjectionFairy","theDuelist:IrisEarthMother","theDuelist:Illusionist","theDuelist:LegendaryFlameLord","theDuelist:DarkPaladin","theDuelist:Relinquished+1","theDuelist:AltarTribute+1","theDuelist:FrontierWiseman","theDuelist:RainbowMagician+1","theDuelist:SpiritHarp","theDuelist:PowerKaishin+1","theDuelist:InjectionFairy+1","theDuelist:SangaEarth+1"],"relics":["theDuelist:MillenniumPuzzle","theDuelist:CardPoolRelic","theDuelist:CardPoolBasicRelic","theDuelist:BoosterPackPoolRelic","theDuelist:CardPoolAddRelic","theDuelist:CardPoolMinusRelic","theDuelist:CardPoolSaveRelic","theDuelist:CardPoolOptionsRelic","Golden Idol","NlothsMask","theDuelist:MetronomeRelicD","theDuelist:KaibaToken","Dream Catcher","Busted Crown","theDuelist:WhiteBowlRelic","theDuelist:CursedHealer","theDuelist:MerchantNecklace","Tough Bandages","SlaversCollar","theDuelist:SolderToken","theDuelist:InversionRelic","Meat on the Bone","PreservedInsect","theDuelist:DuelistOrichalcum"],"acts_visited":["Exordium","TheCity","TheBeyond"],"potions_floor_usage":[8,13,13,22,33,33,39,46],"damage_taken":[{"damage":0,"enemies":"Small Slimes","floor":1,"turns":5},{"damage":0,"enemies":"Jaw Worm","floor":5,"turns":4},{"damage":5,"enemies":"Lagavulin","floor":6,"turns":10},{"damage":0,"enemies":"Cultist","floor":7,"turns":3},{"damage":27,"enemies":"Gremlin Nob","floor":8,"turns":7},{"damage":0,"enemies":"Large Slime","floor":11,"turns":4},{"damage":0,"enemies":"3 Sentries","floor":13,"turns":4},{"damage":0,"enemies":"2 Fungi Beasts","floor":14,"turns":3},{"damage":24,"enemies":"The Guardian","floor":16,"turns":6},{"damage":14,"enemies":"2 Thieves","floor":18,"turns":4},{"damage":1,"enemies":"Spheric Guardian","floor":19,"turns":5},{"damage":12,"enemies":"Centurion and Healer","floor":20,"turns":6},{"damage":17,"enemies":"Cultist and Chosen","floor":22,"turns":8},{"damage":1,"enemies":"Gremlin Leader","floor":28,"turns":4},{"damage":6,"enemies":"Snecko","floor":29,"turns":5},{"damage":27,"enemies":"Book of Stabbing","floor":30,"turns":7},{"damage":5,"enemies":"Snake Plant","floor":31,"turns":6},{"damage":44,"enemies":"Collector","floor":33,"turns":7},{"damage":11,"enemies":"Orb Walker","floor":35,"turns":3},{"damage":10,"enemies":"3 Shapes","floor":37,"turns":4},{"damage":30,"enemies":"Transient","floor":39,"turns":5},{"damage":35,"enemies":"4 Shapes","floor":41,"turns":6},{"damage":7,"enemies":"Nemesis","floor":46,"turns":7},{"damage":58,"enemies":"Awakened One","floor":50,"turns":9}],"seed_played":"-2273161403921427595","potions_obtained":[{"floor":6,"key":"Block Potion"},{"floor":7,"key":"FocusPotion"},{"floor":8,"key":"AttackPotion"},{"floor":18,"key":"Ancient Potion"},{"floor":20,"key":"theDuelist:DestructPotionPot"},{"floor":31,"key":"theDuelist:ElectricPotion"},{"floor":33,"key":"theDuelist:DebuffArmorPotion"},{"floor":37,"key":"theDuelist:SealedPack"}],"is_trial":false,"path_per_floor":["M","?","?","?","M","E","M","E","T","R","M","R","E","M","R","B",null,"M","M","M","?","M","R","?","$","T","?","E","M","E","M","R","B",null,"M","?","M","$","M","R","M","R","T","R","?","E","R","T","R","B",null],"character_chosen":"THE_DUELIST","items_purchased":["theDuelist:Relinquished","theDuelist:InversionRelic"],"campfire_rested":4,"item_purchase_floors":[25,38],"current_hp_per_floor":[72,72,72,72,72,67,67,40,40,62,62,62,62,62,62,38,65,55,62,58,58,57,57,57,57,57,82,82,76,57,56,56,22,67,61,55,49,49,25,49,26,50,50,74,74,82,82,82,82,42],"gold":713,"neow_bonus":"UPGRADE_CARD","is_daily":false,"chose_seed":false,"campfire_upgraded":6,"win_rate":0.0,"timestamp":1609120197,"path_taken":["M","?","?","?","M","E","M","E","T","R","M","R","E","?","R","BOSS","M","M","M","?","M","R","?","$","T","?","E","?","E","M","R","BOSS","M","?","M","$","M","R","M","R","T","R","?","E","R","?","R","BOSS"],"items_purchased_type":["Card","Relic"],"build_version":"2020-12-22","purchased_purges":2,"victory":true,"max_hp_per_floor":[80,74,74,74,74,74,74,74,74,74,74,74,74,74,74,74,74,74,74,74,74,82,82,82,82,82,82,82,82,82,82,82,82,82,82,82,82,82,82,82,82,82,82,82,82,82,82,82,82,82],"card_choices":[{"not_picked":["theDuelist:CosmicHorrorGangiel","theDuelist:GeminiElf","theDuelist:InariFire","theDuelist:CircleFireKings"],"picked":"theDuelist:BlueDragonSummoner","floor":1},{"not_picked":["theDuelist:MagiciansRobe","theDuelist:VoidExpansion","theDuelist:TimeWizard","theDuelist:SwordsBurning"],"picked":"theDuelist:Yami","floor":5},{"not_picked":["theDuelist:RainbowMagician","theDuelist:CrystalWingDragon","theDuelist:RainbowDarkDragon","theDuelist:ThousandEyesRestrict"],"picked":"theDuelist:ApprenticeIllusionMagician","floor":6},{"not_picked":["theDuelist:MagicalBlast","theDuelist:Mudballman","theDuelist:InariFire","theDuelist:ApprenticeIllusionMagician"],"picked":"theDuelist:WitchBlackRose","floor":7},{"not_picked":["theDuelist:SpellShatteringArrow","theDuelist:BlizzardWarrior","theDuelist:InjectionFairy","theDuelist:DarkMagician"],"picked":"theDuelist:BlizzardPrincess","floor":8},{"not_picked":["theDuelist:Wildfire","theDuelist:SangaWater"],"picked":"theDuelist:SwordsRevealing","floor":11},{"not_picked":["theDuelist:SpellShatteringArrow","theDuelist:Mudballman","theDuelist:FogKing","theDuelist:CrystalWingDragon"],"picked":"theDuelist:FairyBox","floor":13},{"not_picked":["theDuelist:ThousandEyesIdol","theDuelist:WhiteMagicalHat","theDuelist:PowerKaishin","theDuelist:GeminiElf"],"picked":"theDuelist:InjectionFairy","floor":14},{"not_picked":["theDuelist:Wildfire","theDuelist:RainbowDarkDragon","theDuelist:GateGuardian","theDuelist:SangaWater"],"picked":"theDuelist:IrisEarthMother","floor":16},{"not_picked":["theDuelist:BlizzardWarrior","theDuelist:FogKing"],"picked":"theDuelist:Illusionist","floor":18},{"not_picked":["theDuelist:WhiteHowling","theDuelist:StatueAnguishPattern","theDuelist:MindAir","theDuelist:WonderWand"],"picked":"SKIP","floor":19},{"not_picked":["theDuelist:SpellShatteringArrow","theDuelist:DarkMagician"],"picked":"theDuelist:LegendaryFlameLord","floor":20},{"not_picked":["theDuelist:IrisEarthMother","theDuelist:QueenDragunDjinn"],"picked":"theDuelist:DarkPaladin","floor":22},{"not_picked":["theDuelist:SpellShatteringArrow","theDuelist:DarkMagicianGirl"],"picked":"theDuelist:AltarTribute","floor":28},{"not_picked":["theDuelist:SangaEarth+1","theDuelist:FlyingSaucer","theDuelist:Illusionist"],"picked":"SKIP","floor":29},{"not_picked":["theDuelist:NeoMagic+1","theDuelist:LegendaryFlameLord","theDuelist:GiantTrunade"],"picked":"SKIP","floor":30},{"not_picked":["theDuelist:SangaThunder","theDuelist:MysticalElf+1"],"picked":"theDuelist:FrontierWiseman","floor":31},{"not_picked":["theDuelist:RainbowDarkDragon","theDuelist:IrisEarthMother"],"picked":"theDuelist:RainbowMagician","floor":33},{"not_picked":["theDuelist:MysticalElf+1","theDuelist:PowerKaishin+1"],"picked":"theDuelist:SpiritHarp","floor":35},{"not_picked":["theDuelist:SpellShatteringArrow","theDuelist:BlueDragonSummoner+1"],"picked":"theDuelist:PowerKaishin+1","floor":37},{"not_picked":["theDuelist:Wildfire","theDuelist:InfernoFireBlast","theDuelist:SwordsRevealing"],"picked":"SKIP","floor":39},{"not_picked":["theDuelist:SpellShatteringArrow+1","theDuelist:BlizzardWarrior"],"picked":"theDuelist:InjectionFairy+1","floor":41},{"not_picked":["theDuelist:SangaThunder+1","theDuelist:DarkMagician+1"],"picked":"theDuelist:SangaEarth+1","floor":46}],"player_experience":259796,"relics_obtained":[{"floor":6,"key":"theDuelist:MetronomeRelicD"},{"floor":8,"key":"theDuelist:KaibaToken"},{"floor":13,"key":"Dream Catcher"},{"floor":26,"key":"theDuelist:WhiteBowlRelic"},{"floor":28,"key":"theDuelist:MerchantNecklace"},{"floor":30,"key":"Tough Bandages"},{"floor":43,"key":"Meat on the Bone"},{"floor":46,"key":"PreservedInsect"},{"floor":48,"key":"theDuelist:DuelistOrichalcum"}],"event_choices":[{"damage_healed":0,"gold_gain":0,"player_choice":"Lose Max HP","damage_taken":0,"relics_obtained":["Golden Idol"],"max_hp_gain":0,"max_hp_loss":6,"event_name":"Golden Idol","floor":2,"gold_loss":0},{"damage_healed":0,"gold_gain":0,"player_choice":"Ignored","damage_taken":0,"max_hp_gain":0,"max_hp_loss":0,"event_name":"Liars Game","floor":3,"gold_loss":0},{"damage_healed":0,"gold_gain":0,"player_choice":"Trade","damage_taken":0,"relics_obtained":["NlothsMask"],"max_hp_gain":0,"max_hp_loss":0,"event_name":"FaceTrader","floor":4,"gold_loss":0},{"damage_healed":0,"gold_gain":0,"player_choice":"Ignored","damage_taken":0,"max_hp_gain":0,"max_hp_loss":0,"event_name":"Vampires","floor":21,"gold_loss":0},{"damage_healed":0,"gold_gain":99,"player_choice":"Stole From Cult","damage_taken":0,"max_hp_gain":0,"max_hp_loss":0,"event_name":"Nest","floor":24,"gold_loss":0},{"damage_healed":0,"gold_gain":0,"player_choice":"Succumb - +25HP/Cursed Relic","duelist":true,"damage_taken":0,"max_hp_gain":0,"max_hp_loss":0,"event_name":"Tomb of the Nameless","floor":27,"gold_loss":0},{"damage_healed":0,"gold_gain":0,"player_choice":"Dig - random Duelist relic","duelist":true,"damage_taken":0,"max_hp_gain":0,"max_hp_loss":0,"event_name":"Aknamkanon\u0027s Tomb","floor":36,"gold_loss":0},{"damage_healed":0,"gold_gain":0,"player_choice":"Ignored","damage_taken":0,"max_hp_gain":0,"max_hp_loss":0,"event_name":"Tomb of Lord Red Mask","floor":45,"gold_loss":0}],"is_beta":false,"boss_relics":[{"not_picked":["Tiny House","Snecko Eye"],"picked":"Busted Crown"},{"not_picked":["theDuelist:ElectricKey","Calling Bell"],"picked":"SlaversCollar"}],"items_purged_floors":[25,38],"is_endless":false,"potions_floor_spawned":[6,7,8,11,18,20,31,33,37],"ascension_level":12}}