{"host":"7o30bgpqouqblh42","time":1609191685,"event":{"mods":["AchievementEnabler","Aspiration","BaseMod","Colored Map","Downfall","Highlight Path","Minty Spire (QoL Compilation)","StSLib","SuperFastMode"],"gold_per_floor":[118,118,20,31,106,106,139,139,139,150,150,150,164,177,177,273,273,287,320,390,404,422,451,451,451,451,469,188,218,230,230,230,230,230],"floor_reached":33,"playtime":1433,"items_purged":["Strike_B","Strike_B"],"score":324,"play_id":"6ecc2a27-6246-4e9e-9eb5-43949c54c961","local_time":"20201228164125","is_ascension_mode":true,"campfire_choices":[{"data":"Biased Cognition","floor":6,"key":"SMITH"},{"floor":8,"key":"REST"},{"data":"Static Discharge","floor":11,"key":"SMITH"},{"floor":15,"key":"REST"},{"data":"Creative AI","floor":24,"key":"SMITH"},{"floor":32,"key":"RECALL"}],"circlet_count":0,"master_deck":["Strike_B","Strike_B","Defend_B","Defend_B+1","Defend_B","Defend_B+1","Zap","Dualcast","Biased Cognition+1","Storm","Gash","Zap","Sweeping Beam","Genetic Algorithm","Static Discharge+1","Skim","Creative AI+1","CurseOfTheBell","Ball Lightning","Auto Shields","Undo+1","Turbo","Ball Lightning","Fusion","Writhe"],"relics":["Cracked Core","Ancient Tea Set","aspiration:StickyExplosives_weak","Calling Bell","Strawberry","InkBottle","Dead Branch","Red Mask","Mango","Pantograph","Guardian:PocketSentry","Bronze Scales","Ornamental Fan"],"acts_visited":["Exordium","TheCity"],"potions_floor_usage":[16,19,19,29,33],"damage_taken":[{"damage":6,"enemies":"Jaw Worm","floor":1,"turns":3},{"damage":6,"enemies":"Cultist","floor":4,"turns":3},{"damage":16,"enemies":"Gremlin Nob","floor":7,"turns":3},{"damage":0,"enemies":"2 Louse","floor":10,"turns":2},{"damage":7,"enemies":"Blue Slaver","floor":13,"turns":3},{"damage":1,"enemies":"Exordium Wildlife","floor":14,"turns":3},{"damage":20,"enemies":"Hexaghost","floor":16,"turns":5},{"damage":9,"enemies":"Chosen","floor":18,"turns":5},{"damage":6,"enemies":"Masked Bandits","floor":19,"turns":2},{"damage":6,"enemies":"Shell Parasite","floor":21,"turns":5},{"damage":14,"enemies":"Snake Plant","floor":22,"turns":3},{"damage":31,"enemies":"Book of Stabbing","floor":23,"turns":5},{"damage":0,"enemies":"Chosen and Byrds","floor":27,"turns":4},{"damage":16,"enemies":"Slavers","floor":29,"turns":5},{"damage":0,"enemies":"Snecko","floor":30,"turns":3},{"damage":60,"enemies":"Automaton","floor":33,"turns":6}],"seed_played":"-4946767444379012393","potions_obtained":[{"floor":1,"key":"Explosive Potion"},{"floor":7,"key":"DistilledChaos"},{"floor":18,"key":"Weak Potion"},{"floor":19,"key":"Explosive Potion"},{"floor":22,"key":"Ancient Potion"},{"floor":29,"key":"Explosive Potion"}],"is_trial":false,"path_per_floor":["M","?","$","M","?","R","E","R","T","M","R","?","M","M","R","B",null,"M","?","T","M","M","E","R","?","T","M","$","E","M","?","R","B"],"character_chosen":"DEFECT","items_purchased":["Sweeping Beam","Ball Lightning","Guardian:PocketSentry"],"campfire_rested":2,"item_purchase_floors":[3,28,28],"current_hp_per_floor":[48,48,48,42,31,31,15,37,37,37,37,22,15,14,36,16,82,73,67,67,61,47,30,30,30,30,30,30,14,14,14,14,0,0],"gold":230,"neow_bonus":"THREE_RARE_CARDS","is_daily":false,"chose_seed":false,"campfire_upgraded":3,"win_rate":0.0,"timestamp":1609191685,"path_taken":["M","?","$","?","?","R","E","R","T","M","R","?","M","M","R","BOSS","M","?","?","M","?","E","R","?","T","M","$","E","M","?","R","BOSS"],"items_purchased_type":["Card","Card","Relic"],"build_version":"2020-12-22","purchased_purges":2,"victory":false,"max_hp_per_floor":[75,75,75,75,75,75,75,75,75,75,75,75,75,75,75,75,82,82,82,82,82,82,96,96,96,96,96,96,96,96,96,96,96,96],"card_choices":[{"not_picked":["Hyperbeam","Meteor Strike"],"picked":"Biased Cognition","floor":0},{"not_picked":["Self Repair","Turbo"],"picked":"Storm","floor":1},{"not_picked":["Storm","Conserve Battery"],"picked":"Genetic Algorithm","floor":4},{"not_picked":["Leap","Capacitor","Go for the Eyes"],"picked":"SKIP","floor":7},{"not_picked":["Go for the Eyes","Cold Snap"],"picked":"Static Discharge","floor":10},{"not_picked":["Streamline","Capacitor","Darkness"],"picked":"SKIP","floor":13},{"not_picked":["Defragment","Turbo"],"picked":"Skim","floor":14},{"not_picked":["Seek","Reboot"],"picked":"Creative AI","floor":16},{"not_picked":["Barrage","Beam Cell+1"],"picked":"Ball Lightning","floor":18},{"not_picked":["Undo","Hologram"],"picked":"Auto Shields","floor":19},{"not_picked":["Rebound","Hyperbeam","Darkness"],"picked":"SKIP","floor":21},{"not_picked":["Static Discharge","Blizzard"],"picked":"Undo+1","floor":22},{"not_picked":["Conserve Battery","Sweeping Beam"],"picked":"Turbo","floor":23},{"not_picked":["Static Discharge","Doom and Gloom","Go for the Eyes"],"picked":"SKIP","floor":27},{"not_picked":["Leap","Skim+1","Hello World"],"picked":"SKIP","floor":29},{"not_picked":["Melter","Ball Lightning"],"picked":"Fusion","floor":30}],"player_experience":193709,"relics_obtained":[{"floor":7,"key":"Ancient Tea Set"},{"floor":9,"key":"aspiration:StickyExplosives_weak"},{"floor":17,"key":"Strawberry"},{"floor":17,"key":"InkBottle"},{"floor":17,"key":"Dead Branch"},{"floor":19,"key":"Red Mask"},{"floor":23,"key":"Mango"},{"floor":26,"key":"Pantograph"},{"floor":29,"key":"Bronze Scales"}],"event_choices":[{"damage_healed":0,"gold_gain":0,"player_choice":"2 cards matched","damage_taken":0,"max_hp_gain":0,"max_hp_loss":0,"event_name":"Match and Keep!","floor":2,"gold_loss":0,"cards_obtained":["Gash","Zap"]},{"damage_healed":0,"gold_gain":75,"player_choice":"Gather Gold","damage_taken":11,"max_hp_gain":0,"max_hp_loss":0,"event_name":"World of Goop","floor":5,"gold_loss":0},{"damage_healed":0,"gold_gain":0,"player_choice":"Entered Light","damage_taken":15,"max_hp_gain":0,"max_hp_loss":0,"event_name":"Shining Light","floor":12,"gold_loss":0,"cards_upgraded":["Defend_B","Defend_B"]},{"damage_healed":0,"gold_gain":0,"player_choice":"Fought Bandits","damage_taken":0,"max_hp_gain":0,"max_hp_loss":0,"event_name":"Masked Bandits","floor":19,"gold_loss":0},{"damage_healed":0,"gold_gain":0,"player_choice":"Ignored","damage_taken":0,"max_hp_gain":0,"max_hp_loss":0,"event_name":"Cursed Tome","floor":25,"gold_loss":0},{"damage_healed":0,"gold_gain":0,"player_choice":"Opened","damage_taken":0,"relics_obtained":["Ornamental Fan"],"max_hp_gain":0,"max_hp_loss":0,"event_name":"The Mausoleum","floor":31,"gold_loss":0,"cards_obtained":["Writhe"]}],"is_beta":false,"boss_relics":[{"not_picked":["aspiration:SilentSkillbook","Inserter"],"picked":"Calling Bell"}],"items_purged_floors":[3,28],"is_endless":false,"potions_floor_spawned":[1,7,18,19,22,29],"killed_by":"Automaton","ascension_level":1}}