{"host":"q6ma3hi3lrvu4bic","time":1609196278,"event":{"mods":["AchievementEnabler","Bartender","BaseMod","Better Match","Better Sensory Stone","CapriCore","Dio Mod","Gold Saver","Hermit","Hero for Fun","Hunter ??","Jorbs\u0027s Wanderer Trilogy","Luminous","Mad Scientist","Marisa????????","Melee Mod","Minty Spire (QoL Compilation)","Potionbrewer","Replay The Spire","SOS???????","StSLib","The Alterego","The Blackbeard","The Bladedancer","The Bug Knight","The Cursed","The Dragon Tamer","The Exalted","The Hierophant","The Immortal","The Kombatant","The Marked","The Necromancer","The Saiyan","The Servant 0.9.4","The Vixen","The Wild Card","TheHero","TheSwordswoman"],"gold_per_floor":[1049,1068,1087,268,285,316,316,42,89,106,106,131,141,155,155,257,257,267,267,182,195,214,214,234,249,276,276,276,119,119,139,139,237,237,252,60,60,17,31,31,31,31,31,42,54,72,105,124,124,124,124],"floor_reached":50,"playtime":4418,"items_purged":[],"score":588,"play_id":"6e893617-4fb2-4639-8539-88d190329ec5","local_time":"20201228175758","is_ascension_mode":false,"campfire_choices":[{"floor":7.0,"key":"REST"},{"floor":11.0,"key":"REST"},{"floor":15.0,"key":"REST"},{"floor":23.0,"key":"REST"},{"data":"Poisoned Strike","floor":28.0,"key":"SMITH"},{"floor":30.0,"key":"REST"},{"floor":32.0,"key":"DIG"},{"floor":40,"key":"REST"},{"data":"Poisoned Stab","floor":42,"key":"SMITH"},{"floor":49,"key":"REST"}],"circlet_count":0,"master_deck":["Strike_G","Strike_G","Strike_G","Strike_G","Strike_G","Defend_G","Defend_G","Defend_G","Defend_G","Defend_G","Survivor","Neutralize","Deadly Poison","Deadly Poison","Blur","Poisoned Stab","Outmaneuver","Poisoned Strike+1","Caltrops","Crippling Poison","Deflect","Deflect","Distraction","Deadly Poison","Backflip","Venomology+1","CurseOfTheBell","Poisoned Stab","Poisoned Stab","Poisoned Stab+1","Backstab","Poisoned Stab+1","Bouncing Flask","Tools of the Trade","ReplayTheSpireMod:Exploit Weakness","Dagger Throw","Backflip","Wraith Form v2","ReplayTheSpireMod:Tripwire","ReplayTheSpireMod:Tripwire","Endless Agony+1","Replay:Poison Smokescreen","Deflect+1","ReplayTheSpireMod:Necrosis","PiercingWail"],"relics":["Ring of the Serpent","Potion Belt","Blue Doll","OrangePellets","potionbrewer:WarMedal","Pear","ReplayTheSpireMod:TigerMarble","Happy Flower","Calling Bell","ReplayFunnel","Iron Hammer","TungstenRod","alterego_mod:MasochisticConstitution","Ninja Scroll","PreservedInsect","Regal Pillow","Orrery","Centennial Puzzle","Replay:Wax Seal","potionbrewer:ToyAutogyro","Protect_Vest","HollowMod:PaleOreRelic"],"acts_visited":["Exordium","TheCity","TheBeyond"],"potions_floor_usage":[45,45,46,47,47,48,48,50,50,50],"damage_taken":[{"damage":0.0,"enemies":"Cultist","floor":1.0,"turns":4.0},{"damage":0.0,"enemies":"Small Slimes","floor":2.0,"turns":3.0},{"damage":5.0,"enemies":"2 Louse","floor":3.0,"turns":2.0},{"damage":18.0,"enemies":"Exordium Wildlife","floor":5.0,"turns":5.0},{"damage":23.0,"enemies":"3 Sentries","floor":6.0,"turns":10.0},{"damage":1.0,"enemies":"3 Louse","floor":10.0,"turns":3.0},{"damage":8.0,"enemies":"Lagavulin","floor":12.0,"turns":5.0},{"damage":15.0,"enemies":"Exordium Thugs","floor":13.0,"turns":4.0},{"damage":0.0,"enemies":"Exordium Wildlife","floor":14.0,"turns":4.0},{"damage":22.0,"enemies":"Fading Forest","floor":16.0,"turns":11.0},{"damage":22.0,"enemies":"2 Thieves","floor":18.0,"turns":4.0},{"damage":8.0,"enemies":"Chosen","floor":21.0,"turns":3.0},{"damage":5.0,"enemies":"3 Cultists","floor":22.0,"turns":5.0},{"damage":9.0,"enemies":"Shelled Parasite and Fungi","floor":24.0,"turns":3.0},{"damage":0.0,"enemies":"Snake Plant","floor":25.0,"turns":3.0},{"damage":4.0,"enemies":"Chosen and Byrds","floor":31.0,"turns":3.0},{"damage":45.0,"enemies":"Champ","floor":33.0,"turns":9.0},{"damage":18.0,"enemies":"3 Shapes","floor":35.0,"turns":5.0},{"damage":9.0,"enemies":"Orb Walker","floor":39.0,"turns":2.0},{"damage":10,"enemies":"Jaw Worm Horde","floor":44,"turns":4},{"damage":8,"enemies":"Writhing Mass","floor":45,"turns":5},{"damage":0,"enemies":"Transient","floor":46,"turns":5},{"damage":67,"enemies":"Giant Head","floor":47,"turns":8},{"damage":1,"enemies":"4 Shapes","floor":48,"turns":4},{"damage":57,"enemies":"Replay:Hell Engine","floor":50,"turns":7}],"seed_played":"3508064883443259853","potions_obtained":[{"floor":2.0,"key":"potionbrewer:InfectionPotion"},{"floor":10.0,"key":"Fire Potion"},{"floor":12.0,"key":"LiquidBronze"},{"floor":13.0,"key":"potionbrewer:DiscountPotion"},{"floor":16.0,"key":"Milkshake"},{"floor":21.0,"key":"Fruit Juice"},{"floor":22.0,"key":"potionbrewer:DiscountPotion"},{"floor":24.0,"key":"LiquidMemories"},{"floor":33.0,"key":"Weak Potion"},{"floor":45,"key":"Fire Potion"},{"floor":47,"key":"potionbrewer:AcidPotion"},{"floor":48,"key":"BlessingOfTheForge"}],"is_trial":false,"path_per_floor":["M","M","M","$","M","E","R","$","T","M","R","E","M","M","R","B",null,"M","?","?","M","M","R","M","M","T","?","R","$","R","M","R","B",null,"M","$","?","$","M","R","?","R","T","M","M","M","E","M","R","B"],"character_chosen":"THE_SILENT","items_purchased":["Potion Belt","potionbrewer:StunPotion","Blue Doll","OrangePellets","Poisoned Stab","Outmaneuver","Poisoned Strike","Pear","Deflect","Orrery","Replay:Wax Seal","potionbrewer:ToyAutogyro","ReplayTheSpireMod:Tripwire"],"campfire_rested":7,"item_purchase_floors":[4,4,4,4,4,4,4,8,8,29,36,36,38],"current_hp_per_floor":[77,77,72,72,54,31,54,64,64,63,87,79,64,64,87,65,87,65,65,65,63,59,87,79,79,79,79,79,79,95,92,92,48,97,80,80,80,80,72,99,91,91,91,82,75,75,9,9,54,0,0],"gold":124,"neow_bonus":"TEN_PERCENT_HP_BONUS","is_daily":false,"chose_seed":false,"campfire_upgraded":2,"win_rate":0.0,"timestamp":1609196278,"path_taken":["M","M","M","$","M","E","R","$","T","?","R","E","M","M","R","BOSS","M","?","?","M","?","R","M","M","T","?","R","?","R","M","R","BOSS","M","$","?","?","?","R","?","R","T","M","M","?","E","M","R","BOSS"],"items_purchased_type":["Relic","Potion","Relic","Relic","Card","Card","Card","Relic","Card","Relic","Relic","Relic","Card"],"build_version":"2020-12-22","purchased_purges":0,"victory":false,"max_hp_per_floor":[77,77,77,77,77,77,77,87,87,87,87,87,87,87,87,87,87,87,87,87,93,94,94,95,95,95,95,95,95,95,96,96,97,97,98,98,98,98,99,99,99,99,99,100,101,101,102,103,103,103,103],"card_choices":[{"not_picked":["Hidden Blade","Dodge and Roll"],"picked":"Deadly Poison","floor":1.0},{"not_picked":["Flying Knee","Adrenaline"],"picked":"Deadly Poison","floor":2.0},{"not_picked":["PiercingWail","Flying Knee"],"picked":"Blur","floor":3.0},{"not_picked":["ReplayTheSpireMod:Speed Training","Footwork"],"picked":"Caltrops","floor":5.0},{"not_picked":["Outmaneuver","Tactician"],"picked":"Crippling Poison","floor":6.0},{"not_picked":["Predator","Underhanded Strike"],"picked":"Deflect","floor":10.0},{"not_picked":["ReplayTheSpireMod:Shiv Toss","ReplayTheSpireMod:Speed Training"],"picked":"Distraction","floor":12.0},{"not_picked":["Slice","Leg Sweep"],"picked":"Deadly Poison","floor":13.0},{"not_picked":["Choke","Acrobatics"],"picked":"Backflip","floor":14.0},{"not_picked":["Wraith Form v2","Envenom"],"picked":"Venomology","floor":16.0},{"not_picked":["Blade Dance","Flechettes+1"],"picked":"Poisoned Stab","floor":18.0},{"not_picked":["Acrobatics","Finisher"],"picked":"Poisoned Stab","floor":21.0},{"not_picked":["Outmaneuver","Prepared"],"picked":"Poisoned Stab+1","floor":22.0},{"not_picked":["Quick Slash","Tactician"],"picked":"Backstab","floor":24.0},{"not_picked":["ReplayTheSpireMod:Shiv Toss+1","Eviscerate"],"picked":"Poisoned Stab","floor":25.0},{"not_picked":["Masterful Stab+1","Infinite Blades"],"picked":"Bouncing Flask","floor":29.0},{"not_picked":["Fluid Movement","PiercingWail"],"picked":"Tools of the Trade","floor":29.0},{"not_picked":["Dagger Spray","ReplayTheSpireMod:Tripwire"],"picked":"ReplayTheSpireMod:Exploit Weakness","floor":29.0},{"not_picked":["Sucker Punch","Night Terror"],"picked":"Dagger Throw","floor":29.0},{"not_picked":["Acrobatics","Prepared"],"picked":"Backflip","floor":29.0},{"not_picked":["Backflip+1","Quick Slash+1","ReplayTheSpireMod:Shiv Toss+1"],"picked":"SKIP","floor":31.0},{"not_picked":["Doppelganger","Malaise"],"picked":"Wraith Form v2","floor":33.0},{"not_picked":["Quick Slash","Leg Sweep","All Out Attack"],"picked":"SKIP","floor":35.0},{"not_picked":["Riddle With Holes+1","Blade Dance"],"picked":"Endless Agony+1","floor":39.0},{"not_picked":["Acrobatics","ReplayTheSpireMod:Shiv Toss+1"],"picked":"Replay:Poison Smokescreen","floor":44},{"not_picked":["Hidden Blade+1","ReplayTheSpireMod:Shiv Toss"],"picked":"Deflect+1","floor":45},{"not_picked":["Fluid Movement+1","Outmaneuver"],"picked":"ReplayTheSpireMod:Necrosis","floor":46},{"not_picked":["Dagger Throw","Quick Slash","ReplayTheSpireMod:Shiv Toss"],"picked":"SKIP","floor":47},{"not_picked":["Quick Slash+1","Acrobatics"],"picked":"PiercingWail","floor":48}],"player_experience":35998,"relics_obtained":[{"floor":6.0,"key":"potionbrewer:WarMedal"},{"floor":9.0,"key":"ReplayTheSpireMod:TigerMarble"},{"floor":12.0,"key":"Happy Flower"},{"floor":17.0,"key":"ReplayFunnel"},{"floor":17.0,"key":"Iron Hammer"},{"floor":17.0,"key":"TungstenRod"},{"floor":26.0,"key":"PreservedInsect"},{"floor":32.0,"key":"Centennial Puzzle"},{"floor":43,"key":"Protect_Vest"},{"floor":47,"key":"HollowMod:PaleOreRelic"}],"event_choices":[{"damage_healed":0.0,"max_hp_gain":0.0,"max_hp_loss":0.0,"gold_gain":0.0,"event_name":"Addict","player_choice":"Obtained Relic","floor":20.0,"gold_loss":85.0,"damage_taken":0.0,"relics_obtained":["Ninja Scroll"]},{"damage_healed":0.0,"max_hp_gain":0.0,"max_hp_loss":0.0,"gold_gain":0.0,"event_name":"WeMeetAgain","player_choice":"Gave Potion","floor":27.0,"gold_loss":0.0,"damage_taken":0.0,"relics_obtained":["Regal Pillow"]},{"damage_healed":0.0,"max_hp_gain":0.0,"max_hp_loss":0.0,"gold_gain":0.0,"event_name":"Accursed Blacksmith","player_choice":"Forge","floor":37.0,"gold_loss":0.0,"damage_taken":0.0,"cards_upgraded":["Venomology"]},{"damage_healed":0,"gold_gain":0,"player_choice":"Damaged","damage_taken":9,"max_hp_gain":0,"max_hp_loss":0,"event_name":"Wheel of Change","floor":41,"gold_loss":0}],"is_beta":false,"boss_relics":[{"not_picked":["Kintsugi","SlaversCollar"],"picked":"Calling Bell"},{"not_picked":["Snecko Eye","Velvet Choker"],"picked":"Ring of the Serpent"}],"items_purged_floors":[],"is_endless":false,"potions_floor_spawned":[2,10,12,13,16,21,22,24,33,45,47,48],"killed_by":"Replay:Hell Engine","ascension_level":0}}