{"host":"792mtbovsoa03nb3","time":1609182530,"event":{"mods":["BaseMod","Colored Map","Dota2Spire","Downfall","Hubris","Infinite Spire","Minty Spire (QoL Compilation)","Replay The Spire","Spicy Shops","StSLib","The Blue Laboratory","The Jungle"],"gold_per_floor":[365,365,76,92,102,102,128,58,58,75,75,75,75,102,102,198,198,216,216,216,233,233,233,233],"floor_reached":23,"playtime":1427,"items_purged":[],"score":246,"play_id":"9054a2e3-f5f0-415f-9754-ff67acfa1f32","local_time":"20201228110850","is_ascension_mode":true,"campfire_choices":[{"data":"Fire Breathing","floor":6,"key":"SMITH"},{"data":"Metallicize","floor":11,"key":"SMITH"},{"floor":15,"key":"REST"}],"circlet_count":0,"master_deck":["Strike_R","Strike_R","Strike_R","Strike_R","Strike_R","Defend_R","Defend_R","Defend_R","Defend_R","Bash","True Grit","Sever Soul","Sever Soul","Fire Breathing+1","Clash","Iron Wave","Metallicize+1","Feel No Pain","Immolate","hubris:Sloth"],"relics":["Burning Blood","Dota2Spire:EchoSabre","hubris:SlimyHat","Gremlin Horn","hubris:Icosahedron","Replay:Wax Seal","Mark of Pain"],"acts_visited":["Exordium","TheCity"],"potions_floor_usage":[7,16,16,21],"damage_taken":[{"damage":3,"enemies":"2 Louse","floor":1,"turns":2},{"damage":12,"enemies":"Jaw Worm","floor":4,"turns":2},{"damage":1,"enemies":"Small Slimes","floor":5,"turns":3},{"damage":15,"enemies":"3 Sentries","floor":7,"turns":5},{"damage":0,"enemies":"Gremlin Gang","floor":10,"turns":4},{"damage":27,"enemies":"Lagavulin","floor":14,"turns":7},{"damage":32,"enemies":"Hexaghost","floor":16,"turns":13},{"damage":25,"enemies":"Shell Parasite","floor":18,"turns":6},{"damage":17,"enemies":"Chosen","floor":21,"turns":5},{"damage":41,"enemies":"3 Cultists","floor":23,"turns":4}],"seed_played":"-5774277366990678254","potions_obtained":[{"floor":1,"key":"blueLaboratory:RememoryPotion"},{"floor":5,"key":"Venom Potion"},{"floor":10,"key":"SpeedPotion"},{"floor":16,"key":"Strength Potion"},{"floor":18,"key":"DistilledChaos"}],"is_trial":false,"path_per_floor":["M","?","$","M","M","R","E","$","T","M","R","$","?","E","R","B",null,"M","?","?","M","?","M"],"character_chosen":"IRONCLAD","items_purchased":["Dota2Spire:EchoSabre","Sever Soul","Fire Breathing","Metallicize"],"campfire_rested":1,"item_purchase_floors":[3,3,3,8],"current_hp_per_floor":[59,59,59,53,58,58,49,49,49,55,55,55,55,34,58,32,68,49,49,49,38,38,0,0],"gold":233,"neow_bonus":"TWO_FIFTY_GOLD","is_daily":false,"chose_seed":false,"campfire_upgraded":2,"win_rate":0.0,"timestamp":1609182530,"path_taken":["M","?","$","M","M","R","E","$","T","M","R","$","?","E","R","BOSS","M","?","?","?","?","M"],"items_purchased_type":["Relic","Card","Card","Card"],"build_version":"2020-12-22","purchased_purges":0,"victory":false,"max_hp_per_floor":[80,80,80,80,80,80,80,80,80,80,80,80,80,80,80,80,80,80,80,80,80,80,80,80],"card_choices":[{"not_picked":["Anger","Entrench"],"picked":"True Grit","floor":1},{"not_picked":["ReplayTheSpireMod:Strike From Hell","Run Through"],"picked":"Clash","floor":4},{"not_picked":["True Grit","Iron Wave","Blood for Blood"],"picked":"SKIP","floor":5},{"not_picked":["Cleave","Limit Break"],"picked":"Iron Wave","floor":7},{"not_picked":["Pommel Strike","Clothesline","Burning Pact"],"picked":"SKIP","floor":10},{"not_picked":["Sentinel","Run Through"],"picked":"Feel No Pain","floor":14},{"not_picked":["hubris:StunningStrike","Limit Break"],"picked":"Immolate","floor":16},{"not_picked":["Cleave","Perfected Strike+1","Shrug It Off"],"picked":"SKIP","floor":18},{"not_picked":["Havoc","Run Through","ReplayTheSpireMod:Limb From Limb"],"picked":"SKIP","floor":21}],"player_experience":799995,"relics_obtained":[{"floor":7,"key":"hubris:SlimyHat"},{"floor":9,"key":"Gremlin Horn"},{"floor":14,"key":"Replay:Wax Seal"}],"event_choices":[{"damage_healed":0,"gold_gain":0,"player_choice":"1 cards matched","damage_taken":0,"max_hp_gain":0,"max_hp_loss":0,"event_name":"Match and Keep!","floor":20,"gold_loss":0,"cards_obtained":["hubris:Sloth"]},{"damage_healed":0,"gold_gain":0,"player_choice":"1 cards matched","damage_taken":0,"max_hp_gain":0,"max_hp_loss":0,"event_name":"Match and Keep!","floor":20,"gold_loss":0,"cards_obtained":["hubris:Sloth"]}],"is_beta":false,"boss_relics":[{"not_picked":["Snecko Eye","Dota2Spire:RefresherOrb"],"picked":"Mark of Pain"}],"items_purged_floors":[],"is_endless":false,"potions_floor_spawned":[1,5,10,16,18],"killed_by":"3 Cultists","ascension_level":5}}