{"host":"sav7uxregyirlf69","time":1609161947,"event":{"mods":["AchievementEnabler","BaseMod","Colored Map","DeckTracker","Keyboard Shortcuts","Minty Spire (QoL Compilation)","READ ME - Guardian Mod","StSLib","SuperFastMode"],"gold_per_floor":[118,193,118,118,43,43,75,75,99,99,48,75,75,98,98,187,187,207,257,257,257,309,321,378,399,411,423,453,493,505,547,559,660,672,702,737,764,183,204,204,204,245,321,321,347,385,385,409,409,409,409,409,409,86,126,126],"floor_reached":57,"playtime":1744,"items_purged":["Defend_G","Deadly Poison","Cloak And Dagger+1"],"score":3039,"play_id":"dbd4b0c0-37e3-48b7-b475-9520cd36f340","local_time":"20201228222547","is_ascension_mode":true,"campfire_choices":[{"data":"Neutralize","floor":6,"key":"SMITH"},{"data":"Cloak And Dagger","floor":8,"key":"SMITH"},{"floor":10,"key":"REST"},{"data":"Catalyst","floor":15,"key":"SMITH"},{"data":"Venomology","floor":23,"key":"SMITH"},{"data":"Tactician","floor":27,"key":"SMITH"},{"data":"Burst","floor":30,"key":"SMITH"},{"data":"Catalyst","floor":32,"key":"SMITH"},{"data":"Ghostly","floor":44,"key":"SMITH"},{"data":"Ghostly","floor":47,"key":"SMITH"},{"floor":49,"key":"RECALL"},{"data":"Ghostly","floor":53,"key":"SMITH"}],"circlet_count":0,"master_deck":["AscendersBane","Survivor","Neutralize+1","Catalyst+1","Backflip","Venomology+1","Catalyst+1","Burst+1","Tactician+1","After Image","Escape Plan","Corpse Explosion","Bouncing Flask","Noxious Fumes","Ghostly+1","Ghostly+1","Ghostly+1","Acrobatics","Backflip+1","Reflex+1","PiercingWail"],"relics":["Ring of the Snake","NeowsBlessing","Tiny Chest","Centennial Puzzle","Art of War","Golden Idol","Pandora\u0027s Box","MawBank","CeramicFish","Runic Pyramid","Medical Kit","Omamori","Anchor","The Courier","Shuriken","Toy Ornithopter","Akabeko","Snake Skull","StoneCalendar"],"acts_visited":["Exordium","TheCity","TheBeyond","TheEnding"],"potions_floor_usage":[16,16,24,24,29,31,31,33,35,35,36,37,42,48,50,51,51,55,55,56],"damage_taken":[{"damage":0.0,"enemies":"Jaw Worm","floor":1.0,"turns":1.0},{"damage":0,"enemies":"Lagavulin","floor":7,"turns":1},{"damage":0,"enemies":"Gremlin Nob","floor":12,"turns":1},{"damage":0,"enemies":"Small Slimes","floor":14,"turns":3},{"damage":10,"enemies":"Hexaghost","floor":16,"turns":11},{"damage":0,"enemies":"3 Byrds","floor":18,"turns":2},{"damage":0,"enemies":"Slavers","floor":24,"turns":4},{"damage":3,"enemies":"Spheric Guardian","floor":28,"turns":5},{"damage":2,"enemies":"Snecko","floor":29,"turns":5},{"damage":0,"enemies":"Centurion and Healer","floor":31,"turns":6},{"damage":16,"enemies":"Automaton","floor":33,"turns":10},{"damage":0,"enemies":"3 Darklings","floor":35,"turns":3},{"damage":0,"enemies":"3 Shapes","floor":36,"turns":3},{"damage":0,"enemies":"Spire Growth","floor":37,"turns":3},{"damage":0,"enemies":"3 Darklings","floor":39,"turns":3},{"damage":0,"enemies":"Reptomancer","floor":42,"turns":6},{"damage":0,"enemies":"Giant Head","floor":46,"turns":5},{"damage":0,"enemies":"Jaw Worm Horde","floor":48,"turns":4},{"damage":0,"enemies":"Donu and Deca","floor":50,"turns":6},{"damage":1,"enemies":"Awakened One","floor":51,"turns":8},{"damage":12,"enemies":"Shield and Spear","floor":55,"turns":5},{"damage":3,"enemies":"The Heart","floor":56,"turns":8}],"seed_played":"168863813060563922","potions_obtained":[{"floor":7,"key":"LiquidMemories"},{"floor":14,"key":"EntropicBrew"},{"floor":33,"key":"Strength Potion"},{"floor":35,"key":"Regen Potion"},{"floor":55,"key":"Fruit Juice"}],"is_trial":false,"path_per_floor":["M","?","?","?","$","R","E","R","T","R","$","E","?","M","R","B",null,"M","?","$","?","T","R","E","?","T","R","M","M","R","M","R","B",null,"M","M","M","$","M","?","?","E","T","R","T","E","R","M","R","B","B",null,"R","$","E","B",null],"character_chosen":"THE_SILENT","items_purchased":["Deadly Poison","Medical Kit","Omamori","Anchor","Snake Skull","BlessingOfTheForge","Weak Potion"],"campfire_rested":1,"item_purchase_floors":[11,38,38,38,54,54,54],"current_hp_per_floor":[59,48,48,28,28,28,28,28,28,47,47,47,47,47,47,37,54,54,54,54,30,30,30,30,30,30,30,27,25,25,25,25,9,25,25,30,30,30,30,30,30,30,30,30,30,30,30,30,30,30,29,30,30,30,28,30],"gold":126,"neow_bonus":"THREE_ENEMY_KILL","is_daily":false,"chose_seed":false,"campfire_upgraded":10,"win_rate":0.0,"timestamp":1609161947,"path_taken":["M","?","?","?","$","R","E","R","T","R","$","E","?","M","R","BOSS","M","?","$","?","?","R","E","?","T","R","M","M","R","M","R","BOSS","M","M","M","$","M","?","?","E","T","R","?","E","R","?","R","BOSS","BOSS","R","$","E","BOSS"],"items_purchased_type":["Card","Relic","Relic","Relic","Relic","Potion","Potion"],"build_version":"2020-12-22","purchased_purges":3,"victory":true,"max_hp_per_floor":[66,66,66,66,66,66,66,66,66,66,66,66,60,60,60,60,60,60,60,60,30,30,30,30,30,30,30,30,30,30,30,30,30,30,30,30,30,30,30,30,30,30,30,30,30,30,30,30,30,30,30,30,30,30,35,35],"card_choices":[{"not_picked":["Bane","Skewer","Cloak And Dagger"],"picked":"SKIP","floor":1},{"not_picked":["Distraction","Concentrate"],"picked":"Cloak And Dagger","floor":7},{"not_picked":["Skewer","Outmaneuver"],"picked":"Catalyst","floor":12},{"not_picked":["Dodge and Roll","Setup"],"picked":"Backflip","floor":14},{"not_picked":["Storm of Steel","Doppelganger"],"picked":"Venomology","floor":16},{"not_picked":["Poisoned Stab","Dagger Spray","Blade Dance"],"picked":"SKIP","floor":18},{"not_picked":["Underhanded Strike","Cloak And Dagger"],"picked":"Acrobatics","floor":24},{"not_picked":["Acrobatics","Dagger Throw","Flying Knee"],"picked":"SKIP","floor":28},{"not_picked":["Dodge and Roll","Underhanded Strike"],"picked":"Backflip+1","floor":29},{"not_picked":["All Out Attack+1","Dodge and Roll"],"picked":"Reflex+1","floor":31},{"not_picked":["Dodge and Roll","Distraction","Riddle With Holes"],"picked":"SKIP","floor":35},{"not_picked":["Deflect+1","Dagger Spray","Outmaneuver"],"picked":"SKIP","floor":36},{"not_picked":["PiercingWail","Deadly Poison","Outmaneuver+1"],"picked":"SKIP","floor":37},{"not_picked":["Finisher","Poisoned Stab","Quick Slash+1"],"picked":"SKIP","floor":39},{"not_picked":["Outmaneuver","Cloak And Dagger+1","Acrobatics"],"picked":"SKIP","floor":42},{"not_picked":["Outmaneuver","Cloak And Dagger+1","Acrobatics"],"picked":"SKIP","floor":42},{"not_picked":["Corpse Explosion","Sucker Punch","Slice"],"picked":"SKIP","floor":46},{"not_picked":["Setup","Flying Knee"],"picked":"PiercingWail","floor":48},{"not_picked":["Underhanded Strike","Quick Slash","Slice+1"],"picked":"SKIP","floor":55}],"player_experience":1033005,"relics_obtained":[{"floor":7,"key":"Tiny Chest"},{"floor":9,"key":"Centennial Puzzle"},{"floor":12,"key":"Art of War"},{"floor":22,"key":"MawBank"},{"floor":24,"key":"CeramicFish"},{"floor":42,"key":"The Courier"},{"floor":43,"key":"Shuriken"},{"floor":45,"key":"Toy Ornithopter"},{"floor":46,"key":"Akabeko"},{"floor":55,"key":"StoneCalendar"}],"event_choices":[{"damage_healed":0,"gold_gain":75,"player_choice":"Gather Gold","damage_taken":11,"max_hp_gain":0,"max_hp_loss":0,"event_name":"World of Goop","floor":2,"gold_loss":0},{"cards_removed":["Strike_G"],"damage_healed":0,"gold_gain":0,"player_choice":"Card Removal","damage_taken":0,"max_hp_gain":0,"max_hp_loss":0,"event_name":"The Cleric","floor":3,"gold_loss":75},{"damage_healed":0,"gold_gain":0,"player_choice":"Entered Light","damage_taken":20,"max_hp_gain":0,"max_hp_loss":0,"event_name":"Shining Light","floor":4,"gold_loss":0,"cards_upgraded":["Defend_G","Defend_G"]},{"damage_healed":0,"gold_gain":0,"player_choice":"Lose Max HP","damage_taken":0,"relics_obtained":["Golden Idol"],"max_hp_gain":0,"max_hp_loss":6,"event_name":"Golden Idol","floor":13,"gold_loss":0},{"damage_healed":0,"gold_gain":50,"player_choice":"Stole From Cult","damage_taken":0,"max_hp_gain":0,"max_hp_loss":0,"event_name":"Nest","floor":19,"gold_loss":0},{"damage_healed":0,"gold_gain":0,"player_choice":"Became a Ghost","damage_taken":0,"max_hp_gain":0,"max_hp_loss":30,"event_name":"Ghosts","floor":21,"gold_loss":0,"cards_obtained":["Ghostly","Ghostly","Ghostly"]},{"damage_healed":0,"gold_gain":0,"player_choice":"Read","damage_taken":0,"max_hp_gain":0,"max_hp_loss":0,"event_name":"The Library","floor":25,"gold_loss":0,"cards_obtained":["Prepared"]},{"cards_removed":["Prepared"],"damage_healed":0,"gold_gain":0,"player_choice":"Removed Skill","damage_taken":0,"max_hp_gain":0,"max_hp_loss":0,"event_name":"Falling","floor":40,"gold_loss":0},{"damage_healed":0,"gold_gain":0,"player_choice":"Ignored","damage_taken":0,"max_hp_gain":0,"max_hp_loss":0,"event_name":"Tomb of Lord Red Mask","floor":41,"gold_loss":0}],"is_beta":false,"boss_relics":[{"not_picked":["Runic Dome","Ring of the Serpent"],"picked":"Pandora\u0027s Box"},{"not_picked":["Black Star","WristBlade"],"picked":"Runic Pyramid"}],"items_purged_floors":[5,38,54],"is_endless":false,"potions_floor_spawned":[7,14,28,33,35,37,46,55],"ascension_level":20}}