{"host":"2hea6pl5vmah38iy","time":1609152505,"event":{"mods":["AchievementEnabler","BaseMod","Colored Map","DeckTracker","Keyboard Shortcuts","Minty Spire (QoL Compilation)","Rare Cards Sparkle","StSLib","SuperFastMode","everything is the same but u backflip on backflip"],"gold_per_floor":[113,43,62,62,62,62,97,115,140,215,234,247,282,294,294,365,365,354,354,354],"floor_reached":19,"playtime":597,"items_purged":[],"score":347,"play_id":"9c0a28c0-f93e-463f-9000-bee6059183e0","local_time":"20201228194825","is_ascension_mode":true,"campfire_choices":[{"data":"Sunder","floor":6.0,"key":"SMITH"},{"data":"Genetic Algorithm","floor":15,"key":"SMITH"}],"circlet_count":0,"master_deck":["AscendersBane","Strike_B+1","Strike_B","Strike_B","Strike_B","Defend_B","Defend_B","Defend_B","Zap","Dualcast","Ball Lightning+1","Sunder+1","Turbo","Reinforced Body","Skim","BootSequence","Stack","Genetic Algorithm+1","Beam Cell","Echo Form","Hologram"],"relics":["Cracked Core","NeowsBlessing","Oddly Smooth Stone","Vajra","Whetstone","Black Star"],"acts_visited":["Exordium","TheCity"],"potions_floor_usage":[11,16,16],"damage_taken":[{"damage":0.0,"enemies":"Cultist","floor":1.0,"turns":1.0},{"damage":0.0,"enemies":"2 Louse","floor":3.0,"turns":1.0},{"damage":0.0,"enemies":"Gremlin Nob","floor":7.0,"turns":1.0},{"damage":0.0,"enemies":"Jaw Worm","floor":8.0,"turns":1.0},{"damage":10,"enemies":"Gremlin Gang","floor":11,"turns":3},{"damage":0,"enemies":"Blue Slaver","floor":12,"turns":2},{"damage":8,"enemies":"3 Sentries","floor":13,"turns":7},{"damage":0,"enemies":"3 Louse","floor":14,"turns":3},{"damage":32,"enemies":"The Guardian","floor":16,"turns":12},{"damage":22,"enemies":"2 Thieves","floor":18,"turns":4},{"damage":32,"enemies":"Masked Bandits","floor":19,"turns":4}],"seed_played":"2907582123413491507","potions_obtained":[{"floor":3.0,"key":"Swift Potion"},{"floor":7.0,"key":"Weak Potion"},{"floor":12,"key":"SpeedPotion"}],"is_trial":false,"path_per_floor":["M","$","M","?","?","R","E","M","T","?","M","M","E","M","R","B",null,"M","?"],"character_chosen":"DEFECT","items_purchased":["Sunder"],"campfire_rested":0,"item_purchase_floors":[2],"current_hp_per_floor":[64,64,64,64,64,64,64,64,64,57,47,47,39,39,39,7,55,33,1,1],"gold":354,"neow_bonus":"THREE_ENEMY_KILL","is_daily":false,"chose_seed":false,"campfire_upgraded":2,"win_rate":0.0,"timestamp":1609152505,"path_taken":["M","$","M","?","?","R","E","?","T","?","M","?","E","M","R","BOSS","M","?"],"items_purchased_type":["Card"],"build_version":"2020-12-22","purchased_purges":0,"victory":false,"max_hp_per_floor":[71,71,71,71,71,71,71,71,71,71,71,71,71,71,71,71,71,71,71,71],"card_choices":[{"not_picked":["Barrage","Chill"],"picked":"Ball Lightning","floor":1.0},{"not_picked":["Melter","Lockon"],"picked":"Turbo","floor":3.0},{"not_picked":["Sweeping Beam","Doom and Gloom"],"picked":"Reinforced Body","floor":7.0},{"not_picked":["Sweeping Beam","Darkness"],"picked":"Skim","floor":8.0},{"not_picked":["Turbo","Steam"],"picked":"BootSequence","floor":11},{"not_picked":["BootSequence","Steam"],"picked":"Stack","floor":12},{"not_picked":["Force Field","Beam Cell"],"picked":"Genetic Algorithm","floor":13},{"not_picked":["Sweeping Beam","Barrage"],"picked":"Beam Cell","floor":14},{"not_picked":["Multi-Cast","Amplify"],"picked":"Echo Form","floor":16},{"not_picked":["Rebound+1","Beam Cell"],"picked":"Hologram","floor":18}],"player_experience":451350,"relics_obtained":[{"floor":7.0,"key":"Oddly Smooth Stone"},{"floor":9.0,"key":"Vajra"},{"floor":13,"key":"Whetstone"}],"event_choices":[{"damage_healed":0.0,"max_hp_gain":0.0,"max_hp_loss":0.0,"gold_gain":0.0,"event_name":"Liars Game","player_choice":"Ignored","floor":4.0,"gold_loss":0.0,"damage_taken":0.0},{"cards_removed":["Defend_B"],"damage_healed":0.0,"max_hp_gain":0.0,"max_hp_loss":0.0,"gold_gain":0.0,"event_name":"Bonfire Elementals","player_choice":"Offered Basic","floor":5.0,"gold_loss":0.0,"damage_taken":0.0},{"damage_healed":0,"gold_gain":75,"player_choice":"Touch","damage_taken":7,"max_hp_gain":0,"max_hp_loss":0,"event_name":"FaceTrader","floor":10,"gold_loss":0},{"damage_healed":0,"gold_gain":0,"player_choice":"Fought Bandits","damage_taken":0,"max_hp_gain":0,"max_hp_loss":0,"event_name":"Masked Bandits","floor":19,"gold_loss":0}],"is_beta":false,"boss_relics":[{"not_picked":["Fusion Hammer","Runic Dome"],"picked":"Black Star"}],"items_purged_floors":[],"is_endless":false,"potions_floor_spawned":[3,7,12,13,14],"killed_by":"Masked Bandits","ascension_level":14}}