{"host":"92bzk9gzpv1zqtec","time":1609152159,"event":{"mods":["Act Like it!","BaseMod","Minty Spire (QoL Compilation)","StSLib","The Alterego"],"gold_per_floor":[116,116,135,135,135,135,176,176,176,212,226,244,244,264,264,264,264],"floor_reached":16,"playtime":662,"items_purged":[],"score":135,"play_id":"f3179967-0ec6-4f04-bfe1-9ed49cf45e88","local_time":"20201228024239","is_ascension_mode":false,"campfire_choices":[{"floor":6,"key":"REST"},{"floor":13,"key":"REST"},{"floor":15,"key":"REST"}],"circlet_count":0,"master_deck":["alterego_mod:Strike+1","alterego_mod:Strike","alterego_mod:Strike","alterego_mod:Defend","alterego_mod:Defend+1","alterego_mod:Defend","alterego_mod:Defend","alterego_mod:Impale","alterego_mod:BigMeatyClaws","alterego_mod:BrynhildrsRune","alterego_mod:1TonWallop","alterego_mod:Undulate","alterego_mod:BreastValley","alterego_mod:Support","alterego_mod:Mirror","alterego_mod:Tantrum","alterego_mod:BusterCard"],"relics":["alterego_mod:MasochisticConstitution","NeowsBlessing","Golden Idol","WingedGreaves","White Beast Statue","StoneCalendar"],"acts_visited":["Exordium"],"potions_floor_usage":[16,16,16],"damage_taken":[{"damage":0,"enemies":"Small Slimes","floor":1,"turns":2},{"damage":0,"enemies":"Jaw Worm","floor":3,"turns":1},{"damage":0,"enemies":"3 Sentries","floor":7,"turns":1},{"damage":36,"enemies":"Gremlin Nob","floor":10,"turns":6},{"damage":2,"enemies":"2 Louse","floor":11,"turns":3},{"damage":12,"enemies":"Red Slaver","floor":12,"turns":4},{"damage":4,"enemies":"3 Louse","floor":14,"turns":1},{"damage":61,"enemies":"The Guardian","floor":16,"turns":6}],"seed_played":"-3945176022700578595","potions_obtained":[{"floor":10,"key":"Weak Potion"},{"floor":11,"key":"Strength Potion"},{"floor":12,"key":"Block Potion"}],"is_trial":false,"path_per_floor":["M","?","M","?","$","R","E","?","T","E","M","M","R","M","R","B"],"character_chosen":"The_Alterego","items_purchased":[],"campfire_rested":3,"item_purchase_floors":[],"current_hp_per_floor":[70,53,53,39,39,60,60,60,60,25,24,13,34,31,53,0,0],"gold":264,"neow_bonus":"THREE_ENEMY_KILL","is_daily":false,"chose_seed":false,"campfire_upgraded":0,"win_rate":0.0,"timestamp":1609152159,"path_taken":["M","?","M","?","$","R","E","?","T","E","M","?","R","M","R","BOSS"],"items_purchased_type":[],"build_version":"2020-12-22","purchased_purges":0,"victory":false,"max_hp_per_floor":[70,70,70,70,70,70,70,70,70,71,72,73,73,74,74,74,74],"card_choices":[{"not_picked":["alterego_mod:Schoolgirl","alterego_mod:BiFurious"],"picked":"alterego_mod:1TonWallop","floor":1},{"not_picked":["alterego_mod:Cycle","alterego_mod:Table"],"picked":"alterego_mod:Undulate","floor":3},{"not_picked":["alterego_mod:Rip","alterego_mod:Cooking"],"picked":"alterego_mod:BreastValley","floor":7},{"not_picked":["alterego_mod:Bloomers","alterego_mod:Pet"],"picked":"alterego_mod:Support","floor":10},{"not_picked":["alterego_mod:TrashNCrash","alterego_mod:DiscoLights"],"picked":"alterego_mod:Mirror","floor":11},{"not_picked":["alterego_mod:HighServant","alterego_mod:BoobPocket"],"picked":"alterego_mod:Tantrum","floor":12},{"not_picked":["alterego_mod:PresenceConcealment","alterego_mod:Jiggle"],"picked":"alterego_mod:BusterCard","floor":14}],"player_experience":0,"relics_obtained":[{"floor":7,"key":"WingedGreaves"},{"floor":9,"key":"White Beast Statue"},{"floor":10,"key":"StoneCalendar"}],"event_choices":[{"damage_healed":0,"gold_gain":0,"player_choice":"Take Damage","damage_taken":17,"relics_obtained":["Golden Idol"],"max_hp_gain":0,"max_hp_loss":0,"event_name":"Golden Idol","floor":2,"gold_loss":0},{"damage_healed":0,"gold_gain":0,"player_choice":"Entered Light","damage_taken":14,"max_hp_gain":0,"max_hp_loss":0,"event_name":"Shining Light","floor":4,"gold_loss":0,"cards_upgraded":["alterego_mod:Strike","alterego_mod:Defend"]},{"cards_removed":["alterego_mod:Strike"],"damage_healed":0,"gold_gain":0,"player_choice":"Purged","damage_taken":0,"max_hp_gain":0,"max_hp_loss":0,"event_name":"Purifier","floor":8,"gold_loss":0}],"is_beta":false,"boss_relics":[],"items_purged_floors":[],"is_endless":false,"potions_floor_spawned":[10,11,12,14],"killed_by":"The Guardian","ascension_level":0}}