{"host":"1v94wza6sq30pv3l","time":1609199199,"event":{"mods":["AchievementEnabler","BaseMod","Highlight Path","Minty Spire (QoL Compilation)"],"gold_per_floor":[112,126,142,159,178,178,207,207,207,237,237,237,257,290,290,393,393,403,72,87,87,87,87,118,149,225,244,244,260,260,275,275,379,379,392,407,458,471,471,490,246,246,246,261,278,278,293,320,320,320],"floor_reached":51,"playtime":3227,"items_purged":["Strike_P","Defend_P"],"score":761,"play_id":"57a57063-ed8e-404a-8350-465156f0d5a5","local_time":"20201228184639","is_ascension_mode":false,"campfire_choices":[{"data":"Eruption","floor":6,"key":"SMITH"},{"data":"CarveReality","floor":8,"key":"SMITH"},{"data":"FlyingSleeves","floor":12,"key":"SMITH"},{"data":"Vigilance","floor":15,"key":"SMITH"},{"data":"Vault","floor":23,"key":"SMITH"},{"data":"Vengeance","floor":28,"key":"SMITH"},{"data":"FlurryOfBlows","floor":30,"key":"SMITH"},{"data":"ClearTheMind","floor":32,"key":"SMITH"},{"floor":42,"key":"RECALL"},{"floor":46,"key":"REST"},{"floor":49,"key":"REST"}],"circlet_count":0,"master_deck":["Strike_P","Strike_P","Defend_P+1","Defend_P+1","Eruption+1","Vigilance+1","CarveReality+1","Evaluate+1","ClearTheMind+1","Halt","FlyingSleeves+1","FlurryOfBlows+1","EmptyFist+1","TalkToTheHand+1","Vault+1","BowlingBash+1","Vengeance+1","FlurryOfBlows+1","Consecrate+1","LessonLearned+1","Vengeance","JustLucky+1","FollowUp+1","EmptyFist+1","WindmillStrike+1","FollowUp+1","Adaptation+1","ReachHeaven+1","Protect+1","CarveReality+1","Crescendo+1"],"relics":["PureWater","Nunchaku","Eternal Feather","Molten Egg 2","MealTicket","WingedGreaves","SlaversCollar","Lantern","PreservedInsect","Mercury Hourglass","Bottled Lightning","Fusion Hammer","Lizard Tail","TheAbacus","Letter Opener","Pen Nib"],"acts_visited":["Exordium","TheCity","TheBeyond"],"potions_floor_usage":[7,10,10,14,16,33,50,50],"damage_taken":[{"damage":0,"enemies":"Cultist","floor":1,"turns":4},{"damage":0,"enemies":"2 Louse","floor":2,"turns":2},{"damage":0,"enemies":"Small Slimes","floor":3,"turns":3},{"damage":9,"enemies":"Exordium Wildlife","floor":4,"turns":4},{"damage":4,"enemies":"3 Louse","floor":5,"turns":3},{"damage":17,"enemies":"Gremlin Nob","floor":7,"turns":3},{"damage":0,"enemies":"3 Sentries","floor":10,"turns":3},{"damage":7,"enemies":"Blue Slaver","floor":13,"turns":2},{"damage":0,"enemies":"Gremlin Nob","floor":14,"turns":3},{"damage":5,"enemies":"The Guardian","floor":16,"turns":7},{"damage":3,"enemies":"Shell Parasite","floor":18,"turns":6},{"damage":8,"enemies":"3 Byrds","floor":20,"turns":5},{"damage":0,"enemies":"Gremlin Leader","floor":24,"turns":4},{"damage":27,"enemies":"Slavers","floor":25,"turns":4},{"damage":0,"enemies":"Centurion and Healer","floor":27,"turns":2},{"damage":5,"enemies":"Cultist and Chosen","floor":29,"turns":2},{"damage":0,"enemies":"Shelled Parasite and Fungi","floor":31,"turns":2},{"damage":67,"enemies":"Champ","floor":33,"turns":8},{"damage":2,"enemies":"Orb Walker","floor":35,"turns":2},{"damage":7,"enemies":"3 Shapes","floor":36,"turns":2},{"damage":31,"enemies":"2 Orb Walkers","floor":37,"turns":3},{"damage":0,"enemies":"Jaw Worm Horde","floor":38,"turns":2},{"damage":0,"enemies":"Transient","floor":40,"turns":6},{"damage":22,"enemies":"3 Darklings","floor":44,"turns":3},{"damage":5,"enemies":"4 Shapes","floor":45,"turns":3},{"damage":16,"enemies":"Spire Growth","floor":47,"turns":3},{"damage":23,"enemies":"Awakened One","floor":50,"turns":7}],"seed_played":"-921490388402664249","potions_obtained":[{"floor":4,"key":"Dexterity Potion"},{"floor":5,"key":"EntropicBrew"},{"floor":10,"key":"Block Potion"},{"floor":13,"key":"LiquidMemories"},{"floor":18,"key":"Ambrosia"},{"floor":25,"key":"BlessingOfTheForge"},{"floor":29,"key":"Weak Potion"},{"floor":36,"key":"BottledMiracle"},{"floor":45,"key":"Explosive Potion"}],"is_trial":false,"path_per_floor":["M","M","M","M","M","R","E","R","T","E","?","R","M","E","R","B",null,"M","$","M","?","?","R","E","E","T","M","R","M","R","M","R","B",null,"M","M","?","M","?","M","$","R","T","M","M","R","M","T","R","B",null],"character_chosen":"WATCHER","items_purchased":["Lantern","Vengeance","FlurryOfBlows+1","TheAbacus"],"campfire_rested":2,"item_purchase_floors":[19,19,19,41],"current_hp_per_floor":[72,72,72,63,59,59,42,51,51,51,51,60,53,53,62,57,72,69,72,64,64,64,72,72,45,45,45,60,55,70,70,72,5,72,70,63,32,32,32,32,47,65,65,43,38,72,56,56,72,49],"gold":320,"neow_bonus":"RANDOM_COMMON_RELIC","is_daily":false,"chose_seed":false,"campfire_upgraded":8,"win_rate":0.0,"timestamp":1609199199,"path_taken":["M","?","M","M","M","R","E","R","T","E","?","R","M","E","R","BOSS","M","$","M","?","?","R","E","E","T","M","R","M","R","M","R","BOSS","M","M","?","M","?","M","$","R","T","M","M","R","M","?","R","BOSS"],"items_purchased_type":["Relic","Card","Card","Relic"],"build_version":"2020-12-22","purchased_purges":2,"victory":true,"max_hp_per_floor":[72,72,72,72,72,72,72,72,72,72,72,72,72,72,72,72,72,72,72,72,72,72,72,72,72,72,72,72,72,72,72,72,72,72,72,72,72,72,72,72,72,72,72,72,72,72,72,72,72,72],"card_choices":[{"not_picked":["SashWhip","Halt"],"picked":"CarveReality","floor":1},{"not_picked":["CrushJoints","Study"],"picked":"Evaluate","floor":2},{"not_picked":["Crescendo","Evaluate"],"picked":"ClearTheMind","floor":3},{"not_picked":["Worship","Wallop"],"picked":"Halt","floor":4},{"not_picked":["EmptyFist","CutThroughFate"],"picked":"FlyingSleeves","floor":5},{"not_picked":["Worship","Vault"],"picked":"FlurryOfBlows","floor":7},{"not_picked":["FlyingSleeves+1","Study"],"picked":"EmptyFist+1","floor":10},{"not_picked":["Crescendo","Halt","SignatureMove+1"],"picked":"SKIP","floor":13},{"not_picked":["Vengeance","Crescendo"],"picked":"TalkToTheHand+1","floor":14},{"not_picked":["DevaForm","LessonLearned+1"],"picked":"Vault","floor":16},{"not_picked":["FollowUp+1","PathToVictory"],"picked":"BowlingBash+1","floor":18},{"not_picked":["FlyingSleeves+1","Worship"],"picked":"Consecrate+1","floor":20},{"not_picked":["CrushJoints+1","Nirvana+1"],"picked":"JustLucky+1","floor":24},{"not_picked":["Evaluate","Vault"],"picked":"FollowUp+1","floor":25},{"not_picked":["Prostrate","CrushJoints+1"],"picked":"EmptyFist+1","floor":27},{"not_picked":["FlurryOfBlows+1","Study"],"picked":"WindmillStrike+1","floor":29},{"not_picked":["Collect","EmptyBody"],"picked":"FollowUp+1","floor":31},{"not_picked":["FlurryOfBlows+1","FearNoEvil+1"],"picked":"Adaptation+1","floor":35},{"not_picked":["ClearTheMind","FearNoEvil+1"],"picked":"ReachHeaven+1","floor":36},{"not_picked":["PathToVictory+1","WindmillStrike+1"],"picked":"Protect+1","floor":37},{"not_picked":["PathToVictory+1","CrushJoints+1","SandsOfTime+1"],"picked":"SKIP","floor":38},{"not_picked":["Consecrate+1","ClearTheMind+1"],"picked":"CarveReality+1","floor":40},{"not_picked":["SandsOfTime+1","FlurryOfBlows+1","CrushJoints+1"],"picked":"SKIP","floor":44},{"not_picked":["FlurryOfBlows+1","SashWhip+1","Nirvana+1"],"picked":"SKIP","floor":45},{"not_picked":["BowlingBash+1","Worship+1"],"picked":"Crescendo+1","floor":47}],"player_experience":61178,"relics_obtained":[{"floor":7,"key":"Eternal Feather"},{"floor":9,"key":"Molten Egg 2"},{"floor":10,"key":"MealTicket"},{"floor":14,"key":"WingedGreaves"},{"floor":24,"key":"PreservedInsect"},{"floor":25,"key":"Mercury Hourglass"},{"floor":26,"key":"Bottled Lightning"},{"floor":37,"key":"Lizard Tail"},{"floor":43,"key":"Letter Opener"},{"floor":48,"key":"Pen Nib"}],"event_choices":[{"damage_healed":0,"gold_gain":0,"player_choice":"Grow","damage_taken":0,"max_hp_gain":0,"max_hp_loss":0,"event_name":"Living Wall","floor":11,"gold_loss":0,"cards_upgraded":["Evaluate"]},{"damage_healed":0,"gold_gain":0,"player_choice":"Ignored","damage_taken":0,"max_hp_gain":0,"max_hp_loss":0,"event_name":"Ghosts","floor":21,"gold_loss":0},{"damage_healed":0,"gold_gain":0,"cards_transformed":["Strike_P","Defend_P"],"player_choice":"Became Test Subject","damage_taken":0,"max_hp_gain":0,"max_hp_loss":0,"event_name":"Drug Dealer","floor":22,"gold_loss":0,"cards_obtained":["LessonLearned","Vengeance"]},{"damage_healed":0,"gold_gain":0,"player_choice":"Fight","damage_taken":0,"max_hp_gain":0,"max_hp_loss":0,"event_name":"Mysterious Sphere","floor":37,"gold_loss":0},{"damage_healed":0,"gold_gain":0,"player_choice":"Ignored","damage_taken":0,"max_hp_gain":0,"max_hp_loss":0,"event_name":"Tomb of Lord Red Mask","floor":39,"gold_loss":0}],"is_beta":false,"boss_relics":[{"not_picked":["Runic Dome","Tiny House"],"picked":"SlaversCollar"},{"not_picked":["Empty Cage","Velvet Choker"],"picked":"Fusion Hammer"}],"items_purged_floors":[19,41],"is_endless":false,"potions_floor_spawned":[4,5,10,13,18,25,27,29,36,44,45,47],"ascension_level":0}}