{"host":"bg8va46pgqgvtzim","time":1609173249,"event":{"mods":["BaseMod","Minty Spire (QoL Compilation)","Quick Restart","StSLib","SuperFastMode"],"gold_per_floor":[119,135,154,171,183,210,210,244,244,244,244,244,255,265,265,368,368,386,386,406,100,115,141,141,175,175,175,175,75,75,106,106,210,210,224,224,240,285,285,313,313,345,345,372,388,388,688,722,722,722,722,722,7,36,36],"floor_reached":56,"playtime":1641,"items_purged":["Amplify","Steam","Parasite"],"score":1694,"play_id":"3aac406c-2090-436a-911d-c219194935e3","local_time":"20201229003409","is_ascension_mode":true,"campfire_choices":[{"data":"Dualcast","floor":7.0,"key":"SMITH"},{"data":"Defragment","floor":10.0,"key":"SMITH"},{"data":"Go for the Eyes","floor":12.0,"key":"SMITH"},{"data":"Zap","floor":15.0,"key":"SMITH"},{"data":"Recycle","floor":24.0,"key":"SMITH"},{"data":"Biased Cognition","floor":28.0,"key":"SMITH"},{"data":"Skim","floor":30.0,"key":"SMITH"},{"data":"Blade Dance","floor":32.0,"key":"SMITH"},{"data":"Ghostly","floor":41.0,"key":"SMITH"},{"floor":49,"key":"RECALL"},{"data":"Ghostly","floor":52,"key":"SMITH"}],"circlet_count":0,"master_deck":["Zap+1","Dualcast+1","Genetic Algorithm","Undo","Go for the Eyes+1","Steam","Defragment+1","Chill","Core Surge","Lockon","Gash","Recycle+1","Biased Cognition+1","Conserve Battery","Loop","Chaos+1","Skim+1","Blade Dance+1","Ghostly","Ghostly","Ghostly","Ghostly+1","Ghostly+1","Ghostly Armor+1","Panache","Finesse","Violence","Jack Of All Trades","Intimidate+1","Recycle+1","Terror","Backstab+1","Collect+1","Dark Shackles","Finesse+1"],"relics":["Cracked Core","Dead Branch","Lizard Tail","DataDisk","Matryoshka","Pandora\u0027s Box","PrismaticShard","Shuriken","Letter Opener","Blood Vial","Bottled Lightning","Molten Egg 2","Cursed Key","Ice Cream","Torii","Regal Pillow","Art of War","StoneCalendar","Akabeko","Runic Capacitor","Oddly Smooth Stone","Strawberry","Du-Vu Doll"],"acts_visited":["Exordium","TheCity","TheBeyond","TheEnding"],"potions_floor_usage":[48,55,55,55],"damage_taken":[{"damage":0.0,"enemies":"Cultist","floor":1.0,"turns":3.0},{"damage":0.0,"enemies":"2 Louse","floor":2.0,"turns":3.0},{"damage":0.0,"enemies":"Small Slimes","floor":3.0,"turns":4.0},{"damage":0.0,"enemies":"2 Fungi Beasts","floor":4.0,"turns":4.0},{"damage":0.0,"enemies":"Exordium Wildlife","floor":5.0,"turns":4.0},{"damage":12.0,"enemies":"3 Sentries","floor":6.0,"turns":7.0},{"damage":3.0,"enemies":"Lagavulin","floor":8.0,"turns":6.0},{"damage":0.0,"enemies":"Large Slime","floor":13.0,"turns":4.0},{"damage":0.0,"enemies":"Looter","floor":14.0,"turns":2.0},{"damage":0.0,"enemies":"The Guardian","floor":16.0,"turns":10.0},{"damage":8.0,"enemies":"2 Thieves","floor":18.0,"turns":4.0},{"damage":0.0,"enemies":"Spheric Guardian","floor":20.0,"turns":3.0},{"damage":0.0,"enemies":"Centurion and Healer","floor":22.0,"turns":5.0},{"damage":3.0,"enemies":"Slavers","floor":23.0,"turns":6.0},{"damage":0.0,"enemies":"Gremlin Leader","floor":25.0,"turns":6.0},{"damage":8.0,"enemies":"Book of Stabbing","floor":31.0,"turns":4.0},{"damage":21.0,"enemies":"Automaton","floor":33.0,"turns":12.0},{"damage":2.0,"enemies":"3 Darklings","floor":35.0,"turns":4.0},{"damage":0.0,"enemies":"Orb Walker","floor":37.0,"turns":2.0},{"damage":0.0,"enemies":"2 Orb Walkers","floor":38.0,"turns":3.0},{"damage":0.0,"enemies":"Nemesis","floor":40.0,"turns":5.0},{"damage":0.0,"enemies":"Giant Head","floor":42.0,"turns":5.0},{"damage":0.0,"enemies":"Nemesis","floor":44.0,"turns":3.0},{"damage":0,"enemies":"Spire Growth","floor":45,"turns":2},{"damage":0,"enemies":"Reptomancer","floor":48,"turns":4},{"damage":0,"enemies":"Awakened One","floor":50,"turns":7},{"damage":2,"enemies":"Shield and Spear","floor":54,"turns":5},{"damage":22,"enemies":"The Heart","floor":55,"turns":7}],"seed_played":"-1496317717595202739","potions_obtained":[{"floor":1.0,"key":"SkillPotion"},{"floor":6.0,"key":"Regen Potion"},{"floor":8.0,"key":"Fire Potion"},{"floor":31.0,"key":"Fire Potion"},{"floor":35.0,"key":"BlessingOfTheForge"},{"floor":38.0,"key":"Weak Potion"},{"floor":44.0,"key":"Swift Potion"}],"is_trial":false,"path_per_floor":["M","M","M","M","M","E","R","E","T","R","?","R","M","M","R","B",null,"M","?","M","$","M","E","R","E","T","?","R","$","R","E","R","B",null,"M","?","M","?","?","E","R","E","T","E","M","?","?","E","R","B",null,"R","$","E","B",null],"character_chosen":"DEFECT","items_purchased":["PrismaticShard","Skim","Runic Capacitor","Dark Shackles","Weak Potion","Oddly Smooth Stone","Strawberry"],"campfire_rested":0,"item_purchase_floors":[21,21,53,53,53,53,53],"current_hp_per_floor":[68,68,68,68,68,56,56,53,53,53,53,53,53,53,53,53,68,60,60,60,60,60,57,57,57,57,34,34,34,34,26,26,7,34,32,22,24,26,26,28,28,30,30,32,34,32,32,32,32,32,32,32,36,34,14],"gold":36,"neow_bonus":"ONE_RARE_RELIC","is_daily":false,"chose_seed":false,"campfire_upgraded":10,"win_rate":0.0,"timestamp":1609173249,"path_taken":["M","M","?","M","M","E","R","E","T","R","?","R","M","M","R","BOSS","M","?","M","$","M","E","R","E","T","?","R","?","R","E","R","BOSS","M","?","M","?","?","E","R","E","T","E","?","?","?","E","R","BOSS","R","$","E","BOSS"],"items_purchased_type":["Relic","Card","Relic","Card","Potion","Relic","Relic"],"build_version":"2020-12-22","purchased_purges":3,"victory":true,"max_hp_per_floor":[68,68,68,68,68,68,68,68,68,68,68,68,68,68,68,68,68,68,68,68,68,68,68,68,68,68,34,34,34,34,34,34,34,34,34,34,34,34,34,34,34,34,34,34,34,32,32,32,32,32,32,32,36,36,36],"card_choices":[{"not_picked":["Beam Cell","Conserve Battery"],"picked":"Genetic Algorithm","floor":1.0},{"not_picked":["Rebound","Compile Driver"],"picked":"Undo","floor":2.0},{"not_picked":["Steam","Sweeping Beam"],"picked":"Streamline","floor":3.0},{"not_picked":["FTL","Steam"],"picked":"Go for the Eyes","floor":4.0},{"not_picked":["Sweeping Beam","Blizzard"],"picked":"Steam","floor":5.0},{"not_picked":["Rebound","Streamline","Redo"],"picked":"SKIP","floor":6.0},{"not_picked":["Streamline","Fusion"],"picked":"Defragment","floor":8.0},{"not_picked":["Hyperbeam","Leap"],"picked":"Chill","floor":13.0},{"not_picked":["Doom and Gloom","Undo"],"picked":"Steam","floor":14.0},{"not_picked":["Reboot","Machine Learning"],"picked":"Core Surge","floor":16.0},{"not_picked":["Stack","Barrage","Streamline"],"picked":"SKIP","floor":18.0},{"not_picked":["Streamline","Ball Lightning"],"picked":"Chaos+1","floor":20.0},{"not_picked":["Dash+1","JustLucky"],"picked":"Blade Dance","floor":22.0},{"not_picked":["FlurryOfBlows+1","Perseverance","FollowUp"],"picked":"SKIP","floor":23.0},{"not_picked":["InnerPeace","Malaise","Hemokinesis+1"],"picked":"SKIP","floor":25.0},{"not_picked":["Cleave+1","Blind","Worship"],"picked":"SKIP","floor":31.0},{"not_picked":["Flechettes+1","Sanctity"],"picked":"Ghostly Armor+1","floor":35.0},{"not_picked":["Mind Blast+1","Enlightenment"],"picked":"Panache","floor":36.0},{"not_picked":["Magnetism","Swift Strike+1"],"picked":"Finesse","floor":36.0},{"not_picked":["Metamorphosis","Mind Blast+1"],"picked":"Violence","floor":36.0},{"not_picked":["Pummel+1","Pommel Strike+1"],"picked":"Jack Of All Trades","floor":37.0},{"not_picked":["Cleave+1","Redo"],"picked":"Intimidate+1","floor":38.0},{"not_picked":["Perfected Strike+1","Steam","CrushJoints+1"],"picked":"SKIP","floor":40.0},{"not_picked":["Cleave+1","Outmaneuver"],"picked":"Terror","floor":42.0},{"not_picked":["LessonLearned+1","Static Discharge"],"picked":"Backstab+1","floor":44.0},{"not_picked":["Sentinel","Cleave+1","Rebound+1"],"picked":"SKIP","floor":45},{"not_picked":["JustLucky+1","Omniscience"],"picked":"Collect+1","floor":48},{"not_picked":["FlurryOfBlows+1","BowlingBash+1"],"picked":"Finesse+1","floor":54}],"player_experience":2198464,"relics_obtained":[{"floor":6.0,"key":"Lizard Tail"},{"floor":8.0,"key":"DataDisk"},{"floor":9.0,"key":"Matryoshka"},{"floor":23.0,"key":"Shuriken"},{"floor":25.0,"key":"Letter Opener"},{"floor":26.0,"key":"Blood Vial"},{"floor":26.0,"key":"Bottled Lightning"},{"floor":31.0,"key":"Molten Egg 2"},{"floor":38.0,"key":"Ice Cream"},{"floor":40.0,"key":"Torii"},{"floor":42.0,"key":"Regal Pillow"},{"floor":43.0,"key":"Art of War"},{"floor":44.0,"key":"StoneCalendar"},{"floor":48,"key":"Akabeko"},{"floor":54,"key":"Du-Vu Doll"}],"event_choices":[{"cards_removed":["Strike_B"],"damage_healed":0.0,"max_hp_gain":0.0,"max_hp_loss":0.0,"gold_gain":0.0,"event_name":"Living Wall","player_choice":"Forget","floor":11.0,"gold_loss":0.0,"damage_taken":0.0},{"cards_removed":["Streamline"],"damage_healed":0.0,"max_hp_gain":0.0,"max_hp_loss":0.0,"gold_gain":0.0,"event_name":"Back to Basics","player_choice":"Elegance","floor":19.0,"gold_loss":0.0,"damage_taken":0.0},{"damage_healed":0.0,"max_hp_gain":0.0,"max_hp_loss":34.0,"gold_gain":0.0,"event_name":"Ghosts","player_choice":"Became a Ghost","floor":27.0,"gold_loss":0.0,"damage_taken":0.0,"cards_obtained":["Ghostly","Ghostly","Ghostly","Ghostly","Ghostly"]},{"damage_healed":0.0,"max_hp_gain":0.0,"max_hp_loss":0.0,"gold_gain":0.0,"event_name":"SensoryStone","player_choice":"Memory 3","floor":36.0,"gold_loss":0.0,"damage_taken":10.0},{"damage_healed":0.0,"max_hp_gain":0.0,"max_hp_loss":0.0,"gold_gain":0.0,"event_name":"Mysterious Sphere","player_choice":"Fight","floor":38.0,"gold_loss":0.0,"damage_taken":0.0},{"damage_healed":0.0,"max_hp_gain":0.0,"max_hp_loss":0.0,"gold_gain":0.0,"event_name":"Duplicator","player_choice":"Copied","floor":39.0,"gold_loss":0.0,"damage_taken":0.0,"cards_obtained":["Recycle"]},{"damage_healed":0,"gold_gain":0,"player_choice":"Max HP","damage_taken":0,"max_hp_gain":0,"max_hp_loss":2,"event_name":"Winding Halls","floor":46,"gold_loss":0},{"damage_healed":0,"gold_gain":300,"player_choice":"Gold","damage_taken":0,"max_hp_gain":0,"max_hp_loss":0,"event_name":"Wheel of Change","floor":47,"gold_loss":0}],"is_beta":false,"boss_relics":[{"not_picked":["Snecko Eye","Astrolabe"],"picked":"Pandora\u0027s Box"},{"not_picked":["SacredBark","Black Star"],"picked":"Cursed Key"}],"items_purged_floors":[21,29,53],"is_endless":false,"potions_floor_spawned":[1,6,8,31,35,38,42,44,45],"ascension_level":1}}