{"host":"7nu0fnckee4tlfez","time":1609158263,"event":{"mods":["2.2 Compatiblity","AchievementEnabler","Astrologer","BaseMod","CapriCore","Colored Map","Downfall","Hermit","Lobotomy","Marisa£¨Ùöéë¡¡Øª×âÞÞ£©","Minty Spire (QoL Compilation)","Quick Restart","StSLib","SuperFastMode","The Cursed","The Hierophant","The Immortal"],"gold_per_floor":[99,99,130,130,146,156,201,51,81,108,127,137,53,69,80,176,176,101,113,113,129,147,175,202,231,247,247,247,266,44,44,61,158,158,158,172,172,191,206,206,206,206,223,223,223],"floor_reached":44,"playtime":2515,"items_purged":["hexamod:Strike"],"score":512,"play_id":"b1e7b13f-2c80-48f4-88ee-fc433b071835","local_time":"20201228212423","is_ascension_mode":false,"campfire_choices":[{"floor":1.0,"key":"RECALL"},{"data":"hexamod:RainOfEmbers","floor":8,"key":"SMITH"},{"data":"hexamod:ExtraCrispy","floor":18,"key":"SMITH"},{"data":"hexamod:TimeOfNeed","floor":20,"key":"SMITH"},{"floor":27,"key":"REST"},{"data":"hexamod:EmpoweredFlame","floor":35,"key":"SMITH"},{"data":"hexamod:Incineration","floor":37,"key":"SMITH"},{"floor":40,"key":"REST"}],"circlet_count":0,"master_deck":["hexamod:Strike","hexamod:Strike","hexamod:Defend","hexamod:Defend","hexamod:Defend","hexamod:Defend","hexamod:Sear","hexamod:Float","hexamod:RainOfEmbers+1","hexamod:Firestarter","hexamod:HauntingEcho","hexamod:ShieldOfDarkness","hexamod:FastForward","hexamod:EmpoweredFlame","hexamod:HauntingEcho","hexamod:TimeOfNeed+1","hexamod:ExtraCrispy+1","hexamod:Incineration+1","hexamod:FirstSeal","hexamod:TimeWarp","hexamod:Firestarter","hexamod:HeatCrush","hexamod:DynamicBlow","hexamod:TimeOfNeed+1","hexamod:EmpoweredFlame+1","hexamod:ThermalTransfer+1","hexamod:HeatShield+1"],"relics":["hexamod:SpiritBrand","downfall:HeartsMalice","Oddly Smooth Stone","downfall:HeartBlessingRed","downfall:HeartBlessingBlue","Odd Mushroom","Bag of Marbles","Busted Crown","downfall:HeartBlessingGreen","Smiling Mask","Boot","TungstenRod","DollysMirror","Sozu","Toxic Egg 2","downfall:TeleportStone"],"acts_visited":["Exordium","TheCity","TheBeyond"],"potions_floor_usage":[10,22,33,43],"damage_taken":[{"damage":0.0,"enemies":"Small Slimes","floor":2.0,"turns":1.0},{"damage":0.0,"enemies":"Lagavulin","floor":3.0,"turns":1.0},{"damage":0,"enemies":"Cultist","floor":5,"turns":3},{"damage":0,"enemies":"2 Louse","floor":6,"turns":3},{"damage":14,"enemies":"The Mushroom Lair","floor":9,"turns":5},{"damage":15,"enemies":"3 Sentries","floor":10,"turns":8},{"damage":11,"enemies":"Exordium Thugs","floor":11,"turns":3},{"damage":0,"enemies":"Exordium Wildlife","floor":12,"turns":2},{"damage":4,"enemies":"downfall:FleeingMerchant","floor":13,"turns":4},{"damage":8,"enemies":"Gremlin Gang","floor":14,"turns":5},{"damage":0,"enemies":"Large Slime","floor":15,"turns":3},{"damage":14,"enemies":"downfall:CharBossWatcher","floor":16,"turns":6},{"damage":3,"enemies":"Spheric Guardian","floor":19,"turns":4},{"damage":5,"enemies":"Shelled Parasite and Fungi","floor":21,"turns":5},{"damage":7,"enemies":"Snake Plant","floor":22,"turns":3},{"damage":33,"enemies":"Slavers","floor":23,"turns":5},{"damage":20,"enemies":"Book of Stabbing","floor":25,"turns":4},{"damage":17,"enemies":"Sentry and Sphere","floor":26,"turns":6},{"damage":3,"enemies":"Cultist and Chosen","floor":29,"turns":4},{"damage":0,"enemies":"downfall:FleeingMerchant","floor":30,"turns":4},{"damage":1,"enemies":"Snecko","floor":32,"turns":3},{"damage":28,"enemies":"downfall:CharBossDefect","floor":33,"turns":6},{"damage":6,"enemies":"Orb Walker","floor":36,"turns":3},{"damage":11,"enemies":"3 Shapes","floor":38,"turns":5},{"damage":45,"enemies":"Spire Growth","floor":39,"turns":6},{"damage":17,"enemies":"Maw","floor":43,"turns":6},{"damage":57,"enemies":"downfall:CharBossSilent","floor":44,"turns":9}],"seed_played":"3312780871515470451","potions_obtained":[{"floor":5,"key":"ColorlessPotion"},{"floor":6,"key":"Explosive Potion"},{"floor":14,"key":"SteroidPotion"},{"floor":16,"key":"PowerPotion"},{"floor":21,"key":"EssenceOfSteel"},{"floor":23,"key":"Block Potion"},{"floor":25,"key":"Fire Potion"}],"is_trial":false,"path_per_floor":["R","M","E","?","M","M","T","R","?","E","M","M","$","M","M","B",null,"R","M","R","M","M","E","T","E","M","R","?","M","$","?","M","B",null,"R","M","R","M","M","R","T","?","M","B"],"character_chosen":"THE_SPIRIT","items_purchased":["hexamod:ExtraCrispy","DollysMirror"],"campfire_rested":2,"item_purchase_floors":[13,30],"current_hp_per_floor":[70,70,70,70,70,70,70,80,66,51,40,40,36,28,28,14,80,80,80,80,80,80,54,54,41,31,55,55,52,59,59,65,44,80,80,74,74,70,32,56,56,56,46,0,0],"gold":223,"neow_bonus":"THREE_ENEMY_KILL","is_daily":false,"chose_seed":false,"campfire_upgraded":5,"win_rate":0.0,"timestamp":1609158263,"path_taken":["R","M","E","?","M","?","T","R","?","E","M","M","?","?","M","BOSS","R","M","R","M","M","E","T","E","?","R","?","M","?","?","M","BOSS","R","M","R","M","M","R","T","?","M","BOSS"],"items_purchased_type":["Card","Relic"],"build_version":"2020-12-22","purchased_purges":1,"victory":false,"max_hp_per_floor":[70,70,70,70,70,70,70,80,80,80,80,80,80,80,80,80,80,80,80,80,80,80,80,80,80,80,80,80,80,80,80,80,80,80,80,80,80,80,80,80,80,80,80,80,80],"card_choices":[{"not_picked":["hexamod:BacktrackSmack","hexamod:Haunt"],"picked":"hexamod:RainOfEmbers","floor":2.0},{"not_picked":["hexamod:SwordOfDarkness","hexamod:GhostLash"],"picked":"hexamod:Firestarter","floor":3.0},{"not_picked":["hexamod:SecondSeal","hexamod:NightmareStrike"],"picked":"hexamod:HauntingEcho","floor":5},{"not_picked":["hexamod:HauntingEcho","hexamod:NecessarySacrifice"],"picked":"hexamod:ShieldOfDarkness","floor":6},{"not_picked":["hexamod:FourthSeal","hexamod:GhostOfSpirePresent"],"picked":"hexamod:FastForward","floor":9},{"not_picked":["hexamod:RainOfEmbers","hexamod:ParanormalForm"],"picked":"hexamod:EmpoweredFlame","floor":10},{"not_picked":["hexamod:GhostShield","hexamod:BacktrackSmack"],"picked":"hexamod:HauntingEcho","floor":11},{"not_picked":["hexamod:GhostLash","hexamod:CatchUp"],"picked":"hexamod:TimeOfNeed","floor":12},{"not_picked":["hexamod:Firestarter","hexamod:FastForward"],"picked":"hexamod:Incineration","floor":14},{"not_picked":["hexamod:CatchUp","hexamod:InspiringFlames"],"picked":"hexamod:FirstSeal","floor":15},{"not_picked":["hexamod:FifthSeal","hexamod:UnleashSpirits"],"picked":"hexamod:TimeWarp","floor":16},{"not_picked":[],"picked":"hexamod:Firestarter","floor":19},{"not_picked":[],"picked":"hexamod:HeatCrush","floor":21},{"not_picked":[],"picked":"hexamod:DynamicBlow","floor":22},{"not_picked":["hexamod:InspiringFlames"],"picked":"SKIP","floor":23},{"not_picked":["hexamod:InspiringFlames"],"picked":"SKIP","floor":23},{"not_picked":["hexamod:Incineration+1"],"picked":"SKIP","floor":25},{"not_picked":["hexamod:RecurringNightmare"],"picked":"SKIP","floor":26},{"not_picked":["hexamod:PhantomCloak"],"picked":"SKIP","floor":29},{"not_picked":[],"picked":"hexamod:EmpoweredFlame","floor":32},{"not_picked":[],"picked":"hexamod:ThermalTransfer+1","floor":36},{"not_picked":[],"picked":"hexamod:HeatShield+1","floor":38},{"not_picked":["hexamod:Hexaguard"],"picked":"SKIP","floor":39},{"not_picked":["hexamod:HauntingEcho"],"picked":"SKIP","floor":43}],"player_experience":80193,"relics_obtained":[{"floor":3.0,"key":"Oddly Smooth Stone"},{"floor":9,"key":"Odd Mushroom"},{"floor":10,"key":"Bag of Marbles"},{"floor":23,"key":"Smiling Mask"},{"floor":24,"key":"Boot"},{"floor":25,"key":"TungstenRod"},{"floor":41,"key":"Toxic Egg 2"}],"event_choices":[{"damage_healed":0,"gold_gain":0,"player_choice":"Fought Mushrooms","damage_taken":0,"max_hp_gain":0,"max_hp_loss":0,"event_name":"Mushrooms","floor":9,"gold_loss":0}],"is_beta":false,"boss_relics":[{"not_picked":["Calling Bell","Runic Dome"],"picked":"Busted Crown"},{"not_picked":["Snecko Eye","Astrolabe"],"picked":"Sozu"}],"items_purged_floors":[30],"is_endless":false,"potions_floor_spawned":[5,6,14,16,21,23,25,38],"killed_by":"downfall:CharBossSilent","ascension_level":0}}