{"host":"sh8ot41fo7a0kahq","time":1609156342,"event":{"mods":["ATMod(°¢èªMod)","BaseMod","Better Third Choice","Colored Powertips","Displayed Cursed Tome","Minty Spire (QoL Compilation)","Quick Restart","Spicy Shops","StSLib","UnlockEverythingMod","¡¾ÒÅÎï¿¨ÅÆ¡¿REMEMod"],"gold_per_floor":[118,118,118,118,133,133,151,151,151,111,111,111],"floor_reached":11,"playtime":1377,"items_purged":[],"score":82,"play_id":"cfd1699a-1710-4557-93a0-4f49b9ac3ab0","local_time":"20201228195222","is_ascension_mode":true,"campfire_choices":[{"data":"AT_ArcaneSupremacy","floor":6.0,"key":"SMITH"},{"data":"Acrobatics","floor":8.0,"key":"SMITH"}],"circlet_count":0,"master_deck":["Strike_G","Strike_G","Strike_G","Strike_G","Defend_G","Defend_G","Defend_G","Defend_G","Defend_G","Survivor","Neutralize","AT_MyraUnstableElement+1","Core Surge","Acrobatics+1","Regret","AT_ArcaneSupremacy+1"],"relics":["Ring of the Snake","AT_ATBox","REME_ComplimentaryCards","Ginger","Golden Idol","AT_ForceNature"],"acts_visited":["Exordium"],"potions_floor_usage":[11],"damage_taken":[{"damage":1.0,"enemies":"Jaw Worm","floor":1.0,"turns":6.0},{"damage":13.0,"enemies":"2 Louse","floor":5.0,"turns":2.0},{"damage":10.0,"enemies":"Cultist","floor":7.0,"turns":5.0},{"damage":44,"enemies":"Gremlin Nob","floor":11,"turns":5}],"seed_played":"5134872247548988101","potions_obtained":[{"floor":1.0,"key":"AttackPotion"},{"floor":10.0,"key":"DuplicationPotion"},{"floor":10.0,"key":"Weak Potion"}],"is_trial":false,"path_per_floor":["M","?","?","?","M","R","M","R","T","?","E"],"character_chosen":"THE_SILENT","items_purchased":[],"campfire_rested":0,"item_purchase_floors":[],"current_hp_per_floor":[62,55,55,55,42,42,34,34,34,34,0,0],"gold":111,"neow_bonus":"UPGRADE_CARD","is_daily":false,"chose_seed":false,"campfire_upgraded":2,"win_rate":0.0,"timestamp":1609156342,"path_taken":["M","?","?","?","M","R","M","R","T","?","E"],"items_purchased_type":[],"build_version":"2020-12-22","purchased_purges":0,"victory":false,"max_hp_per_floor":[70,70,70,65,65,65,67,67,67,67,67,67],"card_choices":[{"not_picked":["Blade Dance","AT_ShadowStep"],"picked":"Acrobatics","floor":1.0},{"not_picked":["Finisher","Flying Knee"],"picked":"AT_ArcaneSupremacy","floor":5.0},{"not_picked":["Quick Slash","Distraction","Bane"],"picked":"SKIP","floor":7.0}],"player_experience":309960,"relics_obtained":[{"floor":9.0,"key":"AT_ForceNature"}],"event_choices":[{"cards_removed":["Strike_G"],"damage_healed":0.0,"max_hp_gain":0.0,"max_hp_loss":0.0,"gold_gain":0.0,"event_name":"Golden Wing","player_choice":"Card Removal","floor":2.0,"gold_loss":0.0,"damage_taken":7.0},{"damage_healed":0.0,"max_hp_gain":0.0,"max_hp_loss":0.0,"gold_gain":0.0,"event_name":"Big Fish","player_choice":"Box","floor":3.0,"gold_loss":0.0,"damage_taken":0.0,"relics_obtained":["Ginger"],"cards_obtained":["Regret"]},{"damage_healed":0.0,"max_hp_gain":0.0,"max_hp_loss":5.0,"gold_gain":0.0,"event_name":"Golden Idol","player_choice":"Lose Max HP","floor":4.0,"gold_loss":0.0,"damage_taken":0.0,"relics_obtained":["Golden Idol"]},{"damage_healed":0.0,"max_hp_gain":0.0,"max_hp_loss":0.0,"gold_gain":0.0,"event_name":"The Woman in Blue","player_choice":"Bought 3 Potions","floor":10.0,"gold_loss":0.0,"damage_taken":0.0}],"is_beta":false,"boss_relics":[],"items_purged_floors":[],"is_endless":false,"potions_floor_spawned":[1],"killed_by":"Gremlin Nob","ascension_level":7}}