{"host":"wfy07lporsqrbz3r","time":1609158183,"event":{"mods":["BaseMod","Minty Spire (QoL Compilation)","Replay The Spire","StSLib"],"gold_per_floor":[118,192,192,208,208,208,233,253,280,294,294,321,321,337,337,436,436,448,113,113,124,140,140,173,45,45,145,95,122,122,133,133,233,233,244,260,260,274,326,326,342,375,375,168,194,194,194,0,0,0,0,0,0,35,35],"floor_reached":56,"playtime":3017,"items_purged":["Pain","Clumsy","ReplayTheSpireMod:Reroute Power","Sweeping Beam","Sweeping Beam"],"score":1350,"play_id":"8652a37a-1a20-490f-8de2-3c56a6e38656","local_time":"20201228202303","is_ascension_mode":true,"campfire_choices":[{"data":"Coolheaded","floor":6.0,"key":"SMITH"},{"floor":15.0,"key":"REST"},{"data":"Storm","floor":23.0,"key":"SMITH"},{"floor":40.0,"key":"RECALL"},{"data":"Buffer","floor":47.0,"key":"SMITH"},{"data":"Capacitor","floor":49.0,"key":"SMITH"},{"data":"Capacitor","floor":52,"key":"SMITH"}],"circlet_count":0,"master_deck":["Zap+1","Dualcast","Biased Cognition+1","Lockon+1","Consume","Go for the Eyes","Machine Learning","Leap","Turbo","Ball Lightning","Double Energy+1","Glacier+1","Storm+1","Buffer+1","BootSequence+1","Capacitor+1","Electrodynamics+1","Coolheaded+1","FTL+1","Core Surge","Conserve Battery+1","Steam Power+1","ReplayTheSpireMod:Omega Cannon","Coolheaded","Rebound+1","Turbo","Seek+1","Thunder Strike+1","Capacitor+1","Double Energy+1"],"relics":["Pandora\u0027s Box","Bag of Preparation","Replay:WaspNest","Replay:Ringing Soul","Replay:Ancient Bell","Smiling Mask","HornCleat","StoneCalendar","FossilizedHelix","Chameleon Ring","Bottled Tornado","Prayer Wheel","Pantograph","Replay:Bottled Eggs","Honey Jar","Bird Faced Urn","TungstenRod","Du-Vu Doll","PreservedInsect","War Paint","Guide Book","Sundial"],"acts_visited":["Exordium","TheCity","TheBeyond","TheEnding"],"potions_floor_usage":[50,50,55,55],"damage_taken":[{"damage":5.0,"enemies":"2 Louse","floor":1.0,"turns":3.0},{"damage":0.0,"enemies":"Cultist","floor":4.0,"turns":3.0},{"damage":8.0,"enemies":"Gremlin Nob","floor":7.0,"turns":4.0},{"damage":2.0,"enemies":"Jaw Worm","floor":8.0,"turns":2.0},{"damage":1.0,"enemies":"Looter","floor":10.0,"turns":4.0},{"damage":17.0,"enemies":"3 Sentries","floor":12.0,"turns":4.0},{"damage":3.0,"enemies":"3 Louse","floor":14.0,"turns":3.0},{"damage":16.0,"enemies":"The Guardian","floor":16.0,"turns":9.0},{"damage":14.0,"enemies":"Spheric Guardian","floor":18.0,"turns":5.0},{"damage":0.0,"enemies":"2 Thieves","floor":21.0,"turns":4.0},{"damage":0.0,"enemies":"Snake Plant","floor":22.0,"turns":4.0},{"damage":46.0,"enemies":"Slavers","floor":24.0,"turns":4.0},{"damage":6.0,"enemies":"Colosseum Slavers","floor":27.0,"turns":3.0},{"damage":0.0,"enemies":"Colosseum Nobs","floor":27.0,"turns":4.0},{"damage":27.0,"enemies":"Book of Stabbing","floor":29.0,"turns":5.0},{"damage":0.0,"enemies":"Chosen and Byrds","floor":31.0,"turns":3.0},{"damage":31.0,"enemies":"Collector","floor":33.0,"turns":7.0},{"damage":0.0,"enemies":"3 Shapes","floor":35.0,"turns":3.0},{"damage":0.0,"enemies":"3 Darklings","floor":36.0,"turns":2.0},{"damage":0.0,"enemies":"Maw","floor":38.0,"turns":5.0},{"damage":27.0,"enemies":"2 Orb Walkers","floor":39.0,"turns":4.0},{"damage":0.0,"enemies":"Transient","floor":41.0,"turns":5.0},{"damage":0.0,"enemies":"R_Hoarder","floor":42.0,"turns":7.0},{"damage":0.0,"enemies":"Reptomancer","floor":45.0,"turns":3.0},{"damage":8,"enemies":"Awakened One","floor":50,"turns":8},{"damage":25,"enemies":"Shield and Spear","floor":54,"turns":7},{"damage":69,"enemies":"The Heart","floor":55,"turns":6}],"seed_played":"-2656100622639404192","potions_obtained":[{"floor":1.0,"key":"DuplicationPotion"},{"floor":12.0,"key":"SmokeBomb"},{"floor":21.0,"key":"Fire Potion"},{"floor":24.0,"key":"AttackPotion"},{"floor":27.0,"key":"EssenceOfDarkness"},{"floor":35.0,"key":"Adrenaline Potion"},{"floor":41.0,"key":"SkillPotion"},{"floor":45.0,"key":"LiquidBronze"}],"is_trial":false,"path_per_floor":["M","?","?","M","$","R","E","M","T","M","?","E","?","M","R","B",null,"M","$","?","M","M","R","E","$","T","?","$","E","$","M","R","B",null,"M","M","?","M","?","R","M","E","T","$","E","?","R","$","R","B",null,"R","$","E","B",null],"character_chosen":"DEFECT","items_purchased":["FossilizedHelix","Capacitor","PreservedInsect","Guide Book"],"campfire_rested":1,"item_purchase_floors":[19,25,44,48],"current_hp_per_floor":[70,70,70,70,70,70,62,60,60,59,59,45,48,48,73,60,90,76,76,76,79,89,89,50,53,53,64,64,47,47,50,82,79,111,114,117,117,120,103,103,126,129,129,129,132,132,132,132,132,124,132,132,132,110,71],"gold":35,"neow_bonus":"BOSS_RELIC","is_daily":false,"chose_seed":false,"campfire_upgraded":5,"win_rate":0.0,"timestamp":1609158183,"path_taken":["M","?","?","M","$","R","E","?","T","M","?","E","?","M","R","BOSS","M","$","?","M","M","R","E","$","T","?","?","E","$","M","R","BOSS","M","M","?","?","?","R","M","E","T","$","E","?","R","?","R","BOSS","R","$","E","BOSS"],"items_purchased_type":["Relic","Card","Relic","Relic"],"build_version":"2020-12-22","purchased_purges":5,"victory":true,"max_hp_per_floor":[75,75,75,75,75,75,75,75,75,75,75,78,81,84,84,87,90,90,90,90,93,96,96,96,99,99,102,102,105,105,108,108,111,111,114,117,117,120,123,123,126,129,129,129,132,132,132,132,132,132,132,132,132,135,135],"card_choices":[{"not_picked":["ReplayGash","Turbo","Recycle"],"picked":"SKIP","floor":1.0},{"not_picked":["Conserve Battery","Barrage"],"picked":"Machine Learning","floor":4.0},{"not_picked":["Cold Snap","ReplayTheSpireMod:Repulse"],"picked":"Leap","floor":7.0},{"not_picked":["Chaos","Loop"],"picked":"Turbo","floor":8.0},{"not_picked":["Loop","Doom and Gloom"],"picked":"Ball Lightning","floor":10.0},{"not_picked":["FIFO Queue","Steam"],"picked":"Double Energy","floor":12.0},{"not_picked":["Ball Lightning","Redo"],"picked":"Storm","floor":14.0},{"not_picked":["Mirror Shield","ReplayRNGCard"],"picked":"Buffer","floor":16.0},{"not_picked":["Pain","Parasite"],"picked":"Clumsy","floor":17.0},{"not_picked":["Pain","Parasite"],"picked":"Writhe","floor":17.0},{"not_picked":["AbeCurse","CurseOfTheBell"],"picked":"Pain","floor":17.0},{"not_picked":["Double Energy","Hello World","Chill"],"picked":"SKIP","floor":18.0},{"not_picked":["Go for the Eyes","Fission"],"picked":"Self Repair","floor":21.0},{"not_picked":["Rebound","Storm"],"picked":"BootSequence+1","floor":22.0},{"not_picked":["Force Field","Steam","Barrage+1"],"picked":"SKIP","floor":24.0},{"not_picked":["Cold Snap","Sunder"],"picked":"Electrodynamics","floor":27.0},{"not_picked":["Tempest","Static Discharge"],"picked":"Coolheaded+1","floor":29.0},{"not_picked":["Leap+1","Self Repair+1"],"picked":"FTL+1","floor":31.0},{"not_picked":["ReplaySolidLightProjector+1","Barrage","Darkness+1"],"picked":"SKIP","floor":31.0},{"not_picked":["ReplayRNGCard","Mirror Shield"],"picked":"Core Surge","floor":33.0},{"not_picked":["Go for the Eyes+1","Barrage","ReplayGash+1"],"picked":"Conserve Battery+1","floor":35.0},{"not_picked":["Conserve Battery+1","Hello World","ReplaySolidLightProjector+1"],"picked":"Sweeping Beam","floor":35.0},{"not_picked":["Barrage+1","Beam Cell","ReplayTheSpireMod:Reroute Power"],"picked":"Steam Power+1","floor":36.0},{"not_picked":["Ball Lightning+1","Undo","BasicCrystalCard"],"picked":"ReplayTheSpireMod:Omega Cannon","floor":36.0},{"not_picked":["Panic Button+1","Gash+1","Time Bomb"],"picked":"Coolheaded","floor":38.0},{"not_picked":["Panic Button+1","ReplaySort","Leap"],"picked":"Sweeping Beam","floor":38.0},{"not_picked":["Static Discharge","Reinforced Body","BasicCrystalCard+1"],"picked":"Rebound+1","floor":39.0},{"not_picked":["Rebound","Barrage+1","Beam Cell"],"picked":"Turbo","floor":41.0},{"not_picked":["Steam+1","Stack+1","Leap+1"],"picked":"Seek","floor":41.0},{"not_picked":["Lockon","Crystallizer","BasicCrystalCard"],"picked":"Thunder Strike","floor":42.0},{"not_picked":["Panic Button","Redo+1","Barrage"],"picked":"Capacitor","floor":45.0},{"not_picked":["Buffer","Chaos","Hyperbeam"],"picked":"Double Energy+1","floor":54}],"player_experience":749201,"relics_obtained":[{"floor":7.0,"key":"Replay:WaspNest"},{"floor":12.0,"key":"Replay:Ringing Soul"},{"floor":24.0,"key":"Chameleon Ring"},{"floor":26.0,"key":"Bottled Tornado"},{"floor":27.0,"key":"Prayer Wheel"},{"floor":27.0,"key":"Pantograph"},{"floor":29.0,"key":"Replay:Bottled Eggs"},{"floor":39.0,"key":"Bird Faced Urn"},{"floor":42.0,"key":"TungstenRod"},{"floor":43.0,"key":"Du-Vu Doll"},{"floor":45.0,"key":"War Paint"},{"floor":54,"key":"Sundial"}],"event_choices":[{"damage_healed":0.0,"max_hp_gain":0.0,"max_hp_loss":0.0,"gold_gain":74.0,"event_name":"Golden Wing","player_choice":"Gained Gold","floor":2.0,"gold_loss":0.0,"damage_taken":0.0},{"cards_removed":["Barrage"],"damage_healed":0.0,"max_hp_gain":0.0,"max_hp_loss":0.0,"gold_gain":0.0,"event_name":"WeMeetAgain","player_choice":"Gave Card","floor":3.0,"gold_loss":0.0,"damage_taken":0.0,"relics_obtained":["Bag of Preparation"]},{"damage_healed":0.0,"max_hp_gain":0.0,"max_hp_loss":0.0,"gold_gain":0.0,"event_name":"Living Wall","player_choice":"Grow","floor":11.0,"gold_loss":0.0,"damage_taken":0.0,"cards_upgraded":["Biased Cognition"]},{"cards_removed":["Writhe"],"damage_healed":0.0,"max_hp_gain":0.0,"max_hp_loss":0.0,"gold_gain":0.0,"event_name":"Back to Basics","player_choice":"Elegance","floor":20.0,"gold_loss":0.0,"damage_taken":0.0},{"damage_healed":0.0,"max_hp_gain":0.0,"max_hp_loss":0.0,"gold_gain":0.0,"event_name":"Colosseum","player_choice":"Fight","floor":27.0,"gold_loss":0.0,"damage_taken":0.0},{"damage_healed":0.0,"max_hp_gain":0.0,"max_hp_loss":0.0,"gold_gain":0.0,"event_name":"Colosseum","player_choice":"Fought Nobs","floor":27.0,"gold_loss":0.0,"damage_taken":0.0},{"cards_removed":["Melter"],"damage_healed":0.0,"max_hp_gain":0.0,"max_hp_loss":0.0,"gold_gain":0.0,"event_name":"Wheel of Change","player_choice":"Card Removal","floor":37.0,"gold_loss":0.0,"damage_taken":0.0},{"damage_healed":0.0,"max_hp_gain":0.0,"max_hp_loss":0.0,"gold_gain":0.0,"event_name":"Mysterious Sphere","player_choice":"Fight","floor":39.0,"gold_loss":0.0,"damage_taken":0.0},{"cards_removed":["Self Repair"],"damage_healed":0.0,"max_hp_gain":0.0,"max_hp_loss":0.0,"gold_gain":0.0,"event_name":"Falling","player_choice":"Removed Power","floor":46.0,"gold_loss":0.0,"damage_taken":0.0}],"is_beta":false,"boss_relics":[{"not_picked":["SlaversCollar","ReplayTheSpireMod:DimensionalGlitch"],"picked":"Replay:Ancient Bell"},{"not_picked":["Orichalcum","Regal Pillow"],"picked":"Smiling Mask"},{"not_picked":["Letter Opener","Kunai"],"picked":"HornCleat"},{"not_picked":["Thread and Needle","CaptainsWheel"],"picked":"StoneCalendar"},{"not_picked":["Abe\u0027s Treasure","Ring of Chaos"],"picked":"Honey Jar"}],"items_purged_floors":[19,25,28,44,48],"is_endless":false,"potions_floor_spawned":[1,12,21,24,27,35,41,45],"ascension_level":1}}