{"host":"0ydzwspkajt4brzd","time":1609157179,"event":{"mods":["AchievementEnabler","BaseMod","Colored Map","DeckTracker","Googly Eyes","Highlight Path","Minty Spire (QoL Compilation)","Quick Restart","Random Character Button","Rare Cards Sparkle"],"gold_per_floor":[118,118,142,161,114,146,146,321,321,346,365,398,398,410,410,513,513,523,541,541,69,85,85,112,33,33,48,68,68,68,85,85,85,85],"floor_reached":33,"playtime":2017,"items_purged":["Strike_B"],"score":316,"play_id":"1ca72e89-801b-4c03-9a64-952e475f307f","local_time":"20201228040619","is_ascension_mode":true,"campfire_choices":[{"data":"Streamline","floor":7,"key":"SMITH"},{"floor":13,"key":"REST"},{"data":"Darkness","floor":15,"key":"SMITH"},{"floor":23,"key":"REST"},{"floor":32,"key":"REST"}],"circlet_count":0,"master_deck":["Strike_B","Strike_B","Defend_B","Defend_B","Defend_B","Zap","Dualcast","Ball Lightning","Auto Shields","Streamline+1","Darkness+1","Gash","All For One","Darkness","Capacitor","Reboot","Steam","Echo Form","Gash","Cold Snap","Ball Lightning+1","Hello World+1","Fusion","Barrage","Coolheaded","Glacier"],"relics":["Cracked Core","Pen Nib","Sundial","Ornamental Fan","FossilizedHelix","Question Card","Inserter","Mercury Hourglass","Vajra","White Beast Statue","Strawberry"],"acts_visited":["Exordium","TheCity"],"potions_floor_usage":[14,16,30,31,33,33],"damage_taken":[{"damage":0,"enemies":"Small Slimes","floor":1,"turns":2},{"damage":1,"enemies":"Jaw Worm","floor":4,"turns":3},{"damage":25,"enemies":"Lagavulin","floor":6,"turns":5},{"damage":21,"enemies":"Gremlin Nob","floor":10,"turns":4},{"damage":0,"enemies":"2 Louse","floor":11,"turns":1},{"damage":8,"enemies":"Lagavulin","floor":12,"turns":6},{"damage":10,"enemies":"Lots of Slimes","floor":14,"turns":3},{"damage":14,"enemies":"Hexaghost","floor":16,"turns":8},{"damage":26,"enemies":"3 Byrds","floor":18,"turns":6},{"damage":6,"enemies":"Chosen","floor":19,"turns":4},{"damage":21,"enemies":"Snake Plant","floor":22,"turns":4},{"damage":31,"enemies":"Slavers","floor":24,"turns":5},{"damage":3,"enemies":"Shelled Parasite and Fungi","floor":27,"turns":4},{"damage":1,"enemies":"Cultist and Chosen","floor":28,"turns":5},{"damage":0,"enemies":"Centurion and Healer","floor":30,"turns":2},{"damage":12,"enemies":"Shelled Parasite and Fungi","floor":31,"turns":5},{"damage":33,"enemies":"Collector","floor":33,"turns":9}],"seed_played":"7676766999450611473","potions_obtained":[{"floor":1,"key":"Weak Potion"},{"floor":6,"key":"SkillPotion"},{"floor":14,"key":"SneckoOil"},{"floor":20,"key":"EssenceOfDarkness"},{"floor":20,"key":"LiquidBronze"},{"floor":22,"key":"SmokeBomb"},{"floor":27,"key":"ColorlessPotion"},{"floor":31,"key":"SteroidPotion"}],"is_trial":false,"path_per_floor":["M","?","T","M","$","E","R","?","T","E","M","E","R","M","R","B",null,"M","M","?","$","M","R","E","$","T","M","M","?","M","M","R","B"],"character_chosen":"DEFECT","items_purchased":["Gash","Mercury Hourglass","Vajra","Fusion"],"campfire_rested":3,"item_purchase_floors":[5,21,21,25],"current_hp_per_floor":[75,75,75,74,74,49,49,49,49,28,28,20,42,32,32,18,75,49,43,43,43,22,44,13,13,20,17,16,16,16,4,28,0,0],"gold":85,"neow_bonus":"TRANSFORM_CARD","is_daily":false,"chose_seed":false,"campfire_upgraded":2,"win_rate":0.0,"timestamp":1609157179,"path_taken":["M","?","?","M","$","E","R","?","T","E","M","E","R","?","R","BOSS","M","M","?","$","?","R","E","$","T","M","?","?","M","M","R","BOSS"],"items_purchased_type":["Card","Relic","Relic","Card"],"build_version":"2020-12-22","purchased_purges":1,"victory":false,"max_hp_per_floor":[75,75,75,75,75,75,75,75,75,75,75,75,75,75,75,75,75,75,75,75,75,75,75,75,75,82,82,82,82,82,82,82,82,82],"card_choices":[{"not_picked":["Defragment","Rebound"],"picked":"Auto Shields","floor":1},{"not_picked":["Hologram","Force Field"],"picked":"Darkness","floor":4},{"not_picked":["Beam Cell","Redo"],"picked":"All For One","floor":6},{"not_picked":["FTL","Loop"],"picked":"Darkness","floor":10},{"not_picked":["BootSequence","Rebound"],"picked":"Capacitor","floor":11},{"not_picked":["Auto Shields","Sweeping Beam"],"picked":"Reboot","floor":12},{"not_picked":["Compile Driver","Streamline","Turbo"],"picked":"Steam","floor":14},{"not_picked":["Fission","Thunder Strike","Electrodynamics"],"picked":"Echo Form","floor":16},{"not_picked":["Reprogram","Darkness","Self Repair+1"],"picked":"Gash","floor":18},{"not_picked":["Hello World+1","Self Repair","Conserve Battery+1"],"picked":"Cold Snap","floor":19},{"not_picked":["Leap","Beam Cell","Capacitor+1"],"picked":"Ball Lightning+1","floor":22},{"not_picked":["Stack","Doom and Gloom","Cold Snap"],"picked":"Hello World+1","floor":24},{"not_picked":["BootSequence+1","Scrape","Ball Lightning+1"],"picked":"Barrage","floor":27},{"not_picked":["Ball Lightning","Genetic Algorithm","Tempest"],"picked":"Coolheaded","floor":28},{"not_picked":["Auto Shields+1","BootSequence","Buffer"],"picked":"Glacier","floor":31}],"player_experience":323079,"relics_obtained":[{"floor":3,"key":"Pen Nib"},{"floor":6,"key":"Sundial"},{"floor":9,"key":"Ornamental Fan"},{"floor":10,"key":"FossilizedHelix"},{"floor":12,"key":"Question Card"},{"floor":24,"key":"White Beast Statue"},{"floor":26,"key":"Strawberry"}],"event_choices":[{"damage_healed":0,"gold_gain":0,"cards_transformed":["Strike_B"],"player_choice":"Change","damage_taken":0,"max_hp_gain":0,"max_hp_loss":0,"event_name":"Living Wall","floor":2,"gold_loss":0,"cards_obtained":["Streamline"]},{"damage_healed":0,"gold_gain":175,"player_choice":"AGREE","damage_taken":0,"max_hp_gain":0,"max_hp_loss":0,"event_name":"Liars Game","floor":8,"gold_loss":0,"cards_obtained":["Doubt"]},{"damage_healed":0,"gold_gain":0,"player_choice":"Got Potions","damage_taken":0,"max_hp_gain":0,"max_hp_loss":0,"event_name":"Lab","floor":20,"gold_loss":0},{"cards_removed":["Doubt"],"damage_healed":0,"gold_gain":0,"player_choice":"Removed Curses","damage_taken":0,"max_hp_gain":0,"max_hp_loss":0,"event_name":"Fountain of Cleansing","floor":29,"gold_loss":0}],"is_beta":false,"boss_relics":[{"not_picked":["Pandora\u0027s Box","SlaversCollar"],"picked":"Inserter"}],"items_purged_floors":[21],"is_endless":false,"potions_floor_spawned":[1,6,14,22,27,28,30,31],"killed_by":"Collector","ascension_level":2}}