{"host":"31s8hzukbhz1k6i6","time":1609193482,"event":{"mods":["BaseMod","Colored Map","Minty Spire (QoL Compilation)","Relic Stats","UnlockEverythingMod"],"gold_per_floor":[210,221,235,251,59,84,84,259,282,282,51,51,84,45,45,148,148,164,263,274,549,561,561,561,561],"floor_reached":24,"playtime":944,"items_purged":["Defend_R"],"score":306,"play_id":"ad92db95-f839-4bc0-ac97-7e49aab7f6bc","local_time":"20201228141122","is_ascension_mode":true,"campfire_choices":[{"floor":7,"key":"REST"},{"data":"Flex","floor":10,"key":"SMITH"},{"data":"Sword Boomerang","floor":12,"key":"SMITH"},{"data":"Uppercut","floor":15,"key":"SMITH"},{"data":"Corruption","floor":23,"key":"SMITH"}],"circlet_count":0,"master_deck":["AscendersBane","Bash","Sword Boomerang+1","Ghostly Armor","Flex+1","Offering","Shrug It Off","True Grit","Uppercut+1","Corruption+1","Berserk","Perfected Strike","Demon Form","Iron Wave","Shrug It Off","Ghostly Armor","Disarm","Power Through","Shrug It Off+1","Entrench"],"relics":["Burning Blood","Omamori","Centennial Puzzle","PreservedInsect","Orichalcum","Pandora\u0027s Box"],"acts_visited":["Exordium","TheCity"],"potions_floor_usage":[6,13,16,24,24],"damage_taken":[{"damage":6,"enemies":"Cultist","floor":1,"turns":4},{"damage":13,"enemies":"Jaw Worm","floor":2,"turns":4},{"damage":2,"enemies":"2 Louse","floor":3,"turns":4},{"damage":31,"enemies":"Large Slime","floor":4,"turns":8},{"damage":34,"enemies":"Lagavulin","floor":6,"turns":6},{"damage":16,"enemies":"Gremlin Nob","floor":13,"turns":3},{"damage":27,"enemies":"The Guardian","floor":16,"turns":11},{"damage":4,"enemies":"Spheric Guardian","floor":18,"turns":4},{"damage":6,"enemies":"Chosen","floor":20,"turns":4},{"damage":23,"enemies":"Snake Plant","floor":22,"turns":5},{"damage":72,"enemies":"Gremlin Leader","floor":24,"turns":7}],"seed_played":"6672948942499235929","potions_obtained":[{"floor":2,"key":"Explosive Potion"},{"floor":3,"key":"FearPotion"},{"floor":4,"key":"AttackPotion"},{"floor":13,"key":"LiquidBronze"},{"floor":20,"key":"BloodPotion"}],"is_trial":false,"path_per_floor":["M","M","M","M","$","E","R","?","T","R","$","R","E","$","R","B",null,"M","?","M","?","M","R","E"],"character_chosen":"IRONCLAD","items_purchased":["Offering","Shrug It Off","PreservedInsect","Uppercut"],"campfire_rested":1,"item_purchase_floors":[5,5,11,14],"current_hp_per_floor":[72,65,69,44,44,16,40,40,40,40,40,40,30,30,30,9,62,64,64,64,64,47,47,0,0],"gold":561,"neow_bonus":"HUNDRED_GOLD","is_daily":false,"chose_seed":false,"campfire_upgraded":4,"win_rate":0.0,"timestamp":1609193482,"path_taken":["M","M","?","M","$","E","R","?","T","R","$","R","E","?","R","BOSS","M","?","M","?","?","R","E"],"items_purchased_type":["Card","Card","Relic","Card"],"build_version":"2020-12-22","purchased_purges":1,"victory":false,"max_hp_per_floor":[80,80,80,80,80,80,80,80,80,80,80,80,80,80,80,80,80,80,80,80,80,80,80,80,80],"relic_stats":{"Centennial Puzzle":[18],"counters":[11,60],"Pandora\u0027s Box":["Berserk","Perfected Strike","Demon Form","Iron Wave","Shrug It Off","Ghostly Armor","Disarm","Power Through"],"PreservedInsect":68,"Orichalcum":[36],"obtain_stats":[{"Centennial Puzzle":9,"Pandora\u0027s Box":17,"PreservedInsect":11,"Omamori":6,"Orichalcum":13,"Burning Blood":0},{"Centennial Puzzle":5,"Pandora\u0027s Box":7,"PreservedInsect":5,"Omamori":5,"Orichalcum":6,"Burning Blood":0},{"Centennial Puzzle":26,"Pandora\u0027s Box":40,"PreservedInsect":26,"Omamori":26,"Orichalcum":29,"Burning Blood":0}],"Burning Blood":60},"card_choices":[{"not_picked":["Perfected Strike","Fire Breathing"],"picked":"Sword Boomerang","floor":1},{"not_picked":["Heavy Blade","Sword Boomerang"],"picked":"Ghostly Armor","floor":2},{"not_picked":["Clothesline","Sword Boomerang"],"picked":"Flex","floor":3},{"not_picked":["Sentinel","Body Slam","Clash"],"picked":"SKIP","floor":4},{"not_picked":["Anger","Barricade","Thunderclap"],"picked":"SKIP","floor":6},{"not_picked":["Sever Soul","Iron Wave"],"picked":"True Grit","floor":13},{"not_picked":["Demon Form","Exhume"],"picked":"Corruption","floor":16},{"not_picked":["True Grit+1","Armaments"],"picked":"Shrug It Off+1","floor":18},{"not_picked":["Headbutt","Cleave+1"],"picked":"Entrench","floor":20},{"not_picked":["Anger","Flex","Armaments"],"picked":"SKIP","floor":22},{"not_picked":["Anger","Flex","Armaments"],"picked":"SKIP","floor":22}],"player_experience":57703,"relics_obtained":[{"floor":6,"key":"Omamori"},{"floor":9,"key":"Centennial Puzzle"},{"floor":13,"key":"Orichalcum"}],"event_choices":[{"damage_healed":0,"gold_gain":175,"player_choice":"AGREE","damage_taken":0,"max_hp_gain":0,"max_hp_loss":0,"event_name":"Liars Game","floor":8,"gold_loss":0,"cards_obtained":["Doubt"]},{"damage_healed":0,"gold_gain":99,"player_choice":"Stole From Cult","damage_taken":0,"max_hp_gain":0,"max_hp_loss":0,"event_name":"Nest","floor":19,"gold_loss":0},{"damage_healed":0,"gold_gain":275,"player_choice":"Desecrate","damage_taken":0,"max_hp_gain":0,"max_hp_loss":0,"event_name":"Golden Shrine","floor":21,"gold_loss":0,"cards_obtained":["Regret"]}],"is_beta":false,"boss_relics":[{"not_picked":["Busted Crown","Coffee Dripper"],"picked":"Pandora\u0027s Box"}],"items_purged_floors":[11],"is_endless":false,"potions_floor_spawned":[2,3,4,13,20],"killed_by":"Gremlin Leader","ascension_level":10}}