{"host":"9i65z0zqo49crzwy","time":1609132161,"event":{"mods":["AchievementEnabler","Aspiration","Bard","BaseMod","Beaked The Cultist","Bestiary","Better Altar","Better Match","Better Note","Better Sensory Stone","Better Skull","Better Third Choice","BetterRewards","CCEM","Clawfect","Colored Map","Conspire","Downfall","GifTheSpireLib","Halation","Hermit","Highlight Path","Hubris","Hunter ??","Infinite Spire","Jedi Mod","Jorbs\u0027s Wanderer Trilogy","Mad Scientist","Marisa????????","Mimic Mod","Minty Spire (QoL Compilation)","Permanent Neow","Quick Restart","Replay The Spire","Shade Mod","Shop Mod","Spicy Shops","StSLib","Stuff the Spire","The Administrix","The Alterego","The Blackbeard","The Bug Knight","The Construct","The Cursed","The Disciple","The Gatherer","The Hierophant","The IronCluck","The Jungle","The Mystic","The Necromancer","The Problem Sleuth","The Runesmith","The Saiyan","The Servant 0.9.4","The Spell Scribe","The Witch","TheHero","Unceasing Turn Reminder","Yakumo Yukari mod"],"gold_per_floor":[77,92,92,106,106,106,106,126,111,124,49,65,99,84,97,97,97],"floor_reached":16,"playtime":1021,"items_purged":[],"score":127,"play_id":"40d3f4a4-2769-4944-a845-3f59c819013c","local_time":"20201227210921","is_ascension_mode":false,"campfire_choices":[{"data":"Saiyan:KaioKen","floor":1.0,"key":"SMITH"},{"data":"Saiyan:PowerStance","floor":6.0,"key":"SMITH"},{"data":"Saiyan:SenzuBean","floor":11.0,"key":"SMITH"}],"circlet_count":0,"master_deck":["Saiyan:SAIYA_Strike","Saiyan:SAIYA_Strike","Saiyan:SAIYA_Strike","Saiyan:SAIYA_Defend","Saiyan:SAIYA_Defend","Saiyan:SAIYA_Defend","Saiyan:SAIYA_Defend","Saiyan:EnergyBlast","Saiyan:KaioKen+1","Saiyan:RuthlessBlow","Saiyan:ExpandingShockwave","Saiyan:Makankosappo","Saiyan:PowerStance+1","StuffTheSpire:CelestialWarden","Saiyan:Quickening","Saiyan:SenzuBean+1","Saiyan:ExpandingShockwave","Saiyan:Flurry","Saiyan:Flurry"],"relics":["SaiyanSoul","SaiyanHeart","downfall:HeartBlessingBlue","ReplayTheSpireMod:Lightbulb","Bronze Scales"],"acts_visited":["Exordium"],"potions_floor_usage":[13,13,16],"damage_taken":[{"damage":0.0,"enemies":"Cultist","floor":2.0,"turns":3.0},{"damage":0.0,"enemies":"Small Slimes","floor":4.0,"turns":2.0},{"damage":0.0,"enemies":"Jaw Worm","floor":8.0,"turns":2.0},{"damage":0.0,"enemies":"downfall:FleeingMerchant","floor":9.0,"turns":4.0},{"damage":0.0,"enemies":"Exordium Wildlife","floor":10.0,"turns":3.0},{"damage":8.0,"enemies":"Lots of Slimes","floor":12.0,"turns":2.0},{"damage":67,"enemies":"Lagavulin","floor":13,"turns":13},{"damage":0,"enemies":"downfall:FleeingMerchant","floor":14,"turns":4},{"damage":5,"enemies":"3 Louse","floor":15,"turns":2},{"damage":15,"enemies":"downfall:Silent","floor":16,"turns":2}],"seed_played":"5216353161120686346","potions_obtained":[{"floor":4.0,"key":"Fire Potion"},{"floor":12.0,"key":"DistilledChaos"},{"floor":15,"key":"SpeedPotion"}],"is_trial":false,"path_per_floor":["R","M","?","M","?","R","T","M","$","M","R","M","E","$","M","B"],"character_chosen":"SAIYAJIN","items_purchased":[],"campfire_rested":0,"item_purchase_floors":[],"current_hp_per_floor":[60,62,62,64,64,64,64,65,66,68,78,70,5,6,1,0,0],"gold":97,"neow_bonus":"RANDOM_COMMON_RELIC","is_daily":false,"chose_seed":false,"campfire_upgraded":3,"win_rate":0.0,"timestamp":1609132161,"path_taken":["R","M","?","?","?","R","T","M","?","?","R","M","E","$","M","BOSS"],"items_purchased_type":[],"build_version":"2020-12-22","purchased_purges":0,"victory":false,"max_hp_per_floor":[60,62,62,64,64,64,64,65,66,68,78,78,80,81,81,81,81],"card_choices":[{"not_picked":["Saiyan:AugmentedBlast","Saiyan:LastResort"],"picked":"Saiyan:ExpandingShockwave","floor":2.0},{"not_picked":["Saiyan:ReverberatingForce","Saiyan:ConcussiveBlow"],"picked":"Saiyan:PowerStance","floor":4.0},{"not_picked":["StuffTheSpire:Vigor","StuffTheSpire:Ambrosia"],"picked":"StuffTheSpire:CelestialWarden","floor":5.0},{"not_picked":["Saiyan:BurningSoul","Saiyan:RemoveWeights"],"picked":"Saiyan:Quickening","floor":8.0},{"not_picked":["Saiyan:PlotArmor","Saiyan:Scouter","Saiyan:Quickening"],"picked":"SKIP","floor":9.0},{"not_picked":["Saiyan:PlotArmor","Saiyan:Scouter"],"picked":"Saiyan:SenzuBean","floor":10.0},{"not_picked":["Saiyan:DoubleMasenko","Saiyan:KameHameHa"],"picked":"Saiyan:ExpandingShockwave","floor":12.0},{"not_picked":["Saiyan:SaiyanHubris","Saiyan:RemoveWeights"],"picked":"Saiyan:Flurry","floor":13},{"not_picked":["Saiyan:PowerUp","Saiyan:UltraInstinct","Saiyan:Scouter"],"picked":"SKIP","floor":14},{"not_picked":["Saiyan:SoulSpice","Saiyan:DoubleMasenko"],"picked":"Saiyan:Flurry","floor":15}],"player_experience":130131,"relics_obtained":[{"floor":13,"key":"ReplayTheSpireMod:Lightbulb"},{"floor":13,"key":"Bronze Scales"}],"event_choices":[{"damage_healed":0.0,"max_hp_gain":0.0,"max_hp_loss":0.0,"gold_gain":0.0,"cards_transformed":["Saiyan:SAIYA_Strike"],"event_name":"Transmorgrifier","player_choice":"Transformed","floor":3.0,"gold_loss":0.0,"damage_taken":0.0,"cards_obtained":["Saiyan:Makankosappo"]}],"is_beta":false,"boss_relics":[],"items_purged_floors":[],"is_endless":false,"potions_floor_spawned":[4,12,15],"killed_by":"downfall:Silent","ascension_level":0}}