{"host":"wgmbtq7u7cgqo6r7","time":1609143119,"event":{"mods":["BaseMod","Minty Spire (QoL Compilation)","Rare Cards Sparkle","StSLib","The Blackbeard","everything is the same but u backflip on backflip"],"gold_per_floor":[109,127,137,180,221,277,322,322,322,338,338,366,366,410,410,536,536,559,559,577,577,613,613,627,627,627,627,647,747,305,305,305,430,430,463,463,480,113,165,165,165,183,183,183,183,258,73,103,103,123,123,123,54,83,108],"floor_reached":56,"playtime":3781,"items_purged":["blackbeard:BlackbeardStrike","blackbeard:BlackbeardDefend","blackbeard:BlackbeardStrike"],"score":1126,"play_id":"fb2896cc-0a09-414c-b69f-4fae5cd396ba","local_time":"20201228031159","is_ascension_mode":false,"campfire_choices":[{"floor":11,"key":"REST"},{"floor":13,"key":"REST"},{"floor":15,"key":"REST"},{"floor":23,"key":"REST"},{"floor":25,"key":"RECALL"},{"floor":32,"key":"REST"},{"floor":40,"key":"REST"},{"floor":44,"key":"REST"},{"data":"blackbeard:CaptainsHat","floor":49,"key":"SMITH"},{"data":"blackbeard:GoldenRain","floor":52,"key":"SMITH"}],"circlet_count":0,"master_deck":["blackbeard:BlackbeardStrike","blackbeard:BlackbeardDefend","blackbeard:BlackbeardDefend","blackbeard:BlackbeardDefend","blackbeard:Cutlass","blackbeard:Provisioning","blackbeard:Fencing","blackbeard:Bandana","blackbeard:Upgrade","blackbeard:Sword","blackbeard:Sword","blackbeard:RearmingStrike","blackbeard:Revenge","blackbeard:AgileStrike","blackbeard:SwordDance","blackbeard:Revenge","blackbeard:CaptainsHat+1","blackbeard:Provisioning","blackbeard:BrownPants","blackbeard:PiratesWill","blackbeard:RearmingStrike","blackbeard:Dagger","blackbeard:GoldenRain+1","blackbeard:Revenge","blackbeard:WiseDefense+1","blackbeard:CaptainsCabin","blackbeard:Lifeboat","blackbeard:Provisioning"],"relics":["blackbeard:LoadTheGoldenCannons","Incense Burner","Matryoshka","Odd Mushroom","Snecko Eye","Pear","Nilry\u0027s Codex","Lizard Tail","Mercury Hourglass","Membership Card","Bronze Scales","Pantograph","Mummified Hand","Sling","Vajra","StoneCalendar","Letter Opener","White Beast Statue","CaptainsWheel","Shuriken","Kunai"],"acts_visited":["Exordium","TheCity","TheBeyond","TheEnding"],"potions_floor_usage":[1,2,3,3,4,5,5,6,6,7,10,14,16,16,16,20,20,22,22,24,24,24,24,28,28,29,29,29,31,33,33,35,37,39,39,42,48,50,50,50,50,50,50,54,54,54,54,54,54,55,55,55,55,55,55,55],"damage_taken":[{"damage":0,"enemies":"Cultist","floor":1,"turns":3},{"damage":6,"enemies":"Jaw Worm","floor":2,"turns":3},{"damage":0,"enemies":"2 Louse","floor":3,"turns":1},{"damage":6,"enemies":"Lots of Slimes","floor":4,"turns":4},{"damage":10,"enemies":"2 Fungi Beasts","floor":5,"turns":2},{"damage":25,"enemies":"Lagavulin","floor":6,"turns":7},{"damage":0,"enemies":"Large Slime","floor":7,"turns":6},{"damage":0,"enemies":"Looter","floor":10,"turns":2},{"damage":10,"enemies":"The Mushroom Lair","floor":12,"turns":3},{"damage":15,"enemies":"Exordium Thugs","floor":14,"turns":5},{"damage":47,"enemies":"Hexaghost","floor":16,"turns":10},{"damage":19,"enemies":"Spheric Guardian","floor":18,"turns":4},{"damage":18,"enemies":"Chosen","floor":20,"turns":6},{"damage":7,"enemies":"Shelled Parasite and Fungi","floor":22,"turns":4},{"damage":0,"enemies":"Snecko","floor":24,"turns":4},{"damage":16,"enemies":"Snake Plant","floor":28,"turns":3},{"damage":2,"enemies":"Colosseum Slavers","floor":29,"turns":2},{"damage":5,"enemies":"Colosseum Nobs","floor":29,"turns":3},{"damage":0,"enemies":"Centurion and Healer","floor":31,"turns":1},{"damage":41,"enemies":"Collector","floor":33,"turns":9},{"damage":25,"enemies":"3 Shapes","floor":35,"turns":5},{"damage":9,"enemies":"3 Darklings","floor":37,"turns":3},{"damage":26,"enemies":"2 Orb Walkers","floor":39,"turns":3},{"damage":3,"enemies":"4 Shapes","floor":42,"turns":2},{"damage":0,"enemies":"Mind Bloom Boss Battle","floor":46,"turns":4},{"damage":6,"enemies":"Sphere and 2 Shapes","floor":48,"turns":3},{"damage":31,"enemies":"Awakened One","floor":50,"turns":10},{"damage":42,"enemies":"Shield and Spear","floor":54,"turns":5},{"damage":86,"enemies":"The Heart","floor":55,"turns":10}],"seed_played":"8224476786920073237","potions_obtained":[{"floor":2,"key":"SteroidPotion"},{"floor":6,"key":"Block Potion"},{"floor":14,"key":"SteroidPotion"},{"floor":29,"key":"Energy Potion"},{"floor":37,"key":"GamblersBrew"},{"floor":46,"key":"SneckoOil"},{"floor":48,"key":"AttackPotion"},{"floor":54,"key":"EssenceOfSteel"}],"is_trial":false,"path_per_floor":["M","M","M","M","M","E","M","?","T","M","R","?","R","M","R","B",null,"M","?","M","?","M","R","M","R","T","?","M","?","$","M","R","B",null,"M","?","M","$","?","R","?","M","T","R","?","?","$","M","R","B",null,"R","$","E","B",null],"character_chosen":"BLACKBEARD_CLASS","items_purchased":["Membership Card","Bronze Scales","Pantograph","blackbeard:Dagger","blackbeard:OrangeJuicePotion","Mummified Hand","Sling","Vajra","blackbeard:Revenge","Shuriken","blackbeard:Lifeboat"],"campfire_rested":7,"item_purchase_floors":[30,30,30,30,30,38,38,38,38,47,53],"current_hp_per_floor":[75,69,69,63,53,28,28,28,28,28,50,40,62,47,69,22,75,56,56,38,38,31,53,53,53,63,47,40,33,33,33,58,58,85,65,65,56,56,38,62,62,59,59,81,81,81,81,75,75,50,81,81,81,39,27],"gold":108,"neow_bonus":"THREE_CARDS","is_daily":false,"chose_seed":false,"campfire_upgraded":2,"win_rate":0.0,"timestamp":1609143119,"path_taken":["M","M","M","M","M","E","?","?","T","M","R","?","R","M","R","BOSS","M","?","M","?","?","R","M","R","T","?","M","?","$","M","R","BOSS","M","?","M","$","?","R","?","?","T","R","?","?","$","M","R","BOSS","R","$","E","BOSS"],"items_purchased_type":["Relic","Relic","Relic","Card","Potion","Relic","Relic","Relic","Card","Relic","Card"],"build_version":"2020-12-22","purchased_purges":3,"victory":true,"max_hp_per_floor":[75,75,75,75,75,75,75,75,75,75,75,75,75,75,75,75,75,75,75,75,75,75,75,75,75,85,85,85,85,85,85,85,85,85,85,81,81,81,81,81,81,81,81,81,81,81,81,81,81,81,81,81,81,81,81],"card_choices":[{"not_picked":["blackbeard:WiseDefense","blackbeard:TacticalRetreat"],"picked":"blackbeard:Provisioning","floor":0},{"not_picked":["blackbeard:WiseDefense","blackbeard:GoldenDefense"],"picked":"blackbeard:Fencing","floor":1},{"not_picked":["blackbeard:TacticalRetreat","blackbeard:ChaoticDefense"],"picked":"blackbeard:Bandana","floor":2},{"not_picked":["blackbeard:BeatUp","blackbeard:FieryDefense"],"picked":"blackbeard:Upgrade","floor":3},{"not_picked":["blackbeard:Fencing","blackbeard:VengefulSpirit"],"picked":"blackbeard:Sword","floor":4},{"not_picked":["blackbeard:WiseDefense","blackbeard:BeatUp"],"picked":"blackbeard:Sword","floor":5},{"not_picked":["blackbeard:WiseDefense","blackbeard:UndeadForm"],"picked":"blackbeard:RearmingStrike","floor":6},{"not_picked":["blackbeard:Sharpening","blackbeard:Recklessness"],"picked":"blackbeard:Revenge","floor":7},{"not_picked":["blackbeard:PowderKeg","blackbeard:Sword"],"picked":"blackbeard:AgileStrike","floor":10},{"not_picked":["blackbeard:ArmorUp","blackbeard:BlindAttacks"],"picked":"blackbeard:SwordDance","floor":12},{"not_picked":["blackbeard:UndeadForm","blackbeard:Bandana"],"picked":"blackbeard:Revenge","floor":14},{"not_picked":["blackbeard:Murder","blackbeard:HumongousCannonball"],"picked":"blackbeard:CaptainsHat","floor":16},{"not_picked":["blackbeard:FieryDefense","blackbeard:BeatUp"],"picked":"blackbeard:Provisioning","floor":18},{"not_picked":["blackbeard:TacticalRetreat","blackbeard:Sharpening"],"picked":"blackbeard:BrownPants","floor":20},{"not_picked":["blackbeard:VengefulSpirit","blackbeard:DangerousBlow"],"picked":"blackbeard:PiratesWill","floor":22},{"not_picked":["blackbeard:GoldenStrike","blackbeard:CaptainsCabin"],"picked":"blackbeard:RearmingStrike","floor":24},{"not_picked":["blackbeard:AgileStrike","blackbeard:TerrorOfTheSeas"],"picked":"blackbeard:Murder","floor":28},{"not_picked":["blackbeard:Intoxication","blackbeard:HumongousCannonball"],"picked":"blackbeard:GoldenRain","floor":33},{"not_picked":["blackbeard:FieryDefense+1","blackbeard:Spear+1","blackbeard:Dagger"],"picked":"SKIP","floor":35},{"not_picked":["blackbeard:Toast+1","blackbeard:DelayedPain","blackbeard:WiseDefense"],"picked":"SKIP","floor":37},{"not_picked":["blackbeard:BeatUp+1","blackbeard:Anchor+1","blackbeard:Shrapnel"],"picked":"SKIP","floor":42},{"not_picked":["blackbeard:WeaponProficiency","blackbeard:DoubleCannonball+1"],"picked":"blackbeard:WiseDefense+1","floor":46},{"not_picked":["blackbeard:GoldenDefense","blackbeard:BeatUp+1"],"picked":"blackbeard:CaptainsCabin","floor":48},{"not_picked":["blackbeard:DangerousBlow+1","blackbeard:DoubleCannonball"],"picked":"blackbeard:Provisioning","floor":54}],"player_experience":118929,"relics_obtained":[{"floor":6,"key":"Incense Burner"},{"floor":9,"key":"Matryoshka"},{"floor":12,"key":"Odd Mushroom"},{"floor":26,"key":"Pear"},{"floor":27,"key":"Nilry\u0027s Codex"},{"floor":29,"key":"Lizard Tail"},{"floor":29,"key":"Mercury Hourglass"},{"floor":39,"key":"StoneCalendar"},{"floor":43,"key":"Letter Opener"},{"floor":43,"key":"White Beast Statue"},{"floor":46,"key":"CaptainsWheel"},{"floor":54,"key":"Kunai"}],"event_choices":[{"cards_removed":["blackbeard:BlackbeardStrike"],"damage_healed":0,"gold_gain":0,"player_choice":"Forget","damage_taken":0,"max_hp_gain":0,"max_hp_loss":0,"event_name":"Living Wall","floor":8,"gold_loss":0},{"damage_healed":0,"gold_gain":0,"player_choice":"Fought Mushrooms","damage_taken":0,"max_hp_gain":0,"max_hp_loss":0,"event_name":"Mushrooms","floor":12,"gold_loss":0},{"damage_healed":0,"gold_gain":0,"player_choice":"Smashed Altar","damage_taken":0,"max_hp_gain":0,"max_hp_loss":0,"event_name":"Forgotten Altar","floor":19,"gold_loss":0,"cards_obtained":["Decay"]},{"cards_removed":["Decay"],"damage_healed":0,"gold_gain":0,"player_choice":"Removed Curses","damage_taken":0,"max_hp_gain":0,"max_hp_loss":0,"event_name":"Fountain of Cleansing","floor":21,"gold_loss":0},{"damage_healed":0,"gold_gain":0,"player_choice":"Obtained Book","damage_taken":16,"max_hp_gain":0,"max_hp_loss":0,"event_name":"Cursed Tome","floor":27,"gold_loss":0},{"damage_healed":0,"gold_gain":0,"player_choice":"Fight","damage_taken":0,"max_hp_gain":0,"max_hp_loss":0,"event_name":"Colosseum","floor":29,"gold_loss":0},{"damage_healed":0,"gold_gain":0,"player_choice":"Fought Nobs","damage_taken":0,"max_hp_gain":0,"max_hp_loss":0,"event_name":"Colosseum","floor":29,"gold_loss":0},{"damage_healed":0,"gold_gain":0,"player_choice":"Max HP","damage_taken":0,"max_hp_gain":0,"max_hp_loss":4,"event_name":"Winding Halls","floor":36,"gold_loss":0},{"damage_healed":0,"gold_gain":0,"player_choice":"Fight","damage_taken":0,"max_hp_gain":0,"max_hp_loss":0,"event_name":"Mysterious Sphere","floor":39,"gold_loss":0},{"damage_healed":0,"gold_gain":0,"player_choice":"Ignored","damage_taken":0,"max_hp_gain":0,"max_hp_loss":0,"event_name":"Tomb of Lord Red Mask","floor":41,"gold_loss":0},{"cards_removed":["blackbeard:IntimidatingStrike"],"damage_healed":0,"gold_gain":0,"player_choice":"Removed Attack","damage_taken":0,"max_hp_gain":0,"max_hp_loss":0,"event_name":"Falling","floor":45,"gold_loss":0},{"damage_healed":0,"gold_gain":0,"player_choice":"Fight","damage_taken":0,"max_hp_gain":0,"max_hp_loss":0,"event_name":"MindBloom","floor":46,"gold_loss":0}],"is_beta":false,"boss_relics":[{"not_picked":["SacredBark","Cursed Key"],"picked":"Snecko Eye"},{"not_picked":["Calling Bell","Sozu"],"picked":"blackbeard:LoadTheGoldenCannons"}],"items_purged_floors":[30,38,47],"is_endless":false,"potions_floor_spawned":[2,4,5,6,7,14,18,29,29,31,37,46,48,54],"ascension_level":0}}