{"host":"yer03dsd277nstsn","time":1609134632,"event":{"mods":["BaseMod","Colored Powertips","Minty Spire (QoL Compilation)"],"gold_per_floor":[13,13,0,0,19,38,38,73,73,89,99,99,99,126,126,230,230,241,241,251,264,294,294,322,322,322,237,247,258,258,274,274,376,376,389,439,457,23,43,43,43,43,43,43,43,62,62,78,78,78],"floor_reached":51,"playtime":5228,"items_purged":["Strike_G"],"score":699,"play_id":"e9fb314a-7f22-4733-8f9a-af30a92c70b7","local_time":"20201227235032","is_ascension_mode":true,"campfire_choices":[{"data":"Riddle With Holes","floor":7.0,"key":"SMITH"},{"floor":12.0,"key":"REST"},{"floor":15.0,"key":"REST"},{"floor":23,"key":"REST"},{"floor":25,"key":"REST"},{"floor":30,"key":"REST"},{"floor":32,"key":"REST"},{"data":"Burst","floor":40,"key":"SMITH"},{"data":"Night Terror","floor":42,"key":"SMITH"},{"data":"Venomology","floor":44,"key":"SMITH"},{"data":"Storm of Steel","floor":49,"key":"SMITH"}],"circlet_count":0,"master_deck":["Strike_G+1","Strike_G","Strike_G+1","Strike_G","Defend_G","Defend_G","Defend_G","Defend_G","Defend_G","Survivor","Neutralize","Dagger Spray+1","Riddle With Holes+1","Flying Knee","Venomology+1","Cloak And Dagger","Prepared","Burst+1","Underhanded Strike","Ghostly","Ghostly","Ghostly","Ghostly","Ghostly","Storm of Steel+1","Expertise+1","Acrobatics+1","Endless Agony","Night Terror+1","PiercingWail+1","PiercingWail+1","Terror","Madness","Madness"],"relics":["Ring of the Snake","Dead Branch","Gambling Chip","Bag of Marbles","Question Card","Smiling Mask","SacredBark","Red Mask","PreservedInsect","Whetstone","StoneCalendar","SlaversCollar","Ice Cream","Strange Spoon","Regal Pillow","Ninja Scroll","Pantograph"],"acts_visited":["Exordium","TheCity","TheBeyond"],"potions_floor_usage":[18,21,21,21,22,29,31,33,33,36,36,36,37,39,39,39,39,46,48,50,50,50],"damage_taken":[{"damage":0.0,"enemies":"2 Louse","floor":1.0,"turns":4.0},{"damage":0.0,"enemies":"Jaw Worm","floor":5.0,"turns":3.0},{"damage":1.0,"enemies":"Small Slimes","floor":6.0,"turns":2.0},{"damage":54.0,"enemies":"Lagavulin","floor":8.0,"turns":12.0},{"damage":0.0,"enemies":"2 Fungi Beasts","floor":10.0,"turns":2.0},{"damage":0.0,"enemies":"3 Louse","floor":11.0,"turns":1.0},{"damage":32.0,"enemies":"Hexaghost","floor":16.0,"turns":12.0},{"damage":0,"enemies":"Chosen","floor":18,"turns":4},{"damage":24,"enemies":"3 Byrds","floor":20,"turns":6},{"damage":1,"enemies":"Snake Plant","floor":21,"turns":7},{"damage":2,"enemies":"Masked Bandits","floor":22,"turns":4},{"damage":15,"enemies":"Gremlin Leader","floor":24,"turns":8},{"damage":6,"enemies":"Shelled Parasite and Fungi","floor":28,"turns":5},{"damage":0,"enemies":"Snecko","floor":29,"turns":3},{"damage":3,"enemies":"Snake Plant","floor":31,"turns":5},{"damage":29,"enemies":"Champ","floor":33,"turns":11},{"damage":9,"enemies":"3 Shapes","floor":35,"turns":7},{"damage":4,"enemies":"Mind Bloom Boss Battle","floor":36,"turns":7},{"damage":23,"enemies":"3 Darklings","floor":37,"turns":5},{"damage":8,"enemies":"Maw","floor":39,"turns":9},{"damage":18,"enemies":"Jaw Worm Horde","floor":46,"turns":7},{"damage":11,"enemies":"4 Shapes","floor":48,"turns":4},{"damage":8,"enemies":"Donu and Deca","floor":50,"turns":10}],"seed_played":"1219278173517855418","potions_obtained":[{"floor":1.0,"key":"Ancient Potion"},{"floor":8.0,"key":"CunningPotion"},{"floor":20,"key":"SneckoOil"},{"floor":21,"key":"Fire Potion"},{"floor":33,"key":"EssenceOfSteel"},{"floor":36,"key":"ColorlessPotion"},{"floor":37,"key":"Regen Potion"}],"is_trial":false,"path_per_floor":["M","?","?","T","M","M","R","E","T","M","M","R","?","T","R","B",null,"M","?","M","M","?","R","E","R","T","?","M","M","R","M","R","B",null,"M","?","M","$","M","R","$","R","T","R","?","M","?","M","R","B",null],"character_chosen":"THE_SILENT","items_purchased":["Strange Spoon","Regen Potion","Regal Pillow"],"campfire_rested":6,"item_purchase_floors":[38,38,38],"current_hp_per_floor":[70,70,70,70,70,69,69,15,15,15,15,36,41,41,63,31,75,75,37,13,12,10,21,6,17,17,17,11,11,22,19,30,1,37,28,24,1,1,37,37,37,37,37,37,37,19,14,3,3,37],"gold":78,"neow_bonus":"ONE_RARE_RELIC","is_daily":false,"chose_seed":false,"campfire_upgraded":5,"win_rate":0.0,"timestamp":1609134632,"path_taken":["M","?","?","?","M","M","R","E","T","M","M","R","?","?","R","BOSS","M","?","M","M","?","R","E","R","T","?","M","M","R","M","R","BOSS","M","?","M","$","M","R","$","R","T","R","?","?","?","M","R","BOSS"],"items_purchased_type":["Relic","Potion","Relic"],"build_version":"2020-12-22","purchased_purges":1,"victory":true,"max_hp_per_floor":[70,70,70,70,70,70,70,70,70,70,70,70,75,75,75,75,75,75,37,37,37,37,37,37,37,37,37,37,37,37,37,37,37,37,37,37,37,37,37,37,37,37,37,37,37,37,37,37,37,37],"card_choices":[{"not_picked":["Distraction","Blade Dance"],"picked":"Dagger Spray","floor":1.0},{"not_picked":["PiercingWail","Bane"],"picked":"Riddle With Holes","floor":5.0},{"not_picked":["Sucker Punch","Infinite Blades"],"picked":"Flying Knee","floor":6.0},{"not_picked":["Dagger Spray","Eviscerate"],"picked":"Venomology","floor":8.0},{"not_picked":["Slice","Poisoned Stab","Acrobatics"],"picked":"Cloak And Dagger","floor":10.0},{"not_picked":["Deadly Poison","Flying Knee","Poisoned Stab"],"picked":"Prepared","floor":11.0},{"not_picked":["Wraith Form v2","Envenom","Glass Knife"],"picked":"Burst","floor":16.0},{"not_picked":["Poisoned Stab","Quick Slash","Riddle With Holes"],"picked":"Underhanded Strike","floor":18},{"not_picked":["Skewer","Underhanded Strike","Dagger Spray","Blur"],"picked":"SKIP","floor":20},{"not_picked":["PiercingWail","Acrobatics","Quick Slash+1"],"picked":"Storm of Steel","floor":21},{"not_picked":["Eviscerate","Finisher","Predator+1"],"picked":"Expertise+1","floor":24},{"not_picked":["Quick Slash","Well Laid Plans","Dodge and Roll"],"picked":"Acrobatics+1","floor":28},{"not_picked":["Poisoned Stab","Catalyst","Backflip","Caltrops"],"picked":"SKIP","floor":29},{"not_picked":["Acrobatics","Bouncing Flask+1","Deflect"],"picked":"Endless Agony","floor":31},{"not_picked":["Doppelganger","Unload","Wraith Form v2"],"picked":"Night Terror","floor":33},{"not_picked":["Deflect+1","Dagger Spray+1","Cloak And Dagger+1","Backflip+1"],"picked":"SKIP","floor":35},{"not_picked":["Underhanded Strike+1","Catalyst","Deadly Poison"],"picked":"PiercingWail+1","floor":36},{"not_picked":["Acrobatics","Bane+1","Prepared+1"],"picked":"PiercingWail+1","floor":37},{"not_picked":["Quick Slash+1","Crippling Poison","Deadly Poison+1"],"picked":"Terror","floor":39},{"not_picked":["Heel Hook+1","Underhanded Strike+1","Flying Knee+1","Dagger Throw"],"picked":"SKIP","floor":46},{"not_picked":["Blade Dance","Backflip","Terror+1","Infinite Blades+1"],"picked":"SKIP","floor":48}],"player_experience":375926,"relics_obtained":[{"floor":4.0,"key":"Gambling Chip"},{"floor":8.0,"key":"Bag of Marbles"},{"floor":9.0,"key":"Question Card"},{"floor":14.0,"key":"Smiling Mask"},{"floor":22,"key":"Red Mask"},{"floor":24,"key":"PreservedInsect"},{"floor":26,"key":"Whetstone"},{"floor":36,"key":"Ice Cream"},{"floor":43,"key":"Ninja Scroll"},{"floor":45,"key":"Pantograph"}],"event_choices":[{"damage_healed":0.0,"max_hp_gain":0.0,"max_hp_loss":0.0,"gold_gain":0.0,"event_name":"Living Wall","player_choice":"Grow","floor":2.0,"gold_loss":0.0,"damage_taken":0.0,"cards_upgraded":["Dagger Spray"]},{"damage_healed":0.0,"max_hp_gain":0.0,"max_hp_loss":0.0,"gold_gain":0.0,"event_name":"World of Goop","player_choice":"Left Gold","floor":3.0,"gold_loss":13.0,"damage_taken":0.0},{"damage_healed":0.0,"max_hp_gain":5.0,"max_hp_loss":0.0,"gold_gain":0.0,"event_name":"Big Fish","player_choice":"Donut","floor":13.0,"gold_loss":0.0,"damage_taken":0.0},{"damage_healed":0,"gold_gain":0,"player_choice":"Became a Ghost","damage_taken":0,"max_hp_gain":0,"max_hp_loss":38,"event_name":"Ghosts","floor":19,"gold_loss":0,"cards_obtained":["Ghostly","Ghostly","Ghostly","Ghostly","Ghostly"]},{"damage_healed":0,"gold_gain":0,"player_choice":"Fought Bandits","damage_taken":0,"max_hp_gain":0,"max_hp_loss":0,"event_name":"Masked Bandits","floor":22,"gold_loss":0},{"damage_healed":0,"gold_gain":0,"player_choice":"Obtained Relic","damage_taken":0,"relics_obtained":["StoneCalendar"],"max_hp_gain":0,"max_hp_loss":0,"event_name":"Addict","floor":27,"gold_loss":85},{"damage_healed":0,"gold_gain":0,"player_choice":"Fight","damage_taken":0,"max_hp_gain":0,"max_hp_loss":0,"event_name":"MindBloom","floor":36,"gold_loss":0},{"damage_healed":0,"gold_gain":0,"player_choice":"Relic","damage_taken":0,"max_hp_gain":0,"max_hp_loss":0,"event_name":"Wheel of Change","floor":45,"gold_loss":0},{"damage_healed":0,"gold_gain":0,"player_choice":"Embrace Madness","damage_taken":5,"max_hp_gain":0,"max_hp_loss":0,"event_name":"Winding Halls","floor":47,"gold_loss":0,"cards_obtained":["Madness","Madness"]}],"is_beta":false,"boss_relics":[{"not_picked":["Runic Pyramid","Ectoplasm"],"picked":"SacredBark"},{"not_picked":["Black Star","Empty Cage"],"picked":"SlaversCollar"}],"items_purged_floors":[38],"is_endless":false,"potions_floor_spawned":[1,8,10,20,21,24,33,36,37],"ascension_level":1}}