{"host":"eocn4tduyrehyy81","time":1609180126,"event":{"mods":["AchievementEnabler","Aspiration","BaseMod","BetterRewards","Custom Start","Minty Spire (QoL Compilation)","Replay The Spire","StSLib"],"gold_per_floor":[110,110,120,45,45,45,78,78,104,118,138,220,234,234,234,339,339,312,312,5,58,73,73,88,88,88,106,106,121,121,121,121],"floor_reached":31,"playtime":2001,"items_purged":[],"score":335,"play_id":"ff1a7a55-2b7f-403c-a272-ff298e24f029","local_time":"20201228122846","is_ascension_mode":false,"campfire_choices":[{"floor":6,"key":"REST"},{"floor":8,"key":"REST"},{"data":"Poisoned Stab","floor":15,"key":"SMITH"},{"floor":23,"key":"REST"},{"floor":25,"key":"REST"}],"circlet_count":0,"master_deck":["Strike_G","Strike_G","Strike_G","Strike_G","Strike_G","Defend_G","Defend_G","Defend_G","Defend_G","Defend_G","Survivor","Neutralize","Deadly Poison","Outmaneuver","Poisoned Stab+1","Backflip","ReplayTheSpireMod:Private Reserves","Burst+1","Deadly Poison","PiercingWail","Outmaneuver","Deadly Poison","ReplayTheSpireMod:The Works","Unload","Bouncing Flask","Burst+1","Blade Dance","Quick Slash+1","Flying Knee","Deflect","Dagger Throw+1"],"relics":["Ring of the Snake","Iron Hammer","Tiny Chest","Lizard Tail","Replay:Mystery Machine","PreservedInsect","aspiration:StickyExplosives_weak","HoveringKite","The Specimen","Blue Doll","Replay:Accelerometer","CultistMask","PrismaticShard"],"acts_visited":["Exordium","TheCity"],"potions_floor_usage":[7,7,16,29,29],"damage_taken":[{"damage":0,"enemies":"Small Slimes","floor":1,"turns":3},{"damage":0,"enemies":"Cultist","floor":3,"turns":3},{"damage":22,"enemies":"Gremlin Nob","floor":7,"turns":4},{"damage":0,"enemies":"2 Louse","floor":10,"turns":3},{"damage":0,"enemies":"Red Slaver","floor":11,"turns":3},{"damage":0,"enemies":"2 Fungi Beasts","floor":13,"turns":4},{"damage":23,"enemies":"The Guardian","floor":16,"turns":9},{"damage":24,"enemies":"2 Thieves","floor":18,"turns":5},{"damage":4,"enemies":"Shell Parasite","floor":22,"turns":5},{"damage":42,"enemies":"3 Cultists","floor":24,"turns":6},{"damage":5,"enemies":"Cultist and Chosen","floor":27,"turns":4},{"damage":41,"enemies":"Sentry and Sphere","floor":29,"turns":6},{"damage":27,"enemies":"Slavers","floor":31,"turns":3}],"seed_played":"-7326679899208574176","potions_obtained":[{"floor":1,"key":"Energy Potion"},{"floor":3,"key":"LiquidBronze"},{"floor":11,"key":"Swift Potion"},{"floor":18,"key":"FearPotion"},{"floor":27,"key":"Strength Potion"},{"floor":29,"key":"FearPotion"}],"is_trial":false,"path_per_floor":["M","?","M","$","?","R","E","R","T","M","M","T","M","?","R","B",null,"M","?","$","T","M","R","M","R","T","M","?","M","?","E"],"character_chosen":"THE_SILENT","items_purchased":["Iron Hammer","Tiny Chest","Poisoned Stab","Backflip","The Specimen"],"campfire_rested":4,"item_purchase_floors":[0,0,4,4,20],"current_hp_per_floor":[70,52,52,52,52,70,48,69,69,69,69,69,69,69,69,46,70,46,46,46,46,42,63,21,42,42,37,37,35,27,0,0],"gold":121,"neow_bonus":"","is_daily":false,"chose_seed":false,"campfire_upgraded":1,"win_rate":0.0,"timestamp":1609180126,"path_taken":["M","?","M","$","?","R","E","R","T","?","M","?","?","?","R","BOSS","M","?","$","?","M","R","M","R","T","M","?","?","?","E"],"items_purchased_type":["Relic","Relic","Card","Card","Relic"],"build_version":"2020-12-22","purchased_purges":0,"victory":false,"max_hp_per_floor":[70,70,70,70,70,70,70,70,70,70,70,70,70,70,70,70,70,70,70,70,70,70,70,70,70,70,70,70,70,70,70,70],"card_choices":[{"not_picked":["Tactician","Acrobatics"],"picked":"Deadly Poison","floor":1},{"not_picked":["Dagger Spray","Deflect"],"picked":"Outmaneuver","floor":3},{"not_picked":["Leg Sweep","Underhanded Strike"],"picked":"PiercingWail","floor":7},{"not_picked":["Replay:Bag of Tricks","Prepared"],"picked":"Outmaneuver","floor":10},{"not_picked":["Leg Sweep","Deflect"],"picked":"Deadly Poison","floor":11},{"not_picked":["Acrobatics","Draining Mist"],"picked":"ReplayTheSpireMod:The Works","floor":13},{"not_picked":["Tools of the Trade","Doppelganger"],"picked":"Unload","floor":16},{"not_picked":["Dagger Spray","Sucker Punch"],"picked":"Bouncing Flask","floor":18},{"not_picked":["ReplayTheSpireMod:Exploit Weakness+1","Riddle With Holes"],"picked":"Blade Dance","floor":22},{"not_picked":["ReplayTheSpireMod:Shiv Toss+1","Underhanded Strike"],"picked":"Quick Slash+1","floor":24},{"not_picked":["Well Laid Plans","Heel Hook"],"picked":"Flying Knee","floor":27},{"not_picked":["Quick Slash","Hidden Blade+1"],"picked":"Deflect","floor":29},{"not_picked":["Poison Darts","Dodge and Roll"],"picked":"Dagger Throw+1","floor":30}],"player_experience":16217,"relics_obtained":[{"floor":7,"key":"Replay:Mystery Machine"},{"floor":9,"key":"PreservedInsect"},{"floor":12,"key":"aspiration:StickyExplosives_weak"},{"floor":21,"key":"Blue Doll"},{"floor":26,"key":"Replay:Accelerometer"},{"floor":30,"key":"PrismaticShard"}],"event_choices":[{"damage_healed":0,"gold_gain":0,"player_choice":"Success","damage_taken":18,"relics_obtained":["Lizard Tail"],"max_hp_gain":0,"max_hp_loss":0,"event_name":"Scrap Ooze","floor":2,"gold_loss":0},{"damage_healed":0,"gold_gain":0,"player_choice":"3 cards matched","damage_taken":0,"max_hp_gain":0,"max_hp_loss":0,"event_name":"Match and Keep!","floor":5,"gold_loss":0,"cards_obtained":["ReplayTheSpireMod:Private Reserves","Burst","Deadly Poison"]},{"damage_healed":0,"gold_gain":0,"player_choice":"Upgraded","damage_taken":0,"max_hp_gain":0,"max_hp_loss":0,"event_name":"Upgrade Shrine","floor":14,"gold_loss":0,"cards_upgraded":["Burst"]},{"damage_healed":0,"gold_gain":0,"player_choice":"Copied","damage_taken":0,"max_hp_gain":0,"max_hp_loss":0,"event_name":"Duplicator","floor":19,"gold_loss":0,"cards_obtained":["Burst"]},{"damage_healed":0,"gold_gain":0,"player_choice":"Trade","damage_taken":0,"relics_obtained":["CultistMask"],"max_hp_gain":0,"max_hp_loss":0,"event_name":"FaceTrader","floor":28,"gold_loss":0}],"is_beta":false,"boss_relics":[{"not_picked":["Coffee Dripper","Snecko Scales"],"picked":"HoveringKite"}],"items_purged_floors":[],"is_endless":false,"potions_floor_spawned":[1,3,11,18,27,29],"killed_by":"Slavers","ascension_level":0}}