{"host":"sctafptk02a6u9c8","time":1609155484,"event":{"mods":["BaseMod","Chen","Friendly Minions","KinomotoSakuraMod(ƒæ÷Æ±æ”£)","Kiyohime£®«Âºß£©","Koishi","Marisa£®ÏF”Í°°ƒß¿Ì…≥£©","Minty Spire (QoL Compilation)","Prisma Mod","READ ME - Guardian Mod","Reimu£®≤©¿ˆ¡È√Œ£©","Remilia£®¿Ÿ√◊¿Ú—«£©","RumiaBox-¬∂√◊Ê´µƒ…Ò√ÿ∫–◊”","StSLib","Td1madao Mod","The Alterego","The Servant 0.9.4","WarShipGirlsR/’ΩΩ¢…Ÿ≈ÆR mod","Yakumo Yukari mod","Youmu£®ªÍ∆«—˝√Œ£©","Yuyuko"],"gold_per_floor":[111,111,137,152,168,168,203,224,224,257,257,288,288,288,288,414,414,430,449,467,480,480,480,516,532,603,252,252,287,287,302,302,302,302],"floor_reached":33,"playtime":2795,"items_purged":[],"score":355,"play_id":"1681e413-e74d-41ff-961c-5fd295368699","local_time":"20201228193804","is_ascension_mode":false,"campfire_choices":[{"data":"alterego_mod:Impale","floor":6,"key":"SMITH"},{"data":"alterego_mod:Venus","floor":15,"key":"SMITH"},{"floor":23,"key":"RECALL"},{"floor":28,"key":"REST"},{"floor":32,"key":"REST"}],"circlet_count":0,"master_deck":["alterego_mod:Strike","alterego_mod:Strike","alterego_mod:Strike","alterego_mod:Defend","alterego_mod:Defend","alterego_mod:Defend","alterego_mod:Defend+1","alterego_mod:Impale+1","alterego_mod:BigMeatyClaws+1","alterego_mod:BrynhildrsRune","alterego_mod:Smother","alterego_mod:Punishment","alterego_mod:Birthday","alterego_mod:Venus+1","alterego_mod:Rip","alterego_mod:BreastValley","alterego_mod:1TonWallop","alterego_mod:MaintainEyeContact+1","alterego_mod:Bounce","alterego_mod:DeftHands","alterego_mod:Skirt","alterego_mod:1TonWallop","alterego_mod:PainIsPleasure","alterego_mod:Punishment","alterego_mod:DiscoLights","alterego_mod:Complex","alterego_mod:Tantrum","RitualDagger","alterego_mod:Pet+1","alterego_mod:DustData+1"],"relics":["alterego_mod:MasochisticConstitution","Golden Idol","Nunchaku","Smiling Mask","Boot","Art of War","Anchor","Black Star","Toy Ornithopter","White Beast Statue","Sling","War Paint","Bronze Scales","Question Card"],"acts_visited":["Exordium","TheCity"],"potions_floor_usage":[18,25,25,25,31,31,33,33],"damage_taken":[{"damage":3,"enemies":"2 Louse","floor":1,"turns":3},{"damage":3,"enemies":"Jaw Worm","floor":4,"turns":6},{"damage":10,"enemies":"Small Slimes","floor":5,"turns":5},{"damage":23,"enemies":"Gremlin Nob","floor":7,"turns":5},{"damage":21,"enemies":"Red Slaver","floor":8,"turns":4},{"damage":13,"enemies":"3 Sentries","floor":10,"turns":4},{"damage":1,"enemies":"Gremlin Nob","floor":12,"turns":3},{"damage":25,"enemies":"Hexaghost","floor":16,"turns":6},{"damage":21,"enemies":"Spheric Guardian","floor":18,"turns":4},{"damage":1,"enemies":"3 Byrds","floor":19,"turns":2},{"damage":26,"enemies":"Snake Plant","floor":20,"turns":4},{"damage":21,"enemies":"Chosen and Byrds","floor":21,"turns":4},{"damage":36,"enemies":"Book of Stabbing","floor":24,"turns":4},{"damage":28,"enemies":"Sentry and Sphere","floor":25,"turns":6},{"damage":56,"enemies":"Gremlin Leader","floor":29,"turns":7},{"damage":29,"enemies":"Shelled Parasite and Fungi","floor":31,"turns":4},{"damage":53,"enemies":"Automaton","floor":33,"turns":4}],"seed_played":"8104745358154241602","potions_obtained":[{"floor":1,"key":"Energy Potion"},{"floor":5,"key":"Explosive Potion"},{"floor":7,"key":"Dexterity Potion"},{"floor":12,"key":"PowerPotion"},{"floor":18,"key":"DuplicationPotion"},{"floor":25,"key":"PowerPotion"},{"floor":29,"key":"Swift Potion"},{"floor":31,"key":"BlessingOfTheForge"}],"is_trial":false,"path_per_floor":["M","?","T","M","M","R","E","M","T","E","?","E","?","?","R","B",null,"M","M","M","M","?","R","E","M","T","$","R","E","?","M","R","B"],"character_chosen":"The_Alterego","items_purchased":["Sling","War Paint","PowerPotion"],"campfire_rested":2,"item_purchase_floors":[27,27,27],"current_hp_per_floor":[75,56,56,61,66,66,53,42,42,46,46,53,53,53,53,31,85,74,74,75,57,51,51,25,38,38,38,65,26,26,10,37,0,0],"gold":302,"neow_bonus":"TEN_PERCENT_HP_BONUS","is_daily":false,"chose_seed":false,"campfire_upgraded":2,"win_rate":0.0,"timestamp":1609155484,"path_taken":["M","?","?","M","M","R","E","M","T","E","?","E","?","?","R","BOSS","M","M","M","M","?","R","E","M","T","$","R","E","?","M","R","BOSS"],"items_purchased_type":["Relic","Relic","Potion"],"build_version":"2020-12-22","purchased_purges":0,"victory":false,"max_hp_per_floor":[78,78,78,79,80,80,81,82,82,83,83,84,84,84,84,85,85,86,87,88,89,89,89,90,91,91,91,91,92,92,93,93,93,93],"card_choices":[{"not_picked":["alterego_mod:Collar","alterego_mod:Exercise"],"picked":"alterego_mod:Smother","floor":1},{"not_picked":["alterego_mod:GoddessCore","alterego_mod:PresenceConcealment"],"picked":"alterego_mod:Punishment","floor":4},{"not_picked":["alterego_mod:GoddessCore","alterego_mod:PerceptionDisorder"],"picked":"alterego_mod:Birthday","floor":5},{"not_picked":["alterego_mod:AlterEgo","alterego_mod:Santa"],"picked":"alterego_mod:Venus","floor":7},{"not_picked":["alterego_mod:DeftHands","alterego_mod:Bloomers"],"picked":"alterego_mod:Rip","floor":8},{"not_picked":["alterego_mod:DiscoLights","alterego_mod:Cushion"],"picked":"alterego_mod:BreastValley","floor":10},{"not_picked":["alterego_mod:Punishment","alterego_mod:Skirt"],"picked":"alterego_mod:1TonWallop","floor":12},{"not_picked":["alterego_mod:SideboobHour","alterego_mod:Palingenesis"],"picked":"alterego_mod:PainIsPleasure","floor":16},{"not_picked":["alterego_mod:Skirt","alterego_mod:1TonWallop"],"picked":"alterego_mod:Punishment","floor":18},{"not_picked":["alterego_mod:Maid","alterego_mod:Swimsuit"],"picked":"alterego_mod:DiscoLights","floor":19},{"not_picked":["alterego_mod:Cooking","alterego_mod:HighServant"],"picked":"alterego_mod:Complex","floor":20},{"not_picked":["alterego_mod:1TonWallop","alterego_mod:Cycle"],"picked":"alterego_mod:Tantrum","floor":21},{"not_picked":["alterego_mod:Pet","alterego_mod:HighServant","alterego_mod:Santa"],"picked":"SKIP","floor":24},{"not_picked":["alterego_mod:DeftHands+1","alterego_mod:Cooking+1","alterego_mod:PerceptionDisorder+1"],"picked":"SKIP","floor":25},{"not_picked":["alterego_mod:Stockings","alterego_mod:MagicResistance"],"picked":"alterego_mod:Pet+1","floor":29},{"not_picked":["alterego_mod:Belle","alterego_mod:Jiggle","alterego_mod:GoddessCore"],"picked":"alterego_mod:DustData+1","floor":31}],"player_experience":396877,"relics_obtained":[{"floor":3,"key":"Nunchaku"},{"floor":7,"key":"Smiling Mask"},{"floor":9,"key":"Boot"},{"floor":10,"key":"Art of War"},{"floor":12,"key":"Anchor"},{"floor":24,"key":"Toy Ornithopter"},{"floor":24,"key":"White Beast Statue"},{"floor":29,"key":"Bronze Scales"},{"floor":29,"key":"Question Card"}],"event_choices":[{"damage_healed":0,"gold_gain":0,"player_choice":"Take Damage","damage_taken":19,"relics_obtained":["Golden Idol"],"max_hp_gain":0,"max_hp_loss":0,"event_name":"Golden Idol","floor":2,"gold_loss":0},{"damage_healed":0,"gold_gain":0,"player_choice":"Grow","damage_taken":0,"max_hp_gain":0,"max_hp_loss":0,"event_name":"Living Wall","floor":11,"gold_loss":0,"cards_upgraded":["alterego_mod:BigMeatyClaws"]},{"cards_removed":["alterego_mod:Strike"],"damage_healed":0,"gold_gain":0,"player_choice":"Purged","damage_taken":0,"max_hp_gain":0,"max_hp_loss":0,"event_name":"Purifier","floor":14,"gold_loss":0},{"damage_healed":0,"gold_gain":0,"player_choice":"Joined the Cult","damage_taken":6,"max_hp_gain":0,"max_hp_loss":0,"event_name":"Nest","floor":22,"gold_loss":0,"cards_obtained":["RitualDagger"]}],"is_beta":false,"boss_relics":[{"not_picked":["EasyGame_NEW","Velvet Choker"],"picked":"Black Star"}],"items_purged_floors":[],"is_endless":false,"potions_floor_spawned":[1,5,7,12,16,18,21,25,29,31],"killed_by":"Automaton","ascension_level":0}}