{"host":"cnluwb240fdd52tp","time":1609166381,"event":{"mods":["BaseMod","Colored Map","DeckTracker","Infinite Spire","Minty Spire (QoL Compilation)","Rare Cards Sparkle","StSLib"],"gold_per_floor":[112,112,287,287,237,237,275,54,54,84,128,147,167,186,186,316,316,334,234,144,159,174,174,218,218,218,227,236,236,236],"floor_reached":29,"playtime":4030,"items_purged":["Defend_R","Second Wind+1","Shame"],"score":314,"play_id":"a37d4450-9177-4376-ae7c-65c342fe99a5","local_time":"20201228153941","is_ascension_mode":true,"campfire_choices":[{"data":"Bash","floor":6,"key":"SMITH"},{"data":"Rampage","floor":15,"key":"SMITH"},{"data":"Berserk","floor":23,"key":"SMITH"},{"data":"Seeing Red","floor":25,"key":"SMITH"}],"circlet_count":0,"master_deck":["Strike_R","Strike_R+1","Strike_R","Strike_R+1","Bash+1","Rage+1","Cleave","Rampage+1","Cleave","Clash","Clash","Berserk+1","Feed+1","Body Slam+1","Seeing Red+1","Seeing Red+1","Sword Boomerang","infinitespire:SealOfDarkness+"],"relics":["Burning Blood","NeowsBlessing","Golden Idol","InkBottle","HandDrill","Mummified Hand","infinitespire:BottledMercury","Astrolabe","Self Forming Clay","War Paint","CeramicFish"],"acts_visited":["Exordium","TheCity"],"potions_floor_usage":[14,16,21,21],"damage_taken":[{"damage":0,"enemies":"2 Louse","floor":1,"turns":1},{"damage":0,"enemies":"Gremlin Nob","floor":7,"turns":1},{"damage":0,"enemies":"3 Sentries","floor":11,"turns":2},{"damage":0,"enemies":"Small Slimes","floor":12,"turns":2},{"damage":0,"enemies":"Cultist","floor":13,"turns":3},{"damage":2,"enemies":"2 Fungi Beasts","floor":14,"turns":2},{"damage":15,"enemies":"Slime Boss","floor":16,"turns":6},{"damage":15,"enemies":"Spheric Guardian","floor":18,"turns":3},{"damage":0,"enemies":"Chosen","floor":21,"turns":1},{"damage":21,"enemies":"Snake Plant","floor":22,"turns":2},{"damage":32,"enemies":"Nightmare","floor":24,"turns":5},{"damage":0,"enemies":"Snecko","floor":29,"turns":2}],"seed_played":"-3701015140848323434","potions_obtained":[{"floor":7,"key":"ElixirPotion"},{"floor":11,"key":"AttackPotion"},{"floor":12,"key":"Swift Potion"},{"floor":18,"key":"SneckoOil"},{"floor":24,"key":"EntropicBrew"}],"is_trial":false,"path_per_floor":["M","?","?","?","?","R","E","$","T","?","E","M","M","M","R","B",null,"M","$","?","M","M","R","NM","R","T","?","AVR","M"],"character_chosen":"IRONCLAD","items_purchased":["HandDrill"],"campfire_rested":0,"item_purchase_floors":[8],"current_hp_per_floor":[80,64,64,44,44,44,50,50,50,50,56,62,68,72,72,63,80,71,71,71,77,62,62,36,36,36,36,36,36,36],"gold":236,"neow_bonus":"THREE_ENEMY_KILL","is_daily":false,"chose_seed":false,"campfire_upgraded":4,"win_rate":0.0,"timestamp":1609166381,"path_taken":["M","?","?","?","?","R","E","$","T","?","E","M","M","M","R","BOSS","M","$","?","?","M","R","NM","R","T","?","AVR","M"],"items_purchased_type":["Relic"],"build_version":"2020-12-22","purchased_purges":3,"victory":false,"max_hp_per_floor":[80,80,80,80,80,80,80,80,80,80,80,80,80,80,80,80,80,80,80,80,80,80,80,80,80,80,80,80,80,80],"card_choices":[{"not_picked":["Reckless Charge","Shrug It Off"],"picked":"Rage","floor":1},{"not_picked":["Twin Strike","Metallicize"],"picked":"Cleave","floor":7},{"not_picked":["Brutality","Thunderclap"],"picked":"Rampage","floor":11},{"not_picked":["Metallicize","Evolve"],"picked":"Cleave","floor":12},{"not_picked":["Metallicize","Havoc"],"picked":"Clash","floor":13},{"not_picked":["Iron Wave","Power Through"],"picked":"Clash","floor":14},{"not_picked":["Demon Form","Feed"],"picked":"Berserk","floor":16},{"not_picked":["Headbutt","Armaments"],"picked":"Seeing Red+1","floor":18},{"not_picked":["Wild Strike+1","Battle Trance"],"picked":"Seeing Red","floor":21},{"not_picked":["Perfected Strike","Battle Trance"],"picked":"Sword Boomerang","floor":22},{"not_picked":["Iron Wave","Perfected Strike","Shrug It Off"],"picked":"SKIP","floor":24}],"player_experience":143141,"relics_obtained":[{"floor":7,"key":"InkBottle"},{"floor":9,"key":"Mummified Hand"},{"floor":11,"key":"infinitespire:BottledMercury"},{"floor":24,"key":"Self Forming Clay"},{"floor":26,"key":"War Paint"}],"event_choices":[{"damage_healed":0,"gold_gain":0,"player_choice":"Entered Light","damage_taken":16,"max_hp_gain":0,"max_hp_loss":0,"event_name":"Shining Light","floor":2,"gold_loss":0,"cards_upgraded":["Rage","Strike_R"]},{"damage_healed":0,"gold_gain":175,"player_choice":"AGREE","damage_taken":0,"max_hp_gain":0,"max_hp_loss":0,"event_name":"Liars Game","floor":3,"gold_loss":0,"cards_obtained":["Doubt"]},{"damage_healed":0,"gold_gain":0,"player_choice":"Take Damage","damage_taken":20,"relics_obtained":["Golden Idol"],"max_hp_gain":0,"max_hp_loss":0,"event_name":"Golden Idol","floor":4,"gold_loss":0},{"cards_removed":["Doubt"],"damage_healed":0,"gold_gain":0,"player_choice":"Card Removal","damage_taken":0,"max_hp_gain":0,"max_hp_loss":0,"event_name":"The Cleric","floor":5,"gold_loss":50},{"damage_healed":0,"gold_gain":30,"player_choice":"Searched \u00272\u0027 times","damage_taken":0,"max_hp_gain":0,"max_hp_loss":0,"event_name":"Dead Adventurer","floor":10,"gold_loss":0},{"cards_removed":["Strike_R"],"damage_healed":0,"gold_gain":0,"player_choice":"Upgrade and Remove","damage_taken":0,"max_hp_gain":0,"max_hp_loss":0,"event_name":"Designer","floor":20,"gold_loss":90,"cards_upgraded":["Strike_R"]},{"damage_healed":0,"gold_gain":0,"player_choice":"Stole Relic","damage_taken":0,"relics_obtained":["CeramicFish"],"max_hp_gain":0,"max_hp_loss":0,"event_name":"Addict","floor":27,"gold_loss":0,"cards_obtained":["Shame"]}],"is_beta":false,"boss_relics":[{"not_picked":["Black Blood","Sozu"],"picked":"Astrolabe"}],"items_purged_floors":[8,19,28],"is_endless":true,"potions_floor_spawned":[7,11,12,18,24],"killed_by":"Snecko","ascension_level":1}}