{"host":"n7mxhpjy89lltbhc","time":1609150317,"event":{"mods":["2.2 Compatiblity","Act Like it!","Bard","BaseMod","Better Match","Better Sensory Stone","Better Synergies","Better Third Choice","Better Vampires","BetterRewards","Challenge The Spire","Colored Map","Colored Powertips","Downfall","Gensokyo","Hubris","Infinite Spire","Jedi Mod","Marisa????????","Marked Mod","Minty Spire (QoL Compilation)","Permanent Neow","Rare Cards Sparkle","Relic Sorter","Relic Stats","Replay The Spire","Shop Mod","Small Relic Pack","Spicy Shops","StSLib","Strawberry Spire","The Blue Laboratory","The Disciple","The Servant 0.9.4","Uncapped","Waifu the Spire","Wandering Minibosses","vexMod"],"gold_per_floor":[368,380,393,119,130,130,130],"floor_reached":6,"playtime":244,"items_purged":["Strike_S"],"score":63,"play_id":"d746ad38-ee55-4a38-80e4-2a3b52bcbefc","local_time":"25631228171157","is_ascension_mode":true,"campfire_choices":[],"circlet_count":0,"master_deck":["AscendersBane","Strike_S","Strike_S","Strike_S","Defend_S","Defend_S","Defend_S","Defend_S","KidneyShot","Exchange","Desolation","Unruled","Starlight","Defy","FanOfKnives"],"relics":["Uniform","PreservedInsect"],"acts_visited":["Gensokyo:Gensokyo"],"potions_floor_usage":[6,6],"damage_taken":[{"damage":7,"enemies":"Gensokyo:2_Kodama","floor":1,"turns":4},{"damage":4,"enemies":"Gensokyo:Python","floor":2,"turns":3},{"damage":8,"enemies":"Gensokyo:Gryphon","floor":3,"turns":4},{"damage":16,"enemies":"Gensokyo:3_Kodama","floor":5,"turns":9},{"damage":15,"enemies":"Gensokyo:Mamizou","floor":6,"turns":3}],"seed_played":"5915312500505280555","potions_obtained":[{"floor":2,"key":"hexamod:EctoCoolerPotion"},{"floor":5,"key":"ColorlessPotion"}],"is_trial":false,"path_per_floor":["M","M","M","$","M","E"],"character_chosen":"THE_SERVANT","items_purchased":["Defy","PreservedInsect"],"campfire_rested":0,"item_purchase_floors":[4,4],"current_hp_per_floor":[37,33,25,25,9,0,0],"gold":130,"neow_bonus":"TWO_FIFTY_GOLD","is_daily":false,"chose_seed":false,"campfire_upgraded":0,"win_rate":0.0,"timestamp":1609150317,"path_taken":["M","?","M","$","M","E"],"items_purchased_type":["Card","Relic"],"build_version":"2020-12-22","purchased_purges":1,"victory":false,"max_hp_per_floor":[65,65,65,65,65,65,65],"relic_stats":{"counters":[5,23],"PreservedInsect":29,"obtain_stats":[{"PreservedInsect":4,"Uniform":0},{"PreservedInsect":3,"Uniform":0},{"PreservedInsect":11,"Uniform":0}]},"card_choices":[{"not_picked":["Alleviate","Replace"],"picked":"Desolation","floor":1},{"not_picked":["Revamp","ShatteredReality"],"picked":"Unruled","floor":2},{"not_picked":["Alleviate","Snipe"],"picked":"Starlight","floor":3},{"not_picked":["Rewind","ShatteredReality"],"picked":"FanOfKnives","floor":5}],"player_experience":1014858,"relics_obtained":[],"event_choices":[],"is_beta":false,"boss_relics":[],"items_purged_floors":[4],"is_endless":false,"potions_floor_spawned":[2,5],"killed_by":"Gensokyo:Mamizou","ascension_level":13}}