{"host":"m77rrhbqzv44va4v","time":1609149556,"event":{"mods":["AchievementEnabler","BaseMod","Colored Map","DeckTracker","Keyboard Shortcuts","Minty Spire (QoL Compilation)","StSLib","SuperFastMode","everything is the same but u backflip on backflip"],"gold_per_floor":[110,124,139,139,153,153,169,199,199,213,24,24,37,68,68,68,68],"floor_reached":16,"playtime":1635,"items_purged":["Strike_B"],"score":146,"play_id":"d810851b-7b84-4f5c-b7e7-ccc544e5cfa7","local_time":"20201228185916","is_ascension_mode":true,"campfire_choices":[{"data":"Dualcast","floor":6,"key":"SMITH"},{"floor":15,"key":"REST"}],"circlet_count":0,"master_deck":["Strike_B","Strike_B","Defend_B","Defend_B","Defend_B","Zap","Dualcast+1","FTL","Ball Lightning","Compile Driver","Chill","Undo","Redo","Defragment","Rip and Tear","Glacier","Sweeping Beam"],"relics":["Cracked Core","Golden Idol","Gremlin Horn","Girya","Letter Opener"],"acts_visited":["Exordium"],"potions_floor_usage":[14,14,14],"damage_taken":[{"damage":0,"enemies":"Small Slimes","floor":1,"turns":2},{"damage":2,"enemies":"Jaw Worm","floor":2,"turns":3},{"damage":0,"enemies":"Cultist","floor":3,"turns":2},{"damage":6,"enemies":"Looter","floor":5,"turns":2},{"damage":6,"enemies":"Exordium Wildlife","floor":7,"turns":4},{"damage":1,"enemies":"3 Louse","floor":10,"turns":2},{"damage":0,"enemies":"Exordium Thugs","floor":13,"turns":2},{"damage":3,"enemies":"Gremlin Nob","floor":14,"turns":3},{"damage":27,"enemies":"Hexaghost","floor":16,"turns":9}],"seed_played":"8265018928646955082","potions_obtained":[{"floor":1,"key":"Energy Potion"},{"floor":7,"key":"FocusPotion"},{"floor":13,"key":"Swift Potion"},{"floor":14,"key":"Swift Potion"}],"is_trial":false,"path_per_floor":["M","M","M","?","M","R","M","?","T","M","$","?","M","E","R","B"],"character_chosen":"DEFECT","items_purchased":["Defragment","Rip and Tear"],"campfire_rested":1,"item_purchase_floors":[11,11],"current_hp_per_floor":[50,48,48,30,24,24,18,18,18,17,17,5,5,2,24,0,0],"gold":68,"neow_bonus":"REMOVE_TWO","is_daily":false,"chose_seed":false,"campfire_upgraded":1,"win_rate":0.0,"timestamp":1609149556,"path_taken":["M","M","M","?","M","R","M","?","T","M","$","?","M","E","R","BOSS"],"items_purchased_type":["Card","Card"],"build_version":"2020-12-22","purchased_purges":1,"victory":false,"max_hp_per_floor":[75,75,75,75,75,75,75,75,75,75,75,75,75,75,75,75,75],"card_choices":[{"not_picked":["Conserve Battery","Streamline"],"picked":"FTL","floor":1},{"not_picked":["Sweeping Beam","Rebound"],"picked":"Ball Lightning","floor":2},{"not_picked":["Stack","Gash"],"picked":"Compile Driver","floor":3},{"not_picked":["Go for the Eyes","Stack"],"picked":"Chill","floor":5},{"not_picked":["Streamline","Sweeping Beam"],"picked":"Undo","floor":7},{"not_picked":["Meteor Strike","Compile Driver"],"picked":"Redo","floor":10},{"not_picked":["Darkness","White Noise"],"picked":"Glacier","floor":13},{"not_picked":["Stack","Barrage"],"picked":"Sweeping Beam","floor":14}],"player_experience":824437,"relics_obtained":[{"floor":9,"key":"Gremlin Horn"},{"floor":14,"key":"Letter Opener"}],"event_choices":[{"damage_healed":0,"gold_gain":0,"player_choice":"Take Damage","damage_taken":18,"relics_obtained":["Golden Idol"],"max_hp_gain":0,"max_hp_loss":0,"event_name":"Golden Idol","floor":4,"gold_loss":0},{"damage_healed":0,"gold_gain":30,"player_choice":"Searched \u00271\u0027 times","damage_taken":0,"max_hp_gain":0,"max_hp_loss":0,"event_name":"Dead Adventurer","floor":8,"gold_loss":0},{"damage_healed":0,"gold_gain":0,"player_choice":"Success","damage_taken":12,"relics_obtained":["Girya"],"max_hp_gain":0,"max_hp_loss":0,"event_name":"Scrap Ooze","floor":12,"gold_loss":0}],"is_beta":false,"boss_relics":[],"items_purged_floors":[11],"is_endless":false,"potions_floor_spawned":[1,7,13,14],"killed_by":"Hexaghost","ascension_level":8}}