{"host":"raai0vtvcfkt8csp","time":1609196087,"event":{"mods":["2.2 Compatiblity","AchievementEnabler","BaseMod","Block Reminder","DeckTracker","Defective Defect","GifTheSpireLib","Minty Spire (QoL Compilation)","Quick Restart","Random Character Button","Rare Cards Sparkle","StSLib","Unceasing Turn Reminder"],"gold_per_floor":[12,30,49,26,26,26,59,76,76,76,93,122,87,87,87,87,87],"floor_reached":16,"playtime":794,"items_purged":[],"score":116,"play_id":"43b7195b-fe69-4b0f-8c7b-dff74317d1d5","local_time":"20201228235447","is_ascension_mode":true,"campfire_choices":[{"data":"Berserk","floor":6,"key":"SMITH"},{"data":"Anger","floor":10,"key":"SMITH"},{"floor":15,"key":"REST"}],"circlet_count":0,"master_deck":["Strike_R","Strike_R","Strike_R","Strike_R","Strike_R","Defend_R","Defend_R","Defend_R","Defend_R","Bash","Berserk+1","Anger+1","Dual Wield","Anger","Anger","Fire Breathing","Entrench","Dropkick","Impervious+1","Fire Breathing"],"relics":["Burning Blood","StoneCalendar","Bottled Tornado","Toxic Egg 2","InkBottle"],"acts_visited":["Exordium"],"potions_floor_usage":[3,16],"damage_taken":[{"damage":4,"enemies":"Cultist","floor":1,"turns":4},{"damage":0,"enemies":"2 Louse","floor":2,"turns":3},{"damage":3,"enemies":"Jaw Worm","floor":3,"turns":3},{"damage":24,"enemies":"Gremlin Nob","floor":7,"turns":4},{"damage":15,"enemies":"Looter","floor":8,"turns":3},{"damage":18,"enemies":"Exordium Wildlife","floor":11,"turns":4},{"damage":30,"enemies":"Lagavulin","floor":12,"turns":7},{"damage":44,"enemies":"The Guardian","floor":16,"turns":9}],"seed_played":"1726306227003675795","potions_obtained":[{"floor":2,"key":"BlessingOfTheForge"},{"floor":7,"key":"Dexterity Potion"},{"floor":11,"key":"Energy Potion"},{"floor":12,"key":"Block Potion"}],"is_trial":false,"path_per_floor":["M","M","M","$","?","R","E","M","T","R","M","E","$","?","R","B"],"character_chosen":"IRONCLAD","items_purchased":["Anger","Fire Breathing"],"campfire_rested":1,"item_purchase_floors":[4,13],"current_hp_per_floor":[80,80,80,80,80,80,62,53,53,53,41,17,17,17,41,0,0],"gold":87,"neow_bonus":"THREE_RARE_CARDS","is_daily":false,"chose_seed":false,"campfire_upgraded":2,"win_rate":0.0,"timestamp":1609196087,"path_taken":["M","M","M","$","?","R","E","M","T","R","M","E","$","?","R","BOSS"],"items_purchased_type":["Card","Card"],"build_version":"2020-12-22","purchased_purges":0,"victory":false,"max_hp_per_floor":[80,80,80,80,80,80,80,80,80,80,80,80,80,80,80,80,80],"card_choices":[{"not_picked":["Feed","Offering"],"picked":"Berserk","floor":0},{"not_picked":["Twin Strike","Body Slam"],"picked":"Anger","floor":1},{"not_picked":["Feel No Pain","Twin Strike"],"picked":"Dual Wield","floor":2},{"not_picked":["Iron Wave","Uppercut"],"picked":"Anger","floor":3},{"not_picked":["Blood for Blood","Offering"],"picked":"Fire Breathing","floor":7},{"not_picked":["Inflame","Pommel Strike"],"picked":"Entrench","floor":8},{"not_picked":["Headbutt","Feel No Pain"],"picked":"Dropkick","floor":11},{"not_picked":["Warcry+1","Sever Soul"],"picked":"Impervious+1","floor":12}],"player_experience":475937,"relics_obtained":[{"floor":5,"key":"StoneCalendar"},{"floor":7,"key":"Bottled Tornado"},{"floor":9,"key":"Toxic Egg 2"},{"floor":12,"key":"InkBottle"}],"event_choices":[{"damage_healed":0,"gold_gain":0,"player_choice":"Relic","damage_taken":0,"max_hp_gain":0,"max_hp_loss":0,"event_name":"Wheel of Change","floor":5,"gold_loss":0},{"damage_healed":0,"gold_gain":0,"player_choice":"Ignored","damage_taken":0,"max_hp_gain":0,"max_hp_loss":0,"event_name":"Purifier","floor":14,"gold_loss":0}],"is_beta":false,"boss_relics":[],"items_purged_floors":[],"is_endless":false,"potions_floor_spawned":[2,7,11,12],"killed_by":"The Guardian","ascension_level":1}}