{"host":"0z6l31g9ps0v9zzp","time":1609123012,"event":{"mods":["Act Like it!","BaseMod","CapriCore","Gensokyo","Minty Spire (QoL Compilation)","StSLib","Yakumo Yukari mod"],"gold_per_floor":[133,133,133,38,53,53,53,76,150,194,235,250,250,277,277,277,277],"floor_reached":16,"playtime":622,"items_purged":[],"score":180,"play_id":"0dc2beba-9e33-4183-8b36-68ac2a63a25c","local_time":"20201228103652","daily_mods":["Heirloom","Flight"],"is_ascension_mode":true,"campfire_choices":[{"data":"Mirror_Drifter_purple","floor":6,"key":"SMITH"},{"data":"Observe_purple_2","floor":7,"key":"SMITH"},{"data":"GluttonyofRealm_purpleEX","floor":13,"key":"SMITH"},{"data":"OmniscientAndOmnipotent_Monster_purple","floor":15,"key":"SMITH"}],"circlet_count":0,"master_deck":["AscendersBane","AT_purpleEX","AT_purpleEX","AT_purpleEX","AT_purpleEX","Defend_purpleEX","Defend_purpleEX","Defend_purpleEX","Defend_purpleEX","Observe_purple_1","Observe_purple_2+1","Mirror_Drifter_purple+1","DimensionStaggered_purple","OpenedBox_purple","GluttonyofRealm_purpleEX+1","GluttonyofRealm_purpleEX","OmniscientAndOmnipotent_Monster_purple+1"],"relics":["Boundary_crack","Memoryfragments_purpleEX","Gambling Chip","Bag of Marbles","Question Card","Torii","MealTicket"],"acts_visited":["Gensokyo:Gensokyo"],"potions_floor_usage":[16],"damage_taken":[{"damage":18,"enemies":"Gensokyo:2_Kodama","floor":1,"turns":6},{"damage":20,"enemies":"Gensokyo:3_Fairies","floor":5,"turns":8},{"damage":1,"enemies":"Gensokyo:Gryphon","floor":10,"turns":4},{"damage":19,"enemies":"Gensokyo:2_Rabbits","floor":11,"turns":6},{"damage":7,"enemies":"Gensokyo:Python_and_Kodama","floor":12,"turns":5},{"damage":27,"enemies":"Gensokyo:Yukari","floor":16,"turns":4}],"seed_played":"-8923533187734151922","potions_obtained":[{"floor":5,"key":"BlessingOfTheForge"},{"floor":11,"key":"Ancient Potion"}],"is_trial":true,"path_per_floor":["M","?","?","COS","M","R","R","T","T","M","M","M","R","T","R","B"],"character_chosen":"Youkari","items_purchased":[],"campfire_rested":0,"item_purchase_floors":[],"current_hp_per_floor":[44,44,44,44,29,29,29,29,29,32,18,22,22,22,22,0,0],"gold":277,"neow_bonus":"","is_daily":false,"chose_seed":false,"campfire_upgraded":4,"win_rate":0.0,"timestamp":1609123012,"path_taken":["M","?","?","COS","?","R","R","?","T","?","M","M","R","?","R","BOSS"],"items_purchased_type":[],"build_version":"2020-12-22","purchased_purges":0,"victory":false,"max_hp_per_floor":[65,65,65,65,65,65,65,65,65,65,65,71,71,71,71,71,71],"card_choices":[{"not_picked":["StateDuplicate_purple","Shallow_ocean_purpleEX"],"picked":"Mirror_Drifter_purple","floor":1},{"not_picked":["MeetDecomposer_purple","MetroBOOM_purple"],"picked":"DimensionStaggered_purple","floor":2},{"not_picked":["SfantasyHide_purple","MonsterNeedle_purple"],"picked":"OpenedBox_purple","floor":2},{"not_picked":["DimensionStaggered_purple","Worldmountain_purple","MeetDecomposer_purple"],"picked":"SKIP","floor":5},{"not_picked":["Monsters_DoubleDeathButterfly_purple","WasteWire_Metro_purple","ContainerChange_purple"],"picked":"GluttonyofRealm_purpleEX","floor":10},{"not_picked":["RealityDreamConfluencek_purple","Umbrella_purple","MeetDecomposer_purple","Line_surface_state_purple"],"picked":"SKIP","floor":10},{"not_picked":["ExternalForce_HighSpeedFlying_purple","SharpContractionReality_purple","Boundary_DreamRealityDamnation_purple"],"picked":"GluttonyofRealm_purpleEX","floor":11},{"not_picked":["MeetDecomposer_purple","StateErode_purple","ExternalForce_HighSpeedFlying_purple"],"picked":"OmniscientAndOmnipotent_Monster_purple","floor":12}],"player_experience":280282,"relics_obtained":[{"floor":8,"key":"Bag of Marbles"},{"floor":9,"key":"Question Card"},{"floor":14,"key":"MealTicket"}],"event_choices":[],"is_beta":false,"boss_relics":[],"items_purged_floors":[],"is_endless":false,"potions_floor_spawned":[5,11],"killed_by":"Gensokyo:Yukari","ascension_level":20}}