{"host":"j3h0p3l2xgzxhnx7","time":1609143178,"event":{"mods":["BaseMod","Luminous","Marisa????????","Minty Spire (QoL Compilation)","StSLib","The Bug Knight","The Cursed","The Servant 0.9.4"],"gold_per_floor":[110,110,110,124,124,158,181,181,181,201,170,170,204,222,222,222,222],"floor_reached":16,"playtime":1021,"items_purged":[],"score":135,"play_id":"b15a89ee-bc3b-462a-95e1-651bded2d534","local_time":"20201228161258","is_ascension_mode":false,"campfire_choices":[{"data":"SurpressingFire","floor":8,"key":"SMITH"},{"floor":15,"key":"REST"}],"circlet_count":0,"master_deck":["Strike_S","Strike_S","Strike_S","Strike_S","Defend_S","Defend_S","Defend_S","Defend_S","KidneyShot","Exchange","SurpressingFire+1","Rearm","BottledTime","Rewind","Ricochet","MoonPhase","Defy"],"relics":["Uniform","NeowsBlessing","Golden Idol","Question Card","PreservedInsect","Pocketwatch"],"acts_visited":["Exordium"],"potions_floor_usage":[13],"damage_taken":[{"damage":2,"enemies":"2 Louse","floor":1,"turns":2},{"damage":0,"enemies":"Jaw Worm","floor":4,"turns":1},{"damage":0,"enemies":"Gremlin Nob","floor":6,"turns":1},{"damage":6,"enemies":"Small Slimes","floor":7,"turns":4},{"damage":22,"enemies":"2 Fungi Beasts","floor":10,"turns":7},{"damage":31,"enemies":"HollowMod:MossKnight","floor":13,"turns":21},{"damage":6,"enemies":"Large Slime","floor":14,"turns":11},{"damage":33,"enemies":"Slime Boss","floor":16,"turns":9}],"seed_played":"-63654532429979698","potions_obtained":[{"floor":1,"key":"SteroidPotion"},{"floor":6,"key":"Regen Potion"},{"floor":14,"key":"Strength Potion"}],"is_trial":false,"path_per_floor":["M","?","?","M","?","E","M","R","T","M","?","?","E","M","R","B"],"character_chosen":"THE_SERVANT","items_purchased":[],"campfire_rested":1,"item_purchase_floors":[],"current_hp_per_floor":[63,63,63,63,63,63,57,57,57,35,35,35,19,13,32,0,0],"gold":222,"neow_bonus":"THREE_ENEMY_KILL","is_daily":false,"chose_seed":false,"campfire_upgraded":1,"win_rate":0.0,"timestamp":1609143178,"path_taken":["M","?","?","M","?","E","M","R","T","?","?","?","E","M","R","BOSS"],"items_purchased_type":[],"build_version":"2020-12-22","purchased_purges":0,"victory":false,"max_hp_per_floor":[65,65,65,65,65,65,65,65,65,65,65,65,65,65,65,65,65],"card_choices":[{"not_picked":["ReturningBlade","Sabotage"],"picked":"SurpressingFire","floor":1},{"not_picked":["Alleviate","DoubleEdge"],"picked":"Rearm","floor":4},{"not_picked":["Rewind","InstantArmor"],"picked":"BottledTime","floor":6},{"not_picked":["Foresight","Spin","Revamp"],"picked":"Rewind","floor":7},{"not_picked":["Rewind","SoulSculpture","Contraction"],"picked":"Ricochet","floor":10},{"not_picked":["Spin","Contraction","RealityMarble"],"picked":"MoonPhase","floor":13},{"not_picked":["FastForward","Alleviate","DoubleEdge"],"picked":"Defy","floor":14}],"player_experience":5965,"relics_obtained":[{"floor":6,"key":"Question Card"},{"floor":9,"key":"PreservedInsect"},{"floor":13,"key":"Pocketwatch"}],"event_choices":[{"damage_healed":0,"gold_gain":0,"player_choice":"Leave","damage_taken":0,"max_hp_gain":0,"max_hp_loss":0,"event_name":"The Cleric","floor":2,"gold_loss":0},{"damage_healed":0,"gold_gain":0,"player_choice":"Take Wound","damage_taken":0,"relics_obtained":["Golden Idol"],"max_hp_gain":0,"max_hp_loss":0,"event_name":"Golden Idol","floor":3,"gold_loss":0,"cards_obtained":["Injury"]},{"cards_removed":["Injury"],"damage_healed":0,"gold_gain":0,"player_choice":"Forget","damage_taken":0,"max_hp_gain":0,"max_hp_loss":0,"event_name":"Living Wall","floor":5,"gold_loss":0},{"damage_healed":0,"gold_gain":0,"player_choice":"Left Gold","damage_taken":0,"max_hp_gain":0,"max_hp_loss":0,"event_name":"World of Goop","floor":11,"gold_loss":31},{"damage_healed":0,"gold_gain":0,"player_choice":"Ignored","damage_taken":0,"max_hp_gain":0,"max_hp_loss":0,"event_name":"Shining Light","floor":12,"gold_loss":0}],"is_beta":false,"boss_relics":[],"items_purged_floors":[],"is_endless":false,"potions_floor_spawned":[1,6,14],"killed_by":"Slime Boss","ascension_level":0}}