{"host":"rnys9sj607vajavv","time":1609126179,"event":{"mods":["BaseMod","Colored Map","Downfall","Minty Spire (QoL Compilation)","StSLib"],"gold_per_floor":[99,99,99,99,159,177,177,187,204,204,204,220,220,220,220],"floor_reached":13,"playtime":1141,"items_purged":[],"score":88,"play_id":"ad2a5310-d5ae-44c3-bbf0-ac9508d6bb37","local_time":"20201227192939","is_ascension_mode":true,"campfire_choices":[{"data":"champ:Taunt","floor":1,"key":"SMITH"},{"data":"champ:ViciousMockery","floor":10,"key":"SMITH"}],"circlet_count":0,"master_deck":["champ:Strike","champ:Strike","champ:Strike","champ:Strike","champ:Defend","champ:Defend","champ:Defend","champ:Defend","champ:Execute","champ:Taunt+1","champ:ViciousMockery+1","champ:RageSigil","champ:CrookedStrike","champ:StanceDance","champ:Circumvent"],"relics":["champ:ChampionCrown","downfall:HeartsMalice","Darkstone Periapt","Bottled Lightning"],"acts_visited":["Exordium"],"potions_floor_usage":[],"damage_taken":[{"damage":0,"enemies":"Cultist","floor":2,"turns":1},{"damage":0,"enemies":"2 Louse","floor":3,"turns":1},{"damage":0,"enemies":"Jaw Worm","floor":4,"turns":1},{"damage":43,"enemies":"3 Sentries","floor":5,"turns":11},{"damage":1,"enemies":"Blue Slaver","floor":6,"turns":6},{"damage":26,"enemies":"Gremlin Gang","floor":8,"turns":8},{"damage":12,"enemies":"3 Louse","floor":9,"turns":5},{"damage":25,"enemies":"Exordium Wildlife","floor":12,"turns":8},{"damage":9,"enemies":"Gremlin Nob","floor":13,"turns":2}],"seed_played":"-1387731002181871575","potions_obtained":[{"floor":5,"key":"champ:OpenerPotion"},{"floor":6,"key":"Energy Potion"},{"floor":12,"key":"Explosive Potion"}],"is_trial":false,"path_per_floor":["R","M","M","M","?","M","T","M","M","R","?","M","E"],"character_chosen":"THE_CHAMP","items_purchased":[],"campfire_rested":0,"item_purchase_floors":[],"current_hp_per_floor":[90,90,90,90,62,61,61,45,38,38,26,9,0,0,0],"gold":220,"neow_bonus":"THREE_ENEMY_KILL","is_daily":false,"chose_seed":false,"campfire_upgraded":2,"win_rate":0.0,"timestamp":1609126179,"path_taken":["R","M","M","M","?","M","T","M","M","R","?","?","E"],"items_purchased_type":[],"build_version":"2020-12-22","purchased_purges":0,"victory":false,"max_hp_per_floor":[90,90,90,90,90,90,90,90,90,90,90,90,90,90,90],"card_choices":[{"not_picked":["champ:TornadoPunch","champ:GutPunch"],"picked":"champ:ViciousMockery","floor":2},{"not_picked":["champ:GutPunch","champ:HeartStrike"],"picked":"champ:RageSigil","floor":3},{"not_picked":["champ:BerserkersShout","champ:DeathBlow"],"picked":"champ:CrookedStrike","floor":4},{"not_picked":["champ:PerfectedStrike","champ:ShieldWall"],"picked":"champ:StanceDance","floor":5},{"not_picked":["champ:DefensiveShout","champ:RisingSlash"],"picked":"champ:Circumvent","floor":6},{"not_picked":["champ:BladeFlurry","champ:TornadoPunch","champ:FocusedGladiator"],"picked":"SKIP","floor":8},{"not_picked":["champ:Duel","champ:GladiatorStyle","champ:GladiatorsShout"],"picked":"SKIP","floor":9},{"not_picked":["champ:Backstep","champ:StanceDance","champ:IgnorePain"],"picked":"SKIP","floor":12}],"player_experience":635738,"relics_obtained":[{"floor":5,"key":"Darkstone Periapt"},{"floor":7,"key":"Bottled Lightning"}],"event_choices":[{"damage_healed":0,"gold_gain":0,"player_choice":"Fled","damage_taken":12,"max_hp_gain":0,"max_hp_loss":0,"event_name":"Scrap Ooze","floor":11,"gold_loss":0}],"is_beta":false,"boss_relics":[],"items_purged_floors":[],"is_endless":false,"potions_floor_spawned":[5,6,12],"killed_by":"Gremlin Nob","ascension_level":4}}