{"host":"u2grshebrc5rdzdn","time":1609115254,"event":{"mods":["AchievementEnabler","BaseMod","Minty Spire (QoL Compilation)","StSLib"],"gold_per_floor":[19,31,31,31,42,42,77,77,77,104,123,148,167,185,185,285,285,301,301,301,315,331,331,343,7,7,7,38,38,48,83,83,178,178,188,188,188,188],"floor_reached":39,"playtime":2745,"items_purged":[],"score":879,"play_id":"9753886b-0e28-4b57-8f18-018ea5e8f6cc","local_time":"20201228012734","is_ascension_mode":true,"campfire_choices":[{"data":"Blade Dance","floor":6,"key":"SMITH"},{"floor":8,"key":"REST"},{"data":"Caltrops","floor":15,"key":"SMITH"},{"data":"RitualDagger","floor":23,"key":"SMITH"},{"data":"Noxious Fumes","floor":29,"key":"SMITH"},{"data":"Footwork","floor":32,"key":"SMITH"}],"circlet_count":0,"master_deck":["Defend_G","Defend_G","Defend_G","Defend_G","Defend_G","Survivor","Neutralize+1","Caltrops+1","PiercingWail","Blade Dance+1","Predator","Backflip","Footwork+1","Backflip","Envenom","Deflect+1","Poisoned Stab+1","Doppelganger+1","RitualDagger+1","Ghostly","Ghostly","Ghostly","Ghostly","Ghostly","Noxious Fumes+1","Phantasmal Killer+1","Footwork+1","Envenom","Envenom","Footwork+1"],"relics":["Ring of the Snake","InkBottle","Darkstone Periapt","Pen Nib","Regal Pillow","Singing Bowl","Astrolabe","Toxic Egg 2","FossilizedHelix","Ninja Scroll","Eternal Feather","Incense Burner","Empty Cage"],"acts_visited":["Exordium","TheCity","TheBeyond"],"potions_floor_usage":[1,7,10,10,16,18,30,31,38,38,38],"damage_taken":[{"damage":4,"enemies":"Small Slimes","floor":1,"turns":4},{"damage":0,"enemies":"2 Louse","floor":2,"turns":3},{"damage":3,"enemies":"Cultist","floor":5,"turns":5},{"damage":19,"enemies":"Lagavulin","floor":7,"turns":6},{"damage":7,"enemies":"3 Sentries","floor":10,"turns":5},{"damage":0,"enemies":"Exordium Wildlife","floor":11,"turns":3},{"damage":33,"enemies":"Gremlin Nob","floor":12,"turns":4},{"damage":0,"enemies":"Blue Slaver","floor":13,"turns":4},{"damage":1,"enemies":"Large Slime","floor":14,"turns":5},{"damage":27,"enemies":"Hexaghost","floor":16,"turns":9},{"damage":0,"enemies":"Spheric Guardian","floor":18,"turns":5},{"damage":12,"enemies":"3 Byrds","floor":21,"turns":5},{"damage":10,"enemies":"Sentry and Sphere","floor":22,"turns":8},{"damage":2,"enemies":"3 Cultists","floor":24,"turns":7},{"damage":0,"enemies":"Gremlin Leader","floor":28,"turns":11},{"damage":0,"enemies":"Cultist and Chosen","floor":30,"turns":6},{"damage":6,"enemies":"Slavers","floor":31,"turns":5},{"damage":2,"enemies":"Automaton","floor":33,"turns":12},{"damage":2,"enemies":"Orb Walker","floor":35,"turns":6},{"damage":44,"enemies":"Awakened One","floor":38,"turns":15}],"seed_played":"6314028943543753879","potions_obtained":[{"floor":1,"key":"EntropicBrew"},{"floor":7,"key":"SteroidPotion"},{"floor":11,"key":"GamblersBrew"},{"floor":12,"key":"Explosive Potion"},{"floor":14,"key":"Strength Potion"},{"floor":22,"key":"Ancient Potion"},{"floor":24,"key":"LiquidMemories"},{"floor":30,"key":"ColorlessPotion"},{"floor":33,"key":"Block Potion"}],"is_trial":false,"path_per_floor":["M","M","?","?","M","R","E","R","T","E","M","E","M","M","R","B",null,"M","?","?","M","M","R","M","$","T","T","E","R","M","E","R","B",null,"M","?","?","B",null],"character_chosen":"THE_SILENT","items_purchased":["Toxic Egg 2","Noxious Fumes"],"campfire_rested":1,"item_purchase_floors":[25,25],"current_hp_per_floor":[73,73,73,73,70,70,51,76,76,69,69,36,38,37,37,10,67,69,63,44,34,26,26,26,26,26,26,26,41,41,35,50,48,50,48,48,48,4],"gold":188,"neow_bonus":"TWENTY_PERCENT_HP_BONUS","is_daily":false,"chose_seed":false,"campfire_upgraded":5,"win_rate":0.0,"timestamp":1609115254,"path_taken":["M","M","?","?","M","R","E","R","T","E","M","E","M","M","R","BOSS","M","?","?","M","M","R","M","$","T","?","E","R","M","E","R","BOSS","M","?","?","BOSS"],"items_purchased_type":["Relic","Card"],"build_version":"2020-12-22","purchased_purges":0,"victory":true,"max_hp_per_floor":[84,84,84,84,84,84,84,84,84,84,84,84,86,86,86,86,86,88,88,44,46,48,48,50,50,50,50,50,50,50,50,50,50,50,50,50,50,50],"card_choices":[{"not_picked":["Catalyst","Acrobatics"],"picked":"Caltrops","floor":1},{"not_picked":["Bane","Catalyst"],"picked":"PiercingWail","floor":2},{"not_picked":["Slice","Deflect"],"picked":"Blade Dance","floor":5},{"not_picked":["Tactician","Underhanded Strike"],"picked":"Predator","floor":7},{"not_picked":["Outmaneuver","Heel Hook","Flying Knee"],"picked":"SKIP","floor":10},{"not_picked":["Setup","Sucker Punch"],"picked":"Backflip","floor":11},{"not_picked":["Acrobatics","Unload"],"picked":"Footwork","floor":12},{"not_picked":["Choke","Prepared","Dagger Spray"],"picked":"Singing Bowl","floor":13},{"not_picked":["Backstab","Setup"],"picked":"Backflip","floor":14},{"not_picked":["Malaise","Burst"],"picked":"Envenom","floor":16},{"not_picked":["Leg Sweep","Prepared","Dodge and Roll"],"picked":"Singing Bowl","floor":18},{"not_picked":["Choke","Deadly Poison","Slice"],"picked":"Singing Bowl","floor":21},{"not_picked":["Choke","Poisoned Stab+1","Deflect"],"picked":"Singing Bowl","floor":22},{"not_picked":["Calculated Gamble","Quick Slash","Finisher"],"picked":"Singing Bowl","floor":24},{"not_picked":["Acrobatics+1","Sucker Punch+1"],"picked":"Phantasmal Killer+1","floor":28},{"not_picked":["Caltrops","Heel Hook"],"picked":"Footwork+1","floor":30},{"not_picked":["Skewer","Deadly Poison+1"],"picked":"Envenom","floor":31},{"not_picked":["Night Terror+1","Venomology+1"],"picked":"Envenom","floor":33},{"not_picked":["Prepared+1","Backflip+1"],"picked":"Footwork+1","floor":35}],"player_experience":391572,"relics_obtained":[{"floor":7,"key":"Darkstone Periapt"},{"floor":9,"key":"Pen Nib"},{"floor":10,"key":"Regal Pillow"},{"floor":12,"key":"Singing Bowl"},{"floor":26,"key":"FossilizedHelix"},{"floor":27,"key":"Ninja Scroll"},{"floor":28,"key":"Eternal Feather"},{"floor":31,"key":"Incense Burner"}],"event_choices":[{"damage_healed":0,"gold_gain":0,"player_choice":"Grow","damage_taken":0,"max_hp_gain":0,"max_hp_loss":0,"event_name":"Living Wall","floor":3,"gold_loss":0,"cards_upgraded":["Neutralize"]},{"damage_healed":0,"gold_gain":0,"player_choice":"Gave Potion","damage_taken":0,"relics_obtained":["InkBottle"],"max_hp_gain":0,"max_hp_loss":0,"event_name":"WeMeetAgain","floor":4,"gold_loss":0},{"damage_healed":0,"gold_gain":0,"player_choice":"Joined the Cult","damage_taken":6,"max_hp_gain":0,"max_hp_loss":0,"event_name":"Nest","floor":19,"gold_loss":0,"cards_obtained":["RitualDagger"]},{"damage_healed":0,"gold_gain":0,"player_choice":"Became a Ghost","damage_taken":0,"max_hp_gain":0,"max_hp_loss":44,"event_name":"Ghosts","floor":20,"gold_loss":0,"cards_obtained":["Ghostly","Ghostly","Ghostly","Ghostly","Ghostly"]},{"damage_healed":0,"gold_gain":0,"player_choice":"Ignored","damage_taken":0,"max_hp_gain":0,"max_hp_loss":0,"event_name":"Tomb of Lord Red Mask","floor":36,"gold_loss":0},{"damage_healed":0,"gold_gain":0,"player_choice":"Took Portal","damage_taken":0,"max_hp_gain":0,"max_hp_loss":0,"event_name":"SecretPortal","floor":37,"gold_loss":0}],"is_beta":false,"boss_relics":[{"not_picked":["Runic Pyramid","Velvet Choker"],"picked":"Astrolabe"},{"not_picked":["Black Star","Runic Dome"],"picked":"Empty Cage"}],"items_purged_floors":[],"is_endless":false,"potions_floor_spawned":[1,7,11,12,14,22,24,30,33],"ascension_level":7}}