{"host":"zv85muor2723jdwz","time":1609124347,"event":{"mods":["Arknights The Spire","BaseMod","Better Vampires","CapriCore","Decade(王小明)","KinomotoSakuraMod(木之本樱)","KomeijiMod","Marisa（F雨　魔理沙）","Marked Mod","Minty Spire (QoL Compilation)","Reimu（博丽灵梦）","Remilia（蕾米莉亚）","StSLib","The Cursed","The Immortal","The Runesmith","The Servant 0.9.4","WarShipGirlsR/战舰少女R mod","Yakumo Yukari mod","Youmu（魂魄妖梦）","Yuri Mod","Yuyuko","【遗物卡牌】REMEMod"],"gold_per_floor":[174,194,1,16,36,64,64,97,109,153,180,192,204,216,228,342,354,379,403,6,6,6,6,39,39,39,52,85,85,85,103,103,202,202,222,222,242,8,55,55,55,55],"floor_reached":41,"playtime":2470,"items_purged":["Strike_Remiria","Parasite","Defend_Remirira"],"score":496,"play_id":"bc77965a-b4a2-4a93-bfc7-6856cd8d2821","local_time":"20201228105907","is_ascension_mode":true,"campfire_choices":[{"data":"BloodyMagicSquare","floor":7,"key":"SMITH"},{"floor":15,"key":"REST"},{"floor":23,"key":"REST"},{"floor":29,"key":"REST"},{"data":"Determination:ReiMu","floor":32,"key":"SMITH"},{"floor":40,"key":"REST"}],"circlet_count":0,"master_deck":["Strike_Remiria","Strike_Remiria","Strike_Remiria","Defend_Remirira","Defend_Remirira","Defend_Remirira","Absorbed+1","Scratch","BloodySuit+1","BloodCollect","BloodyMagicSquare+1","StigmaNizer","Warpath","RemiliaStalker","Determination:ReiMu+1","CurseofVladTepes","SealingFear+1","AllTheWorldInNightmare+1","TricksterDevil+1","VampireKiss_Remiria","MiserableFate_Remiria","RitualDagger","Culling","FateCollect+1","NightDance+1","Impregnable+1","RedMagic","NightDance+1","BadLadyScramble+1","BloodySuit+1","Impatience+1","Cripple","TricksterDevil+1"],"relics":["ThirstyCrossSpe","REME_ComplimentaryCards","War Paint","MawBank","Toxic Egg 2","SlaversCollar","MealTicket","Runesmith:AutoHammer","Lizard Tail","Boot","Blood Vial","Philosopher\u0027s Stone","Pocketwatch"],"acts_visited":["Exordium","TheCity","TheBeyond"],"potions_floor_usage":[6,10,10,11,28,33,39,39],"damage_taken":[{"damage":0,"enemies":"Small Slimes","floor":1,"turns":4},{"damage":0,"enemies":"2 Louse","floor":2,"turns":2},{"damage":1,"enemies":"Cultist","floor":4,"turns":4},{"damage":11,"enemies":"Blue Slaver","floor":5,"turns":4},{"damage":32,"enemies":"3 Sentries","floor":6,"turns":6},{"damage":24,"enemies":"Lagavulin","floor":8,"turns":5},{"damage":30,"enemies":"Gremlin Nob","floor":10,"turns":5},{"damage":13,"enemies":"Exordium Thugs","floor":11,"turns":5},{"damage":46,"enemies":"Slime Boss","floor":16,"turns":7},{"damage":12,"enemies":"Chosen","floor":18,"turns":4},{"damage":50,"enemies":"3 Byrds","floor":19,"turns":5},{"damage":74,"enemies":"Slavers","floor":24,"turns":5},{"damage":13,"enemies":"Cultist and Chosen","floor":27,"turns":4},{"damage":27,"enemies":"Book of Stabbing","floor":28,"turns":5},{"damage":39,"enemies":"Shelled Parasite and Fungi","floor":31,"turns":4},{"damage":41,"enemies":"Champ","floor":33,"turns":8},{"damage":52,"enemies":"3 Darklings","floor":35,"turns":6},{"damage":10,"enemies":"3 Shapes","floor":37,"turns":5},{"damage":75,"enemies":"2 Orb Walkers","floor":39,"turns":5},{"damage":75,"enemies":"Transient","floor":41,"turns":2}],"seed_played":"-5510563989933041864","potions_obtained":[{"floor":2,"key":"SteroidPotion"},{"floor":4,"key":"Fire Potion"},{"floor":5,"key":"ColorlessPotion"},{"floor":8,"key":"ColorlessPotion"},{"floor":19,"key":"DuplicationPotion"},{"floor":31,"key":"FearPotion"},{"floor":33,"key":"Swift Potion"},{"floor":35,"key":"Swift Potion"}],"is_trial":false,"path_per_floor":["M","M","$","M","M","E","R","E","T","E","M","?","?","?","R","B",null,"M","M","$","?","?","R","E","?","T","M","E","R","?","M","R","B",null,"M","?","M","$","?","R","M"],"character_chosen":"RemiriaScarlet","items_purchased":["BloodyMagicSquare","PainBurst","MealTicket","MiserableFate_Remiria","Impatience+1","Cripple"],"campfire_rested":4,"item_purchase_floors":[3,3,20,20,38,38],"current_hp_per_floor":[110,110,110,109,98,68,68,45,45,18,5,5,32,32,65,27,110,108,60,60,54,54,86,18,18,18,11,47,79,79,47,47,48,107,55,55,47,62,27,59,0,0],"gold":55,"neow_bonus":"TEN_PERCENT_HP_BONUS","is_daily":false,"chose_seed":false,"campfire_upgraded":2,"win_rate":0.0,"timestamp":1609124347,"path_taken":["M","M","$","M","M","E","R","E","T","E","M","?","?","?","R","BOSS","M","M","$","?","?","R","E","?","T","?","E","R","?","M","R","BOSS","M","?","?","$","?","R","M"],"items_purchased_type":["Card","Card","Relic","Card","Card","Card"],"build_version":"2020-12-22","purchased_purges":3,"victory":false,"max_hp_per_floor":[110,110,110,110,110,110,110,110,110,110,110,110,110,110,110,110,110,110,110,107,107,107,107,107,107,107,107,107,107,107,107,107,107,107,107,107,107,107,107,107,107,107],"card_choices":[{"not_picked":["RocketKickup","BloodPact"],"picked":"BloodySuit","floor":1},{"not_picked":["DoubleEdge","FateMeister"],"picked":"BloodCollect","floor":2},{"not_picked":["BodyStrengthen","BloodySuit"],"picked":"PainBurst","floor":4},{"not_picked":["BloodCollect","FierceSweep"],"picked":"StigmaNizer","floor":5},{"not_picked":["BloodyMagicSquare","BloodySuit"],"picked":"Warpath","floor":6},{"not_picked":["BloodySuit","DemonLordWalk"],"picked":"RemiliaStalker","floor":8},{"not_picked":["BodyStrengthen+1","Septette+1"],"picked":"CurseofVladTepes","floor":10},{"not_picked":["BloodCleaner","LifeBreak"],"picked":"SealingFear+1","floor":11},{"not_picked":["Septette+1","RemiliaStalker"],"picked":"AllTheWorldInNightmare+1","floor":16},{"not_picked":["RocketKickup","CruelSlaughter"],"picked":"TricksterDevil+1","floor":18},{"not_picked":["NaturallyHealing+1","DemonsDinnerFork_Remiria+1"],"picked":"VampireKiss_Remiria","floor":19},{"not_picked":["DemonsDinnerFork_Remiria+1","ServantFlier+1"],"picked":"Culling","floor":24},{"not_picked":["StigmaNizer+1","Offensive"],"picked":"FateCollect+1","floor":27},{"not_picked":["Tearing","Culling"],"picked":"NightDance+1","floor":28},{"not_picked":["DemonsDinnerFork_Remiria+1","RocketKickup"],"picked":"Impregnable+1","floor":31},{"not_picked":["HeartBreak_Remiria","MillenniumVampire"],"picked":"RedMagic","floor":33},{"not_picked":["FierceSweep","DemonsDinnerFork_Remiria+1"],"picked":"NightDance+1","floor":35},{"not_picked":["ServantFlier+1","DemonsDinnerFork_Remiria+1"],"picked":"BloodySuit+1","floor":37},{"not_picked":["DemonsDinnerFork_Remiria+1","BloodySuit+1"],"picked":"TricksterDevil+1","floor":39}],"player_experience":49186,"relics_obtained":[{"floor":6,"key":"War Paint"},{"floor":8,"key":"MawBank"},{"floor":10,"key":"Toxic Egg 2"},{"floor":24,"key":"Lizard Tail"},{"floor":26,"key":"Boot"},{"floor":28,"key":"Blood Vial"},{"floor":39,"key":"Pocketwatch"}],"event_choices":[{"damage_healed":0,"gold_gain":0,"player_choice":"Ignored","damage_taken":0,"max_hp_gain":0,"max_hp_loss":0,"event_name":"Shining Light","floor":12,"gold_loss":0},{"damage_healed":27,"gold_gain":0,"player_choice":"Healed and dodged fight","damage_taken":0,"max_hp_gain":0,"max_hp_loss":0,"event_name":"Mushrooms","floor":13,"gold_loss":0,"cards_obtained":["Parasite"]},{"damage_healed":0,"gold_gain":0,"player_choice":"Joined the Cult","damage_taken":6,"max_hp_gain":0,"max_hp_loss":0,"event_name":"Nest","floor":21,"gold_loss":0,"cards_obtained":["RitualDagger"]},{"damage_healed":0,"gold_gain":0,"player_choice":"Opened","damage_taken":0,"relics_obtained":["Runesmith:AutoHammer"],"max_hp_gain":0,"max_hp_loss":0,"event_name":"The Mausoleum","floor":22,"gold_loss":0,"cards_obtained":["Writhe"]},{"cards_removed":["Writhe"],"damage_healed":0,"gold_gain":0,"player_choice":"Removed Curses","damage_taken":0,"max_hp_gain":0,"max_hp_loss":0,"event_name":"Fountain of Cleansing","floor":25,"gold_loss":0},{"cards_removed":["PainBurst"],"damage_healed":0,"gold_gain":0,"player_choice":"Purged","damage_taken":0,"max_hp_gain":0,"max_hp_loss":0,"event_name":"Purifier","floor":30,"gold_loss":0},{"damage_healed":0,"gold_gain":0,"cards_transformed":["PainBurst"],"player_choice":"Transformed","damage_taken":0,"max_hp_gain":0,"max_hp_loss":0,"event_name":"Transmorgrifier","floor":36,"gold_loss":0,"cards_obtained":["BadLadyScramble"]},{"damage_healed":0,"gold_gain":0,"player_choice":"Fight","damage_taken":0,"max_hp_gain":0,"max_hp_loss":0,"event_name":"Mysterious Sphere","floor":39,"gold_loss":0}],"is_beta":false,"boss_relics":[{"not_picked":["Runesmith:UraniumAnvil","REME_DemonsWealth"],"picked":"SlaversCollar"},{"not_picked":["REME_LowDesire","Black Star"],"picked":"Philosopher\u0027s Stone"}],"items_purged_floors":[3,20,38],"is_endless":false,"potions_floor_spawned":[2,4,5,8,19,31,33,35],"killed_by":"Transient","ascension_level":1}}