{"host":"xtgfl0e7r8rfgbei","time":1609174902,"event":{"mods":["Arknights The Spire","BaseMod","Colored Map","Colored Powertips","Downfall","Infinite Spire","Marisa£®ÏF”Í°°ƒß¿Ì…≥£©","Minty Spire (QoL Compilation)","READ ME - Guardian Mod","Rare Cards Sparkle","Replay The Spire","StSLib","The Bug Knight","The Cursed","The Servant 0.9.4","≤–¡Ù÷ÆŒÔ"],"gold_per_floor":[115,115,1,1,16,16,16,31,31,50,65,103,2,15,15,15,15],"floor_reached":16,"playtime":1431,"items_purged":[],"score":102,"play_id":"9969a544-1089-44a7-a232-9f4c80a3a3df","local_time":"20201229010142","is_ascension_mode":false,"campfire_choices":[{"data":"TheCursedMod:Grudge","floor":6,"key":"SMITH"},{"floor":15,"key":"RECALL"}],"circlet_count":0,"master_deck":["TheCursedMod:Strike_TheCursed","TheCursedMod:Strike_TheCursed","TheCursedMod:Strike_TheCursed","TheCursedMod:Defend_TheCursed","TheCursedMod:Defend_TheCursed","TheCursedMod:Defend_TheCursed","TheCursedMod:Defend_TheCursed","TheCursedMod:CursedWand","TheCursedMod:CleanUpWorkshop","TheCursedMod:Dregs","TheCursedMod:Grudge+1","TheCursedMod:FleshFromBone+1","TheCursedMod:LuckyCharm","TheCursedMod:Wield","Injury","TheCursedMod:CursedShiv","TheCursedMod:WearCloak","TheCursedMod:SpreadPlague","TheCursedMod:CursedMace","TheCursedMod:CircleOfFlame","TheCursedMod:TacticalStrike","TheCursedMod:SmokeScreen"],"relics":["TheCursedMod:BlackMagic101","CultistMask","Golden Idol","ats:Originium","Chameleon Ring"],"acts_visited":["Exordium"],"potions_floor_usage":[16,16],"damage_taken":[{"damage":7,"enemies":"Small Slimes","floor":1,"turns":4},{"damage":6,"enemies":"2 Louse","floor":5,"turns":3},{"damage":11,"enemies":"infinitespire:Voidling","floor":8,"turns":5},{"damage":1,"enemies":"Blue Slaver","floor":10,"turns":4},{"damage":2,"enemies":"Exordium Wildlife","floor":11,"turns":8},{"damage":17,"enemies":"Replay:BlueRogue","floor":12,"turns":7},{"damage":6,"enemies":"Looter","floor":14,"turns":3},{"damage":29,"enemies":"Slime Boss","floor":16,"turns":8}],"seed_played":"-4449628923094794686","potions_obtained":[{"floor":8,"key":"Swift Potion"},{"floor":10,"key":"Block Potion"}],"is_trial":false,"path_per_floor":["M","?","$","?","M","R","?","M","T","M","M","E","$","M","R","B"],"character_chosen":"THE_CURSED","items_purchased":["TheCursedMod:FleshFromBone+1","TheCursedMod:LuckyCharm","TheCursedMod:CircleOfFlame","TheCursedMod:TacticalStrike"],"campfire_rested":0,"item_purchase_floors":[3,3,13,13],"current_hp_per_floor":[75,68,68,68,62,62,62,51,51,50,48,31,31,25,25,0,0],"gold":15,"neow_bonus":"TEN_PERCENT_HP_BONUS","is_daily":false,"chose_seed":false,"campfire_upgraded":1,"win_rate":0.0,"timestamp":1609174902,"path_taken":["M","?","$","?","?","R","?","M","T","M","M","E","$","M","R","BOSS"],"items_purchased_type":["Card","Card","Card","Card"],"build_version":"2020-12-22","purchased_purges":0,"victory":false,"max_hp_per_floor":[82,82,82,82,82,82,82,82,82,82,82,82,82,82,82,82,82],"card_choices":[{"not_picked":["TheCursedMod:ReleasedStrength","TheCursedMod:VitalStrike"],"picked":"TheCursedMod:Grudge","floor":1},{"not_picked":["TheCursedMod:DoubleShield","TheCursedMod:BlessingInDisguise"],"picked":"TheCursedMod:Wield","floor":5},{"not_picked":["TheCursedMod:SmokeScreen","TheCursedMod:ManaBullet"],"picked":"TheCursedMod:CursedShiv","floor":8},{"not_picked":["TheCursedMod:Obscuration","TheCursedMod:Evocation"],"picked":"TheCursedMod:WearCloak","floor":10},{"not_picked":["TheCursedMod:RapidMovement","TheCursedMod:Stigma"],"picked":"TheCursedMod:SpreadPlague","floor":11},{"not_picked":["TheCursedMod:DarkBarrier","TheCursedMod:Stretching"],"picked":"TheCursedMod:CursedMace","floor":12},{"not_picked":["TheCursedMod:LuckyCharm","TheCursedMod:CursedShiv"],"picked":"TheCursedMod:SmokeScreen","floor":14}],"player_experience":301893,"relics_obtained":[{"floor":12,"key":"ats:Originium"},{"floor":12,"key":"Chameleon Ring"}],"event_choices":[{"cards_removed":["TheCursedMod:Strike_TheCursed"],"damage_healed":0,"gold_gain":0,"player_choice":"Card Removal","damage_taken":7,"max_hp_gain":0,"max_hp_loss":0,"event_name":"Golden Wing","floor":2,"gold_loss":0},{"damage_healed":0,"gold_gain":0,"player_choice":"Trade","damage_taken":0,"relics_obtained":["CultistMask"],"max_hp_gain":0,"max_hp_loss":0,"event_name":"FaceTrader","floor":4,"gold_loss":0},{"damage_healed":0,"gold_gain":0,"player_choice":"Take Wound","damage_taken":0,"relics_obtained":["Golden Idol"],"max_hp_gain":0,"max_hp_loss":0,"event_name":"Golden Idol","floor":7,"gold_loss":0,"cards_obtained":["Injury"]}],"is_beta":false,"boss_relics":[],"items_purged_floors":[],"is_endless":false,"potions_floor_spawned":[8,10],"killed_by":"Slime Boss","ascension_level":0}}