{"host":"zdmzy2d4yvl8k6jn","time":1609132736,"event":{"mods":["AchievementEnabler","BaseMod","BetterRewards","Key Reminder","Marisa????????","Minty Spire (QoL Compilation)","Quick Restart","Shop Mod","StSLib","The Runesmith","Unceasing Turn Reminder","[IsaacMod]????"],"gold_per_floor":[118,118,118,118,138,173,189,189,189,217,288,307,482,263,263,333,333],"floor_reached":16,"playtime":477,"items_purged":["Doubt"],"score":100,"play_id":"77b4316c-d190-456a-afc8-3be3a1d6fbb5","local_time":"20201228001856","is_ascension_mode":false,"campfire_choices":[{"floor":8,"key":"REST"},{"floor":15,"key":"REST"}],"circlet_count":0,"master_deck":["Strike_G","Strike_G","Strike_G","Strike_G","Strike_G","Defend_G","Defend_G","Defend_G","Defend_G","Survivor","Neutralize","BloodyBrimstone","Quick Slash","Blade Dance","Slice","Dagger Spray"],"relics":["Ring of the Snake","HushsDoor","KeepersGift","Strawberry","DoctorsRemote","SalivaCoin","Frozen Egg 2","Snake Skull","Vajra"],"acts_visited":["Exordium"],"potions_floor_usage":[11,11,16,16,16,16,16],"damage_taken":[{"damage":0,"enemies":"2 Louse","floor":1,"turns":2},{"damage":0,"enemies":"Cultist","floor":5,"turns":3},{"damage":45,"enemies":"Lagavulin","floor":6,"turns":7},{"damage":0,"enemies":"Small Slimes","floor":7,"turns":1},{"damage":0,"enemies":"Red Slaver","floor":10,"turns":4},{"damage":28,"enemies":"Hiden Room Battle","floor":11,"turns":5},{"damage":0,"enemies":"Lots of Slimes","floor":12,"turns":1},{"damage":35,"enemies":"The Guardian","floor":16,"turns":4}],"seed_played":"-1499609270524269083","potions_obtained":[{"floor":5,"key":"Explosive Potion"},{"floor":10,"key":"FearPotion"},{"floor":11,"key":"EntropicBrew"},{"floor":12,"key":"SkillPotion"}],"is_trial":false,"path_per_floor":["M","?","?","?","M","E","M","R","T","M","?","M","?","$","R","B"],"character_chosen":"THE_SILENT","items_purchased":["Vajra"],"campfire_rested":2,"item_purchase_floors":[14],"current_hp_per_floor":[67,59,59,64,64,19,19,41,41,41,13,13,13,13,35,0,0],"gold":333,"neow_bonus":"THREE_CARDS","is_daily":false,"chose_seed":false,"campfire_upgraded":0,"win_rate":0.0,"timestamp":1609132736,"path_taken":["M","?","?","?","?","E","M","R","T","M","?","M","?","$","R","BOSS"],"items_purchased_type":["Relic"],"build_version":"2020-12-22","purchased_purges":1,"victory":false,"max_hp_per_floor":[67,74,74,79,79,76,76,76,76,76,76,76,76,76,76,73,73],"card_choices":[{"not_picked":[],"picked":"BloodyBrimstone","floor":0},{"not_picked":["Outmaneuver","Eviscerate"],"picked":"Quick Slash","floor":0},{"not_picked":["Tactician","Calculated Gamble","Skewer"],"picked":"SKIP","floor":1},{"not_picked":["Flying Knee","Underhanded Strike","Endless Agony"],"picked":"SKIP","floor":5},{"not_picked":["Bomb","Concentrate","Deadly Poison"],"picked":"SKIP","floor":6},{"not_picked":["Deflect","Finisher","Terror"],"picked":"SKIP","floor":7},{"not_picked":["Dagger Spray","Choke"],"picked":"Blade Dance","floor":10},{"not_picked":["Escape Plan","Bouncing Flask"],"picked":"Slice","floor":11},{"not_picked":["Acrobatics","Flechettes"],"picked":"Dagger Spray","floor":12}],"player_experience":309746,"relics_obtained":[{"floor":6,"key":"DoctorsRemote"},{"floor":9,"key":"SalivaCoin"},{"floor":11,"key":"Frozen Egg 2"},{"floor":11,"key":"Snake Skull"}],"event_choices":[{"cards_removed":["Defend_G"],"damage_healed":0,"gold_gain":0,"player_choice":"Card Removal","damage_taken":0,"max_hp_gain":0,"max_hp_loss":0,"event_name":"Wheel of Change","floor":3,"gold_loss":0},{"damage_healed":0,"gold_gain":0,"player_choice":"Donut","damage_taken":0,"max_hp_gain":5,"max_hp_loss":0,"event_name":"Big Fish","floor":4,"gold_loss":0},{"damage_healed":0,"gold_gain":0,"player_choice":"Fight","damage_taken":0,"max_hp_gain":0,"max_hp_loss":0,"event_name":"HidenRoomEvent","floor":11,"gold_loss":0},{"damage_healed":0,"gold_gain":175,"player_choice":"AGREE","damage_taken":0,"max_hp_gain":0,"max_hp_loss":0,"event_name":"Liars Game","floor":13,"gold_loss":0,"cards_obtained":["Doubt"]}],"is_beta":false,"boss_relics":[],"items_purged_floors":[14],"is_endless":false,"potions_floor_spawned":[5,10,11,12],"killed_by":"The Guardian","ascension_level":0}}