{"host":"n7pz0mwhtzoozb2g","time":1609148596,"event":{"mods":["BaseMod","Downfall","Infinite Spire","Minty Spire (QoL Compilation)","StSLib"],"gold_per_floor":[99,112,122,138,157,157,157,174,187,46,63,63,95,113,126,225,225,225,225],"floor_reached":17,"playtime":3030,"items_purged":[],"score":263,"play_id":"991e7168-eb18-4447-876c-bdba9c358511","local_time":"20201228104316","is_ascension_mode":false,"campfire_choices":[{"data":"hexamod:Float","floor":1.0,"key":"SMITH"},{"floor":12,"key":"REST"}],"circlet_count":0,"master_deck":["hexamod:Strike","hexamod:Defend","hexamod:Defend","hexamod:Defend","hexamod:Defend","hexamod:Sear","hexamod:Float+1","hexamod:BurningTouch+1","hexamod:FastForward+1","hexamod:GhostOfSpirePresent+1","hexamod:Incineration","hexamod:GhostOfSpirePast","hexamod:SkipABeat","hexamod:InspiringFlames","hexamod:CatchUp","hexamod:GhostOfSpirePast","hexamod:SoulSteal","hexamod:SearingWound","hexamod:BacktrackSmack","hexamod:TimeWarp","hexamod:InspiringFlames","hexamod:StepThrough","hexamod:AdvancingGuard","hexamod:TimeWarp"],"relics":["Astrolabe","hexamod:InflammatoryLetter","Question Card","Pen Nib","downfall:Hecktoplasm"],"acts_visited":["TheCity"],"potions_floor_usage":[13,13,16,16],"damage_taken":[{"damage":8.0,"enemies":"Jaw Worm","floor":2.0,"turns":3.0},{"damage":1.0,"enemies":"Small Slimes","floor":3.0,"turns":4.0},{"damage":0,"enemies":"Cultist","floor":4,"turns":3},{"damage":12,"enemies":"3 Louse","floor":5,"turns":4},{"damage":8,"enemies":"Red Slaver","floor":8,"turns":4},{"damage":0,"enemies":"Large Slime","floor":9,"turns":3},{"damage":0,"enemies":"downfall:FleeingMerchant","floor":10,"turns":4},{"damage":7,"enemies":"Blue Slaver","floor":11,"turns":3},{"damage":31,"enemies":"Nightmare","floor":13,"turns":5},{"damage":1,"enemies":"Exordium Wildlife","floor":14,"turns":4},{"damage":3,"enemies":"3 Louse","floor":15,"turns":3},{"damage":7,"enemies":"downfall:Ironclad","floor":16,"turns":4}],"seed_played":"-6994181722586576713","potions_obtained":[{"floor":5,"key":"Fire Potion"},{"floor":8,"key":"hexamod:DoubleChargePotion"},{"floor":11,"key":"EssenceOfSteel"},{"floor":15,"key":"infinitespire:BlackPotion"},{"floor":16,"key":"Fire Potion"}],"is_trial":false,"path_per_floor":["R","M","M","M","M","?","T","M","M","$","M","R","NM","M","M","B",null],"character_chosen":"THE_SPIRIT","items_purchased":["hexamod:SearingWound","hexamod:BacktrackSmack"],"campfire_rested":1,"item_purchase_floors":[10,10],"current_hp_per_floor":[70,62,61,61,49,37,37,29,29,29,22,43,12,11,8,1,70,70,70],"gold":225,"neow_bonus":"BOSS_RELIC","is_daily":false,"chose_seed":false,"campfire_upgraded":1,"win_rate":0.0,"timestamp":1609148596,"path_taken":["R","M","M","M","M","?","T","M","M","$","M","R","NM","M","M","BOSS"],"items_purchased_type":["Card","Card"],"build_version":"2020-12-22","purchased_purges":0,"victory":false,"max_hp_per_floor":[70,70,70,70,70,70,70,70,70,70,70,70,70,70,70,70,70,70,70],"card_choices":[{"not_picked":["hexamod:BurningTouch","hexamod:InspiringFlames"],"picked":"hexamod:Incineration","floor":2.0},{"not_picked":["hexamod:ShieldOfDarkness","hexamod:RecurringNightmare"],"picked":"hexamod:GhostOfSpirePast","floor":3.0},{"not_picked":["hexamod:NightmareStrike","hexamod:InspiringFlames"],"picked":"hexamod:SkipABeat","floor":4},{"not_picked":["hexamod:NightmareStrike","hexamod:SpectersWail"],"picked":"hexamod:InspiringFlames","floor":5},{"not_picked":["hexamod:PhantomFireball","hexamod:RadiantFlame","hexamod:GhostLash"],"picked":"hexamod:CatchUp","floor":8},{"not_picked":["hexamod:GhostShield","hexamod:SpectersWail","hexamod:FastForward"],"picked":"hexamod:GhostOfSpirePast","floor":9},{"not_picked":["hexamod:Firestarter","hexamod:GhostLash","hexamod:EtherealExpedition"],"picked":"hexamod:SoulSteal","floor":10},{"not_picked":["hexamod:EtherealExpedition","hexamod:RetreatToShadows","hexamod:RainOfEmbers"],"picked":"hexamod:TimeWarp","floor":11},{"not_picked":["hexamod:FastForward","hexamod:GhostShield","hexamod:ThirdSeal"],"picked":"hexamod:InspiringFlames","floor":13},{"not_picked":["hexamod:Firestarter","hexamod:ThirdSeal","hexamod:GhostOfSpireFuture"],"picked":"hexamod:StepThrough","floor":14},{"not_picked":["hexamod:CatchUp","hexamod:PhantomFireball","hexamod:FourthSeal"],"picked":"hexamod:AdvancingGuard","floor":15},{"not_picked":["hexamod:ParanormalForm","hexamod:TimeOfNeed","hexamod:FifthSeal"],"picked":"hexamod:TimeWarp","floor":16}],"player_experience":251794,"relics_obtained":[{"floor":7,"key":"Question Card"},{"floor":13,"key":"Pen Nib"}],"event_choices":[{"damage_healed":0,"gold_gain":0,"player_choice":"Success","damage_taken":12,"relics_obtained":["hexamod:InflammatoryLetter"],"max_hp_gain":0,"max_hp_loss":0,"event_name":"Scrap Ooze","floor":6,"gold_loss":0}],"is_beta":false,"boss_relics":[{"not_picked":["SacredBark","infinitespire:Cupcake"],"picked":"downfall:Hecktoplasm"}],"items_purged_floors":[],"is_endless":true,"potions_floor_spawned":[5,8,11,15,16],"ascension_level":0}}