{"host":"zdmzy2d4yvl8k6jn","time":1609135334,"event":{"mods":["AchievementEnabler","BaseMod","BetterRewards","Key Reminder","Marisa????????","Minty Spire (QoL Compilation)","Quick Restart","Shop Mod","StSLib","The Runesmith","Unceasing Turn Reminder","[IsaacMod]????"],"gold_per_floor":[211,211,226,8,18,18,18,31,31,57,57,75,131,150,150,255,255,268,318,337,237,237,267,281,294,374,389,264,264,275,287,287,389,389,404,404,404,77,88,119,135,135,135,153,153,153,153,153,153,153],"floor_reached":51,"playtime":1513,"items_purged":["Defend_G","Defend_G","Defend_G","Strike_G","Defend_G"],"score":849,"play_id":"0b97c726-38ba-4557-af47-2acfabf9ed38","local_time":"20201228010214","is_ascension_mode":false,"campfire_choices":[{"data":"Strike_G","floor":6.0,"key":"SMITH"},{"floor":15.0,"key":"REST"},{"data":"Blade Dance","floor":32.0,"key":"SMITH"},{"floor":42.0,"key":"REST"},{"floor":45.0,"key":"REST"},{"data":"Accuracy","floor":49.0,"key":"SMITH"}],"circlet_count":0,"master_deck":["Strike_G","Strike_G","Strike_G+1","Strike_G","Defend_G","Survivor","Neutralize","Blade Dance+1","Blade Dance","CurseOfTheBell","Blade Dance","Blade Dance","Slice+1","Dagger Spray+1","Accuracy+1","Accuracy"],"relics":["Ring of the Snake","HushsDoor","DeadEye","Vajra","Leech","WingedGreaves","PreservedInsect","Calling Bell","Bag of Preparation","PillsDrop","FossilizedHelix","Bottled Lightning","BookOfRevelations","AnarchistCookbook","Molten Egg 2","Runic Dome","RottenBaby","TheBean","Pantograph"],"acts_visited":["Exordium","TheCity","TheBeyond"],"potions_floor_usage":[],"damage_taken":[{"damage":0.0,"enemies":"2 Louse","floor":1.0,"turns":3.0},{"damage":11.0,"enemies":"Jaw Worm","floor":3.0,"turns":3.0},{"damage":0.0,"enemies":"Small Slimes","floor":5.0,"turns":3.0},{"damage":7.0,"enemies":"Blue Slaver","floor":8.0,"turns":3.0},{"damage":0.0,"enemies":"3 Sentries","floor":10.0,"turns":1.0},{"damage":0.0,"enemies":"Exordium Wildlife","floor":12.0,"turns":1.0},{"damage":8.0,"enemies":"Lagavulin Event","floor":13.0,"turns":4.0},{"damage":0.0,"enemies":"Looter","floor":14.0,"turns":2.0},{"damage":45.0,"enemies":"Hexaghost","floor":16.0,"turns":6.0},{"damage":0.0,"enemies":"Shell Parasite","floor":18.0,"turns":2.0},{"damage":2.0,"enemies":"Hiden Room Battle","floor":19.0,"turns":4.0},{"damage":0.0,"enemies":"Chosen","floor":20.0,"turns":1.0},{"damage":0.0,"enemies":"Book of Stabbing","floor":23.0,"turns":3.0},{"damage":0.0,"enemies":"Sentry and Sphere","floor":24.0,"turns":2.0},{"damage":0.0,"enemies":"Centurion and Healer","floor":25.0,"turns":3.0},{"damage":5.0,"enemies":"Snake Plant","floor":27.0,"turns":2.0},{"damage":5.0,"enemies":"Cultist and Chosen","floor":30.0,"turns":3.0},{"damage":0.0,"enemies":"Snecko","floor":31.0,"turns":2.0},{"damage":25.0,"enemies":"Collector","floor":33.0,"turns":4.0},{"damage":0.0,"enemies":"3 Darklings","floor":35.0,"turns":2.0},{"damage":12.0,"enemies":"3 Shapes","floor":39.0,"turns":1.0},{"damage":0.0,"enemies":"Reptomancer","floor":40.0,"turns":1.0},{"damage":30.0,"enemies":"Writhing Mass","floor":41.0,"turns":3.0},{"damage":0.0,"enemies":"Maw","floor":44.0,"turns":4.0},{"damage":37,"enemies":"Time Eater","floor":50,"turns":4}],"seed_played":"2094783018386560798","potions_obtained":[{"floor":10.0,"key":"DuplicationPotion"},{"floor":12.0,"key":"LiquidMemories"},{"floor":14.0,"key":"Explosive Potion"},{"floor":16.0,"key":"Block Potion"},{"floor":23.0,"key":"DistilledChaos"},{"floor":24.0,"key":"Strength Potion"},{"floor":31.0,"key":"GamblersBrew"},{"floor":40.0,"key":"Ancient Potion"}],"is_trial":false,"path_per_floor":["M","?","M","$","M","R","?","M","T","E","$","M","?","M","R","B",null,"M","?","M","$","?","E","M","M","T","M","$","?","M","M","R","B",null,"M","?","?","$","M","E","M","R","T","M","R","$","?","$","R","B",null],"character_chosen":"THE_SILENT","items_purchased":["Vajra","RottenBaby","Accuracy","ChaosCard"],"campfire_rested":3,"item_purchase_floors":[4,34,34,38],"current_hp_per_floor":[70,75,64,64,64,64,64,57,57,57,57,58,53,54,75,33,75,75,73,73,73,73,75,75,78,78,73,73,73,70,71,71,49,54,54,54,54,54,43,46,18,35,35,38,55,55,54,54,54,19],"gold":153,"neow_bonus":"HUNDRED_GOLD","is_daily":false,"chose_seed":false,"campfire_upgraded":3,"win_rate":0.0,"timestamp":1609135334,"path_taken":["M","?","M","$","M","R","?","M","T","E","?","?","?","M","R","BOSS","M","?","M","$","?","E","M","M","T","M","$","?","M","?","R","BOSS","M","?","?","$","M","E","M","R","T","M","R","?","?","$","R","BOSS"],"items_purchased_type":["Relic","Relic","Card","Card"],"build_version":"2020-12-22","purchased_purges":5,"victory":true,"max_hp_per_floor":[70,75,75,75,75,75,75,75,75,75,75,75,75,75,75,75,75,75,75,75,75,75,75,75,78,78,78,78,78,78,78,78,78,54,54,54,54,54,54,57,57,57,57,57,57,57,54,54,54,54],"card_choices":[{"not_picked":[],"picked":"Bomb","floor":0.0},{"not_picked":["Setup","Cloak And Dagger","Bane"],"picked":"SKIP","floor":1.0},{"not_picked":["Eviscerate","Dagger Throw"],"picked":"Bomb","floor":3.0},{"not_picked":["Corpse Explosion","Riddle With Holes","Bane"],"picked":"SKIP","floor":5.0},{"not_picked":["Terror","Tactician"],"picked":"Bomb","floor":8.0},{"not_picked":["Sucker Punch","Dagger Throw","Well Laid Plans"],"picked":"SKIP","floor":10.0},{"not_picked":["Poisoned Stab","Flying Knee","Riddle With Holes"],"picked":"SKIP","floor":12.0},{"not_picked":["Poisoned Stab","Concentrate"],"picked":"Blade Dance","floor":13.0},{"not_picked":["Leg Sweep","Flying Knee"],"picked":"Blade Dance","floor":14.0},{"not_picked":["Dagger Throw","Deadly Poison"],"picked":"Blade Dance","floor":18.0},{"not_picked":["Deadly Poison","Prepared","Well Laid Plans"],"picked":"SKIP","floor":20.0},{"not_picked":["Bouncing Flask","Predator","Acrobatics"],"picked":"SKIP","floor":23.0},{"not_picked":["Eviscerate","Dodge and Roll","Leg Sweep+1"],"picked":"SKIP","floor":24.0},{"not_picked":["Riddle With Holes+1","Flying Knee"],"picked":"Blade Dance","floor":25.0},{"not_picked":["Deflect+1","Quick Slash+1"],"picked":"Slice+1","floor":27.0},{"not_picked":["Quick Slash+1","Concentrate"],"picked":"Dagger Spray+1","floor":30.0},{"not_picked":["Catalyst","Escape Plan+1","Acrobatics"],"picked":"SKIP","floor":31.0},{"not_picked":["Setup","Crippling Poison+1","Deadly Poison+1"],"picked":"SKIP","floor":35.0},{"not_picked":["Sucker Punch+1","Caltrops+1"],"picked":"Accuracy","floor":39.0},{"not_picked":["Prepared","Acrobatics","Caltrops"],"picked":"SKIP","floor":40.0},{"not_picked":["Setup","Skewer+1","Backflip+1"],"picked":"SKIP","floor":41.0},{"not_picked":["Eviscerate+1","Outmaneuver+1","Envenom"],"picked":"SKIP","floor":44.0}],"player_experience":314213,"relics_obtained":[{"floor":9.0,"key":"Leech"},{"floor":10.0,"key":"WingedGreaves"},{"floor":13.0,"key":"PreservedInsect"},{"floor":17.0,"key":"Bag of Preparation"},{"floor":17.0,"key":"PillsDrop"},{"floor":17.0,"key":"FossilizedHelix"},{"floor":19.0,"key":"Bottled Lightning"},{"floor":19.0,"key":"BookOfRevelations"},{"floor":23.0,"key":"AnarchistCookbook"},{"floor":26.0,"key":"Molten Egg 2"},{"floor":40.0,"key":"TheBean"},{"floor":43.0,"key":"Pantograph"}],"event_choices":[{"damage_healed":0.0,"max_hp_gain":5.0,"max_hp_loss":0.0,"gold_gain":0.0,"event_name":"Big Fish","player_choice":"Donut","floor":2.0,"gold_loss":0.0,"damage_taken":0.0},{"damage_healed":0.0,"max_hp_gain":0.0,"max_hp_loss":0.0,"gold_gain":0.0,"event_name":"Shining Light","player_choice":"Ignored","floor":7.0,"gold_loss":0.0,"damage_taken":0.0},{"damage_healed":0.0,"max_hp_gain":0.0,"max_hp_loss":0.0,"gold_gain":30.0,"event_name":"Dead Adventurer","player_choice":"Searched \u00273\u0027 times","floor":13.0,"gold_loss":0.0,"damage_taken":0.0},{"damage_healed":0.0,"max_hp_gain":0.0,"max_hp_loss":0.0,"gold_gain":0.0,"event_name":"HidenRoomEvent","player_choice":"Fight","floor":19.0,"gold_loss":0.0,"damage_taken":0.0},{"damage_healed":0.0,"max_hp_gain":0.0,"max_hp_loss":0.0,"gold_gain":0.0,"event_name":"NoteForYourself","player_choice":"Ignored","floor":22.0,"gold_loss":0.0,"damage_taken":0.0},{"damage_healed":0.0,"max_hp_gain":0.0,"max_hp_loss":0.0,"gold_gain":0.0,"event_name":"Ghosts","player_choice":"Ignored","floor":29.0,"gold_loss":0.0,"damage_taken":0.0},{"damage_healed":0.0,"max_hp_gain":0.0,"max_hp_loss":0.0,"gold_gain":0.0,"event_name":"SensoryStone","player_choice":"Memory 1","floor":36.0,"gold_loss":0.0,"damage_taken":0.0},{"damage_healed":0.0,"max_hp_gain":0.0,"max_hp_loss":0.0,"gold_gain":0.0,"event_name":"Tomb of Lord Red Mask","player_choice":"Ignored","floor":37.0,"gold_loss":0.0,"damage_taken":0.0},{"damage_healed":0.0,"max_hp_gain":0.0,"max_hp_loss":3.0,"gold_gain":0.0,"event_name":"Winding Halls","player_choice":"Max HP","floor":47.0,"gold_loss":0.0,"damage_taken":0.0}],"is_beta":false,"boss_relics":[{"not_picked":["Runesmith:UraniumAnvil","Empty Cage"],"picked":"Calling Bell"},{"not_picked":[]},{"not_picked":["Runic Pyramid","Ring of the Serpent"],"picked":"Runic Dome"},{"not_picked":[]}],"items_purged_floors":[4,21,28,34,38],"is_endless":false,"potions_floor_spawned":[10,12,14,16,23,24,31,40],"ascension_level":0}}