{"host":"a484oiac96svwyi6","time":1609142424,"event":{"mods":["2.2 Compatiblity","AchievementEnabler","Act Like it!","Astrologer","BaseMod","Better Altar","Better Match","Better Sensory Stone","Better Skull","Better Third Choice","Better-Laid Plans","BetterRewards","Block Reminder","Clawfect","Colored Map","Colored Powertips","Conjunction","Conspire","Custom Start","Dio Mod","Displayed Cursed Tome","Duelist Mod","GifTheSpireLib","Gold Saver","Googly Eyes","Hallownest","Hubris","Infinite Spire","Ironclad Rager","Jorbs\u0027s Wanderer Trilogy","Melee Mod","Menagerie","Minty Spire (QoL Compilation)","Quick Restart","RNG Fix","Random Character Button","Relic Filter","Relic Sorter","Relic Stats","Replay The Spire","Retaliation","Shop Mod","Small Relic Pack","Spikes Relics","Spire Birthday Party","StSLib","Stuff the Spire","SuperFastMode","The Fake Hero","The Necromancer","The Poker Player","TheHero","Transform Curses","Uncapped","Virulent Crown","[JumpMod]????","everything is the same but u backflip on backflip","vexMod"],"gold_per_floor":[1236,1236,1046,1065,1081,1081,1081,1081,1129,1129,1158,1175,1200,1220,1220,1299,1299,1319,1319,1333,1333,880,910,910,921,946,965,998,1009,1044,1063,1063,1141,1141,1152,1152,1170,1181,1200,1312,1312,1199,1251,1358,1358,1472,1578,1578,1578,1578],"floor_reached":51,"playtime":3994,"items_purged":[],"score":3131,"play_id":"fe5708ee-a86f-4a3a-a713-425b9bdf46f6","local_time":"20201228030024","is_ascension_mode":true,"campfire_choices":[{"data":"dioMod:DaggerToss","floor":6.0,"key":"SMITH"},{"data":"dioMod:Muda","floor":8.0,"key":"SMITH"},{"data":"dioMod:Muda","floor":15.0,"key":"SMITH"},{"floor":24.0,"key":"REST"},{"data":"dioMod:Strike","floor":32.0,"key":"PURGE"},{"floor":41,"key":"REST"},{"data":"dioMod:TheWalk","floor":49,"key":"SMITH"}],"circlet_count":0,"master_deck":["AscendersBane","dioMod:Strike","Bite","dioMod:Defend","dioMod:Defend","dioMod:Defend","dioMod:Defend","dioMod:MudaMudaMuda+1","dioMod:Muda+1","dioMod:Muda+1","dioMod:Muda","dioMod:Muda","Regret","dioMod:Hiss","dioMod:Muda","dioMod:DoubleTime+1","dioMod:Muda+1","dioMod:DaggerToss","dioMod:DaggerToss","dioMod:TheWalk+1","dioMod:DaggerToss+1","dioMod:TheWalk"],"relics":["dioMod:VampireBlood","HowToJump","StuffTheSpire:GrapeVine","Gremlin Food","hubris:Zylophone","Strawberry","Lantern","StuffTheSpire:RedRose","StuffTheSpire:OldFever","StuffTheSpire:Wildfire","Black Star","Durian","hubris:Backtick","StuffTheSpire:ForceGauntlet","Enchiridion","Membership Card","Simple Rune","Replay:Multitool","StuffTheSpire:Rhapsscallions","StuffTheSpire:Mouthbags","vexMod:BarristanHead","ReplayTheSpireMod:Lightbulb","War Paint","Pen Nib","hubris:Towel","infinitespire:EvilPickle","Prayer Wheel","vexMod:HeadHunter","BargainBundle","RollingBoulder","Pen Nib","Anchor","Molten Egg 2","StuffTheSpire:CocoNut","hubris:Potato","hubris:TenFootPole"],"acts_visited":["Exordium","TheCity","TheBeyond"],"potions_floor_usage":[],"damage_taken":[{"damage":10.0,"enemies":"Small Slimes","floor":1.0,"turns":2.0},{"damage":0.0,"enemies":"Cultist","floor":4.0,"turns":2.0},{"damage":0.0,"enemies":"Jaw Worm","floor":5.0,"turns":2.0},{"damage":0.0,"enemies":"Lagavulin","floor":11.0,"turns":2.0},{"damage":6.0,"enemies":"2 Fungi Beasts","floor":12.0,"turns":2.0},{"damage":0.0,"enemies":"Gremlin Nob","floor":13.0,"turns":1.0},{"damage":7.0,"enemies":"Exordium Wildlife","floor":14.0,"turns":2.0},{"damage":0.0,"enemies":"Fading Forest","floor":16.0,"turns":2.0},{"damage":16.0,"enemies":"3 Byrds","floor":18.0,"turns":2.0},{"damage":15.0,"enemies":"Shell Parasite","floor":20.0,"turns":2.0},{"damage":23.0,"enemies":"Gremlin Leader","floor":23.0,"turns":3.0},{"damage":0.0,"enemies":"Centurion and Healer","floor":25.0,"turns":1.0},{"damage":0.0,"enemies":"Sentry and Sphere","floor":27.0,"turns":2.0},{"damage":0.0,"enemies":"Book of Stabbing","floor":28.0,"turns":2.0},{"damage":0.0,"enemies":"Snecko","floor":29.0,"turns":2.0},{"damage":0.0,"enemies":"Slavers","floor":30.0,"turns":1.0},{"damage":2.0,"enemies":"Shelled Parasite and Fungi","floor":31.0,"turns":2.0},{"damage":0.0,"enemies":"Pondfish","floor":33.0,"turns":3.0},{"damage":12.0,"enemies":"3 Darklings","floor":35.0,"turns":2.0},{"damage":0.0,"enemies":"Orb Walker","floor":37.0,"turns":1.0},{"damage":0.0,"enemies":"Jaw Worm Horde","floor":38.0,"turns":1.0},{"damage":0.0,"enemies":"Transient","floor":39.0,"turns":3.0},{"damage":22,"enemies":"Nightmare","floor":40,"turns":5},{"damage":0,"enemies":"R_Hoarder","floor":44,"turns":2},{"damage":0,"enemies":"Giant Head","floor":46,"turns":3},{"damage":0,"enemies":"Maw","floor":47,"turns":2},{"damage":0,"enemies":"Time Eater","floor":50,"turns":2}],"seed_played":"-1988197303502282642","potions_obtained":[{"floor":12.0,"key":"LiquidBronze"},{"floor":14.0,"key":"Fire Potion"},{"floor":20.0,"key":"ColorlessPotion"}],"is_trial":false,"path_per_floor":["M","?","$","M","M","R","?","R","T","?","E","M","E","M","R","B",null,"M","AVR","M","?","$","E","R","M","T","M","E","M","E","M","R","B",null,"M","?","M","M","M","NM","R","$","T","E","?","E","M","?","R","B",null],"character_chosen":"THE_DEFAULT","items_purchased":["StuffTheSpire:GrapeVine","dioMod:MudaMudaMuda","dioMod:Muda","dioMod:Muda","Gremlin Food","dioMod:Muda","Strawberry","Membership Card","dioMod:Muda","Simple Rune","Replay:Multitool","BargainBundle","RollingBoulder","Pen Nib"],"campfire_rested":2,"item_purchase_floors":[0,0,0,0,0,3,3,22,22,22,22,42,42,42],"current_hp_per_floor":[59,59,66,71,74,74,74,74,74,74,77,77,77,76,76,77,77,70,75,63,42,42,33,58,64,64,70,73,76,85,85,85,85,85,85,85,85,85,85,68,85,85,85,92,92,92,92,92,92,92],"gold":1578,"neow_bonus":"","is_daily":false,"chose_seed":false,"campfire_upgraded":4,"win_rate":0.0,"timestamp":1609142424,"path_taken":["M","?","$","M","?","R","?","R","T","?","E","M","E","M","R","BOSS","M","AVR","M","?","$","E","R","M","T","?","E","M","E","M","R","BOSS","M","?","?","M","M","NM","R","$","T","E","?","E","M","?","R","BOSS"],"items_purchased_type":["Relic","Card","Card","Card","Relic","Card","Relic","Relic","Card","Relic","Relic","Relic","Relic","Relic"],"build_version":"2020-12-22","purchased_purges":0,"victory":true,"max_hp_per_floor":[70,70,77,77,77,77,77,77,77,77,77,77,77,77,77,77,77,77,82,82,82,82,85,85,85,85,85,85,85,85,85,85,85,85,85,85,85,85,85,85,85,85,85,92,92,92,92,92,92,92],"relic_stats":{"counters":[176,570],"Prayer Wheel":2,"Pen Nib":[16],"Black Star":10,"War Paint":["dioMod:Defend","dioMod:DoubleTime"],"obtain_stats":[{"Replay:Accelerometer":6,"StuffTheSpire:Rhapsscallions":42,"Spirit Poop":22,"StuffTheSpire:BottledEssence":0,"hubris:MysteriousPyramids":38,"Sling":0,"Blood Vial":26,"vexMod:InvisibilityCloak":0,"infinitespire:ShieldingShard":0,"HandDrill":0,"Replay:Bottled Steam":0,"MerchantsRug":5,"Eternal Feather":0,"StuffTheSpire:Wildfire":0,"Pen Nib":0,"infinitespire:Magic Flask":0,"Akabeko":0,"infinitespire:EvilPickle":39,"dioMod:VampireBlood":0,"StuffTheSpire:MayFlowers":0,"infinitespire:Broken Mirror":0,"Bird Faced Urn":0,"Unceasing Top":0,"hubris:Reverence":30,"vexMod:PlasmaPancake":0,"Regal Pillow":0,"Torii":0,"StuffTheSpire:GrapeVine":25,"hubris:EmptyBottle":0,"Ancient Tea Set":9,"Pet Ghost":3,"conspire:InfiniteJournal":0,"StuffTheSpire:Gunfinga":0,"hubris:Backtick":20,"Toolbox":0,"hubris:CuriousFeather":0,"Chemical X":0,"Replay:Bottled Eggs":0,"InkBottle":0,"Potion Belt":40,"Lee\u0027s Waffle":0,"hubris:64BitClover":0,"PreservedInsect":15,"hubris:Towel":36,"Replay:Arrowhead":2,"StuffTheSpire:Mouthbags":0,"Ornamental Fan":0,"Art of War":0,"SpikesRelics:DaevaFist":0,"Garlic":0,"Durian":0,"conspire:DeflatedDodgeball":0,"Ice Cream":0,"ShockBauble":37,"Calipers":48,"conspire:RoyalGoblet":21,"Gremlin Horn":0,"Centennial Puzzle":43,"Prayer Wheel":0,"Iron Hammer":3,"LugNut":0,"Girya":0,"hubris:DuctTape":0,"StuffTheSpire:ForceGauntlet":19,"vexMod:PaidLearning":0,"hubris:Zylophone":37,"Du-Vu Doll":42,"OrangePellets":0,"conspire:GiftBox":0,"Onion Ring":0,"hubris:PeanutButter":0,"StuffTheSpire:PointBlank":0,"infinitespire:EmpoweringShard":0,"CosmicIsotope":34,"Mirror":0,"ReplayTheSpireMod:DimensionalGlitch":17,"StuffTheSpire:OldFever":19,"Enchiridion":21,"Juzu Bracelet":0,"Replay:Mystery Machine":6,"vexMod:Spyglass":0,"conspire:TopHat":0,"Dream Catcher":27,"Nunchaku":11,"hubris:Icosahedron":4,"MiniBlackHole":0,"StuffTheSpire:Nightcore":0,"Guide Book":0,"infinitespire:FocusingShard":0,"Replay:WaspNest":0,"hubris:MedicalManual":0,"vexMod:FocusSash":41,"Medical Kit":0,"Mercury Hourglass":0,"vexMod:Dragonfruit":0,"Strange Spoon":0,"Cauldron":37,"Pondfish Scales":0,"vexMod:BarristanHead":0,"infinitespire:Satchel":45,"StuffTheSpire:CocoNut":0,"Bag of Marbles":0,"Membership Card":2,"FossilizedHelix":0,"hubris:OldNail":0,"infinitespire:BottledMercury":31,"Golden Egg":0,"vexMod:MemoryStick":42,"Conjunction:SoulLantern":13,"Whetstone":0,"Ginger":0,"Boot":0,"relicPack:OneForAll":19,"Replay:Ringing Soul":0,"ZombieTooth":0,"vexMod:CardConverter":0,"infinitespire:Golems Mask":0,"MealTicket":8,"Kunai":0,"conspire:TreasureMap":0,"Pear":9,"GiantMaggot":0,"Counterbalance":0,"hubris:SphereOfDissonance":42,"vexMod:MysteryBossChallenge":34,"Runic Dome":34,"hubris:TenFootPole":10,"infinitespire:PuzzleCube":0,"relicPack:WeightedSword":38,"WizardHat":0,"Lantern":0,"hubris:Metronome":0,"RoseTintedShades":0,"Blue Doll":0,"Rawhide":0,"StuffTheSpire:EmeraldSignet":0,"Bag of Preparation":45,"Replay:Multitool":0,"HeavenlyBonsai":0,"Replay:Rubber Ducky":0,"Shovel":0,"Matryoshka":0,"Ninja Scroll":20,"hubris:ScarierMask":34,"Replay:Lucky Slots":0,"hubris:FunFungus":0,"StuffTheSpire:RedRose":2,"BicycleWheel":0,"hubris:GlazedTorus":0,"StuffTheSpire:TintedRock":0,"CherryCoatedStake":44,"StuffTheSpire:Saxophone":0,"StuffTheSpire:Expresso":0,"Thread and Needle":28,"infinitespire:Joker Card":0,"Omamori":0,"infinitespire:CheckeredPen":0,"Frozen Egg 2":0,"Bloody Idol":20,"Orrery":28,"Turnip":0,"Bottled Lightning":0,"ReplayTheSpireMod:Lightbulb":0,"Toy Ornithopter":0,"CeramicFish":0,"Vajra":0,"Lizard Tail":0,"SpikesRelics:ToyHorsey":8,"HornCleat":0,"DollysMirror":41,"conspire:DecoderRing":6,"Strawberry":0,"Toxic Egg 2":0,"vexMod:RetaliationKit":0,"conspire:Dentures":0,"Happy Flower":0,"vexMod:ScavengeHelm":0,"Oddly Smooth Stone":0,"infinitespire:Beetle Shell":31,"Letter Opener":49,"Replay:Kaleidoscope":0,"War Paint":0,"Question Card":0,"Bottled Flame":0,"Replay:Baseball":0,"ReplayTheSpireMod:Shallot":0,"Shuriken":0,"Bronze Scales":0,"Molten Egg 2":26,"Simple Rune":0,"StuffTheSpire:DarkSteelAnvil":0,"Black Star":17,"ReplayTheSpireMod:TigerMarble":0,"hubris:ToyBattleship":0,"Grinning Jar":21,"Meat on the Bone":0,"ReplayFunnel":0,"Darkstone Periapt":0,"SnailShell":0,"RetroEgg":0,"SacredBark":17,"Mango":0,"BrokenLever":0,"conspire:SpecialSausage":34,"hubris:SlimyHat":0,"ClockworkSouvenir":0,"Frozen Eye":0,"Replay:Bandana":0,"Mummified Hand":0,"Pantograph":9,"StuffTheSpire:HeavyRock":0,"Tiny Chest":0,"RollingBoulder":0,"StuffTheSpire:Tea":0,"Gremlin Food":0,"BargainBundle":0,"ReplayTheSpireMod:Ninjato":0,"HowToJump":0,"Replay:Towering Pillar of Hats":0,"Quantum Egg":0,"SuspiciousGoo":0,"Orichalcum":12,"White Beast Statue":14,"Anchor":0,"CaptainsWheel":0,"infinitespire:WardingShard":0,"vexMod:HeadHunter":0,"ChewingGum":34,"Snack Pack":0,"StuffTheSpire:RubySignet":0,"StuffTheSpire:Kangaroo":34,"TungstenRod":0,"hubris:Potato":7},{"Replay:Accelerometer":128,"StuffTheSpire:Rhapsscallions":145,"Spirit Poop":30,"StuffTheSpire:BottledEssence":42,"hubris:MysteriousPyramids":118,"Sling":46,"Blood Vial":31,"vexMod:InvisibilityCloak":46,"infinitespire:ShieldingShard":46,"HandDrill":46,"Replay:Bottled Steam":46,"MerchantsRug":50,"Eternal Feather":46,"StuffTheSpire:Wildfire":46,"Pen Nib":46,"infinitespire:Magic Flask":46,"Akabeko":21,"infinitespire:EvilPickle":171,"dioMod:VampireBlood":0,"StuffTheSpire:MayFlowers":46,"infinitespire:Broken Mirror":46,"Bird Faced Urn":46,"Unceasing Top":46,"hubris:Reverence":33,"vexMod:PlasmaPancake":46,"Regal Pillow":46,"Torii":46,"StuffTheSpire:GrapeVine":138,"hubris:EmptyBottle":46,"Ancient Tea Set":25,"Pet Ghost":1,"conspire:InfiniteJournal":46,"StuffTheSpire:Gunfinga":46,"hubris:Backtick":79,"Toolbox":21,"hubris:CuriousFeather":46,"Chemical X":46,"Replay:Bottled Eggs":46,"InkBottle":46,"Potion Belt":36,"Lee\u0027s Waffle":46,"hubris:64BitClover":46,"PreservedInsect":27,"hubris:Towel":168,"Replay:Arrowhead":43,"StuffTheSpire:Mouthbags":46,"Ornamental Fan":46,"Art of War":46,"SpikesRelics:DaevaFist":46,"Garlic":46,"Durian":46,"conspire:DeflatedDodgeball":46,"Ice Cream":46,"ShockBauble":35,"Calipers":122,"conspire:RoyalGoblet":8,"Gremlin Horn":46,"Centennial Puzzle":37,"Prayer Wheel":46,"Iron Hammer":22,"LugNut":46,"Girya":46,"hubris:DuctTape":46,"StuffTheSpire:ForceGauntlet":158,"vexMod:PaidLearning":46,"hubris:Zylophone":89,"Du-Vu Doll":145,"OrangePellets":46,"conspire:GiftBox":46,"Onion Ring":46,"hubris:PeanutButter":46,"StuffTheSpire:PointBlank":46,"infinitespire:EmpoweringShard":46,"CosmicIsotope":141,"Mirror":46,"ReplayTheSpireMod:DimensionalGlitch":77,"StuffTheSpire:OldFever":29,"Enchiridion":159,"Juzu Bracelet":46,"Replay:Mystery Machine":2,"vexMod:Spyglass":46,"conspire:TopHat":46,"Dream Catcher":10,"Nunchaku":25,"hubris:Icosahedron":22,"MiniBlackHole":46,"StuffTheSpire:Nightcore":46,"Guide Book":46,"infinitespire:FocusingShard":46,"Replay:WaspNest":46,"hubris:MedicalManual":46,"vexMod:FocusSash":37,"Medical Kit":46,"Mercury Hourglass":46,"vexMod:Dragonfruit":46,"Strange Spoon":46,"Cauldron":65,"Pondfish Scales":46,"vexMod:BarristanHead":46,"infinitespire:Satchel":18,"StuffTheSpire:CocoNut":46,"Bag of Marbles":46,"Membership Card":43,"FossilizedHelix":46,"hubris:OldNail":46,"infinitespire:BottledMercury":12,"Golden Egg":46,"vexMod:MemoryStick":17,"Conjunction:SoulLantern":54,"Whetstone":46,"Ginger":46,"Boot":46,"relicPack:OneForAll":8,"Replay:Ringing Soul":46,"ZombieTooth":46,"vexMod:CardConverter":46,"infinitespire:Golems Mask":46,"MealTicket":129,"Kunai":46,"conspire:TreasureMap":46,"Pear":45,"GiantMaggot":46,"Counterbalance":46,"hubris:SphereOfDissonance":17,"vexMod:MysteryBossChallenge":63,"Runic Dome":63,"hubris:TenFootPole":25,"infinitespire:PuzzleCube":46,"relicPack:WeightedSword":142,"WizardHat":46,"Lantern":46,"hubris:Metronome":46,"RoseTintedShades":42,"Blue Doll":46,"Rawhide":46,"StuffTheSpire:EmeraldSignet":46,"Bag of Preparation":18,"Replay:Multitool":46,"HeavenlyBonsai":46,"Replay:Rubber Ducky":46,"Shovel":21,"Matryoshka":46,"Ninja Scroll":79,"hubris:ScarierMask":13,"Replay:Lucky Slots":46,"hubris:FunFungus":46,"StuffTheSpire:RedRose":22,"BicycleWheel":46,"hubris:GlazedTorus":46,"StuffTheSpire:TintedRock":46,"CherryCoatedStake":146,"StuffTheSpire:Saxophone":46,"StuffTheSpire:Expresso":46,"Thread and Needle":32,"infinitespire:Joker Card":46,"Omamori":46,"infinitespire:CheckeredPen":46,"Frozen Egg 2":42,"Bloody Idol":58,"Orrery":61,"Turnip":46,"Bottled Lightning":46,"ReplayTheSpireMod:Lightbulb":46,"Toy Ornithopter":46,"CeramicFish":46,"Vajra":46,"Lizard Tail":46,"SpikesRelics:ToyHorsey":25,"HornCleat":46,"DollysMirror":16,"conspire:DecoderRing":24,"Strawberry":46,"Toxic Egg 2":46,"vexMod:RetaliationKit":46,"conspire:Dentures":46,"Happy Flower":46,"vexMod:ScavengeHelm":46,"Oddly Smooth Stone":46,"infinitespire:Beetle Shell":12,"Letter Opener":41,"Replay:Kaleidoscope":46,"War Paint":46,"Question Card":46,"Bottled Flame":46,"Replay:Baseball":46,"ReplayTheSpireMod:Shallot":46,"Shuriken":46,"Bronze Scales":46,"Molten Egg 2":10,"Simple Rune":46,"StuffTheSpire:DarkSteelAnvil":46,"Black Star":7,"ReplayTheSpireMod:TigerMarble":42,"hubris:ToyBattleship":46,"Grinning Jar":8,"Meat on the Bone":46,"ReplayFunnel":46,"Darkstone Periapt":46,"SnailShell":46,"RetroEgg":46,"SacredBark":105,"Mango":46,"BrokenLever":46,"conspire:SpecialSausage":115,"hubris:SlimyHat":46,"ClockworkSouvenir":46,"Frozen Eye":46,"Replay:Bandana":46,"Mummified Hand":46,"Pantograph":4,"StuffTheSpire:HeavyRock":46,"Tiny Chest":46,"RollingBoulder":46,"StuffTheSpire:Tea":46,"Gremlin Food":46,"BargainBundle":42,"ReplayTheSpireMod:Ninjato":46,"HowToJump":0,"Replay:Towering Pillar of Hats":46,"Quantum Egg":21,"SuspiciousGoo":46,"Orichalcum":54,"White Beast Statue":6,"Anchor":46,"CaptainsWheel":46,"infinitespire:WardingShard":46,"vexMod:HeadHunter":46,"ChewingGum":34,"Snack Pack":46,"StuffTheSpire:RubySignet":46,"StuffTheSpire:Kangaroo":87,"TungstenRod":46,"hubris:Potato":73},{"Replay:Accelerometer":406,"StuffTheSpire:Rhapsscallions":499,"Spirit Poop":146,"StuffTheSpire:BottledEssence":175,"hubris:MysteriousPyramids":379,"Sling":190,"Blood Vial":148,"vexMod:InvisibilityCloak":190,"infinitespire:ShieldingShard":190,"HandDrill":190,"Replay:Bottled Steam":190,"MerchantsRug":200,"Eternal Feather":190,"StuffTheSpire:Wildfire":190,"Pen Nib":190,"infinitespire:Magic Flask":190,"Akabeko":118,"infinitespire:EvilPickle":556,"dioMod:VampireBlood":0,"StuffTheSpire:MayFlowers":190,"infinitespire:Broken Mirror":190,"Bird Faced Urn":190,"Unceasing Top":190,"hubris:Reverence":154,"vexMod:PlasmaPancake":190,"Regal Pillow":190,"Torii":190,"StuffTheSpire:GrapeVine":461,"hubris:EmptyBottle":190,"Ancient Tea Set":129,"Pet Ghost":4,"conspire:InfiniteJournal":190,"StuffTheSpire:Gunfinga":190,"hubris:Backtick":313,"Toolbox":118,"hubris:CuriousFeather":190,"Chemical X":190,"Replay:Bottled Eggs":190,"InkBottle":190,"Potion Belt":160,"Lee\u0027s Waffle":190,"hubris:64BitClover":190,"PreservedInsect":131,"hubris:Towel":551,"Replay:Arrowhead":176,"StuffTheSpire:Mouthbags":190,"Ornamental Fan":190,"Art of War":190,"SpikesRelics:DaevaFist":190,"Garlic":190,"Durian":190,"conspire:DeflatedDodgeball":190,"Ice Cream":190,"ShockBauble":159,"Calipers":386,"conspire:RoyalGoblet":42,"Gremlin Horn":190,"Centennial Puzzle":161,"Prayer Wheel":190,"Iron Hammer":121,"LugNut":190,"Girya":190,"hubris:DuctTape":190,"StuffTheSpire:ForceGauntlet":531,"vexMod:PaidLearning":190,"hubris:Zylophone":326,"Du-Vu Doll":499,"OrangePellets":190,"conspire:GiftBox":190,"Onion Ring":190,"hubris:PeanutButter":190,"StuffTheSpire:PointBlank":190,"infinitespire:EmpoweringShard":190,"CosmicIsotope":483,"Mirror":190,"ReplayTheSpireMod:DimensionalGlitch":309,"StuffTheSpire:OldFever":143,"Enchiridion":533,"Juzu Bracelet":190,"Replay:Mystery Machine":10,"vexMod:Spyglass":190,"conspire:TopHat":190,"Dream Catcher":52,"Nunchaku":129,"hubris:Icosahedron":121,"MiniBlackHole":190,"StuffTheSpire:Nightcore":190,"Guide Book":190,"infinitespire:FocusingShard":190,"Replay:WaspNest":190,"hubris:MedicalManual":190,"vexMod:FocusSash":161,"Medical Kit":190,"Mercury Hourglass":190,"vexMod:Dragonfruit":190,"Strange Spoon":190,"Cauldron":281,"Pondfish Scales":190,"vexMod:BarristanHead":190,"infinitespire:Satchel":99,"StuffTheSpire:CocoNut":190,"Bag of Marbles":190,"Membership Card":176,"FossilizedHelix":190,"hubris:OldNail":190,"infinitespire:BottledMercury":61,"Golden Egg":190,"vexMod:MemoryStick":91,"Conjunction:SoulLantern":223,"Whetstone":190,"Ginger":190,"Boot":190,"relicPack:OneForAll":42,"Replay:Ringing Soul":190,"ZombieTooth":190,"vexMod:CardConverter":190,"infinitespire:Golems Mask":190,"MealTicket":409,"Kunai":190,"conspire:TreasureMap":190,"Pear":184,"GiantMaggot":190,"Counterbalance":190,"hubris:SphereOfDissonance":91,"vexMod:MysteryBossChallenge":274,"Runic Dome":274,"hubris:TenFootPole":129,"infinitespire:PuzzleCube":190,"relicPack:WeightedSword":486,"WizardHat":190,"Lantern":190,"hubris:Metronome":190,"RoseTintedShades":175,"Blue Doll":190,"Rawhide":190,"StuffTheSpire:EmeraldSignet":190,"Bag of Preparation":99,"Replay:Multitool":190,"HeavenlyBonsai":190,"Replay:Rubber Ducky":190,"Shovel":118,"Matryoshka":190,"Ninja Scroll":313,"hubris:ScarierMask":73,"Replay:Lucky Slots":190,"hubris:FunFungus":190,"StuffTheSpire:RedRose":121,"BicycleWheel":190,"hubris:GlazedTorus":190,"StuffTheSpire:TintedRock":190,"CherryCoatedStake":501,"StuffTheSpire:Saxophone":190,"StuffTheSpire:Expresso":190,"Thread and Needle":150,"infinitespire:Joker Card":190,"Omamori":190,"infinitespire:CheckeredPen":190,"Frozen Egg 2":175,"Bloody Idol":244,"Orrery":256,"Turnip":190,"Bottled Lightning":190,"ReplayTheSpireMod:Lightbulb":190,"Toy Ornithopter":190,"CeramicFish":190,"Vajra":190,"Lizard Tail":190,"SpikesRelics:ToyHorsey":129,"HornCleat":190,"DollysMirror":85,"conspire:DecoderRing":126,"Strawberry":190,"Toxic Egg 2":190,"vexMod:RetaliationKit":190,"conspire:Dentures":190,"Happy Flower":190,"vexMod:ScavengeHelm":190,"Oddly Smooth Stone":190,"infinitespire:Beetle Shell":61,"Letter Opener":169,"Replay:Kaleidoscope":190,"War Paint":190,"Question Card":190,"Bottled Flame":190,"Replay:Baseball":190,"ReplayTheSpireMod:Shallot":190,"Shuriken":190,"Bronze Scales":190,"Molten Egg 2":52,"Simple Rune":190,"StuffTheSpire:DarkSteelAnvil":190,"Black Star":37,"ReplayTheSpireMod:TigerMarble":175,"hubris:ToyBattleship":190,"Grinning Jar":42,"Meat on the Bone":190,"ReplayFunnel":190,"Darkstone Periapt":190,"SnailShell":190,"RetroEgg":190,"SacredBark":353,"Mango":190,"BrokenLever":190,"conspire:SpecialSausage":375,"hubris:SlimyHat":190,"ClockworkSouvenir":190,"Frozen Eye":190,"Replay:Bandana":190,"Mummified Hand":190,"Pantograph":15,"StuffTheSpire:HeavyRock":190,"Tiny Chest":190,"RollingBoulder":190,"StuffTheSpire:Tea":190,"Gremlin Food":190,"BargainBundle":175,"ReplayTheSpireMod:Ninjato":190,"HowToJump":0,"Replay:Towering Pillar of Hats":190,"Quantum Egg":118,"SuspiciousGoo":190,"Orichalcum":223,"White Beast Statue":24,"Anchor":190,"CaptainsWheel":190,"infinitespire:WardingShard":190,"vexMod:HeadHunter":190,"ChewingGum":158,"Snack Pack":190,"StuffTheSpire:RubySignet":190,"StuffTheSpire:Kangaroo":324,"TungstenRod":190,"hubris:Potato":301}]},"card_choices":[{"not_picked":["dioMod:LaserVision","dioMod:Diversion"],"picked":"dioMod:DaggerToss","floor":1.0},{"not_picked":["dioMod:LaserVision","dioMod:ComposedMuda"],"picked":"dioMod:Muda","floor":4.0},{"not_picked":["dioMod:BloodShield","dioMod:SadisticLaugh","dioMod:VengefulMuda"],"picked":"SKIP","floor":5.0},{"not_picked":["dioMod:Roundabout","dioMod:CutDeep"],"picked":"dioMod:Hiss","floor":11.0},{"not_picked":["dioMod:HeavyLifting","dioMod:CautiousMuda","dioMod:Diversion"],"picked":"SKIP","floor":12.0},{"not_picked":["dioMod:Donut","dioMod:BloodShield"],"picked":"dioMod:Muda","floor":13.0},{"not_picked":["dioMod:DaggerSpree","dioMod:BlendIn","dioMod:HeavyLifting"],"picked":"SKIP","floor":14.0},{"not_picked":["dioMod:MudaMudaMuda+1","dioMod:FlyAway"],"picked":"dioMod:DoubleTime","floor":18.0},{"not_picked":["dioMod:DoubleTime","dioMod:ComposedMuda","dioMod:CautiousMuda"],"picked":"SKIP","floor":20.0},{"not_picked":["dioMod:Diversion","dioMod:MudaMudaMuda"],"picked":"dioMod:DaggerToss","floor":23.0},{"not_picked":["dioMod:StreetSign","dioMod:Hiss+1","dioMod:MudaMudaMuda"],"picked":"SKIP","floor":25.0},{"not_picked":["dioMod:Roundabout","dioMod:SadisticLaugh","dioMod:StreetSign"],"picked":"SKIP","floor":27.0},{"not_picked":["dioMod:FlyAway","dioMod:BloodShield","dioMod:Pluck"],"picked":"SKIP","floor":28.0},{"not_picked":["dioMod:Hiss","dioMod:Donut+1","dioMod:SadisticLaugh"],"picked":"SKIP","floor":29.0},{"not_picked":["dioMod:ComposedMuda","dioMod:BloodSplash","dioMod:TripleThreat+1"],"picked":"SKIP","floor":30.0},{"not_picked":["dioMod:VengefulMuda+1","dioMod:FlyAway"],"picked":"dioMod:DaggerToss","floor":31.0},{"not_picked":["dioMod:PathToHeaven","dioMod:Pluck"],"picked":"dioMod:TheWalk","floor":33.0},{"not_picked":["dioMod:VengefulMuda","dioMod:HeavyLifting","dioMod:Donut"],"picked":"SKIP","floor":35.0},{"not_picked":["dioMod:CautiousMuda","dioMod:HeavyLifting","dioMod:Hiss"],"picked":"SKIP","floor":37.0},{"not_picked":["dioMod:MudaMudaMuda+1","dioMod:SlashThroughTime+1","dioMod:BlendIn"],"picked":"SKIP","floor":38.0},{"not_picked":["dioMod:DarkRebirth+1","dioMod:ComboFever","dioMod:BlendIn+1"],"picked":"SKIP","floor":39.0},{"not_picked":["dioMod:DarkRebirth+1","dioMod:ComboFever","dioMod:BlendIn+1"],"picked":"SKIP","floor":39.0},{"not_picked":["dioMod:DarkRebirth+1","dioMod:ComboFever","dioMod:BlendIn+1"],"picked":"SKIP","floor":39.0},{"not_picked":["dioMod:DarkRebirth+1","dioMod:ComboFever","dioMod:BlendIn+1"],"picked":"SKIP","floor":39.0},{"not_picked":["dioMod:VengefulMuda+1","dioMod:Minions","dioMod:SecretPlan"],"picked":"SKIP","floor":40},{"not_picked":["dioMod:UltimateSacrifice","dioMod:Pluck","dioMod:RoadRoller+1"],"picked":"SKIP","floor":44},{"not_picked":["dioMod:DarkRebirth","dioMod:StreetSign+1","dioMod:Freeze+1"],"picked":"SKIP","floor":44},{"not_picked":["dioMod:Despair","dioMod:RoadRoller"],"picked":"dioMod:TheWalk","floor":46},{"not_picked":["dioMod:DarkRebirth","dioMod:Hiss","dioMod:ComboFever+1"],"picked":"SKIP","floor":46},{"not_picked":["dioMod:ComboFever","dioMod:Freeze","dioMod:HeavyLifting+1"],"picked":"SKIP","floor":47},{"not_picked":["dioMod:DarkRebirth","dioMod:Despair","dioMod:ComboFever"],"picked":"SKIP","floor":47}],"player_experience":395835,"relics_obtained":[{"floor":9.0,"key":"Lantern"},{"floor":11.0,"key":"StuffTheSpire:OldFever"},{"floor":13.0,"key":"StuffTheSpire:Wildfire"},{"floor":23.0,"key":"StuffTheSpire:Rhapsscallions"},{"floor":23.0,"key":"StuffTheSpire:Mouthbags"},{"floor":26.0,"key":"vexMod:BarristanHead"},{"floor":28.0,"key":"ReplayTheSpireMod:Lightbulb"},{"floor":30.0,"key":"War Paint"},{"floor":30.0,"key":"Pen Nib"},{"floor":40,"key":"Prayer Wheel"},{"floor":40,"key":"vexMod:HeadHunter"},{"floor":43,"key":"Anchor"},{"floor":44,"key":"Molten Egg 2"},{"floor":44,"key":"StuffTheSpire:CocoNut"},{"floor":46,"key":"hubris:Potato"},{"floor":46,"key":"hubris:TenFootPole"}],"event_choices":[{"cards_removed":["dioMod:Strike"],"damage_healed":0.0,"max_hp_gain":0.0,"max_hp_loss":0.0,"gold_gain":0.0,"event_name":"Purifier","player_choice":"Purged","floor":7.0,"gold_loss":0.0,"damage_taken":0.0},{"damage_healed":0.0,"max_hp_gain":0.0,"max_hp_loss":0.0,"gold_gain":0.0,"event_name":"Cursed Tome","player_choice":"Obtained Book","floor":21.0,"gold_loss":0.0,"damage_taken":21.0}],"is_beta":false,"boss_relics":[{"not_picked":["Runic Pyramid","vexMod:DeviousBotling"],"picked":"Black Star"},{"not_picked":["hubris:Stopwatch","Snecko Eye","conspire:RunicOctahedron"]}],"items_purged_floors":[],"is_endless":false,"potions_floor_spawned":[11,12,14,16,20,23,28,29,30,31,37,38],"ascension_level":18}}