{"host":"grli52lbdph2722t","time":1609172054,"event":{"mods":["AchievementEnabler","BaseMod","Downfall","Minty Spire (QoL Compilation)","Quick Restart","StSLib"],"gold_per_floor":[0,12,12,25,37,72,72,72,103,133,133,133,133],"floor_reached":11,"playtime":525,"items_purged":[],"score":122,"play_id":"0e75cd93-dd9b-48bd-9490-03cb3de1d6ae","local_time":"20201228171414","is_ascension_mode":true,"campfire_choices":[{"data":"champ:VampiricStrike","floor":1,"key":"SMITH"},{"floor":8,"key":"REST"}],"circlet_count":0,"master_deck":["AscendersBane","champ:Strike","champ:Strike","champ:Strike","champ:Defend","champ:Defend","champ:Defend","champ:Defend","champ:Execute","champ:Taunt","champ:VampiricStrike+1","champ:Duel","champ:FanOfKnives","champ:StanceDance","champ:FocusedGladiator","champ:BringItOn","champ:HeavySlash+1","champ:RageSigil"],"relics":["champ:ChampionCrown","Incense Burner","TungstenRod","Molten Egg 2","Odd Mushroom"],"acts_visited":["Exordium"],"potions_floor_usage":[11],"damage_taken":[{"damage":18,"enemies":"2 Louse","floor":2,"turns":6},{"damage":8,"enemies":"Cultist","floor":4,"turns":5},{"damage":0,"enemies":"Jaw Worm","floor":5,"turns":4},{"damage":77,"enemies":"Lagavulin","floor":6,"turns":10},{"damage":26,"enemies":"3 Sentries","floor":9,"turns":8},{"damage":20,"enemies":"The Mushroom Lair","floor":10,"turns":6},{"damage":19,"enemies":"Gremlin Nob","floor":11,"turns":2}],"seed_played":"-8178023687750695747","potions_obtained":[{"floor":2,"key":"Dexterity Potion"},{"floor":10,"key":"DistilledChaos"}],"is_trial":false,"path_per_floor":["R","M","?","M","M","E","T","R","E","?","E"],"character_chosen":"THE_CHAMP","items_purchased":[],"campfire_rested":1,"item_purchase_floors":[],"current_hp_per_floor":[81,72,72,77,77,20,20,47,36,18,0,0,0],"gold":133,"neow_bonus":"THREE_RARE_CARDS","is_daily":false,"chose_seed":false,"campfire_upgraded":1,"win_rate":0.0,"timestamp":1609172054,"path_taken":["R","M","?","?","M","E","T","R","E","?","E"],"items_purchased_type":[],"build_version":"2020-12-22","purchased_purges":0,"victory":false,"max_hp_per_floor":[90,90,90,90,90,90,90,90,90,90,90,90,90],"card_choices":[{"not_picked":["champ:IgnorePain","champ:SwordThrow"],"picked":"champ:VampiricStrike","floor":0},{"not_picked":["champ:ViciousMockery","champ:RageSigil"],"picked":"champ:Duel","floor":2},{"not_picked":["champ:HeartStrike","champ:DefensiveStyle"],"picked":"champ:StanceDance","floor":4},{"not_picked":["champ:Haymaker","champ:GutPunch"],"picked":"champ:FocusedGladiator","floor":5},{"not_picked":["champ:FlashCut","champ:RageSigil"],"picked":"champ:BringItOn","floor":6},{"not_picked":["champ:RisingSlash+1","champ:ViciousMockery"],"picked":"champ:HeavySlash+1","floor":9},{"not_picked":["champ:FalseCounter","champ:ShieldSigil"],"picked":"champ:RageSigil","floor":10}],"player_experience":4889311,"relics_obtained":[{"floor":6,"key":"Incense Burner"},{"floor":7,"key":"TungstenRod"},{"floor":9,"key":"Molten Egg 2"},{"floor":10,"key":"Odd Mushroom"}],"event_choices":[{"damage_healed":0,"gold_gain":0,"cards_transformed":["champ:Strike"],"player_choice":"Transformed","damage_taken":0,"max_hp_gain":0,"max_hp_loss":0,"event_name":"Transmorgrifier","floor":3,"gold_loss":0,"cards_obtained":["champ:FanOfKnives"]},{"damage_healed":0,"gold_gain":0,"player_choice":"Fought Mushrooms","damage_taken":0,"max_hp_gain":0,"max_hp_loss":0,"event_name":"Mushrooms","floor":10,"gold_loss":0}],"is_beta":false,"boss_relics":[],"items_purged_floors":[],"is_endless":false,"potions_floor_spawned":[2,10],"killed_by":"Gremlin Nob","ascension_level":10}}