{"host":"kh6fvhxn285ncg0o","time":1609121846,"event":{"mods":["Act Like it!","BaseMod","Colored Map","Friendly Minions","Keyboard Shortcuts","Minty Spire (QoL Compilation)","Quick Restart","Relic Stats","StSLib","SuperFastMode"],"gold_per_floor":[117,128,128,153,35,35,53,53,78,78,78,78,78,109,109,188,188,204,204,29,46,59,59,59],"floor_reached":23,"playtime":1406,"items_purged":["Strike_R","Pain"],"score":374,"play_id":"40ef5954-3838-4fb4-bdaf-891e888316a0","local_time":"20201228111726","is_ascension_mode":true,"campfire_choices":[{"data":"Inflame","floor":6,"key":"SMITH"},{"data":"Bash","floor":8,"key":"SMITH"},{"data":"Reckless Charge","floor":11,"key":"SMITH"},{"floor":13,"key":"REST"},{"data":"True Grit","floor":15,"key":"SMITH"}],"circlet_count":0,"master_deck":["AscendersBane","Strike_R","Strike_R+1","Strike_R","Defend_R","Defend_R","Defend_R","Defend_R+1","Bash+1","Inflame+1","Reckless Charge+1","True Grit+1","Fiend Fire","Offering","Power Through","Battle Trance+1"],"relics":["Burning Blood","Mango","Toy Ornithopter","Bronze Scales","Shovel","Philosopher\u0027s Stone","WarpedTongs"],"acts_visited":["Exordium","TheCity"],"potions_floor_usage":[16,22,23],"damage_taken":[{"damage":6,"enemies":"Cultist","floor":1,"turns":3},{"damage":9,"enemies":"2 Louse","floor":2,"turns":4},{"damage":9,"enemies":"Jaw Worm","floor":7,"turns":4},{"damage":8,"enemies":"Gremlin Nob","floor":14,"turns":3},{"damage":44,"enemies":"Hexaghost","floor":16,"turns":8},{"damage":24,"enemies":"Spheric Guardian","floor":18,"turns":4},{"damage":15,"enemies":"Shell Parasite","floor":21,"turns":3},{"damage":15,"enemies":"3 Cultists","floor":22,"turns":6},{"damage":49,"enemies":"Gremlin Leader","floor":23,"turns":7}],"seed_played":"8776735223031841434","potions_obtained":[{"floor":7,"key":"Block Potion"},{"floor":14,"key":"GamblersBrew"},{"floor":18,"key":"BlessingOfTheForge"}],"is_trial":false,"path_per_floor":["M","M","?","T","$","R","M","R","T","?","R","$","R","E","R","B",null,"M","?","$","M","M","E"],"character_chosen":"IRONCLAD","items_purchased":["Reckless Charge","Offering"],"campfire_rested":1,"item_purchase_floors":[5,20],"current_hp_per_floor":[64,61,61,61,61,61,58,58,58,31,31,31,57,55,55,22,72,54,54,54,45,41,0,0],"gold":59,"neow_bonus":"ONE_RARE_RELIC","is_daily":false,"chose_seed":false,"campfire_upgraded":4,"win_rate":0.0,"timestamp":1609121846,"path_taken":["M","?","?","?","$","R","M","R","T","?","R","$","R","E","R","BOSS","M","?","$","?","M","E"],"items_purchased_type":["Card","Card"],"build_version":"2020-12-22","purchased_purges":2,"victory":false,"max_hp_per_floor":[89,89,89,89,89,89,89,89,89,89,89,89,89,89,89,89,89,89,89,89,89,89,89,89],"relic_stats":{"Shovel":0,"counters":[9,42],"Bronze Scales":[99],"obtain_stats":[{"Shovel":14,"Bronze Scales":9,"Mango":0,"Philosopher\u0027s Stone":17,"Burning Blood":0,"Toy Ornithopter":4,"WarpedTongs":19},{"Shovel":4,"Bronze Scales":3,"Mango":0,"Philosopher\u0027s Stone":5,"Burning Blood":0,"Toy Ornithopter":2,"WarpedTongs":6},{"Shovel":14,"Bronze Scales":11,"Mango":0,"Philosopher\u0027s Stone":22,"Burning Blood":0,"Toy Ornithopter":7,"WarpedTongs":26}],"Burning Blood":48,"Toy Ornithopter":15,"WarpedTongs":[11]},"card_choices":[{"not_picked":["Reckless Charge","Thunderclap"],"picked":"Inflame","floor":2},{"not_picked":["Perfected Strike","Thunderclap"],"picked":"True Grit","floor":14},{"not_picked":["Bludgeon","Barricade"],"picked":"Fiend Fire","floor":16},{"not_picked":["Armaments","Metallicize","Wild Strike"],"picked":"SKIP","floor":18},{"not_picked":["Sword Boomerang","Clothesline"],"picked":"Power Through","floor":21},{"not_picked":["Clothesline","Fire Breathing"],"picked":"Battle Trance+1","floor":22}],"player_experience":3281870,"relics_obtained":[{"floor":4,"key":"Toy Ornithopter"},{"floor":9,"key":"Bronze Scales"},{"floor":14,"key":"Shovel"}],"event_choices":[{"cards_removed":["Strike_R"],"damage_healed":0,"gold_gain":0,"player_choice":"Forget","damage_taken":0,"max_hp_gain":0,"max_hp_loss":0,"event_name":"Living Wall","floor":3,"gold_loss":0},{"damage_healed":0,"gold_gain":0,"player_choice":"Entered Light","damage_taken":27,"max_hp_gain":0,"max_hp_loss":0,"event_name":"Shining Light","floor":10,"gold_loss":0,"cards_upgraded":["Defend_R","Strike_R"]},{"damage_healed":0,"gold_gain":0,"player_choice":"Rummage","damage_taken":0,"relics_obtained":["WarpedTongs"],"max_hp_gain":0,"max_hp_loss":0,"event_name":"Accursed Blacksmith","floor":19,"gold_loss":0,"cards_obtained":["Pain"]}],"is_beta":false,"boss_relics":[{"not_picked":["Black Star","Snecko Eye"],"picked":"Philosopher\u0027s Stone"}],"items_purged_floors":[5,20],"is_endless":false,"potions_floor_spawned":[7,14,18],"killed_by":"Gremlin Leader","ascension_level":20}}