{"host":"i0m9g0siyue4991n","time":1609133194,"event":{"mods":["ATMod(阿瑾Mod)","Act Like it!","BaseMod","BetterRewards","CapriCore","Challenge The Spire","Custom Start","Decade(王小明)","Friendly Minions","Gensokyo","Minty Spire (QoL Compilation)","Quick Restart","Reimu（博丽灵梦）","RumiaBox-露米娅的神秘盒子","StSLib","The Animator","The Immortal","TheWitcher"],"gold_per_floor":[114,44,57,69,69,103,103,103,103,113,131,149,162,173,173,249,249,259,49,64,78,78,257,257,357,357,368,368,380,380,366,366,445,445,457,457,467,285,301,301,95,225,225,225,359,359,371,382,382,482,482,482,178,403,503],"floor_reached":56,"playtime":2607,"items_purged":["AirStrike:ReiMu","HakureiPhantom:ReiMu","EmergencyTakeOff:ReiMu"],"score":1930,"play_id":"6b3cd237-23d2-44bf-9683-32c100b807a6","local_time":"20201228132634","is_ascension_mode":true,"campfire_choices":[{"data":"LovePray:ReiMu","floor":7,"key":"SMITH"},{"data":"KamiRite:ReiMu","floor":15,"key":"SMITH"},{"data":"PassingAway:ReiMu","floor":24,"key":"SMITH"},{"data":"SubcavityFantasy:ReiMu","floor":28,"key":"SMITH"},{"data":"YinYang:ReiMu","floor":32,"key":"SMITH"},{"floor":44,"key":"RECALL"},{"data":"Free:ReiMu","floor":46,"key":"SMITH"},{"data":"Authority:ReiMu","floor":49,"key":"SMITH"},{"data":"WonderfulDomain:ReiMu","floor":52,"key":"SMITH"}],"circlet_count":0,"master_deck":["AscendersBane","SubAcupoint:ReiMu","LovePray:ReiMu+1","OctopathSalyBorderN:ReiMu+1","CardOfSanctity:ReiMu+1","HakureiPhantom:ReiMu","SubcavityFantasy:ReiMu+1","KamiRite:ReiMu+1","Authority:ReiMu+1","Authority:ReiMu+1","BlastKick2:ReiMu","Free:ReiMu+1","AirManeuver:ReiMu","YinYang:ReiMu+1","PassingAway:ReiMu+1","Dreaming:ReiMu","KamiRite:ReiMu+1","WonderfulDomain:ReiMu+1","PrayRite:ReiMu","WonderfulDomain:ReiMu+1"],"relics":["ShineYinYang:ReiMu","AT_ATBox","NeowsBlessing","Meat on the Bone","Strawberry","SumBook","DollysMirror","GodSword7","FadedRune:ReiMu","AT_TheCollector","Bird Faced Urn","The Courier","Gensokyo:ChorusOfJoy","Coffee Dripper","Happy Flower","Bag of Preparation","SSSystem","AT_GuinsooRageblade","InkBottle","AT_ChloranthyRing"],"acts_visited":["Exordium","Gensokyo:Gensokyo","Gensokyo:Gensokyoer","TheEnding"],"potions_floor_usage":[55,55],"damage_taken":[{"damage":0,"enemies":"Gensokyo:Python","floor":1,"turns":1},{"damage":0,"enemies":"Gensokyo:3_Fairies","floor":3,"turns":2},{"damage":0,"enemies":"Gensokyo:2_Kodama","floor":4,"turns":1},{"damage":35,"enemies":"Gensokyo:Mamizou","floor":6,"turns":9},{"damage":10,"enemies":"Gensokyo:Kitsune","floor":10,"turns":3},{"damage":10,"enemies":"Gensokyo:3_Kodama","floor":11,"turns":3},{"damage":3,"enemies":"Gensokyo:2_Rabbits","floor":12,"turns":3},{"damage":0,"enemies":"Gensokyo:5_Fairies","floor":13,"turns":5},{"damage":13,"enemies":"Gensokyo:Python_and_Kodama","floor":14,"turns":4},{"damage":10,"enemies":"Gensokyo:Yukari","floor":16,"turns":7},{"damage":12,"enemies":"Gensokyo:AngelMirror","floor":18,"turns":4},{"damage":0,"enemies":"Gensokyo:2_Gloops","floor":20,"turns":5},{"damage":16,"enemies":"Gensokyo:Wraith","floor":21,"turns":6},{"damage":23,"enemies":"Gensokyo:Tenshi","floor":23,"turns":4},{"damage":0,"enemies":"Gensokyo:Tenshi","floor":25,"turns":4},{"damage":16,"enemies":"Gensokyo:Swordslinger","floor":27,"turns":4},{"damage":6,"enemies":"Gensokyo:Chomper_and_Gloop","floor":29,"turns":5},{"damage":9,"enemies":"Gensokyo:Kaguya","floor":33,"turns":10},{"damage":2,"enemies":"Gensokyo:3_Bats","floor":35,"turns":3},{"damage":1,"enemies":"Gensokyo:AncientGuardian","floor":37,"turns":6},{"damage":7,"enemies":"Gensokyo:4_Bats","floor":39,"turns":3},{"damage":3,"enemies":"Gensokyo:Kasen","floor":42,"turns":3},{"damage":22,"enemies":"Gensokyo:Marisa","floor":45,"turns":4},{"damage":0,"enemies":"Gensokyo:3_Boulders","floor":47,"turns":2},{"damage":6,"enemies":"Gensokyo:Dusk_and_Dawn","floor":48,"turns":3},{"damage":0,"enemies":"Gensokyo:Scarlet_Devils","floor":50,"turns":5},{"damage":4,"enemies":"Shield and Spear","floor":54,"turns":4},{"damage":39,"enemies":"The Heart","floor":55,"turns":4}],"seed_played":"-1594059337868295939","potions_obtained":[{"floor":3,"key":"SmokeBomb"},{"floor":10,"key":"Fire Potion"},{"floor":13,"key":"Strength Potion"},{"floor":16,"key":"PinkPotion:ReiMu"},{"floor":21,"key":"PowerPotion"}],"is_trial":false,"path_per_floor":["M","?","M","M","?","E","R","?","T","M","M","M","M","M","R","B",null,"M","COS","M","M","?","E","R","?","T","M","R","M","?","?","R","B",null,"M","?","M","$","M","?","$","E","T","R","E","R","M","M","R","B",null,"R","$","E","B",null],"character_chosen":"REIMU","items_purchased":["Happy Flower","Bag of Preparation","InkBottle"],"campfire_rested":0,"item_purchase_floors":[38,41,53],"current_hp_per_floor":[54,54,54,54,60,25,25,22,22,24,26,35,47,46,46,48,67,55,55,55,39,39,28,28,40,40,36,36,42,42,58,58,49,63,61,61,60,60,53,53,53,50,50,50,40,40,40,46,46,48,63,63,63,61,36],"gold":503,"neow_bonus":"THREE_ENEMY_KILL","is_daily":false,"chose_seed":false,"campfire_upgraded":8,"win_rate":0.0,"timestamp":1609133194,"path_taken":["M","?","?","M","?","E","R","?","T","M","M","M","?","M","R","BOSS","M","COS","M","M","?","E","R","?","T","?","R","M","?","?","R","BOSS","M","?","M","$","M","?","$","E","T","R","E","R","?","M","R","BOSS","R","$","E","BOSS"],"items_purchased_type":["Relic","Relic","Relic"],"build_version":"2020-12-22","purchased_purges":3,"victory":true,"max_hp_per_floor":[60,60,60,60,66,66,66,73,73,73,73,73,73,73,73,73,73,73,73,73,73,68,68,68,68,68,68,68,68,68,68,68,68,68,68,68,68,68,68,68,68,68,68,68,68,68,68,68,68,68,68,68,68,68,68],"card_choices":[{"not_picked":["OrbThrow:ReiMu","SubAcupoint:ReiMu"],"picked":"EmergencyTakeOff:ReiMu","floor":1},{"not_picked":["Intuition:ReiMu","TightArray:ReiMu"],"picked":"SubAcupoint:ReiMu","floor":3},{"not_picked":["ShadowOfCrow2:ReiMu","SpringWay:ReiMu"],"picked":"AirStrike:ReiMu","floor":4},{"not_picked":["FoulBorder2:ReiMu","KamiSacrifice:ReiMu"],"picked":"LovePray:ReiMu","floor":6},{"not_picked":["MountainWay:ReiMu","SpringWay:ReiMu","WonderfulDomain:ReiMu"],"picked":"SKIP","floor":10},{"not_picked":["Intuition:ReiMu","NineCharacters:ReiMu"],"picked":"AirManeuver:ReiMu","floor":11},{"not_picked":["SpringWay:ReiMu","Gathering:ReiMu"],"picked":"YinYang:ReiMu","floor":12},{"not_picked":["FoulBorder2:ReiMu","Enchanting:ReiMu"],"picked":"PassingAway:ReiMu","floor":13},{"not_picked":["SafetyPray:ReiMu","WonderfulDomain:ReiMu","CareerPray:ReiMu"],"picked":"SKIP","floor":14},{"not_picked":["BlastKick2:ReiMu","YinYang:ReiMu"],"picked":"Dreaming:ReiMu","floor":16},{"not_picked":["LearningPray:ReiMu","FineLineFantasy:ReiMu","Conquer:ReiMu"],"picked":"SKIP","floor":18},{"not_picked":["LovePray:ReiMu","OrbThrow:ReiMu"],"picked":"WonderfulDomain:ReiMu","floor":20},{"not_picked":["Meditation:ReiMu+1","SubAcupoint:ReiMu+1","MountainWay:ReiMu+1"],"picked":"SKIP","floor":20},{"not_picked":["Meditation:ReiMu+1","SubAcupoint:ReiMu+1","MountainWay:ReiMu+1"],"picked":"SKIP","floor":20},{"not_picked":["Revelation:ReiMu","OctopathBindingBorder2:ReiMu","SpiritualOutbreak2:ReiMu"],"picked":"SKIP","floor":21},{"not_picked":["UniversalSpiritual:ReiMu","ForcedLanding:ReiMu","EmergencyTakeOff:ReiMu"],"picked":"SKIP","floor":23},{"not_picked":["Meditation:ReiMu","KyokaiOfKami:ReiMu","Mountainwind:ReiMu"],"picked":"SKIP","floor":27},{"not_picked":["SpringWay:ReiMu","Enchanting:ReiMu","Amulet:ReiMu"],"picked":"SKIP","floor":29},{"not_picked":["Dreaming:ReiMu","CardOfSanctity:ReiMu"],"picked":"PrayRite:ReiMu","floor":33},{"not_picked":["RainPray2:ReiMu","Conquer:ReiMu+1","UniversalSpiritual:ReiMu"],"picked":"SKIP","floor":35},{"not_picked":["SubAcupoint:ReiMu","SafetyPray:ReiMu","UpKicking:ReiMu"],"picked":"SKIP","floor":37},{"not_picked":["Conquer:ReiMu","PhosphorusFlame:ReiMu","PayForSelf:ReiMu"],"picked":"SKIP","floor":39},{"not_picked":["RunawayExorcism:ReiMu","YinYangSign:ReiMu+1","Shading:ReiMu"],"picked":"SKIP","floor":42},{"not_picked":["WonderfulDomain:ReiMu+1","Intuition:ReiMu+1","KamiSacrifice:ReiMu"],"picked":"SKIP","floor":45},{"not_picked":["RainPray2:ReiMu","EmergencyTakeOff:ReiMu"],"picked":"WonderfulDomain:ReiMu+1","floor":47},{"not_picked":["EmergencyTakeOff:ReiMu","Revelation:ReiMu","AlertArray:ReiMu+1"],"picked":"SKIP","floor":48},{"not_picked":["SubAcupoint:ReiMu","TakeOff:ReiMu","SubcavityInstant:ReiMu"],"picked":"SKIP","floor":54}],"player_experience":607865,"relics_obtained":[{"floor":6,"key":"Meat on the Bone"},{"floor":9,"key":"SumBook"},{"floor":23,"key":"FadedRune:ReiMu"},{"floor":25,"key":"AT_TheCollector"},{"floor":25,"key":"Bird Faced Urn"},{"floor":26,"key":"The Courier"},{"floor":42,"key":"SSSystem"},{"floor":45,"key":"AT_GuinsooRageblade"},{"floor":54,"key":"AT_ChloranthyRing"}],"event_choices":[],"is_beta":false,"boss_relics":[{"not_picked":["Velvet Choker","DonationBox:ReiMu"],"picked":"ShineYinYang:ReiMu"},{"not_picked":["Fusion Hammer","Calling Bell"],"picked":"Coffee Dripper"}],"items_purged_floors":[38,41,53],"is_endless":false,"potions_floor_spawned":[3,10,13,16,21,25,27,29,35,37,39,47,48],"ascension_level":14}}