{"host":"pfy6u49v5s5r680p","time":1609159838,"event":{"mods":["BaseMod","Colored Map","DeckTracker","Highlight Path","Keyboard Shortcuts","Minty Spire (QoL Compilation)","Permanent Neow","Quick Restart","StSLib","SuperFastMode","everything is the same but u backflip on backflip"],"gold_per_floor":[116,134,134,84,84,84,84,84,84,94,22,35,67,78,78,175,175,191,202,127,52,68,68,68,68,68,84,99,99,109,122,122,219,219,229,245,263,274,292,76,76,92,118,118,118,118],"floor_reached":45,"playtime":2345,"items_purged":["Cleave"],"score":596,"play_id":"47380942-2461-4a61-af40-6b0e40c154d4","local_time":"20201228215038","daily_mods":["Draft","Heirloom","Flight"],"is_ascension_mode":false,"campfire_choices":[{"data":"Body Slam","floor":6,"key":"SMITH"},{"data":"Burning Pact","floor":7,"key":"SMITH"},{"data":"Seeing Red","floor":8,"key":"SMITH"},{"data":"Heavy Blade","floor":15,"key":"SMITH"},{"data":"Whirlwind","floor":23,"key":"SMITH"},{"data":"Offering","floor":24,"key":"SMITH"},{"data":"Hemokinesis","floor":25,"key":"SMITH"},{"data":"Second Wind","floor":29,"key":"SMITH"},{"floor":32,"key":"REST"},{"data":"Evolve","floor":41,"key":"SMITH"}],"circlet_count":0,"master_deck":["Second Wind+1","Flex","Shrug It Off","Thunderclap","Seeing Red+1","Hemokinesis+1","Burning Pact+1","Flex","Feel No Pain","Body Slam+1","Warcry","Spot Weakness","Flex","Heavy Blade+1","Offering+1","Rupture+1","Whirlwind+1","Bloodletting+1","Dark Embrace+1","Sentinel","Double Tap","CurseOfTheBell","Pommel Strike+1","Power Through","Rupture+1","Twin Strike+1","Bloodletting+1","Evolve+1","Flex+1"],"relics":["Burning Blood","StoneCalendar","Mango","Lizard Tail","SlaversCollar","Happy Flower","Calling Bell","Ginger","Pantograph","Bag of Preparation","Chemical X","Regal Pillow"],"acts_visited":["Exordium","TheCity","TheBeyond"],"potions_floor_usage":[16,16,16,19,37,37,45,45],"damage_taken":[{"damage":6,"enemies":"Cultist","floor":1,"turns":4},{"damage":10,"enemies":"Small Slimes","floor":2,"turns":2},{"damage":5,"enemies":"Jaw Worm","floor":10,"turns":2},{"damage":12,"enemies":"Red Slaver","floor":12,"turns":3},{"damage":43,"enemies":"Gremlin Nob","floor":13,"turns":4},{"damage":12,"enemies":"Looter","floor":14,"turns":2},{"damage":33,"enemies":"Hexaghost","floor":16,"turns":5},{"damage":32,"enemies":"Spheric Guardian","floor":18,"turns":4},{"damage":39,"enemies":"3 Byrds","floor":19,"turns":4},{"damage":44,"enemies":"Snake Plant","floor":22,"turns":5},{"damage":16,"enemies":"Cultist and Chosen","floor":27,"turns":3},{"damage":16,"enemies":"Centurion and Healer","floor":28,"turns":2},{"damage":7,"enemies":"3 Cultists","floor":30,"turns":3},{"damage":9,"enemies":"Cultist and Chosen","floor":31,"turns":1},{"damage":26,"enemies":"Collector","floor":33,"turns":5},{"damage":19,"enemies":"Orb Walker","floor":35,"turns":2},{"damage":6,"enemies":"3 Shapes","floor":36,"turns":1},{"damage":16,"enemies":"Transient","floor":37,"turns":5},{"damage":35,"enemies":"3 Darklings","floor":38,"turns":6},{"damage":15,"enemies":"4 Shapes","floor":39,"turns":1},{"damage":30,"enemies":"Spire Growth","floor":42,"turns":4},{"damage":20,"enemies":"Writhing Mass","floor":45,"turns":2}],"seed_played":"8650447446244331540","potions_obtained":[{"floor":1,"key":"BlessingOfTheForge"},{"floor":5,"key":"PowerPotion"},{"floor":5,"key":"Explosive Potion"},{"floor":13,"key":"FearPotion"},{"floor":18,"key":"Dexterity Potion"},{"floor":28,"key":"Ancient Potion"},{"floor":33,"key":"Ancient Potion"},{"floor":35,"key":"Strength Potion"},{"floor":37,"key":"SpeedPotion"}],"is_trial":true,"path_per_floor":["M","M","$","?","?","R","R","R","T","M","$","M","E","M","R","B",null,"M","M","?","$","M","R","R","R","T","M","M","R","M","M","R","B",null,"M","M","M","M","M","$","R","M","T","?","M"],"character_chosen":"IRONCLAD","items_purchased":["Spot Weakness","Chemical X","Evolve"],"campfire_rested":1,"item_purchase_floors":[11,40,40],"current_hp_per_floor":[80,76,76,76,76,76,76,76,90,91,91,85,48,42,42,15,94,68,35,35,35,44,44,44,44,44,34,24,24,23,20,48,28,94,81,81,71,42,33,33,33,9,9,9,0,0],"gold":118,"neow_bonus":"","is_daily":false,"chose_seed":false,"campfire_upgraded":9,"win_rate":0.0,"timestamp":1609159838,"path_taken":["M","M","?","?","?","R","R","R","T","M","$","?","E","M","R","BOSS","M","M","?","$","M","R","R","R","T","M","M","R","M","M","R","BOSS","M","M","M","M","M","$","R","M","T","?","M"],"items_purchased_type":["Card","Relic","Card"],"build_version":"2020-12-22","purchased_purges":1,"victory":false,"max_hp_per_floor":[80,80,80,80,80,80,80,80,94,94,94,94,94,94,94,94,94,94,94,94,94,94,94,94,94,94,94,94,94,94,94,94,94,94,94,94,94,94,94,94,94,94,94,94,94,94],"card_choices":[{"not_picked":["Rampage","Warcry"],"picked":"Second Wind","floor":0},{"not_picked":["Flex","Wild Strike"],"picked":"Thunderclap","floor":0},{"not_picked":["Heavy Blade","Clash"],"picked":"Flex","floor":0},{"not_picked":["Anger","Headbutt"],"picked":"Metallicize","floor":0},{"not_picked":["Headbutt","Disarm"],"picked":"Shrug It Off","floor":0},{"not_picked":["Havoc","Sword Boomerang"],"picked":"Cleave","floor":0},{"not_picked":["Headbutt","Wild Strike"],"picked":"Thunderclap","floor":0},{"not_picked":["Dual Wield","Cleave"],"picked":"Seeing Red","floor":0},{"not_picked":["Uppercut","Clothesline"],"picked":"Hemokinesis","floor":0},{"not_picked":["Cleave","Heavy Blade"],"picked":"Burning Pact","floor":0},{"not_picked":["Dark Embrace","True Grit"],"picked":"Twin Strike","floor":0},{"not_picked":["True Grit","Dark Embrace"],"picked":"Flex","floor":0},{"not_picked":["Dropkick","Anger"],"picked":"Feel No Pain","floor":0},{"not_picked":["Cleave","Entrench"],"picked":"Body Slam","floor":0},{"not_picked":["Perfected Strike","Wild Strike"],"picked":"Warcry","floor":0},{"not_picked":["Body Slam","Wild Strike","Warcry"],"picked":"SKIP","floor":1},{"not_picked":["Bloodletting","Dual Wield","Perfected Strike"],"picked":"SKIP","floor":2},{"not_picked":["Evolve","Armaments","Burning Pact"],"picked":"SKIP","floor":10},{"not_picked":["Thunderclap","Sword Boomerang"],"picked":"Flex","floor":12},{"not_picked":["Clash","Body Slam","Iron Wave"],"picked":"SKIP","floor":13},{"not_picked":["Twin Strike","Headbutt"],"picked":"Heavy Blade","floor":14},{"not_picked":["Brutality","Immolate"],"picked":"Offering","floor":16},{"not_picked":["Rage","Entrench+1"],"picked":"Rupture+1","floor":18},{"not_picked":["Sword Boomerang","Perfected Strike"],"picked":"Whirlwind","floor":19},{"not_picked":["Body Slam","True Grit","Headbutt"],"picked":"SKIP","floor":22},{"not_picked":["Evolve","Headbutt+1"],"picked":"Bloodletting+1","floor":27},{"not_picked":["Shrug It Off","Searing Blow"],"picked":"Dark Embrace+1","floor":28},{"not_picked":["Wild Strike","Headbutt","Reckless Charge"],"picked":"SKIP","floor":30},{"not_picked":["Bloodletting","Shrug It Off"],"picked":"Sentinel","floor":31},{"not_picked":["Juggernaut","Demon Form"],"picked":"Double Tap","floor":33},{"not_picked":["Evolve","Iron Wave"],"picked":"Pommel Strike+1","floor":35},{"not_picked":["Uppercut","Sword Boomerang+1"],"picked":"Power Through","floor":36},{"not_picked":["Headbutt","True Grit"],"picked":"Rupture+1","floor":37},{"not_picked":["True Grit+1","Rampage+1"],"picked":"Twin Strike+1","floor":38},{"not_picked":["Spot Weakness+1","Clash+1"],"picked":"Bloodletting+1","floor":39},{"not_picked":["Uppercut","Twin Strike+1"],"picked":"Flex+1","floor":42}],"player_experience":27735,"relics_obtained":[{"floor":9,"key":"Mango"},{"floor":13,"key":"Lizard Tail"},{"floor":26,"key":"Happy Flower"},{"floor":34,"key":"Ginger"},{"floor":34,"key":"Pantograph"},{"floor":34,"key":"Bag of Preparation"},{"floor":43,"key":"Regal Pillow"}],"event_choices":[{"cards_removed":["Thunderclap"],"damage_healed":0,"gold_gain":0,"player_choice":"Card Removal","damage_taken":0,"max_hp_gain":0,"max_hp_loss":0,"event_name":"The Cleric","floor":4,"gold_loss":50},{"damage_healed":0,"gold_gain":0,"player_choice":"Got Potions","damage_taken":0,"max_hp_gain":0,"max_hp_loss":0,"event_name":"Lab","floor":5,"gold_loss":0},{"cards_removed":["Metallicize"],"damage_healed":0,"gold_gain":0,"player_choice":"Gave Gold","damage_taken":0,"max_hp_gain":0,"max_hp_loss":0,"event_name":"Beggar","floor":20,"gold_loss":75},{"cards_removed":["Twin Strike"],"damage_healed":0,"gold_gain":0,"player_choice":"Purged","damage_taken":0,"max_hp_gain":0,"max_hp_loss":0,"event_name":"Purifier","floor":44,"gold_loss":0}],"is_beta":false,"boss_relics":[{"not_picked":["Runic Dome","Sozu"],"picked":"SlaversCollar"},{"not_picked":["Busted Crown","Snecko Eye"],"picked":"Calling Bell"}],"items_purged_floors":[21],"is_endless":true,"potions_floor_spawned":[1,12,13,14,18,28,33,35,37],"killed_by":"Writhing Mass","ascension_level":0}}