{"host":"bq4pt811tk9yrmjl","time":1609153959,"event":{"mods":["AchievementEnabler","BaseMod","Colored Map","Colored Powertips","Defuse TimeMaze Blight","Hermit","Minty Spire (QoL Compilation)","StSLib","SuperFastMode"],"gold_per_floor":[110,110,110,110,124,155,155,155,155,170,170,198,198,218,218,318,318,329,329,329,31,31,31,45,45,45,59,59,76,76,1,1,1,1],"floor_reached":33,"playtime":466,"items_purged":[],"score":290,"play_id":"ac83dee0-ee6e-4efa-9f86-434ad1a4dd8e","local_time":"20201228091239","is_ascension_mode":true,"campfire_choices":[{"data":"Rampage","floor":8.0,"key":"SMITH"},{"data":"Anger","floor":11.0,"key":"SMITH"},{"data":"Twin Strike","floor":13.0,"key":"SMITH"},{"data":"Berserk","floor":15.0,"key":"SMITH"},{"floor":23,"key":"REST"},{"data":"Whirlwind","floor":25,"key":"SMITH"},{"data":"Bash","floor":32,"key":"SMITH"}],"circlet_count":0,"master_deck":["Strike_R+1","Strike_R+1","Strike_R+1","Strike_R+1","Defend_R+1","Defend_R+1","Defend_R+1","Defend_R+1","Bash+1","Rampage+1","Twin Strike+1","Anger+1","Berserk+1","Intimidate+1","Berserk+1","Whirlwind+1"],"relics":["Black Blood","NeowsBlessing","Pen Nib","Singing Bowl","Enchiridion","Happy Flower","DollysMirror","Potion Belt","Darkstone Periapt"],"acts_visited":["Exordium","TheCity"],"potions_floor_usage":[33,33],"damage_taken":[{"damage":0.0,"enemies":"2 Louse","floor":1.0,"turns":1.0},{"damage":0.0,"enemies":"Cultist","floor":5.0,"turns":1.0},{"damage":0.0,"enemies":"Gremlin Nob","floor":6.0,"turns":1.0},{"damage":2.0,"enemies":"Small Slimes","floor":10.0,"turns":3.0},{"damage":18.0,"enemies":"Lagavulin","floor":12.0,"turns":5.0},{"damage":1.0,"enemies":"Exordium Wildlife","floor":14.0,"turns":3.0},{"damage":51.0,"enemies":"Slime Boss","floor":16.0,"turns":8.0},{"damage":17,"enemies":"3 Byrds","floor":18,"turns":7},{"damage":5,"enemies":"Shell Parasite","floor":24,"turns":5},{"damage":31,"enemies":"Snecko","floor":27,"turns":7},{"damage":0,"enemies":"Chosen and Byrds","floor":29,"turns":3},{"damage":68,"enemies":"Collector","floor":33,"turns":9}],"seed_played":"-1332915371869508131","potions_obtained":[{"floor":1.0,"key":"SkillPotion"},{"floor":16.0,"key":"SteroidPotion"},{"floor":27,"key":"Swift Potion"},{"floor":29,"key":"PowerPotion"}],"is_trial":false,"path_per_floor":["M","?","$","?","M","E","?","R","T","M","R","E","R","M","R","B",null,"M","?","?","$","?","R","M","R","T","M","?","M","?","?","R","B"],"character_chosen":"IRONCLAD","items_purchased":["Happy Flower","DollysMirror"],"campfire_rested":1,"item_purchase_floors":[21,21],"current_hp_per_floor":[80,80,80,80,80,80,80,80,80,80,80,70,70,75,75,32,84,79,63,63,63,55,80,84,84,84,67,67,81,64,64,64,0,0],"gold":1,"neow_bonus":"THREE_ENEMY_KILL","is_daily":false,"chose_seed":false,"campfire_upgraded":6,"win_rate":0.0,"timestamp":1609153959,"path_taken":["M","?","$","?","?","E","?","R","T","?","R","E","R","M","R","BOSS","M","?","?","?","?","R","?","R","T","M","?","M","?","?","R","BOSS"],"items_purchased_type":["Relic","Relic"],"build_version":"2020-12-22","purchased_purges":0,"victory":false,"max_hp_per_floor":[80,80,80,80,80,80,80,80,80,80,80,82,82,82,82,84,84,84,84,84,84,84,84,84,84,84,86,86,88,93,93,93,93,93],"card_choices":[{"not_picked":["Flex","Anger"],"picked":"Rampage","floor":1.0},{"not_picked":["Flex","Havoc"],"picked":"Twin Strike","floor":5.0},{"not_picked":["Body Slam","Clothesline"],"picked":"Anger","floor":6.0},{"not_picked":["Shrug It Off","Combust","Body Slam"],"picked":"SKIP","floor":10.0},{"not_picked":["Rupture","Power Through","Sword Boomerang"],"picked":"Singing Bowl","floor":12.0},{"not_picked":["Warcry","Whirlwind"],"picked":"Berserk","floor":14.0},{"not_picked":["Fiend Fire","Berserk","Juggernaut"],"picked":"Singing Bowl","floor":16.0},{"not_picked":["Inflame","Feel No Pain"],"picked":"Intimidate+1","floor":18},{"not_picked":["Infernal Blade+1","Wild Strike+1"],"picked":"Whirlwind","floor":24},{"not_picked":["Metallicize","Warcry","Sword Boomerang+1"],"picked":"Singing Bowl","floor":27},{"not_picked":["Blood for Blood","Fire Breathing","Rampage"],"picked":"Singing Bowl","floor":29}],"player_experience":134156,"relics_obtained":[{"floor":6.0,"key":"Pen Nib"},{"floor":12.0,"key":"Singing Bowl"},{"floor":19,"key":"Enchiridion"},{"floor":26,"key":"Potion Belt"}],"event_choices":[{"damage_healed":0.0,"max_hp_gain":0.0,"max_hp_loss":0.0,"gold_gain":0.0,"event_name":"The Cleric","player_choice":"Leave","floor":2.0,"gold_loss":0.0,"damage_taken":0.0},{"cards_removed":["Panacea"],"damage_healed":0.0,"max_hp_gain":0.0,"max_hp_loss":0.0,"gold_gain":0.0,"event_name":"NoteForYourself","player_choice":"Took Card","floor":4.0,"gold_loss":0.0,"damage_taken":0.0,"cards_obtained":["Panacea"]},{"damage_healed":0.0,"max_hp_gain":0.0,"max_hp_loss":0.0,"gold_gain":0.0,"event_name":"FaceTrader","player_choice":"Leave","floor":7.0,"gold_loss":0.0,"damage_taken":0.0},{"damage_healed":0,"gold_gain":0,"player_choice":"Obtained Book","damage_taken":16,"max_hp_gain":0,"max_hp_loss":0,"event_name":"Cursed Tome","floor":19,"gold_loss":0},{"damage_healed":0,"gold_gain":0,"player_choice":"Simplicity","damage_taken":0,"max_hp_gain":0,"max_hp_loss":0,"event_name":"Back to Basics","floor":20,"gold_loss":0,"cards_upgraded":["Strike_R","Strike_R","Strike_R","Strike_R","Strike_R","Defend_R","Defend_R","Defend_R","Defend_R"]},{"damage_healed":0,"gold_gain":0,"player_choice":"Damaged","damage_taken":8,"max_hp_gain":0,"max_hp_loss":0,"event_name":"Wheel of Change","floor":22,"gold_loss":0},{"damage_healed":0,"gold_gain":0,"player_choice":"Opened","damage_taken":0,"relics_obtained":["Darkstone Periapt"],"max_hp_gain":0,"max_hp_loss":0,"event_name":"The Mausoleum","floor":28,"gold_loss":0},{"damage_healed":0,"gold_gain":0,"player_choice":"Shed Blood","damage_taken":22,"max_hp_gain":5,"max_hp_loss":0,"event_name":"Forgotten Altar","floor":30,"gold_loss":0},{"cards_removed":["Strike_R"],"damage_healed":0,"gold_gain":0,"player_choice":"Gave Gold","damage_taken":0,"max_hp_gain":0,"max_hp_loss":0,"event_name":"Beggar","floor":31,"gold_loss":75}],"is_beta":false,"boss_relics":[{"not_picked":["Fusion Hammer","Runic Pyramid"],"picked":"Black Blood"}],"items_purged_floors":[],"is_endless":false,"potions_floor_spawned":[1,16,27,29],"killed_by":"Collector","ascension_level":1}}