{"host":"rnys9sj607vajavv","time":1609125020,"event":{"mods":["BaseMod","Colored Map","Downfall","Minty Spire (QoL Compilation)","StSLib"],"gold_per_floor":[99,115,132,132,132,164,210,210,210,210],"floor_reached":8,"playtime":340,"items_purged":[],"score":68,"play_id":"48347b13-ad4b-450b-960a-eea4ecee388e","local_time":"20201227191020","is_ascension_mode":true,"campfire_choices":[{"data":"Guardian:CurlUp","floor":1,"key":"SMITH"}],"circlet_count":0,"master_deck":["Guardian:Strike_Guardian","Guardian:Strike_Guardian","Guardian:Strike_Guardian","Guardian:Defend_Guardian","Guardian:Defend_Guardian","Guardian:Defend_Guardian","Guardian:Defend_Guardian","Guardian:CurlUp+1","Guardian:TwinSlam","Guardian:Repulse","Guardian:BronzeOrb","Guardian:Gem_Fragmented"],"relics":["Guardian:ModeShifter","MealTicket","Tiny Chest","Boot","Oddly Smooth Stone"],"acts_visited":["Exordium"],"potions_floor_usage":[8],"damage_taken":[{"damage":0,"enemies":"2 Louse","floor":2,"turns":3},{"damage":0,"enemies":"Cultist","floor":3,"turns":4},{"damage":38,"enemies":"3 Sentries","floor":6,"turns":14},{"damage":26,"enemies":"Gremlin Nob","floor":8,"turns":3}],"seed_played":"-8549988580848080962","potions_obtained":[{"floor":2,"key":"Strength Potion"},{"floor":6,"key":"Swift Potion"}],"is_trial":false,"path_per_floor":["R","M","M","?","?","E","T","E"],"character_chosen":"GUARDIAN","items_purchased":[],"campfire_rested":0,"item_purchase_floors":[],"current_hp_per_floor":[80,80,80,55,55,17,17,0,0,0],"gold":210,"neow_bonus":"RANDOM_COMMON_RELIC","is_daily":false,"chose_seed":false,"campfire_upgraded":1,"win_rate":0.0,"timestamp":1609125020,"path_taken":["R","M","M","?","?","E","T","E"],"items_purchased_type":[],"build_version":"2020-12-22","purchased_purges":0,"victory":false,"max_hp_per_floor":[80,80,80,80,80,80,80,80,80,80],"card_choices":[{"not_picked":["Guardian:MultiBeam","Guardian:Gem_Red"],"picked":"Guardian:Repulse","floor":2},{"not_picked":["Guardian:Preprogram","Guardian:Gem_Green"],"picked":"Guardian:BronzeOrb","floor":3},{"not_picked":["Guardian:Gem_Red","Guardian:Incinerate"],"picked":"Guardian:Gem_Fragmented","floor":6}],"player_experience":635398,"relics_obtained":[{"floor":6,"key":"Boot"},{"floor":7,"key":"Oddly Smooth Stone"}],"event_choices":[{"damage_healed":0,"gold_gain":0,"player_choice":"Success","damage_taken":25,"relics_obtained":["Tiny Chest"],"max_hp_gain":0,"max_hp_loss":0,"event_name":"Scrap Ooze","floor":4,"gold_loss":0},{"cards_removed":["Guardian:Strike_Guardian"],"damage_healed":0,"gold_gain":0,"player_choice":"Card Removal","damage_taken":0,"max_hp_gain":0,"max_hp_loss":0,"event_name":"Wheel of Change","floor":5,"gold_loss":0}],"is_beta":false,"boss_relics":[],"items_purged_floors":[],"is_endless":false,"potions_floor_spawned":[2,6],"killed_by":"Gremlin Nob","ascension_level":5}}