{"host":"s9oaroyyjdd3e4af","time":1609138984,"event":{"mods":["BaseMod","Colored Powertips","Minty Spire (QoL Compilation)"],"gold_per_floor":[119,24,39,52,64,64,74,107,107,107,107,107,117,133,133,133,133],"floor_reached":16,"playtime":2476,"items_purged":[],"score":104,"play_id":"ad0a4fb2-896e-4907-9955-0a90bf9a104b","local_time":"20201228020304","is_ascension_mode":false,"campfire_choices":[{"floor":6,"key":"REST"},{"floor":11,"key":"REST"},{"floor":15,"key":"REST"}],"circlet_count":0,"master_deck":["Strike_G","Strike_G","Strike_G","Strike_G","Strike_G","Defend_G","Defend_G","Defend_G","Defend_G","Defend_G","Survivor","CurseOfTheBell","Finisher","Deadly Poison","Poisoned Stab","Dagger Spray","Choke","Quick Slash","Tactician","Prepared","Grand Finale+1","Outmaneuver","Flying Knee","Poisoned Stab","Caltrops","Cloak And Dagger"],"relics":["Calling Bell","Girya","Eternal Feather","Regal Pillow","Dream Catcher","Gremlin Horn","Prayer Wheel"],"acts_visited":["Exordium"],"potions_floor_usage":[16,16],"damage_taken":[{"damage":7,"enemies":"Cultist","floor":1,"turns":5},{"damage":10,"enemies":"Jaw Worm","floor":3,"turns":5},{"damage":8,"enemies":"2 Louse","floor":4,"turns":3},{"damage":16,"enemies":"Exordium Thugs","floor":5,"turns":6},{"damage":6,"enemies":"2 Fungi Beasts","floor":7,"turns":3},{"damage":48,"enemies":"3 Sentries","floor":8,"turns":9},{"damage":17,"enemies":"Large Slime","floor":13,"turns":4},{"damage":6,"enemies":"Blue Slaver","floor":14,"turns":5},{"damage":81,"enemies":"Hexaghost","floor":16,"turns":11}],"seed_played":"1236977953240734903","potions_obtained":[{"floor":4,"key":"PowerPotion"},{"floor":7,"key":"Regen Potion"}],"is_trial":false,"path_per_floor":["M","$","M","M","M","R","M","E","T","T","R","?","M","M","R","B"],"character_chosen":"THE_SILENT","items_purchased":["Deadly Poison","BlessingOfTheForge"],"campfire_rested":3,"item_purchase_floors":[2,2],"current_hp_per_floor":[63,63,53,45,29,70,64,16,16,16,64,64,47,41,70,0,0],"gold":133,"neow_bonus":"BOSS_RELIC","is_daily":false,"chose_seed":false,"campfire_upgraded":0,"win_rate":0.0,"timestamp":1609138984,"path_taken":["M","?","M","M","M","R","M","E","T","?","R","?","M","M","R","BOSS"],"items_purchased_type":["Card","Potion"],"build_version":"2020-12-22","purchased_purges":0,"victory":false,"max_hp_per_floor":[70,70,70,70,70,70,70,70,70,70,70,70,70,70,70,70,70],"card_choices":[{"not_picked":["Dagger Throw","Underhanded Strike"],"picked":"Finisher","floor":1},{"not_picked":["Dodge and Roll","Accuracy"],"picked":"Poisoned Stab","floor":3},{"not_picked":["Acrobatics","Backflip"],"picked":"Dagger Spray","floor":4},{"not_picked":["Malaise","Escape Plan"],"picked":"Choke","floor":5},{"not_picked":["Dagger Throw","Backflip"],"picked":"Quick Slash","floor":7},{"not_picked":["Blade Dance","Acrobatics"],"picked":"Tactician","floor":8},{"not_picked":["Crippling Poison","Outmaneuver"],"picked":"Prepared","floor":11},{"not_picked":["Infinite Blades","Dagger Spray"],"picked":"Outmaneuver","floor":13},{"not_picked":["Blade Dance","Bane"],"picked":"Flying Knee","floor":13},{"not_picked":["Well Laid Plans","Eviscerate"],"picked":"Poisoned Stab","floor":14},{"not_picked":["Terror","Heel Hook"],"picked":"Caltrops","floor":14},{"not_picked":["Venomology","Leg Sweep"],"picked":"Cloak And Dagger","floor":15}],"player_experience":693690,"relics_obtained":[{"floor":0,"key":"Girya"},{"floor":0,"key":"Eternal Feather"},{"floor":0,"key":"Regal Pillow"},{"floor":8,"key":"Dream Catcher"},{"floor":9,"key":"Gremlin Horn"},{"floor":10,"key":"Prayer Wheel"}],"event_choices":[{"cards_removed":["Neutralize"],"damage_healed":0,"gold_gain":0,"player_choice":"Took Card","damage_taken":0,"max_hp_gain":0,"max_hp_loss":0,"event_name":"NoteForYourself","floor":12,"gold_loss":0,"cards_obtained":["Grand Finale"]}],"is_beta":false,"boss_relics":[],"items_purged_floors":[],"is_endless":false,"potions_floor_spawned":[4,7],"killed_by":"Hexaghost","ascension_level":0}}