{"host":"o1eo6lsal1uhkpuk","time":1609127636,"event":{"mods":["AchievementEnabler","BaseMod","Block Reminder","Colored Map","Curses Come First","DeckTracker","Friendly Minions","Highlight Path","HololiveMod","Minty Spire (QoL Compilation)","Prisma Mod","Rare Cards Sparkle","StSLib","SuperFastMode","The Animator","Unceasing Turn Reminder","Yohane!"],"gold_per_floor":[142,142,169,186,196,230,241,241,266,280,280,280,307,318,318,416,416,431,34,44,60,60,60],"floor_reached":22,"playtime":2274,"items_purged":[],"score":192,"play_id":"f006dce6-cbed-4554-bb46-c21e9398a1b4","local_time":"20201227195356","is_ascension_mode":false,"campfire_choices":[{"floor":8.0,"key":"REST"},{"data":"animator:MamiTomoe","floor":15,"key":"SMITH"}],"circlet_count":0,"master_deck":["animator:Defend_MadokaMagica","animator:Strike","animator:Strike","animator:Defend","animator:Defend","animator:IrohaTamaki","animator:YuiTsuruno","animator:Sora","animator:Viivi","animator:SayakaMiki","animator:Shuna","animator:MamiTomoe+1","animator:GazelDwargon+1","animator:ChlammyZell","animator:SuzuneAmano","animator:Gillette","animator:Kyubey","animator:KyokoSakura","animator:NagisaMomoe","animator:SuzuneAmano","animator:Nanami","animator:KyokoSakura","animator:NagisaMomoe"],"relics":["animator:LivingPicture","animator:TheMissingPiece","Frozen Egg 2","Happy Flower","animator:RacePiece","Bottled Lightning","Toolbox"],"acts_visited":["Exordium","TheCity"],"potions_floor_usage":[16,16],"damage_taken":[{"damage":6.0,"enemies":"2 Louse","floor":1.0,"turns":2.0},{"damage":0.0,"enemies":"Cultist","floor":3.0,"turns":3.0},{"damage":0.0,"enemies":"Small Slimes","floor":4.0,"turns":2.0},{"damage":7.0,"enemies":"Red Slaver","floor":5.0,"turns":5.0},{"damage":16.0,"enemies":"3 Sentries","floor":6.0,"turns":6.0},{"damage":12.0,"enemies":"Exordium Wildlife","floor":7.0,"turns":5.0},{"damage":0.0,"enemies":"Exordium Thugs","floor":10.0,"turns":7.0},{"damage":0.0,"enemies":"Large Slime","floor":13.0,"turns":8.0},{"damage":1,"enemies":"Looter","floor":14,"turns":5},{"damage":15,"enemies":"Hexaghost","floor":16,"turns":7},{"damage":5,"enemies":"Spheric Guardian","floor":18,"turns":4},{"damage":35,"enemies":"2 Thieves","floor":20,"turns":4},{"damage":16,"enemies":"Snake Plant","floor":21,"turns":2},{"damage":24,"enemies":"Sentry and Sphere","floor":22,"turns":4}],"seed_played":"-8773585561617412077","potions_obtained":[{"floor":3.0,"key":"animator:FalseLifePotion"},{"floor":6.0,"key":"FearPotion"},{"floor":7.0,"key":"CultistPotion"},{"floor":12.0,"key":"Fruit Juice"},{"floor":16,"key":"SpeedPotion"}],"is_trial":false,"path_per_floor":["M","?","M","M","M","E","M","R","T","M","?","?","M","M","R","B",null,"M","$","M","M","M"],"character_chosen":"THE_ANIMATOR","items_purchased":["Bottled Lightning","Toolbox"],"campfire_rested":1,"item_purchase_floors":[19,19],"current_hp_per_floor":[42,42,42,42,36,20,9,29,29,29,29,29,29,29,29,20,75,70,70,35,19,0,0],"gold":60,"neow_bonus":"THREE_RARE_CARDS","is_daily":false,"chose_seed":false,"campfire_upgraded":1,"win_rate":0.0,"timestamp":1609127636,"path_taken":["M","?","?","M","M","E","M","R","T","M","?","?","M","M","R","BOSS","M","$","M","M","M"],"items_purchased_type":["Relic","Relic"],"build_version":"2020-12-22","purchased_purges":0,"victory":false,"max_hp_per_floor":[66,66,66,66,67,67,68,68,68,68,68,68,68,69,69,75,75,75,75,75,75,75,75],"card_choices":[{"not_picked":["animator:Ainz","animator:AcuraShin"],"picked":"animator:Sora","floor":0.0},{"not_picked":["animator:Entoma","animator:ZankiKiguchi"],"picked":"animator:Viivi","floor":1.0},{"not_picked":["animator:FielNirvalen","animator:DolaStephanie"],"picked":"animator:SayakaMiki","floor":3.0},{"not_picked":["animator:Emonzaemon","animator:AcuraTooru"],"picked":"animator:Shuna","floor":4.0},{"not_picked":["animator:IrohaTamaki","animator:SayakaMiki"],"picked":"animator:MamiTomoe","floor":5.0},{"not_picked":["animator:AcuraTooru","animator:PandorasActor"],"picked":"animator:GazelDwargon+1","floor":6.0},{"not_picked":["animator:Hitei+1","animator:ChaikaBohdan"],"picked":"animator:ChlammyZell","floor":7.0},{"not_picked":["animator:PandorasActor","animator:DolaRiku","animator:Genos"],"picked":"SKIP","floor":10.0},{"not_picked":["animator:OrikoMikuni","animator:YuiTsuruno"],"picked":"animator:SuzuneAmano","floor":13},{"not_picked":["animator:ChaikaBohdan","animator:Boros+1"],"picked":"animator:Gillette","floor":14},{"not_picked":["animator:Biyorigo+1","animator:AcuraShin"],"picked":"animator:Kyubey","floor":16},{"not_picked":["animator:Shion","animator:DolaCouronne"],"picked":"animator:Nanami","floor":18},{"not_picked":["animator:Sonic+1","animator:MumenRider"],"picked":"animator:KyokoSakura","floor":20},{"not_picked":["animator:SayakaMiki","animator:OrikoMikuni"],"picked":"animator:NagisaMomoe","floor":21}],"player_experience":111207,"relics_obtained":[{"floor":6.0,"key":"Frozen Egg 2"},{"floor":9.0,"key":"Happy Flower"}],"event_choices":[{"damage_healed":0.0,"max_hp_gain":0.0,"max_hp_loss":0.0,"gold_gain":0.0,"event_name":"The Woman in Blue","player_choice":"Bought 0 Potions","floor":2.0,"gold_loss":0.0,"damage_taken":0.0},{"damage_healed":0.0,"max_hp_gain":0.0,"max_hp_loss":0.0,"gold_gain":0.0,"event_name":"Liars Game","player_choice":"Ignored","floor":11.0,"gold_loss":0.0,"damage_taken":0.0},{"damage_healed":0.0,"max_hp_gain":0.0,"max_hp_loss":0.0,"gold_gain":0.0,"event_name":"Lab","player_choice":"Got Potions","floor":12.0,"gold_loss":0.0,"damage_taken":0.0}],"is_beta":false,"boss_relics":[{"not_picked":["Coffee Dripper","Sozu"],"picked":"animator:RacePiece"}],"items_purged_floors":[],"is_endless":false,"potions_floor_spawned":[3,6,7,14,16],"killed_by":"Sentry and Sphere","ascension_level":0}}