{"host":"nptej036rrbiurf5","time":1609120418,"event":{"mods":["BaseMod","Colored Map","Colored Powertips","DeckTracker","Minty Spire (QoL Compilation)","StSLib","SuperFastMode"],"gold_per_floor":[110,110,110,35,48,48,67,42,42,67,95,108,137,148,148,225,225,241,51,61,86,1,43,43,85,139,154,163,89,99,117,117,117,117],"floor_reached":33,"playtime":1246,"items_purged":["Parasite"],"score":660,"play_id":"335d784b-aa89-4ca2-afac-99b8ac499711","local_time":"20201228105338","is_ascension_mode":true,"campfire_choices":[{"data":"Bash","floor":6.0,"key":"SMITH"},{"data":"Double Tap","floor":15.0,"key":"SMITH"},{"data":"Entrench","floor":24,"key":"SMITH"},{"data":"Dark Embrace","floor":32,"key":"SMITH"}],"circlet_count":0,"master_deck":["AscendersBane","Strike_R","Strike_R","Defend_R","Defend_R","Defend_R","Defend_R","Bash+1","Pommel Strike","Warcry","Immolate","Wild Strike","Flame Barrier","Battle Trance","Double Tap+1","Inflame","Offering","Sever Soul+1","Metallicize+1","Double Tap+1","Second Wind","Offering","Shrug It Off","Entrench+1","Headbutt+1","Body Slam","Necronomicurse","Dark Embrace+1"],"relics":["Burning Blood","Mango","CaptainsWheel","Thread and Needle","WingedGreaves","Turnip","Darkstone Periapt","FossilizedHelix","Astrolabe","DollysMirror","Red Mask","CeramicFish","Orichalcum","Girya","Necronomicon"],"acts_visited":["Exordium","TheCity"],"potions_floor_usage":[23,25,33],"damage_taken":[{"damage":10.0,"enemies":"2 Louse","floor":1.0,"turns":4.0},{"damage":0.0,"enemies":"Jaw Worm","floor":5.0,"turns":4.0},{"damage":2.0,"enemies":"Cultist","floor":7.0,"turns":3.0},{"damage":6.0,"enemies":"Lagavulin","floor":10.0,"turns":5.0},{"damage":8.0,"enemies":"3 Sentries","floor":11.0,"turns":6.0},{"damage":0.0,"enemies":"Large Slime","floor":12.0,"turns":4.0},{"damage":7.0,"enemies":"Gremlin Nob","floor":13.0,"turns":4.0},{"damage":0.0,"enemies":"3 Louse","floor":14.0,"turns":2.0},{"damage":29.0,"enemies":"Hexaghost","floor":16.0,"turns":8.0},{"damage":6,"enemies":"Shell Parasite","floor":18,"turns":3},{"damage":0,"enemies":"Spheric Guardian","floor":20,"turns":4},{"damage":6,"enemies":"Masked Bandits","floor":21,"turns":2},{"damage":31,"enemies":"Slavers","floor":23,"turns":6},{"damage":6,"enemies":"Book of Stabbing","floor":25,"turns":4},{"damage":11,"enemies":"Centurion and Healer","floor":27,"turns":6},{"damage":0,"enemies":"Cultist and Chosen","floor":30,"turns":5},{"damage":0,"enemies":"3 Cultists","floor":31,"turns":4},{"damage":118,"enemies":"Collector","floor":33,"turns":9}],"seed_played":"1119558862336709204","potions_obtained":[{"floor":1.0,"key":"ColorlessPotion"},{"floor":11.0,"key":"Strength Potion"},{"floor":12.0,"key":"DuplicationPotion"},{"floor":16.0,"key":"FairyPotion"},{"floor":20,"key":"Swift Potion"},{"floor":23,"key":"PowerPotion"},{"floor":25,"key":"SteroidPotion"}],"is_trial":false,"path_per_floor":["M","?","T","$","M","R","M","$","T","E","E","M","E","M","R","B",null,"M","$","M","?","?","E","R","E","T","M","?","$","M","M","R","B"],"character_chosen":"IRONCLAD","items_purchased":["Wild Strike","DollysMirror","Shrug It Off","Dark Embrace"],"campfire_rested":0,"item_purchase_floors":[8,19,19,29],"current_hp_per_floor":[78,67,67,67,73,73,77,77,77,77,75,81,80,86,86,63,80,80,80,86,86,86,61,61,61,61,56,41,41,47,53,53,0,0],"gold":117,"neow_bonus":"ONE_RARE_RELIC","is_daily":false,"chose_seed":false,"campfire_upgraded":4,"win_rate":0.0,"timestamp":1609120418,"path_taken":["M","?","?","?","M","R","M","$","T","E","E","?","E","M","R","BOSS","M","$","M","?","?","E","R","E","T","M","?","?","M","M","R","BOSS"],"items_purchased_type":["Card","Relic","Card","Card"],"build_version":"2020-12-22","purchased_purges":1,"victory":false,"max_hp_per_floor":[89,89,89,86,86,86,86,86,86,86,86,86,86,86,86,86,86,86,86,86,86,86,86,86,86,86,86,92,92,92,92,92,92,92],"card_choices":[{"not_picked":["Thunderclap","Headbutt"],"picked":"Pommel Strike","floor":1.0},{"not_picked":["True Grit","Heavy Blade"],"picked":"Warcry","floor":5.0},{"not_picked":["Searing Blow","Shrug It Off"],"picked":"Immolate","floor":7.0},{"not_picked":["Shrug It Off","Entrench"],"picked":"Flame Barrier","floor":10.0},{"not_picked":["Searing Blow","Shrug It Off"],"picked":"Battle Trance","floor":11.0},{"not_picked":["Dual Wield","Wild Strike","Rage"],"picked":"SKIP","floor":12.0},{"not_picked":["Heavy Blade","Bloodletting"],"picked":"Double Tap","floor":13.0},{"not_picked":["Perfected Strike","Heavy Blade"],"picked":"Inflame","floor":14.0},{"not_picked":["Double Tap","Immolate"],"picked":"Offering","floor":16.0},{"not_picked":["Sword Boomerang","Flame Barrier"],"picked":"Second Wind","floor":18},{"not_picked":["Seeing Red","Iron Wave"],"picked":"Entrench","floor":20},{"not_picked":["Uppercut+1","Clash"],"picked":"Headbutt+1","floor":23},{"not_picked":["Iron Wave","Brutality"],"picked":"Body Slam","floor":25},{"not_picked":["Wild Strike","Rupture","Pommel Strike"],"picked":"SKIP","floor":27},{"not_picked":["Perfected Strike+1","Cleave","Body Slam"],"picked":"SKIP","floor":30},{"not_picked":["Iron Wave","Searing Blow+1","Shrug It Off+1"],"picked":"SKIP","floor":31}],"player_experience":864392,"relics_obtained":[{"floor":3.0,"key":"Thread and Needle"},{"floor":9.0,"key":"WingedGreaves"},{"floor":10.0,"key":"Turnip"},{"floor":11.0,"key":"Darkstone Periapt"},{"floor":13.0,"key":"FossilizedHelix"},{"floor":21,"key":"Red Mask"},{"floor":23,"key":"Orichalcum"},{"floor":25,"key":"Girya"},{"floor":28,"key":"Necronomicon"}],"event_choices":[{"damage_healed":0.0,"max_hp_gain":0.0,"max_hp_loss":0.0,"gold_gain":0.0,"event_name":"Scrap Ooze","player_choice":"Success","floor":2.0,"gold_loss":0.0,"damage_taken":11.0,"relics_obtained":["CaptainsWheel"]},{"damage_healed":0,"gold_gain":0,"player_choice":"Fought Bandits","damage_taken":0,"max_hp_gain":0,"max_hp_loss":0,"event_name":"Masked Bandits","floor":21,"gold_loss":0},{"damage_healed":0,"gold_gain":0,"player_choice":"Obtained Relic","damage_taken":0,"relics_obtained":["CeramicFish"],"max_hp_gain":0,"max_hp_loss":0,"event_name":"Addict","floor":22,"gold_loss":85},{"damage_healed":0,"gold_gain":0,"player_choice":"Obtained Book","damage_taken":21,"max_hp_gain":0,"max_hp_loss":0,"event_name":"Cursed Tome","floor":28,"gold_loss":0}],"is_beta":false,"boss_relics":[{"not_picked":["Cursed Key","Philosopher\u0027s Stone"],"picked":"Astrolabe"}],"items_purged_floors":[4],"is_endless":false,"potions_floor_spawned":[1,11,12,14,16,20,23,25],"killed_by":"Collector","ascension_level":20}}