{"host":"5bdt6s51dmpd4l3v","time":1609118130,"event":{"mods":["AchievementEnabler","BaseMod","Colored Map","Colored Powertips","Highlight Path","Minty Spire (QoL Compilation)","Quick Restart","Rare Cards Sparkle","StSLib"],"gold_per_floor":[110,137,137,150,62,62,93,93,93,109,129,129,129,139,139,213,213,226,226,276,296,296,296,312,312,360,360,373,373,373],"floor_reached":29,"playtime":686,"items_purged":[],"score":471,"play_id":"3ec82257-d35c-4bfe-9976-9313221bfad8","local_time":"20201228091530","is_ascension_mode":true,"campfire_choices":[{"data":"Flex","floor":6.0,"key":"SMITH"},{"data":"Dual Wield","floor":8.0,"key":"SMITH"},{"data":"Body Slam","floor":12.0,"key":"SMITH"},{"data":"Flex","floor":15.0,"key":"SMITH"},{"data":"Limit Break","floor":23,"key":"SMITH"},{"data":"Pommel Strike","floor":25,"key":"SMITH"},{"data":"Twin Strike","floor":27,"key":"SMITH"}],"circlet_count":0,"master_deck":["AscendersBane","Strike_R","Strike_R","Strike_R","Strike_R","Strike_R","Defend_R","Defend_R","Defend_R","Bash","Flex+1","Twin Strike+1","Dual Wield+1","Body Slam+1","Fire Breathing+1","Flex+1","Limit Break+1","CurseOfTheBell","Pommel Strike+1"],"relics":["Burning Blood","NeowsBlessing","Happy Flower","Frozen Egg 2","TungstenRod","Calling Bell","Omamori","Pear","StoneCalendar","MealTicket"],"acts_visited":["Exordium","TheCity"],"potions_floor_usage":[24,28,29],"damage_taken":[{"damage":0.0,"enemies":"Cultist","floor":1.0,"turns":1.0},{"damage":0.0,"enemies":"2 Louse","floor":4.0,"turns":1.0},{"damage":0.0,"enemies":"3 Sentries","floor":7.0,"turns":2.0},{"damage":9.0,"enemies":"Small Slimes","floor":10.0,"turns":3.0},{"damage":16.0,"enemies":"Red Slaver","floor":11.0,"turns":3.0},{"damage":9.0,"enemies":"Large Slime","floor":14.0,"turns":5.0},{"damage":34.0,"enemies":"Slime Boss","floor":16.0,"turns":8.0},{"damage":12,"enemies":"3 Byrds","floor":18,"turns":5},{"damage":17,"enemies":"Chosen","floor":21,"turns":4},{"damage":6,"enemies":"3 Cultists","floor":24,"turns":3},{"damage":39,"enemies":"Shelled Parasite and Fungi","floor":28,"turns":4},{"damage":46,"enemies":"Book of Stabbing","floor":29,"turns":3}],"seed_played":"2803535561654046147","potions_obtained":[{"floor":1.0,"key":"Energy Potion"},{"floor":14.0,"key":"Ancient Potion"},{"floor":16.0,"key":"CultistPotion"},{"floor":18,"key":"BlessingOfTheForge"},{"floor":24,"key":"SkillPotion"}],"is_trial":false,"path_per_floor":["M","T","?","M","$","R","E","R","T","M","M","R","?","M","R","B",null,"M","?","?","M","?","R","M","R","T","R","M","E"],"character_chosen":"IRONCLAD","items_purchased":["Dual Wield"],"campfire_rested":0,"item_purchase_floors":[5],"current_hp_per_floor":[74,74,74,75,75,75,75,75,75,72,62,62,75,72,72,44,77,71,71,71,60,60,60,60,60,60,60,27,0,0],"gold":373,"neow_bonus":"THREE_ENEMY_KILL","is_daily":false,"chose_seed":false,"campfire_upgraded":7,"win_rate":0.0,"timestamp":1609118130,"path_taken":["M","?","?","?","$","R","E","R","T","M","M","R","?","M","R","BOSS","M","?","?","M","?","R","?","R","T","R","M","E"],"items_purchased_type":["Card"],"build_version":"2020-12-22","purchased_purges":0,"victory":false,"max_hp_per_floor":[75,75,75,75,75,75,75,75,75,75,75,75,75,75,75,75,85,85,85,85,85,85,85,85,85,85,85,85,85,85],"card_choices":[{"not_picked":["Evolve","Searing Blow"],"picked":"Flex","floor":1.0},{"not_picked":["Warcry","Havoc"],"picked":"Twin Strike","floor":4.0},{"not_picked":["Rampage","Iron Wave"],"picked":"Body Slam","floor":7.0},{"not_picked":["Heavy Blade","Intimidate"],"picked":"Fire Breathing+1","floor":10.0},{"not_picked":["Iron Wave","Anger","Havoc"],"picked":"SKIP","floor":11.0},{"not_picked":["Second Wind","Clothesline"],"picked":"Flex","floor":14.0},{"not_picked":["Brutality+1","Double Tap"],"picked":"Limit Break","floor":16.0},{"not_picked":["Flex","Thunderclap"],"picked":"Pommel Strike","floor":18},{"not_picked":["Havoc","Wild Strike","Flex"],"picked":"SKIP","floor":21},{"not_picked":["Carnage","Clothesline","Blood for Blood+1"],"picked":"SKIP","floor":24},{"not_picked":["True Grit","Rupture+1","Reckless Charge"],"picked":"SKIP","floor":28}],"player_experience":262458,"relics_obtained":[{"floor":2.0,"key":"Happy Flower"},{"floor":7.0,"key":"Frozen Egg 2"},{"floor":9.0,"key":"TungstenRod"},{"floor":17.0,"key":"Omamori"},{"floor":17.0,"key":"Pear"},{"floor":17.0,"key":"StoneCalendar"},{"floor":26,"key":"MealTicket"}],"event_choices":[{"damage_healed":0.0,"max_hp_gain":0.0,"max_hp_loss":0.0,"gold_gain":0.0,"cards_transformed":["Defend_R"],"event_name":"Transmorgrifier","player_choice":"Transformed","floor":3.0,"gold_loss":0.0,"damage_taken":0.0,"cards_obtained":["Combust"]},{"cards_removed":["Combust"],"damage_healed":13.0,"max_hp_gain":0.0,"max_hp_loss":0.0,"gold_gain":0.0,"event_name":"Bonfire Elementals","player_choice":"Offered Uncommon","floor":13.0,"gold_loss":0.0,"damage_taken":0.0},{"damage_healed":0,"gold_gain":0,"player_choice":"Ignored","damage_taken":0,"max_hp_gain":0,"max_hp_loss":0,"event_name":"Vampires","floor":19,"gold_loss":0},{"damage_healed":0,"gold_gain":50,"player_choice":"Stole From Cult","damage_taken":0,"max_hp_gain":0,"max_hp_loss":0,"event_name":"Nest","floor":20,"gold_loss":0},{"damage_healed":0,"gold_gain":0,"player_choice":"Got Potions","damage_taken":0,"max_hp_gain":0,"max_hp_loss":0,"event_name":"Lab","floor":22,"gold_loss":0}],"is_beta":false,"boss_relics":[{"not_picked":["Coffee Dripper","SacredBark"],"picked":"Calling Bell"}],"items_purged_floors":[],"is_endless":false,"potions_floor_spawned":[1,14,16,18,21,24],"killed_by":"Book of Stabbing","ascension_level":18}}