{"host":"3jjxuhjpio8e4zkv","time":1609198288,"event":{"mods":["BaseMod","Colored Map","Highlight Path","Minty Spire (QoL Compilation)","Permanent Neow","Relic Stats","StSLib"],"gold_per_floor":[116,126,91,166,184,184,202,202,249,276,353,378,390,404,404,404,404],"floor_reached":16,"playtime":434,"items_purged":[],"score":224,"play_id":"53223650-213a-4e81-9936-0999a1805f5e","local_time":"20201228183128","is_ascension_mode":true,"campfire_choices":[{"data":"Rip and Tear","floor":6,"key":"SMITH"},{"data":"Core Surge","floor":8,"key":"SMITH"},{"floor":15,"key":"REST"}],"circlet_count":0,"master_deck":["AscendersBane","Strike_B","Strike_B","Strike_B","Strike_B","Defend_B","Defend_B","Defend_B","Defend_B","Zap","Dualcast","Core Surge+1","Rip and Tear+1","Rainbow","Melter","Chill","Go for the Eyes","Fission","Conserve Battery","Lockon"],"relics":["Cracked Core","Dream Catcher","Smiling Mask","Turnip"],"acts_visited":["Exordium"],"potions_floor_usage":[10,12,16],"damage_taken":[{"damage":10,"enemies":"Small Slimes","floor":1,"turns":4},{"damage":5,"enemies":"2 Louse","floor":2,"turns":2},{"damage":9,"enemies":"Jaw Worm","floor":5,"turns":3},{"damage":14,"enemies":"Red Slaver","floor":7,"turns":3},{"damage":11,"enemies":"Gremlin Nob","floor":10,"turns":3},{"damage":15,"enemies":"Lagavulin","floor":12,"turns":7},{"damage":0,"enemies":"2 Fungi Beasts","floor":13,"turns":3},{"damage":0,"enemies":"Looter","floor":14,"turns":3},{"damage":23,"enemies":"Hexaghost","floor":16,"turns":7}],"seed_played":"1001910235353441092","potions_obtained":[{"floor":5,"key":"Explosive Potion"},{"floor":7,"key":"GamblersBrew"},{"floor":12,"key":"Weak Potion"},{"floor":13,"key":"SmokeBomb"},{"floor":14,"key":"Dexterity Potion"}],"is_trial":false,"path_per_floor":["M","M","?","?","M","R","M","R","T","E","?","E","M","M","R","B"],"character_chosen":"DEFECT","items_purchased":[],"campfire_rested":1,"item_purchase_floors":[],"current_hp_per_floor":[54,49,64,53,44,44,30,30,30,19,19,4,4,4,23,0,0],"gold":404,"neow_bonus":"THREE_RARE_CARDS","is_daily":false,"chose_seed":false,"campfire_upgraded":2,"win_rate":0.0,"timestamp":1609198288,"path_taken":["M","M","?","?","M","R","M","R","T","E","?","E","M","M","R","BOSS"],"items_purchased_type":[],"build_version":"2020-12-22","purchased_purges":0,"victory":false,"max_hp_per_floor":[64,64,64,64,64,64,64,64,64,64,64,64,64,64,64,64,64],"relic_stats":{"Dream Catcher":1,"counters":[9,35],"Turnip":[0],"Smiling Mask":0,"obtain_stats":[{"Dream Catcher":9,"Turnip":12,"Cracked Core":0,"Smiling Mask":10},{"Dream Catcher":4,"Turnip":6,"Cracked Core":0,"Smiling Mask":5},{"Dream Catcher":12,"Turnip":22,"Cracked Core":0,"Smiling Mask":15}]},"card_choices":[{"not_picked":["Multi-Cast","Reboot"],"picked":"Core Surge","floor":0},{"not_picked":["Hologram","Hello World","Gash"],"picked":"SKIP","floor":1},{"not_picked":["Redo","Compile Driver"],"picked":"Rip and Tear","floor":2},{"not_picked":["BootSequence","Loop"],"picked":"Rainbow","floor":5},{"not_picked":["Sweeping Beam","Hologram"],"picked":"Melter","floor":7},{"not_picked":["Reboot","Rebound"],"picked":"Chill","floor":10},{"not_picked":["Chill","Beam Cell"],"picked":"Go for the Eyes","floor":12},{"not_picked":["Rebound","Ball Lightning"],"picked":"Fission","floor":13},{"not_picked":["Beam Cell","Stack"],"picked":"Conserve Battery","floor":14},{"not_picked":["Compile Driver","Gash"],"picked":"Lockon","floor":15}],"player_experience":1127226,"relics_obtained":[{"floor":9,"key":"Dream Catcher"},{"floor":10,"key":"Smiling Mask"},{"floor":12,"key":"Turnip"}],"event_choices":[{"damage_healed":16,"gold_gain":0,"player_choice":"Healed","damage_taken":0,"max_hp_gain":0,"max_hp_loss":0,"event_name":"The Cleric","floor":3,"gold_loss":35},{"damage_healed":0,"gold_gain":75,"player_choice":"Gather Gold","damage_taken":11,"max_hp_gain":0,"max_hp_loss":0,"event_name":"World of Goop","floor":4,"gold_loss":0},{"damage_healed":0,"gold_gain":77,"player_choice":"Gained Gold","damage_taken":0,"max_hp_gain":0,"max_hp_loss":0,"event_name":"Golden Wing","floor":11,"gold_loss":0}],"is_beta":false,"boss_relics":[],"items_purged_floors":[],"is_endless":false,"potions_floor_spawned":[5,7,12,13,14],"killed_by":"Hexaghost","ascension_level":20}}