{"host":"pr6x8hyknev46vut","time":1609169762,"event":{"mods":["Aspiration","BaseMod","CCEM","Colored Map","Downfall","Googly Eyes","Hermit","Highlight Path","Minty Spire (QoL Compilation)","Permanent Neow","Replay The Spire","Shop Mod","StSLib","The Bug Knight","The Construct","The Cursed","The Disciple","The Necromancer","The Runesmith","The Servant 0.9.4"],"gold_per_floor":[99,119,55,68,78,3,3,3,3,16,41,53,53,69,84,84,84,84],"floor_reached":16,"playtime":852,"items_purged":[],"score":154,"play_id":"5d6d5ad5-5a30-40a5-b25a-674ed058775a","local_time":"20201228163602","is_ascension_mode":false,"campfire_choices":[{"floor":1,"key":"RECALL"},{"data":"Slimebound:Nibble","floor":6,"key":"SMITH"}],"circlet_count":0,"master_deck":["Slimebound:Strike_Slimebound","Slimebound:Strike_Slimebound","Slimebound:Strike_Slimebound","Slimebound:Tackle","Slimebound:Defend_Slimebound","Slimebound:Defend_Slimebound","Slimebound:Defend_Slimebound","Slimebound:Defend_Slimebound","Slimebound:Split","Slimebound:CorrosiveSpit","Slimebound:Repurpose","Slimebound:SplitAcid","Slimebound:Nibble+1","Slimebound:SlimeSpikes","Slimebound:LeechingTouch","Slimebound:SplitBruiser","Slimebound:ViciousTackle","Slimebound:DivideAndConquer","Slimebound:MegaLick","Slimebound:Schlurp","Slimebound:GrowthPunch"],"relics":["Slimebound:AbsorbEndCombat","downfall:HeartBlessingRed","Replay:Mystery Machine","ReplayTheSpireMod:Ninjato"],"acts_visited":["Exordium"],"potions_floor_usage":[],"damage_taken":[{"damage":10,"enemies":"Cultist","floor":2,"turns":3},{"damage":15,"enemies":"downfall:FleeingMerchant","floor":3,"turns":4},{"damage":20,"enemies":"Jaw Worm","floor":4,"turns":3},{"damage":8,"enemies":"Small Slimes","floor":5,"turns":4},{"damage":11,"enemies":"Red Slaver","floor":10,"turns":3},{"damage":34,"enemies":"3 Sentries","floor":11,"turns":4},{"damage":4,"enemies":"2 Fungi Beasts","floor":12,"turns":2},{"damage":23,"enemies":"Lots of Slimes","floor":14,"turns":4},{"damage":14,"enemies":"Gremlin Gang","floor":15,"turns":2}],"seed_played":"-8543032299043250208","potions_obtained":[{"floor":2,"key":"Dexterity Potion"},{"floor":10,"key":"DuplicationPotion"},{"floor":12,"key":"Cursed Concoction"}],"is_trial":false,"path_per_floor":["R","M","$","M","M","R","T","?","?","M","E","M","?","M","M","B"],"character_chosen":"SLIMEBOUND","items_purchased":["Slimebound:SlimeSpikes"],"campfire_rested":0,"item_purchase_floors":[3],"current_hp_per_floor":[60,60,57,55,60,60,60,60,60,60,48,54,54,57,60,0,0,0],"gold":84,"neow_bonus":"THREE_CARDS","is_daily":false,"chose_seed":false,"campfire_upgraded":1,"win_rate":0.0,"timestamp":1609169762,"path_taken":["R","M","?","M","M","R","T","?","?","M","E","?","?","?","M","BOSS"],"items_purchased_type":["Card"],"build_version":"2020-12-22","purchased_purges":0,"victory":false,"max_hp_per_floor":[60,60,60,60,60,60,60,60,60,60,60,60,60,60,60,60,60,60],"card_choices":[{"not_picked":["Slimebound:AcidTongue","Slimebound:SlimeSpikes"],"picked":"Slimebound:Repurpose","floor":0},{"not_picked":["Slimebound:RejuvenatingLick","Slimebound:ViciousTackle"],"picked":"Slimebound:SplitAcid","floor":2},{"not_picked":["Slimebound:GoopSpray","Slimebound:SplitMire"],"picked":"Slimebound:Nibble","floor":3},{"not_picked":["Slimebound:FinishingTackle","Slimebound:SlimeBarrage"],"picked":"Slimebound:LeechingTouch","floor":4},{"not_picked":["Slimebound:LevelUp","Slimebound:GoopSpray"],"picked":"Slimebound:SplitBruiser","floor":5},{"not_picked":["Slimebound:FirmFortitude","Slimebound:ItLooksTasty"],"picked":"Slimebound:ViciousTackle","floor":10},{"not_picked":["Slimebound:GoopSpray","Slimebound:SplitAcid"],"picked":"Slimebound:DivideAndConquer","floor":11},{"not_picked":["Slimebound:SlimeBrawl","Slimebound:MinionMaster"],"picked":"Slimebound:MegaLick","floor":12},{"not_picked":["Slimebound:ServeAndProtect","Slimebound:RainOfGoop"],"picked":"Slimebound:Schlurp","floor":14},{"not_picked":["Slimebound:LeechingTouch","Slimebound:Schlurp"],"picked":"Slimebound:GrowthPunch","floor":15}],"player_experience":49006,"relics_obtained":[{"floor":11,"key":"ReplayTheSpireMod:Ninjato"}],"event_choices":[{"damage_healed":0,"gold_gain":0,"player_choice":"Box","damage_taken":0,"relics_obtained":["Replay:Mystery Machine"],"max_hp_gain":0,"max_hp_loss":0,"event_name":"Big Fish","floor":8,"gold_loss":0,"cards_obtained":["Regret"]},{"cards_removed":["Regret"],"damage_healed":0,"gold_gain":0,"player_choice":"Purged","damage_taken":0,"max_hp_gain":0,"max_hp_loss":0,"event_name":"Purifier","floor":9,"gold_loss":0},{"damage_healed":0,"gold_gain":0,"player_choice":"Got Potions","damage_taken":0,"max_hp_gain":0,"max_hp_loss":0,"event_name":"Lab","floor":13,"gold_loss":0}],"is_beta":false,"boss_relics":[],"items_purged_floors":[],"is_endless":false,"potions_floor_spawned":[2,10,12],"killed_by":"downfall:Defect","ascension_level":0}}