{"host":"baiuyraednrljtmn","time":1609162764,"event":{"mods":["BaseMod","Colored Map","Colored Powertips","DeckTracker","Keyboard Shortcuts","Minty Spire (QoL Compilation)","Relic Stats","StSLib","SuperFastMode","everything is the same but u backflip on backflip"],"gold_per_floor":[118,129,54,54,54,82,82,117,143,158,158,158,196,220,220,302,383,404,415,440,162,162,199,199,226,226,72,90,113,139,139,139,222,222,232,232,232,286,286,328,328,328,328,328,348,348,358,398,398,398,398],"floor_reached":50,"playtime":5606,"items_purged":["Skewer"],"score":1408,"play_id":"97af512b-9de5-4f2c-a326-e0a7fd09836f","local_time":"20201228223924","is_ascension_mode":true,"campfire_choices":[{"data":"Eviscerate","floor":7.0,"key":"SMITH"},{"floor":11.0,"key":"REST"},{"data":"Calculated Gamble","floor":15.0,"key":"SMITH"},{"data":"Tactician","floor":24,"key":"SMITH"},{"data":"Phantasmal Killer","floor":32,"key":"SMITH"},{"data":"Prepared","floor":41,"key":"SMITH"},{"data":"Well Laid Plans","floor":44,"key":"SMITH"},{"data":"Acrobatics","floor":46,"key":"SMITH"},{"data":"Burst","floor":49,"key":"SMITH"}],"circlet_count":0,"master_deck":["AscendersBane","Survivor","Neutralize","Poisoned Stab","Well Laid Plans+1","Eviscerate+1","Underhanded Strike","Calculated Gamble+1","Terror","Phantasmal Killer+1","Venomology","All Out Attack","Eviscerate","Reflex+1","Calculated Gamble","Die Die Die","Bane","Backflip","Acrobatics+1","Escape Plan+1","Tactician+1","Master of Strategy","Blur","Ghostly","Ghostly","Ghostly","Tactician+1","Concentrate","Burst+1","Prepared+1","A Thousand Cuts","Reflex"],"relics":["Ring of the Snake","NeowsBlessing","Juzu Bracelet","Akabeko","Bronze Scales","CeramicFish","Pandora\u0027s Box","MutagenicStrength","Molten Egg 2","White Beast Statue","DollysMirror","Unceasing Top","SacredBark","Girya","Happy Flower","Pantograph","Blood Vial"],"acts_visited":["Exordium","TheCity","TheBeyond"],"potions_floor_usage":[20,20,20,23,23,23,28,30,33,35,38,40,40,47,48,48,50],"damage_taken":[{"damage":0.0,"enemies":"Cultist","floor":1.0,"turns":1.0},{"damage":0.0,"enemies":"Small Slimes","floor":2.0,"turns":1.0},{"damage":0.0,"enemies":"Gremlin Nob","floor":6.0,"turns":1.0},{"damage":37.0,"enemies":"3 Sentries","floor":8.0,"turns":8.0},{"damage":0.0,"enemies":"2 Louse","floor":10.0,"turns":2.0},{"damage":21.0,"enemies":"Lagavulin","floor":13.0,"turns":5.0},{"damage":11.0,"enemies":"Lots of Slimes","floor":14.0,"turns":4.0},{"damage":7.0,"enemies":"Hexaghost","floor":16.0,"turns":8.0},{"damage":19.0,"enemies":"2 Thieves","floor":18.0,"turns":3.0},{"damage":30.0,"enemies":"Spheric Guardian","floor":19.0,"turns":4.0},{"damage":0,"enemies":"Cultist and Chosen","floor":20,"turns":2},{"damage":0,"enemies":"Slavers","floor":23,"turns":1},{"damage":2,"enemies":"Shelled Parasite and Fungi","floor":28,"turns":3},{"damage":0,"enemies":"Snecko","floor":29,"turns":1},{"damage":0,"enemies":"Gremlin Leader","floor":30,"turns":4},{"damage":0,"enemies":"Champ","floor":33,"turns":7},{"damage":0,"enemies":"3 Darklings","floor":35,"turns":4},{"damage":0,"enemies":"2 Orb Walkers","floor":38,"turns":3},{"damage":1,"enemies":"Giant Head","floor":40,"turns":5},{"damage":1,"enemies":"3 Shapes","floor":45,"turns":5},{"damage":0,"enemies":"Jaw Worm Horde","floor":47,"turns":2},{"damage":4,"enemies":"Reptomancer","floor":48,"turns":3},{"damage":66,"enemies":"Time Eater","floor":50,"turns":6}],"seed_played":"7130349158021567326","potions_obtained":[{"floor":1.0,"key":"CultistPotion"},{"floor":8.0,"key":"EntropicBrew"},{"floor":14.0,"key":"Poison Potion"},{"floor":23,"key":"Regen Potion"},{"floor":28,"key":"Block Potion"},{"floor":29,"key":"Energy Potion"},{"floor":33,"key":"Regen Potion"},{"floor":38,"key":"Poison Potion"},{"floor":40,"key":"CunningPotion"},{"floor":47,"key":"Ancient Potion"},{"floor":48,"key":"Fruit Juice"}],"is_trial":false,"path_per_floor":["M","M","$","?","?","E","R","E","T","M","R","?","E","M","R","B",null,"M","M","M","$","?","E","R","?","T","$","M","M","E","?","R","B",null,"M","?","?","?","?","E","R","?","T","R","M","R","M","E","R","B"],"character_chosen":"THE_SILENT","items_purchased":["Well Laid Plans","Tactician","Master of Strategy","DollysMirror"],"campfire_rested":1,"item_purchase_floors":[3,21,21,27],"current_hp_per_floor":[59,59,59,59,39,39,39,2,2,2,21,66,45,34,34,27,56,37,7,7,7,7,7,7,7,7,7,14,14,14,14,14,14,28,28,28,28,28,28,27,27,23,23,23,22,22,22,28,28,0,0],"gold":398,"neow_bonus":"THREE_ENEMY_KILL","is_daily":false,"chose_seed":false,"campfire_upgraded":8,"win_rate":0.0,"timestamp":1609162764,"path_taken":["M","?","$","?","?","E","R","E","T","M","R","?","E","M","R","BOSS","M","M","M","$","?","E","R","?","T","$","M","M","E","?","R","BOSS","M","?","?","?","?","E","R","?","T","R","M","R","M","E","R","BOSS"],"items_purchased_type":["Card","Card","Card","Relic"],"build_version":"2020-12-22","purchased_purges":1,"victory":false,"max_hp_per_floor":[66,66,66,66,66,66,66,66,66,66,66,66,66,66,66,66,66,66,66,66,66,66,66,66,33,33,33,33,33,33,33,33,33,33,33,33,33,33,33,33,33,33,33,33,33,33,33,33,33,43,43],"relic_stats":{"Blood Vial":2,"Happy Flower":[5],"counters":[23,83],"Bronze Scales":[182],"CeramicFish":234,"Pantograph":3,"Pandora\u0027s Box":["Venomology","Skewer","All Out Attack","Eviscerate","Reflex","Calculated Gamble","Die Die Die","Bane","Backflip"],"Juzu Bracelet":2,"obtain_stats":[{"Girya":38,"NeowsBlessing":0,"Happy Flower":40,"CeramicFish":13,"SacredBark":34,"Juzu Bracelet":6,"Akabeko":8,"White Beast Statue":26,"Blood Vial":48,"DollysMirror":27,"Bronze Scales":9,"MutagenicStrength":22,"Pantograph":43,"Pandora\u0027s Box":17,"Molten Egg 2":23,"Unceasing Top":30,"Ring of the Snake":0},{"Girya":18,"NeowsBlessing":0,"Happy Flower":19,"CeramicFish":6,"SacredBark":16,"Juzu Bracelet":3,"Akabeko":4,"White Beast Statue":12,"Blood Vial":22,"DollysMirror":12,"Bronze Scales":4,"MutagenicStrength":11,"Pantograph":19,"Pandora\u0027s Box":8,"Molten Egg 2":12,"Unceasing Top":15,"Ring of the Snake":0},{"Girya":62,"NeowsBlessing":0,"Happy Flower":67,"CeramicFish":18,"SacredBark":55,"Juzu Bracelet":3,"Akabeko":11,"White Beast Statue":40,"Blood Vial":77,"DollysMirror":40,"Bronze Scales":11,"MutagenicStrength":39,"Pantograph":67,"Pandora\u0027s Box":30,"Molten Egg 2":40,"Unceasing Top":48,"Ring of the Snake":0}],"Unceasing Top":[34],"Ring of the Snake":[46]},"card_choices":[{"not_picked":["Sucker Punch","Slice"],"picked":"Backstab","floor":1.0},{"not_picked":["Outmaneuver","Prepared"],"picked":"Poisoned Stab","floor":2.0},{"not_picked":["Concentrate","Poisoned Stab"],"picked":"Eviscerate","floor":6.0},{"not_picked":["Slice","Deadly Poison"],"picked":"Underhanded Strike","floor":8.0},{"not_picked":["Prepared","Flying Knee"],"picked":"Calculated Gamble","floor":10.0},{"not_picked":["Dodge and Roll","Underhanded Strike"],"picked":"Terror","floor":13.0},{"not_picked":["Masterful Stab","Slice"],"picked":"Dagger Throw","floor":14.0},{"not_picked":["Glass Knife","Doppelganger"],"picked":"Phantasmal Killer","floor":16.0},{"not_picked":["Bane","Noxious Fumes"],"picked":"Acrobatics","floor":18.0},{"not_picked":["Underhanded Strike","Flying Knee","Acrobatics"],"picked":"SKIP","floor":19.0},{"not_picked":["Poisoned Stab","Flechettes"],"picked":"Escape Plan+1","floor":20},{"not_picked":["Sucker Punch+1","Underhanded Strike+1"],"picked":"Blur","floor":23},{"not_picked":["Envenom","Quick Slash+1","Deadly Poison"],"picked":"SKIP","floor":28},{"not_picked":["Heel Hook+1","Quick Slash+1"],"picked":"Concentrate","floor":29},{"not_picked":["Bullet Time","Setup","Glass Knife+1"],"picked":"SKIP","floor":30},{"not_picked":["Grand Finale+1","Tools of the Trade"],"picked":"Burst","floor":33},{"not_picked":["Expertise","Backstab+1","Dodge and Roll"],"picked":"SKIP","floor":35},{"not_picked":["Terror","Predator+1"],"picked":"Prepared","floor":38},{"not_picked":["Calculated Gamble","Eviscerate+1"],"picked":"A Thousand Cuts","floor":40},{"not_picked":["Deadly Poison","Flying Knee+1","Underhanded Strike+1"],"picked":"SKIP","floor":45},{"not_picked":["Bane+1","PiercingWail","Outmaneuver"],"picked":"SKIP","floor":47},{"not_picked":["Blur+1","Slice+1"],"picked":"Reflex","floor":48}],"player_experience":1371901,"relics_obtained":[{"floor":6.0,"key":"Juzu Bracelet"},{"floor":8.0,"key":"Akabeko"},{"floor":9.0,"key":"Bronze Scales"},{"floor":13.0,"key":"CeramicFish"},{"floor":23,"key":"Molten Egg 2"},{"floor":26,"key":"White Beast Statue"},{"floor":30,"key":"Unceasing Top"},{"floor":38,"key":"Girya"},{"floor":40,"key":"Happy Flower"},{"floor":43,"key":"Pantograph"},{"floor":48,"key":"Blood Vial"}],"event_choices":[{"cards_removed":["Strike_G"],"damage_healed":0.0,"max_hp_gain":0.0,"max_hp_loss":0.0,"gold_gain":0.0,"event_name":"Living Wall","player_choice":"Forget","floor":4.0,"gold_loss":0.0,"damage_taken":0.0},{"damage_healed":0.0,"max_hp_gain":0.0,"max_hp_loss":0.0,"gold_gain":0.0,"event_name":"Shining Light","player_choice":"Entered Light","floor":5.0,"gold_loss":0.0,"damage_taken":20.0,"cards_upgraded":["Strike_G","Defend_G"]},{"cards_removed":["Backstab"],"damage_healed":45.0,"max_hp_gain":0.0,"max_hp_loss":0.0,"gold_gain":0.0,"event_name":"Bonfire Elementals","player_choice":"Offered Uncommon","floor":12.0,"gold_loss":0.0,"damage_taken":0.0},{"damage_healed":0,"gold_gain":0,"player_choice":"Inject Mutagens","damage_taken":0,"relics_obtained":["MutagenicStrength"],"max_hp_gain":0,"max_hp_loss":0,"event_name":"Drug Dealer","floor":22,"gold_loss":0},{"damage_healed":0,"gold_gain":0,"player_choice":"Became a Ghost","damage_taken":0,"max_hp_gain":0,"max_hp_loss":33,"event_name":"Ghosts","floor":25,"gold_loss":0,"cards_obtained":["Ghostly","Ghostly","Ghostly"]},{"damage_healed":0,"gold_gain":0,"player_choice":"Ignored","damage_taken":0,"max_hp_gain":0,"max_hp_loss":0,"event_name":"Cursed Tome","floor":31,"gold_loss":0},{"cards_removed":["Dagger Throw"],"damage_healed":0,"gold_gain":0,"player_choice":"Removed Attack","damage_taken":0,"max_hp_gain":0,"max_hp_loss":0,"event_name":"Falling","floor":36,"gold_loss":0},{"damage_healed":0,"gold_gain":0,"player_choice":"Upgraded","damage_taken":0,"max_hp_gain":0,"max_hp_loss":0,"event_name":"Upgrade Shrine","floor":37,"gold_loss":0,"cards_upgraded":["Reflex"]},{"damage_healed":0,"gold_gain":0,"player_choice":"Fight","damage_taken":0,"max_hp_gain":0,"max_hp_loss":0,"event_name":"Mysterious Sphere","floor":38,"gold_loss":0},{"damage_healed":0,"gold_gain":0,"player_choice":"Ignored","damage_taken":0,"max_hp_gain":0,"max_hp_loss":0,"event_name":"Tomb of Lord Red Mask","floor":39,"gold_loss":0},{"damage_healed":0,"gold_gain":0,"player_choice":"Damaged","damage_taken":4,"max_hp_gain":0,"max_hp_loss":0,"event_name":"Wheel of Change","floor":42,"gold_loss":0}],"is_beta":false,"boss_relics":[{"not_picked":["Astrolabe","Empty Cage"],"picked":"Pandora\u0027s Box"},{"not_picked":["Black Star","Calling Bell"],"picked":"SacredBark"}],"items_purged_floors":[21],"is_endless":false,"potions_floor_spawned":[1,8,14,23,28,29,30,33,35,38,40,45,47,48],"killed_by":"Time Eater","ascension_level":20}}