{"host":"gttgmv2wah99hzdm","time":1609181230,"event":{"mods":["AchievementEnabler","BaseMod","Bestiary","Block Reminder","Filter the Spire","Minty Spire (QoL Compilation)","Permanent Neow","Random Character Button","Relic Stats","ojb\u0027s Better Paths Mod","ojb\u0027s Info Mod"],"gold_per_floor":[112,132,147,165,10,10,35,35,61,87,99,142,154,176,188,271,283,314,326,159,174,174,174,202,202,225,245,74,74,86,111,111,188,188,208,220,120,136,116,116,134,159,159,106,124,150,165,165,165,165,165,165,165,0,35,35],"floor_reached":57,"playtime":5370,"items_purged":["Strike_B","Defend_B"],"score":2724,"play_id":"9bb5b17e-ec31-4acc-8ffc-d262aac2741c","local_time":"20201228124710","is_ascension_mode":true,"campfire_choices":[{"data":"Hyperbeam","floor":6.0,"key":"SMITH"},{"floor":8.0,"key":"REST"},{"floor":13.0,"key":"REST"},{"data":"Defragment","floor":15.0,"key":"SMITH"},{"floor":23.0,"key":"REST"},{"floor":25.0,"key":"REST"},{"floor":29.0,"key":"REST"},{"floor":32.0,"key":"REST"},{"floor":40.0,"key":"REST"},{"floor":49.0,"key":"RECALL"},{"floor":53.0,"key":"REST"}],"circlet_count":0,"master_deck":["AscendersBane","Defend_B","Defend_B","Defend_B","Zap","Dualcast","Lockon","Defragment+1","Hyperbeam+1","Rainbow","Conserve Battery","Echo Form","Go for the Eyes","Seek","Glacier+1","Cold Snap","Turbo","Steam","Coolheaded","Coolheaded","Defragment+1","Genetic Algorithm","Electrodynamics","Aggregate+1","Defragment+1","Creative AI+1","Coolheaded","Go for the Eyes","Recycle+1"],"relics":["Runic Pyramid","PreservedInsect","MawBank","Potion Belt","Fusion Hammer","Bottled Lightning","Orichalcum","DollysMirror","Cables","Astrolabe","TungstenRod","Happy Flower","OrangePellets","Mercury Hourglass"],"acts_visited":["Exordium","TheCity","TheBeyond","TheEnding"],"potions_floor_usage":[56,56],"damage_taken":[{"damage":8.0,"enemies":"2 Louse","floor":1.0,"turns":4.0},{"damage":2.0,"enemies":"Cultist","floor":2.0,"turns":4.0},{"damage":2.0,"enemies":"Jaw Worm","floor":3.0,"turns":3.0},{"damage":22.0,"enemies":"Exordium Thugs","floor":4.0,"turns":4.0},{"damage":10.0,"enemies":"3 Sentries","floor":7.0,"turns":3.0},{"damage":12.0,"enemies":"Large Slime","floor":10.0,"turns":4.0},{"damage":0.0,"enemies":"Gremlin Nob","floor":12.0,"turns":2.0},{"damage":10.0,"enemies":"Blue Slaver","floor":14.0,"turns":5.0},{"damage":12.0,"enemies":"Hexaghost","floor":16.0,"turns":6.0},{"damage":9.0,"enemies":"Chosen","floor":18.0,"turns":6.0},{"damage":16.0,"enemies":"2 Thieves","floor":21.0,"turns":4.0},{"damage":21.0,"enemies":"Slavers","floor":24.0,"turns":4.0},{"damage":6.0,"enemies":"Chosen and Byrds","floor":27.0,"turns":9.0},{"damage":15.0,"enemies":"Shelled Parasite and Fungi","floor":30.0,"turns":6.0},{"damage":18.0,"enemies":"Book of Stabbing","floor":31.0,"turns":5.0},{"damage":10.0,"enemies":"Champ","floor":33.0,"turns":9.0},{"damage":1.0,"enemies":"3 Darklings","floor":35.0,"turns":5.0},{"damage":6.0,"enemies":"Orb Walker","floor":36.0,"turns":4.0},{"damage":14.0,"enemies":"Transient","floor":38.0,"turns":6.0},{"damage":3.0,"enemies":"Writhing Mass","floor":41.0,"turns":7.0},{"damage":5.0,"enemies":"Nemesis","floor":42.0,"turns":7.0},{"damage":0.0,"enemies":"4 Shapes","floor":45.0,"turns":4.0},{"damage":6.0,"enemies":"Reptomancer","floor":46.0,"turns":5.0},{"damage":0.0,"enemies":"3 Darklings","floor":47.0,"turns":4.0},{"damage":24.0,"enemies":"Awakened One","floor":50.0,"turns":23.0},{"damage":25.0,"enemies":"Donu and Deca","floor":51.0,"turns":12.0},{"damage":11.0,"enemies":"Shield and Spear","floor":55.0,"turns":5.0},{"damage":33,"enemies":"The Heart","floor":56,"turns":13}],"seed_played":"-4360725870650024492","potions_obtained":[{"floor":3.0,"key":"CultistPotion"},{"floor":4.0,"key":"SpeedPotion"},{"floor":10.0,"key":"FocusPotion"},{"floor":14.0,"key":"SteroidPotion"},{"floor":18.0,"key":"Fire Potion"},{"floor":27.0,"key":"LiquidMemories"},{"floor":39.0,"key":"PotionOfCapacity"},{"floor":42.0,"key":"Regen Potion"},{"floor":46.0,"key":"Explosive Potion"}],"is_trial":false,"path_per_floor":["M","M","M","M","$","R","E","R","T","M","?","E","R","M","R","B",null,"M","?","$","M","?","R","E","R","T","M","$","R","M","E","R","B",null,"M","M","$","M","?","R","M","E","T","$","M","E","M","$","R","B","B",null,"R","$","E","B",null],"character_chosen":"DEFECT","items_purchased":["Hyperbeam","Cold Snap","Turbo","DollysMirror","Block Potion","OrangePellets"],"campfire_rested":8,"item_purchase_floors":[5,20,20,28,44,54],"current_hp_per_floor":[56,54,52,30,30,30,20,41,41,29,29,29,50,40,40,28,60,51,41,41,25,25,46,25,46,46,40,40,61,46,28,49,39,63,62,56,56,42,42,63,60,55,55,55,55,63,63,63,63,39,14,57,71,71,60,27],"gold":35,"neow_bonus":"BOSS_RELIC","is_daily":false,"chose_seed":false,"campfire_upgraded":2,"win_rate":0.0,"timestamp":1609181230,"path_taken":["M","M","M","M","$","R","E","R","T","M","?","E","R","M","R","BOSS","M","?","?","M","?","R","E","R","T","M","$","R","M","E","R","BOSS","M","M","$","M","?","R","M","E","T","?","?","E","M","$","R","BOSS","BOSS","R","$","E","BOSS"],"items_purchased_type":["Card","Card","Card","Relic","Potion","Relic"],"build_version":"2020-12-22","purchased_purges":2,"victory":true,"max_hp_per_floor":[71,71,71,71,71,71,71,71,71,71,71,71,71,71,71,71,71,71,71,71,71,71,71,71,71,71,71,71,71,71,71,71,71,71,71,71,71,71,71,71,71,71,71,71,71,71,71,71,71,71,71,71,71,71,71,71],"relic_stats":{"OrangePellets":[3],"Happy Flower":[19],"counters":[28,173],"Astrolabe":["Aggregate","Defragment","Creative AI"],"PreservedInsect":294,"Orichalcum":[108],"MawBank":132,"obtain_stats":[{"Potion Belt":12,"Happy Flower":46,"Astrolabe":34,"PreservedInsect":7,"Orichalcum":26,"MawBank":9,"Cables":31,"Mercury Hourglass":55,"OrangePellets":54,"DollysMirror":28,"Fusion Hammer":17,"Bottled Lightning":24,"Cracked Core":0,"TungstenRod":42,"Runic Pyramid":0},{"Potion Belt":7,"Happy Flower":23,"Astrolabe":16,"PreservedInsect":5,"Orichalcum":12,"MawBank":5,"Cables":15,"Mercury Hourglass":27,"OrangePellets":26,"DollysMirror":13,"Fusion Hammer":9,"Bottled Lightning":12,"Cracked Core":0,"TungstenRod":21,"Runic Pyramid":0},{"Potion Belt":24,"Happy Flower":116,"Astrolabe":78,"PreservedInsect":18,"Orichalcum":49,"MawBank":18,"Cables":69,"Mercury Hourglass":160,"OrangePellets":155,"DollysMirror":58,"Fusion Hammer":35,"Bottled Lightning":49,"Cracked Core":0,"TungstenRod":107,"Runic Pyramid":0}],"TungstenRod":37,"Cables":[89,29,50,10,0],"Mercury Hourglass":[39]},"card_choices":[{"not_picked":["Leap","Storm","Redo"],"picked":"SKIP","floor":1.0},{"not_picked":["Steam","Leap"],"picked":"Streamline","floor":2.0},{"not_picked":["Scrape","Steam"],"picked":"Lockon","floor":3.0},{"not_picked":["FTL","Blizzard"],"picked":"Defragment","floor":4.0},{"not_picked":["Barrage","Steam"],"picked":"Rainbow","floor":7.0},{"not_picked":["Redo","Beam Cell"],"picked":"Conserve Battery","floor":10.0},{"not_picked":["Compile Driver","Rebound","Leap"],"picked":"SKIP","floor":12.0},{"not_picked":["Steam Power","Conserve Battery"],"picked":"Go for the Eyes","floor":14.0},{"not_picked":["Biased Cognition","Rainbow"],"picked":"Seek","floor":16.0},{"not_picked":["Lockon","Go for the Eyes"],"picked":"Glacier+1","floor":18.0},{"not_picked":["Blizzard","Leap"],"picked":"Steam","floor":21.0},{"not_picked":["Beam Cell","Gash"],"picked":"Coolheaded","floor":24.0},{"not_picked":["Gash","Skim","Compile Driver"],"picked":"SKIP","floor":27.0},{"not_picked":["Go for the Eyes","Beam Cell"],"picked":"Genetic Algorithm","floor":30.0},{"not_picked":["Gash","White Noise","Steam"],"picked":"SKIP","floor":31.0},{"not_picked":["Amplify","Echo Form"],"picked":"Electrodynamics","floor":33.0},{"not_picked":["Go for the Eyes","Ball Lightning+1"],"picked":"Coolheaded","floor":35.0},{"not_picked":["Scrape","Cold Snap"],"picked":"Go for the Eyes","floor":36.0},{"not_picked":["Conserve Battery","Beam Cell","Steam"],"picked":"SKIP","floor":38.0},{"not_picked":["Gash+1","Tempest","Consume+1"],"picked":"SKIP","floor":41.0},{"not_picked":["Streamline+1","Reprogram","Turbo+1"],"picked":"SKIP","floor":42.0},{"not_picked":["Static Discharge","Steam+1"],"picked":"Recycle+1","floor":45.0},{"not_picked":["Sunder+1","Heatsinks","Undo"],"picked":"SKIP","floor":46.0},{"not_picked":["Sweeping Beam","Coolheaded","Chaos"],"picked":"SKIP","floor":47.0},{"not_picked":["Stack","Beam Cell","Tempest"],"picked":"SKIP","floor":55.0}],"player_experience":1021363,"relics_obtained":[{"floor":7.0,"key":"PreservedInsect"},{"floor":9.0,"key":"MawBank"},{"floor":12.0,"key":"Potion Belt"},{"floor":24.0,"key":"Bottled Lightning"},{"floor":26.0,"key":"Orichalcum"},{"floor":31.0,"key":"Cables"},{"floor":42.0,"key":"TungstenRod"},{"floor":46.0,"key":"Happy Flower"},{"floor":55.0,"key":"Mercury Hourglass"}],"event_choices":[{"damage_healed":0.0,"max_hp_gain":0.0,"max_hp_loss":0.0,"gold_gain":0.0,"cards_transformed":["Strike_B"],"event_name":"Transmorgrifier","player_choice":"Transformed","floor":11.0,"gold_loss":0.0,"damage_taken":0.0,"cards_obtained":["Echo Form"]},{"damage_healed":0.0,"max_hp_gain":0.0,"max_hp_loss":0.0,"gold_gain":0.0,"event_name":"Wheel of Change","player_choice":"Damaged","floor":19.0,"gold_loss":0.0,"damage_taken":10.0},{"damage_healed":0.0,"max_hp_gain":0.0,"max_hp_loss":0.0,"gold_gain":0.0,"event_name":"The Library","player_choice":"Read","floor":22.0,"gold_loss":0.0,"damage_taken":0.0,"cards_obtained":["Coolheaded"]},{"damage_healed":0.0,"max_hp_gain":0.0,"max_hp_loss":0.0,"gold_gain":0.0,"event_name":"The Woman in Blue","player_choice":"Bought 1 Potion","floor":39.0,"gold_loss":0.0,"damage_taken":0.0}],"is_beta":false,"boss_relics":[{"not_picked":["Empty Cage","Velvet Choker"],"picked":"Fusion Hammer"},{"not_picked":["Black Star","Coffee Dripper"],"picked":"Astrolabe"}],"items_purged_floors":[20,37],"is_endless":false,"potions_floor_spawned":[3,4,10,14,18,27,31,36,38,42,46,47],"ascension_level":20}}