{"host":"h7xtspmc2x3i8s2i","time":1609138286,"event":{"mods":["2.2 Compatiblity","AchievementEnabler","Act Like it!","AlwaysNeverKeys","Aspiration","Astrologer","BaseMod","Beaked The Cultist","Bestiary","Better Altar","Better Match","Better Note","Better Sensory Stone","Better Skull","Better Third Choice","Better Vampires","Better-Laid Plans","BetterRewards","Challenge The Spire","Colored Map","Colored Powertips","Colorless Booster Pack","Curses Come First","Defuse TimeMaze Blight","Dio Mod","Disable Question Mark Monsters","Downfall","Duelist Mod","EXCEPTION","Emptier Cage","Energized Spire","Friendly Minions","GifTheSpireLib","Gold Saver","Gremlin Skip","Halation","Hubris","Ironclad Rager","Jedi Mod","Key Reminder","Marked Mod","Minty Spire (QoL Compilation)","Permanent Neow","Potion Indicator Mod","Quick Restart","Random Character Button","Random Character Mod","Rare Cards Sparkle","Relic Filter","Relic Stats","Replay The Spire","SacredBarkPlus","Shop Mod","Somnambulant","Spicy Shops","Spikes Relics","Spire Birthday Party","StSLib","Steal the Spire","Stuff the Spire","SuperFastMode","The Awakened One except there are too many feathers","The Blue Laboratory","The Cursed","The Death Knight","The Dragon Tamer","The Edgeheg","The Hierophant","The Problem Sleuth","The Runesmith","The Wild Card","TheVelvet","Transform Curses","Uncapped","Unceasing Turn Reminder","Virulent Crown","everything is the same but u backflip on backflip","slay the spire mod where everything is the same but ironclad has a cowboy hat","vexMod"],"gold_per_floor":[114,114,125,98,115,142,142,173,198,210,220,235,235,269,269,373,373,386,386,400,400,416,416,446,46,73,73,73],"floor_reached":27,"playtime":1297,"items_purged":[],"score":278,"play_id":"eec79d25-da67-49c7-9221-402fa0079b69","local_time":"20201228015126","is_ascension_mode":true,"campfire_choices":[{"data":"Deep Breath","floor":7,"key":"SMITH"},{"floor":15,"key":"REST"},{"floor":23,"key":"REST"}],"circlet_count":0,"master_deck":["dioMod:Strike","dioMod:Strike","dioMod:Strike","Bite","dioMod:Defend","dioMod:Defend","dioMod:Defend","dioMod:Defend","Deep Breath+1","dioMod:MudaMudaMuda","dioMod:CautiousMuda","dioMod:MudaMudaMuda","dioMod:VengefulMuda","dioMod:SecretPlan","dioMod:VengefulMuda","dioMod:VengefulMuda","dioMod:DominatingPresence","dioMod:ZaWarudo","dioMod:CautiousMuda","Prostrate","ClearTheMind+1","Replay:ManipulateFuture"],"relics":["dioMod:VampireBlood","jedi:crownofsimplicity","keyreminder:keyreminder","Sundial","Ancient Tea Set","halation:PinkSoulGem","hubris:Reverence","aspiration:WatcherSkillbook","hubris:AstralHammer","Replay:Baseball","Pear"],"acts_visited":["Exordium","TheCity"],"potions_floor_usage":[6,14,22],"damage_taken":[{"damage":10,"enemies":"Small Slimes","floor":1,"turns":5},{"damage":22,"enemies":"Cultist","floor":3,"turns":6},{"damage":0,"enemies":"2 Louse","floor":5,"turns":3},{"damage":20,"enemies":"3 Sentries","floor":6,"turns":14},{"damage":31,"enemies":"Replay:BlueRogue","floor":8,"turns":6},{"damage":0,"enemies":"Large Slime","floor":10,"turns":5},{"damage":10,"enemies":"Exordium Wildlife","floor":11,"turns":4},{"damage":8,"enemies":"Exordium Thugs","floor":12,"turns":6},{"damage":28,"enemies":"Lagavulin","floor":14,"turns":6},{"damage":28,"enemies":"The Guardian","floor":16,"turns":10},{"damage":28,"enemies":"Chosen","floor":18,"turns":9},{"damage":32,"enemies":"Spheric Guardian","floor":20,"turns":7},{"damage":4,"enemies":"Snake Plant","floor":22,"turns":5},{"damage":37,"enemies":"Replay:Snechameleon","floor":24,"turns":14},{"damage":40,"enemies":"Chosen and Byrds","floor":27,"turns":8}],"seed_played":"7022029740963983867","potions_obtained":[{"floor":3,"key":"blueLaboratory:StoneskinPotion"},{"floor":5,"key":"blueLaboratory:AbyssPotion"},{"floor":11,"key":"blueLaboratory:Moonshine"},{"floor":16,"key":"SteroidPotion"},{"floor":18,"key":"blueLaboratory:BottledHope"}],"is_trial":false,"path_per_floor":["M","?","M","$","M","E","R","E","T","M","M","M","?","E","R","B",null,"M","?","M","?","M","R","E","$","T","M"],"character_chosen":"THE_DEFAULT","items_purchased":["dioMod:CautiousMuda","Replay:Baseball","Pear"],"campfire_rested":2,"item_purchase_floors":[4,25,25],"current_hp_per_floor":[75,75,60,60,66,61,61,35,35,47,47,47,47,26,48,29,75,50,50,25,25,26,48,22,32,32,0,0],"gold":73,"neow_bonus":"RANDOM_COLORLESS","is_daily":false,"chose_seed":false,"campfire_upgraded":1,"win_rate":0.0,"timestamp":1609138286,"path_taken":["M","?","?","$","M","E","R","E","T","M","M","M","?","E","R","BOSS","M","?","M","?","?","R","E","?","T","?"],"items_purchased_type":["Card","Relic","Relic"],"build_version":"2020-12-22","purchased_purges":0,"victory":false,"max_hp_per_floor":[75,75,75,75,75,75,75,75,75,75,75,75,75,75,75,75,75,75,75,75,75,75,75,75,85,85,85,85],"relic_stats":{"counters":[15,108],"Sundial":[16],"obtain_stats":[{"keyreminder:keyreminder":6,"Replay:Baseball":25,"Pear":25,"dioMod:VampireBlood":0,"Sundial":8,"hubris:AstralHammer":24,"aspiration:WatcherSkillbook":17,"jedi:crownofsimplicity":6,"Ancient Tea Set":9,"halation:PinkSoulGem":13,"hubris:Reverence":14},{"keyreminder:keyreminder":4,"Replay:Baseball":14,"Pear":14,"dioMod:VampireBlood":0,"Sundial":5,"hubris:AstralHammer":14,"aspiration:WatcherSkillbook":10,"jedi:crownofsimplicity":4,"Ancient Tea Set":5,"halation:PinkSoulGem":8,"hubris:Reverence":9},{"keyreminder:keyreminder":28,"Replay:Baseball":100,"Pear":100,"dioMod:VampireBlood":0,"Sundial":34,"hubris:AstralHammer":100,"aspiration:WatcherSkillbook":65,"jedi:crownofsimplicity":28,"Ancient Tea Set":34,"halation:PinkSoulGem":49,"hubris:Reverence":55}]},"card_choices":[{"not_picked":["Replay:SS_fish_1","expansioncontent:PrepareCrush"],"picked":"Deep Breath","floor":0},{"not_picked":["dioMod:BloodShield","dioMod:BloodTransfusion","dioMod:BlendIn"],"picked":"SKIP","floor":1},{"not_picked":["dioMod:BloodSplash","dioMod:WRYYY"],"picked":"dioMod:MudaMudaMuda","floor":3},{"not_picked":["dioMod:PhantomBlood","dioMod:ComposedMuda"],"picked":"dioMod:MudaMudaMuda","floor":5},{"not_picked":["dioMod:WRYYY","dioMod:SlashThroughTime","dioMod:HeavyLifting"],"picked":"SKIP","floor":6},{"not_picked":["dioMod:BloodSplash","dioMod:BloodShield"],"picked":"dioMod:VengefulMuda","floor":8},{"not_picked":["dioMod:FlyAway","dioMod:HeavyLifting"],"picked":"dioMod:SecretPlan","floor":10},{"not_picked":["dioMod:Minions","dioMod:BloodShield"],"picked":"dioMod:VengefulMuda","floor":11},{"not_picked":["dioMod:Regeneration","dioMod:HeavyLifting"],"picked":"dioMod:VengefulMuda","floor":12},{"not_picked":["dioMod:Hiss","dioMod:ComboFever"],"picked":"dioMod:DominatingPresence","floor":14},{"not_picked":["dioMod:KonoDioDa","dioMod:PathToHeaven"],"picked":"dioMod:ZaWarudo","floor":16},{"not_picked":["MarkedMod:Acupuncture","ThirdEye","SandsOfTime+1"],"picked":"dioMod:CautiousMuda","floor":18},{"not_picked":["EmptyMind","EmptyFist","Replay:Vibes+1"],"picked":"Prostrate","floor":20},{"not_picked":["Swivel+1","EmptyBody","dioMod:VengefulMuda"],"picked":"ClearTheMind+1","floor":22},{"not_picked":["dioMod:DisarmingVoice","dioMod:FlyAway","dioMod:Donut"],"picked":"Replay:ManipulateFuture","floor":24}],"player_experience":594767,"relics_obtained":[{"floor":6,"key":"jedi:crownofsimplicity"},{"floor":8,"key":"Sundial"},{"floor":9,"key":"Ancient Tea Set"},{"floor":14,"key":"hubris:Reverence"},{"floor":24,"key":"hubris:AstralHammer"}],"event_choices":[{"cards_removed":["dioMod:Strike"],"damage_healed":0,"gold_gain":0,"player_choice":"Offered Basic","damage_taken":0,"max_hp_gain":0,"max_hp_loss":0,"event_name":"Bonfire Elementals","floor":2,"gold_loss":0}],"is_beta":false,"boss_relics":[{"not_picked":["Runesmith:UraniumAnvil","halation:SmartPhone"],"picked":"aspiration:WatcherSkillbook"}],"items_purged_floors":[],"is_endless":false,"potions_floor_spawned":[3,5,11,16,18],"killed_by":"Chosen and Byrds","ascension_level":2}}