{"host":"6ko66ogg91i6g7xq","time":1609167316,"event":{"mods":["AchievementEnabler","Act Like it!","BaseMod","Colored Map","Colored Powertips","Downfall","Hermit","Minty Spire (QoL Compilation)","Quick Restart","Relic Stats","StSLib","The Jungle","everything is the same but u backflip on backflip"],"gold_per_floor":[112,127,127,52,52,83,83,117,144,67,67,78,78,78,78,183,183,194,224,224,224,235,267,267,302,325,339,30,58,58,25,25,127,127,147,68,84,306,324,353,370,404,480,514,514,533,15,26,26,26,26,26,26,57,57,57],"floor_reached":55,"playtime":1688,"items_purged":[],"score":1067,"play_id":"cdaf6d5d-1067-447f-ab30-1c5e33bb4c40","local_time":"20201228095516","is_ascension_mode":true,"campfire_choices":[{"floor":11,"key":"RECALL"},{"data":"Doppelganger","floor":13,"key":"SMITH"},{"data":"Finisher","floor":15,"key":"SMITH"},{"data":"Phantasmal Killer","floor":24,"key":"SMITH"},{"data":"Cloak And Dagger","floor":30,"key":"SMITH"},{"floor":32,"key":"REST"},{"floor":45,"key":"REST"},{"data":"Finisher","floor":49,"key":"SMITH"},{"data":"Adrenaline","floor":52,"key":"SMITH"}],"circlet_count":0,"master_deck":["Strike_G+1","Strike_G+1","Strike_G+1","Strike_G+1","Strike_G+1","Defend_G+1","Defend_G+1","Defend_G+1","Defend_G+1","Defend_G+1","Survivor","Neutralize","Finisher+1","Dagger Spray","Leg Sweep","Blade Dance","Doppelganger+1","Blade Dance","Phantasmal Killer+1","Accuracy+1","Finisher+1","Adrenaline+1","Infinite Blades+1","Accuracy+1","Noxious Fumes+1","Cloak And Dagger+1","Accuracy+1","Corpse Explosion","Cloak And Dagger","Leg Sweep+1","Dagger Spray+1","Adrenaline","Blur","Noxious Fumes+1","Noxious Fumes+1"],"relics":["Ring of the Serpent","NeowsBlessing","Omamori","Ornamental Fan","Pen Nib","Frozen Egg 2","Red Mask","The Courier","Vajra","Membership Card","Mummified Hand","Tiny Chest","SlaversCollar","TwistedFunnel","Unceasing Top","Sundial","Gremlin Horn","Question Card","Bottled Tornado","Eternal Feather","Mango","CaptainsWheel","Akabeko"],"acts_visited":["Exordium","TheCity","TheBeyond","TheEnding"],"potions_floor_usage":[16,19,23,29,29,48,55],"damage_taken":[{"damage":0,"enemies":"Small Slimes","floor":1,"turns":1},{"damage":0,"enemies":"Jaw Worm","floor":2,"turns":1},{"damage":0,"enemies":"Lagavulin","floor":6,"turns":1},{"damage":0,"enemies":"Gremlin Nob","floor":8,"turns":3},{"damage":0,"enemies":"2 Louse","floor":12,"turns":2},{"damage":8,"enemies":"Slime Boss","floor":16,"turns":5},{"damage":7,"enemies":"Shell Parasite","floor":18,"turns":5},{"damage":1,"enemies":"Masked Bandits","floor":19,"turns":3},{"damage":0,"enemies":"Chosen","floor":22,"turns":3},{"damage":8,"enemies":"Book of Stabbing","floor":23,"turns":3},{"damage":12,"enemies":"Slavers","floor":25,"turns":5},{"damage":3,"enemies":"Snake Plant","floor":27,"turns":3},{"damage":0,"enemies":"Book of Stabbing","floor":29,"turns":2},{"damage":0,"enemies":"Collector","floor":33,"turns":3},{"damage":9,"enemies":"3 Darklings","floor":35,"turns":2},{"damage":0,"enemies":"Orb Walker","floor":37,"turns":1},{"damage":3,"enemies":"4 Shapes","floor":39,"turns":2},{"damage":4,"enemies":"Nemesis","floor":40,"turns":3},{"damage":16,"enemies":"Jaw Worm Horde","floor":41,"turns":3},{"damage":0,"enemies":"Giant Head","floor":42,"turns":4},{"damage":0,"enemies":"Nemesis","floor":44,"turns":3},{"damage":15,"enemies":"Maw","floor":46,"turns":5},{"damage":9,"enemies":"Writhing Mass","floor":48,"turns":3},{"damage":5,"enemies":"Donu and Deca","floor":50,"turns":4},{"damage":34,"enemies":"Shield and Spear","floor":54,"turns":3},{"damage":61,"enemies":"The Heart","floor":55,"turns":6}],"seed_played":"-1325476480852817167","potions_obtained":[{"floor":2,"key":"SneckoOil"},{"floor":12,"key":"Explosive Potion"},{"floor":19,"key":"champ:CounterPotion"},{"floor":25,"key":"GamblersBrew"},{"floor":27,"key":"Swift Potion"},{"floor":37,"key":"DuplicationPotion"},{"floor":46,"key":"SkillPotion"},{"floor":54,"key":"Energy Potion"}],"is_trial":false,"path_per_floor":["M","M","?","$","?","E","?","E","T","$","R","M","R","T","R","B",null,"M","?","?","?","M","E","R","E","T","M","$","E","R","$","R","B",null,"M","$","M","?","M","E","M","E","T","E","R","M","$","M","R","B",null,"R","$","E","B"],"character_chosen":"THE_SILENT","items_purchased":["Leg Sweep","Doppelganger","Membership Card","Mummified Hand","Infinite Blades+1","Accuracy+1","Noxious Fumes+1","Accuracy+1","TwistedFunnel","Cloak And Dagger","Noxious Fumes+1","Noxious Fumes+1","Bottled Tornado","Eternal Feather","Mango","CaptainsWheel"],"campfire_rested":2,"item_purchase_floors":[4,10,28,28,28,28,28,31,36,36,47,47,47,47,47,47],"current_hp_per_floor":[70,70,70,70,70,70,63,63,63,63,63,63,63,63,63,55,70,63,62,62,62,62,54,54,42,42,39,39,39,39,39,60,60,70,61,61,61,61,58,54,38,38,38,38,59,44,58,49,70,65,84,84,84,50,0,0],"gold":57,"neow_bonus":"THREE_ENEMY_KILL","is_daily":false,"chose_seed":false,"campfire_upgraded":6,"win_rate":0.0,"timestamp":1609167316,"path_taken":["M","M","?","$","?","E","?","E","T","?","R","?","R","?","R","BOSS","M","?","?","?","?","E","R","E","T","M","$","E","R","$","R","BOSS","M","$","M","?","M","E","M","E","T","E","R","M","$","M","R","BOSS","R","$","E","BOSS"],"items_purchased_type":["Card","Card","Relic","Relic","Card","Card","Card","Card","Relic","Card","Card","Card","Relic","Relic","Relic","Relic"],"build_version":"2020-12-22","purchased_purges":0,"victory":false,"max_hp_per_floor":[70,70,70,70,70,70,70,70,70,70,70,70,70,70,70,70,70,70,70,70,70,70,70,70,70,70,70,70,70,70,70,70,70,70,70,70,70,70,70,70,70,70,70,70,70,70,84,84,84,84,84,84,84,84,84,84],"relic_stats":{"Gremlin Horn":[0,0],"counters":[26,79],"Ornamental Fan":[276],"Mummified Hand":[58],"Sundial":[0],"Tiny Chest":0,"Eternal Feather":21,"Pen Nib":[27],"Question Card":3,"obtain_stats":[{"TwistedFunnel":36,"NeowsBlessing":0,"Gremlin Horn":43,"Vajra":26,"Eternal Feather":47,"Mango":47,"Pen Nib":8,"The Courier":25,"Omamori":6,"Frozen Egg 2":14,"Bottled Tornado":47,"Question Card":44,"Akabeko":54,"SlaversCollar":34,"CaptainsWheel":47,"Ornamental Fan":7,"Mummified Hand":28,"Sundial":42,"Tiny Chest":29,"Red Mask":19,"Membership Card":28,"Ring of the Serpent":17,"Unceasing Top":40,"Ring of the Snake":0},{"TwistedFunnel":15,"NeowsBlessing":0,"Gremlin Horn":20,"Vajra":11,"Eternal Feather":22,"Mango":22,"Pen Nib":4,"The Courier":11,"Omamori":3,"Frozen Egg 2":5,"Bottled Tornado":22,"Question Card":21,"Akabeko":25,"SlaversCollar":14,"CaptainsWheel":22,"Ornamental Fan":3,"Mummified Hand":12,"Sundial":20,"Tiny Chest":13,"Red Mask":8,"Membership Card":12,"Ring of the Serpent":6,"Unceasing Top":18,"Ring of the Snake":0},{"TwistedFunnel":42,"NeowsBlessing":0,"Gremlin Horn":55,"Vajra":32,"Eternal Feather":63,"Mango":63,"Pen Nib":6,"The Courier":32,"Omamori":3,"Frozen Egg 2":8,"Bottled Tornado":63,"Question Card":58,"Akabeko":73,"SlaversCollar":40,"CaptainsWheel":63,"Ornamental Fan":3,"Mummified Hand":35,"Sundial":55,"Tiny Chest":37,"Red Mask":21,"Membership Card":35,"Ring of the Serpent":13,"Unceasing Top":48,"Ring of the Snake":0}],"Unceasing Top":[13]},"card_choices":[{"not_picked":["PiercingWail","Underhanded Strike"],"picked":"Finisher","floor":1},{"not_picked":["Deflect","PiercingWail"],"picked":"Dagger Spray","floor":2},{"not_picked":["Infinite Blades","Poisoned Stab"],"picked":"Blade Dance","floor":6},{"not_picked":["Poisoned Stab","Masterful Stab","Bane"],"picked":"SKIP","floor":8},{"not_picked":["PiercingWail","Underhanded Strike"],"picked":"Blade Dance","floor":12},{"not_picked":["Unload","Tools of the Trade+1"],"picked":"Phantasmal Killer","floor":16},{"not_picked":["Underhanded Strike+1","Poisoned Stab","PiercingWail+1"],"picked":"SKIP","floor":18},{"not_picked":["Prepared","Quick Slash+1"],"picked":"Accuracy+1","floor":22},{"not_picked":["Skewer","Flying Knee"],"picked":"Finisher","floor":23},{"not_picked":["Dagger Throw","Endless Agony+1","Slice"],"picked":"SKIP","floor":25},{"not_picked":["Flying Knee+1","Heel Hook"],"picked":"Adrenaline","floor":27},{"not_picked":["Blade Dance","All Out Attack"],"picked":"Cloak And Dagger","floor":29},{"not_picked":["Bullet Time","Unload"],"picked":"Corpse Explosion","floor":33},{"not_picked":["Quick Slash+1","Backflip","Skewer"],"picked":"SKIP","floor":35},{"not_picked":["Tactician+1","Slice+1"],"picked":"Leg Sweep+1","floor":37},{"not_picked":["Well Laid Plans+1","Acrobatics"],"picked":"Dagger Spray+1","floor":39},{"not_picked":["Heel Hook","Eviscerate"],"picked":"Adrenaline","floor":40},{"not_picked":["Escape Plan+1","Underhanded Strike+1","Calculated Gamble+1"],"picked":"SKIP","floor":41},{"not_picked":["All Out Attack+1","Slice+1","Riddle With Holes+1"],"picked":"SKIP","floor":42},{"not_picked":["Predator","Flying Knee"],"picked":"Blur","floor":44},{"not_picked":["Tactician","Predator+1","Crippling Poison","Dagger Spray"],"picked":"SKIP","floor":46},{"not_picked":["Slice+1","Prepared","Flying Knee","Predator"],"picked":"SKIP","floor":48},{"not_picked":["Bouncing Flask+1","Setup","Flying Knee","Slice+1"],"picked":"SKIP","floor":54}],"player_experience":268277,"relics_obtained":[{"floor":6,"key":"Omamori"},{"floor":8,"key":"Pen Nib"},{"floor":14,"key":"Frozen Egg 2"},{"floor":19,"key":"Red Mask"},{"floor":25,"key":"The Courier"},{"floor":26,"key":"Vajra"},{"floor":29,"key":"Tiny Chest"},{"floor":40,"key":"Unceasing Top"},{"floor":42,"key":"Sundial"},{"floor":43,"key":"Gremlin Horn"},{"floor":44,"key":"Question Card"},{"floor":54,"key":"Akabeko"}],"event_choices":[{"damage_healed":0,"gold_gain":0,"player_choice":"Ignored","damage_taken":0,"max_hp_gain":0,"max_hp_loss":0,"event_name":"Golden Wing","floor":3,"gold_loss":0},{"damage_healed":0,"gold_gain":0,"player_choice":"Leave","damage_taken":0,"max_hp_gain":0,"max_hp_loss":0,"event_name":"The Cleric","floor":5,"gold_loss":0},{"damage_healed":0,"gold_gain":0,"player_choice":"Success","damage_taken":7,"relics_obtained":["Ornamental Fan"],"max_hp_gain":0,"max_hp_loss":0,"event_name":"Scrap Ooze","floor":7,"gold_loss":0},{"damage_healed":0,"gold_gain":0,"player_choice":"Fought Bandits","damage_taken":0,"max_hp_gain":0,"max_hp_loss":0,"event_name":"Masked Bandits","floor":19,"gold_loss":0},{"damage_healed":0,"gold_gain":0,"player_choice":"Ignored","damage_taken":0,"max_hp_gain":0,"max_hp_loss":0,"event_name":"Beggar","floor":20,"gold_loss":0},{"damage_healed":0,"gold_gain":0,"player_choice":"Simplicity","damage_taken":0,"max_hp_gain":0,"max_hp_loss":0,"event_name":"Back to Basics","floor":21,"gold_loss":0,"cards_upgraded":["Strike_G","Strike_G","Strike_G","Strike_G","Strike_G","Defend_G","Defend_G","Defend_G","Defend_G","Defend_G"]},{"damage_healed":0,"gold_gain":222,"player_choice":"Wore Mask","damage_taken":0,"max_hp_gain":0,"max_hp_loss":0,"event_name":"Tomb of Lord Red Mask","floor":38,"gold_loss":0}],"is_beta":false,"boss_relics":[{"not_picked":["HoveringKite","SacredBark"],"picked":"Ring of the Serpent"},{"not_picked":["Busted Crown","Sozu"],"picked":"SlaversCollar"}],"items_purged_floors":[],"is_endless":false,"potions_floor_spawned":[2,12,19,25,27,37,46,54],"killed_by":"The Heart","ascension_level":1}}