{"host":"792mtbovsoa03nb3","time":1609186982,"event":{"mods":["BaseMod","Colored Map","Dota2Spire","Downfall","Hubris","Infinite Spire","Minty Spire (QoL Compilation)","Replay The Spire","Spicy Shops","StSLib","The Blue Laboratory","The Jungle"],"gold_per_floor":[116,116,132,150,160,160,160,189,235,235,268,268,268,283,283,384,384,399,399,409,423,34,34,53,84,84,114,128,143,143,154,154,254,254,286,324,374,101,121,156,156,156,181,181,212,258,258,302,302,302],"floor_reached":51,"playtime":1611,"items_purged":["Pain","Defend_R"],"score":1358,"play_id":"c231ee13-548f-48de-a31e-ab373bae6180","local_time":"20201228122302","is_ascension_mode":true,"campfire_choices":[{"floor":10,"key":"REST"},{"data":"Flex","floor":15,"key":"SMITH"},{"data":"Armaments","floor":23,"key":"SMITH"},{"data":"Eclipse","floor":32,"key":"SMITH"},{"data":"Perfected Strike","floor":41,"key":"SMITH"},{"data":"Perfected Strike","floor":47,"key":"SMITH"},{"data":"Madness","floor":49,"key":"SMITH"}],"circlet_count":0,"master_deck":["Strike_R+1","Strike_R","Strike_R","Strike_R","Strike_R","Defend_R","Defend_R","Defend_R+1","Bash+1","Perfected Strike+1","Spot Weakness","Cleave","Flex+1","Eclipse+1","Power Through","Perfected Strike+1","Fiend Fire+1","Inflame","Armaments+1","Cleave","Flame Barrier","Reaper","Clothesline","Thunderclap+1","Flame Barrier","Perfected Strike+1","hubris:StunningStrike","hubris:StunningStrike","ReplayTheSpireMod:Stacked","Dark Embrace","Parasite","Power Through","Anger+1","Madness","Madness+1","Inflame"],"relics":["Burning Blood","Blood Vial","ClockworkSouvenir","Membership Card","Dota2Spire:Vanguard","Dota2Spire:BlackKingBar","Dota2Spire:UrnOfShadows","Meat on the Bone","hubris:CrystalStatue","infinitespire:Burning Sword","Kunai","Replay:Bottled Flurry","Blue Candle","infinitespire:EmpoweringShard","Dota2Spire:EchoSabre","infinitespire:EvilPickle","Dota2Spire:Bloodstone","hubris:Spice","DollysMirror","hubris:Towel","hubris:GlazedTorus","infinitespire:Beetle Shell"],"acts_visited":["Exordium","TheCity","TheBeyond"],"potions_floor_usage":[8,16,25,33,46,48,50],"damage_taken":[{"damage":13,"enemies":"Small Slimes","floor":1,"turns":4},{"damage":2,"enemies":"Jaw Worm","floor":3,"turns":3},{"damage":0,"enemies":"Cultist","floor":4,"turns":3},{"damage":11,"enemies":"Blue Slaver","floor":5,"turns":4},{"damage":31,"enemies":"3 Sentries","floor":8,"turns":8},{"damage":34,"enemies":"Lagavulin","floor":11,"turns":8},{"damage":0,"enemies":"Large Slime","floor":14,"turns":3},{"damage":12,"enemies":"Slime Boss","floor":16,"turns":6},{"damage":4,"enemies":"Spheric Guardian","floor":18,"turns":3},{"damage":14,"enemies":"Shell Parasite","floor":20,"turns":3},{"damage":22,"enemies":"Snecko","floor":21,"turns":3},{"damage":0,"enemies":"Centurion and Healer","floor":24,"turns":3},{"damage":11,"enemies":"Slavers","floor":25,"turns":4},{"damage":0,"enemies":"Gremlin Leader","floor":27,"turns":3},{"damage":5,"enemies":"Shelled Parasite and Fungi","floor":28,"turns":4},{"damage":6,"enemies":"Cultist and Chosen","floor":29,"turns":3},{"damage":0,"enemies":"Snake Plant","floor":31,"turns":2},{"damage":32,"enemies":"Pondfish","floor":33,"turns":10},{"damage":0,"enemies":"3 Shapes","floor":35,"turns":2},{"damage":16,"enemies":"3 Darklings","floor":36,"turns":4},{"damage":0,"enemies":"Mind Bloom Boss Battle","floor":37,"turns":4},{"damage":0,"enemies":"Writhing Mass","floor":39,"turns":2},{"damage":15,"enemies":"R_Hoarder","floor":40,"turns":3},{"damage":0,"enemies":"Spire Growth","floor":45,"turns":2},{"damage":3,"enemies":"Giant Head","floor":46,"turns":5},{"damage":51,"enemies":"Nightmare","floor":48,"turns":4},{"damage":3,"enemies":"Time Eater","floor":50,"turns":4}],"seed_played":"-3683031820143872608","potions_obtained":[{"floor":1,"key":"SteroidPotion"},{"floor":4,"key":"blueLaboratory:AbyssPotion"},{"floor":11,"key":"champ:CounterPotion"},{"floor":16,"key":"Guardian:BlockOnCardUsePotion"},{"floor":24,"key":"PowerPotion"},{"floor":25,"key":"hexamod:EctoCoolerPotion"},{"floor":39,"key":"Dota2Spire:Clarity"},{"floor":40,"key":"Strength Potion"},{"floor":48,"key":"ColorlessPotion"}],"is_trial":false,"path_per_floor":["M","?","M","M","M","?","$","E","T","R","E","T","?","M","R","B",null,"M","?","M","M","$","R","M","E","T","E","M","M","?","M","R","B",null,"M","M","?","$","M","E","R","?","T","?","M","E","R","NM","R","B",null],"character_chosen":"IRONCLAD","items_purchased":["ClockworkSouvenir","Membership Card","Dota2Spire:Vanguard","Fiend Fire+1","Kunai","Inflame","Replay:Bottled Flurry","Armaments","DollysMirror","hubris:StunningStrike","ReplayTheSpireMod:Stacked","hubris:Spice","Dark Embrace"],"campfire_rested":1,"item_purchase_floors":[7,7,7,22,22,22,22,22,38,38,38,38,38],"current_hp_per_floor":[67,51,57,65,62,62,32,9,9,33,13,13,13,33,33,47,72,76,76,72,61,61,61,75,72,72,80,80,80,80,80,80,66,77,80,80,88,96,96,87,87,76,76,76,80,80,80,56,56,67],"gold":302,"neow_bonus":"RANDOM_COMMON_RELIC","is_daily":false,"chose_seed":false,"campfire_upgraded":6,"win_rate":0.0,"timestamp":1609186982,"path_taken":["M","?","M","M","M","?","?","E","T","R","E","?","?","M","R","BOSS","M","?","M","M","$","R","M","E","T","E","M","?","?","?","R","BOSS","M","?","?","$","M","E","R","?","T","?","M","E","R","NM","R","BOSS"],"items_purchased_type":["Relic","Relic","Relic","Card","Relic","Card","Relic","Card","Relic","Card","Card","Relic","Card"],"build_version":"2020-12-22","purchased_purges":2,"victory":true,"max_hp_per_floor":[80,80,80,80,80,80,80,80,80,80,80,80,80,80,80,80,80,80,80,80,80,80,80,80,80,80,80,80,80,80,80,80,80,80,80,80,88,96,96,88,88,88,80,80,80,80,80,80,80,80],"card_choices":[{"not_picked":["Massacre","hubris:SharpeningStone"],"picked":"Perfected Strike","floor":1},{"not_picked":["Sword Boomerang","Havoc","ReplayTheSpireMod:Limb From Limb"],"picked":"SKIP","floor":3},{"not_picked":["Intimidate","Defy Death"],"picked":"Spot Weakness","floor":4},{"not_picked":["Sentinel","Sever Soul","Heavy Blade"],"picked":"SKIP","floor":5},{"not_picked":["Hemokinesis","Rupture","Wild Strike"],"picked":"SKIP","floor":8},{"not_picked":["Sword Boomerang","Seeing Red"],"picked":"Cleave","floor":11},{"not_picked":["Wild Strike","Second Wind"],"picked":"Flex","floor":14},{"not_picked":["Juggernaut","Bludgeon"],"picked":"Eclipse","floor":16},{"not_picked":["ReplayTheSpireMod:Strike From Hell","Perfected Strike"],"picked":"Power Through","floor":18},{"not_picked":["Intimidate+1","Run Through","Iron Wave+1"],"picked":"SKIP","floor":20},{"not_picked":["ReplayTheSpireMod:Stacked","hubris:SharpeningStone+1"],"picked":"Perfected Strike","floor":21},{"not_picked":["Seeing Red","Dark Embrace","Cleave+1"],"picked":"SKIP","floor":24},{"not_picked":["Dark Embrace","Clothesline","Iron Wave"],"picked":"SKIP","floor":25},{"not_picked":["Berserk","Spot Weakness"],"picked":"Cleave","floor":27},{"not_picked":["Heavy Blade","Disarm","Seeing Red"],"picked":"SKIP","floor":28},{"not_picked":["Burning Pact+1","Wild Strike"],"picked":"hubris:SharpeningStone","floor":29},{"not_picked":["Life Link","Battle Trance"],"picked":"Flame Barrier","floor":31},{"not_picked":["Berserk","Juggernaut"],"picked":"Reaper","floor":33},{"not_picked":["Wild Strike","Searing Blow+1"],"picked":"Clothesline","floor":35},{"not_picked":["Bloodletting","Headbutt+1"],"picked":"Thunderclap+1","floor":36},{"not_picked":["Iron Wave+1","Sword Boomerang"],"picked":"Flame Barrier","floor":37},{"not_picked":["Body Slam","hubris:SpiceAddiction"],"picked":"Power Through","floor":39},{"not_picked":["Shrug It Off","hubris:ReadiedAction+1"],"picked":"Anger+1","floor":40},{"not_picked":["Run Through","Hemokinesis","Warcry"],"picked":"SKIP","floor":45},{"not_picked":["hubris:SpiceAddiction","Perfected Strike"],"picked":"Inflame","floor":46},{"not_picked":["Wild Strike+1","Battle Trance+1","hubris:ReadiedAction+1"],"picked":"SKIP","floor":48}],"player_experience":804119,"relics_obtained":[{"floor":8,"key":"Dota2Spire:BlackKingBar"},{"floor":9,"key":"Dota2Spire:UrnOfShadows"},{"floor":11,"key":"Meat on the Bone"},{"floor":12,"key":"hubris:CrystalStatue"},{"floor":25,"key":"Blue Candle"},{"floor":26,"key":"infinitespire:EmpoweringShard"},{"floor":27,"key":"Dota2Spire:EchoSabre"},{"floor":37,"key":"hubris:Spice"},{"floor":40,"key":"hubris:Spice"},{"floor":43,"key":"hubris:Spice"},{"floor":46,"key":"hubris:GlazedTorus"},{"floor":48,"key":"infinitespire:Beetle Shell"}],"event_choices":[{"damage_healed":0,"gold_gain":0,"player_choice":"Entered Light","damage_taken":16,"max_hp_gain":0,"max_hp_loss":0,"event_name":"Shining Light","floor":2,"gold_loss":0,"cards_upgraded":["Defend_R","Strike_R"]},{"damage_healed":0,"gold_gain":0,"player_choice":"Bought 0 Potions","damage_taken":0,"max_hp_gain":0,"max_hp_loss":0,"event_name":"The Woman in Blue","floor":19,"gold_loss":0},{"cards_removed":["hubris:SharpeningStone"],"damage_healed":0,"gold_gain":0,"player_choice":"Offered Uncommon","damage_taken":0,"max_hp_gain":0,"max_hp_loss":0,"event_name":"Bonfire Elementals","floor":30,"gold_loss":0},{"damage_healed":0,"gold_gain":0,"player_choice":"Fight","damage_taken":0,"max_hp_gain":0,"max_hp_loss":0,"event_name":"MindBloom","floor":37,"gold_loss":0},{"damage_healed":0,"gold_gain":0,"player_choice":"Embrace Madness","damage_taken":11,"max_hp_gain":0,"max_hp_loss":0,"event_name":"Winding Halls","floor":42,"gold_loss":0,"cards_obtained":["Madness","Madness"]}],"is_beta":false,"boss_relics":[{"not_picked":["Busted Crown","Ring of Chaos"],"picked":"infinitespire:Burning Sword"},{"not_picked":["Replay:Wanted Poster","Pandora\u0027s Box"],"picked":"Dota2Spire:Bloodstone"}],"items_purged_floors":[22,38],"is_endless":false,"potions_floor_spawned":[1,4,11,16,24,25,28,29,31,39,40,48],"ascension_level":6}}