{"host":"kh6fvhxn285ncg0o","time":1609169395,"event":{"mods":["Act Like it!","BaseMod","Colored Map","Friendly Minions","Keyboard Shortcuts","Minty Spire (QoL Compilation)","Quick Restart","Relic Stats","StSLib","SuperFastMode"],"gold_per_floor":[113,113,38,38,38,72,83,233,305,337,349,362,362,380,380,457,457,410,410,420,420,13,40,40,70,94,122,122,134,134,152,152,152,152],"floor_reached":33,"playtime":937,"items_purged":["Strike_R"],"score":676,"play_id":"ce3dd0ee-d066-4e31-b981-3556e36430b0","local_time":"20201229002955","is_ascension_mode":true,"campfire_choices":[{"data":"Armaments","floor":13,"key":"SMITH"},{"data":"Battle Trance","floor":15,"key":"SMITH"},{"floor":24,"key":"REST"},{"floor":32,"key":"REST"}],"circlet_count":0,"master_deck":["AscendersBane","Defend_R","Defend_R","Defend_R","Defend_R","Bash+1","Fire Breathing+1","Entrench","Disarm","Doubt","Battle Trance+1","Shockwave","Armaments+1","Offering","Sentinel+1","Thunderclap+1","Evolve+1","Body Slam","Deep Breath+1","Reckless Charge+1","Fiend Fire","Dark Embrace+1"],"relics":["Burning Blood","NeowsBlessing","Art of War","Letter Opener","Blue Candle","Astrolabe","Sundial","MealTicket","Nunchaku","Whetstone","Ancient Tea Set","Toxic Egg 2"],"acts_visited":["TheCity"],"potions_floor_usage":[10,12,14,16,23,23,27,29],"damage_taken":[{"damage":0,"enemies":"Small Slimes","floor":1,"turns":1},{"damage":0,"enemies":"Lagavulin","floor":6,"turns":1},{"damage":0,"enemies":"Jaw Worm","floor":7,"turns":1},{"damage":54,"enemies":"Gremlin Nob","floor":10,"turns":5},{"damage":6,"enemies":"2 Louse","floor":11,"turns":4},{"damage":21,"enemies":"Exordium Wildlife","floor":12,"turns":6},{"damage":18,"enemies":"Large Slime","floor":14,"turns":5},{"damage":14,"enemies":"Hexaghost","floor":16,"turns":11},{"damage":11,"enemies":"2 Thieves","floor":18,"turns":5},{"damage":7,"enemies":"3 Byrds","floor":20,"turns":4},{"damage":29,"enemies":"Slavers","floor":23,"turns":3},{"damage":8,"enemies":"Book of Stabbing","floor":25,"turns":6},{"damage":16,"enemies":"Gremlin Leader","floor":27,"turns":3},{"damage":33,"enemies":"Centurion and Healer","floor":29,"turns":5},{"damage":6,"enemies":"Cultist and Chosen","floor":31,"turns":3},{"damage":38,"enemies":"Automaton","floor":33,"turns":8}],"seed_played":"-7639788948596884422","potions_obtained":[{"floor":1,"key":"AttackPotion"},{"floor":7,"key":"Explosive Potion"},{"floor":10,"key":"Regen Potion"},{"floor":12,"key":"LiquidMemories"},{"floor":20,"key":"PowerPotion"},{"floor":23,"key":"BloodPotion"},{"floor":25,"key":"Dexterity Potion"}],"is_trial":false,"path_per_floor":["M","?","$","?","?","E","M","?","T","E","M","M","R","M","R","B",null,"M","?","M","?","$","E","R","E","T","E","?","M","T","M","R","B"],"character_chosen":"IRONCLAD","items_purchased":["Deep Breath","Sundial","ColorlessPotion"],"campfire_rested":2,"item_purchase_floors":[22,22,22],"current_hp_per_floor":[74,79,79,79,72,78,80,80,80,32,32,29,29,17,17,9,62,57,34,33,33,33,10,35,33,33,23,23,13,13,13,38,0,0],"gold":152,"neow_bonus":"THREE_ENEMY_KILL","is_daily":false,"chose_seed":false,"campfire_upgraded":2,"win_rate":0.0,"timestamp":1609169395,"path_taken":["M","?","$","?","?","E","?","?","T","E","M","M","R","M","R","BOSS","M","?","M","?","$","E","R","E","T","E","?","?","?","M","R","BOSS"],"items_purchased_type":["Card","Relic","Potion"],"build_version":"2020-12-22","purchased_purges":1,"victory":false,"max_hp_per_floor":[75,80,80,80,80,80,80,80,80,80,80,80,80,80,80,80,80,80,85,85,85,85,85,85,85,85,85,85,85,85,85,85,85,85],"relic_stats":{"Nunchaku":[1],"counters":[16,71],"Sundial":[10],"Blue Candle":[1],"Astrolabe":["Sentinel","Thunderclap","Evolve"],"MealTicket":0,"Art of War":[26],"Letter Opener":[351],"Whetstone":["Reckless Charge","Bash"],"obtain_stats":[{"Nunchaku":25,"NeowsBlessing":0,"Sundial":22,"Blue Candle":10,"Astrolabe":17,"MealTicket":23,"Art of War":6,"Letter Opener":9,"Whetstone":26,"Toxic Egg 2":30,"Ancient Tea Set":27,"Burning Blood":0},{"Nunchaku":12,"NeowsBlessing":0,"Sundial":10,"Blue Candle":4,"Astrolabe":8,"MealTicket":11,"Art of War":2,"Letter Opener":3,"Whetstone":12,"Toxic Egg 2":14,"Ancient Tea Set":13,"Burning Blood":0},{"Nunchaku":52,"NeowsBlessing":0,"Sundial":43,"Blue Candle":8,"Astrolabe":34,"MealTicket":46,"Art of War":2,"Letter Opener":3,"Whetstone":52,"Toxic Egg 2":60,"Ancient Tea Set":55,"Burning Blood":0}],"Burning Blood":86},"card_choices":[{"not_picked":["Flame Barrier","Rupture"],"picked":"Fire Breathing","floor":1},{"not_picked":["Iron Wave","Armaments"],"picked":"Entrench","floor":6},{"not_picked":["Whirlwind","Thunderclap"],"picked":"Disarm","floor":7},{"not_picked":["Corruption","True Grit"],"picked":"Battle Trance","floor":10},{"not_picked":["Infernal Blade","Pommel Strike"],"picked":"Shockwave","floor":11},{"not_picked":["Cleave","Disarm"],"picked":"Armaments","floor":12},{"not_picked":["Wild Strike","Iron Wave","Warcry"],"picked":"SKIP","floor":14},{"not_picked":["Juggernaut","Reaper"],"picked":"Offering","floor":16},{"not_picked":["Twin Strike","Cleave","Shockwave"],"picked":"SKIP","floor":18},{"not_picked":["Twin Strike","True Grit"],"picked":"Body Slam","floor":20},{"not_picked":["Seeing Red","Hemokinesis"],"picked":"Reckless Charge","floor":23},{"not_picked":["Body Slam","Perfected Strike"],"picked":"Fiend Fire","floor":25},{"not_picked":["Anger+1","Body Slam","Armaments"],"picked":"SKIP","floor":27},{"not_picked":["Flex","Perfected Strike"],"picked":"Dark Embrace+1","floor":29},{"not_picked":["Combust","Heavy Blade","Spot Weakness+1"],"picked":"SKIP","floor":31}],"player_experience":3293582,"relics_obtained":[{"floor":6,"key":"Art of War"},{"floor":9,"key":"Letter Opener"},{"floor":10,"key":"Blue Candle"},{"floor":23,"key":"MealTicket"},{"floor":25,"key":"Nunchaku"},{"floor":26,"key":"Whetstone"},{"floor":27,"key":"Ancient Tea Set"},{"floor":30,"key":"Toxic Egg 2"}],"event_choices":[{"damage_healed":0,"gold_gain":0,"player_choice":"Donut","damage_taken":0,"max_hp_gain":5,"max_hp_loss":0,"event_name":"Big Fish","floor":2,"gold_loss":0},{"damage_healed":0,"gold_gain":0,"player_choice":"Grow","damage_taken":0,"max_hp_gain":0,"max_hp_loss":0,"event_name":"Living Wall","floor":4,"gold_loss":0,"cards_upgraded":["Fire Breathing"]},{"cards_removed":["Strike_R"],"damage_healed":0,"gold_gain":0,"player_choice":"Card Removal","damage_taken":7,"max_hp_gain":0,"max_hp_loss":0,"event_name":"Golden Wing","floor":5,"gold_loss":0},{"damage_healed":0,"gold_gain":150,"player_choice":"AGREE","damage_taken":0,"max_hp_gain":0,"max_hp_loss":0,"event_name":"Liars Game","floor":8,"gold_loss":0,"cards_obtained":["Doubt"]},{"damage_healed":0,"gold_gain":0,"player_choice":"Shed Blood","damage_taken":28,"max_hp_gain":5,"max_hp_loss":0,"event_name":"Forgotten Altar","floor":19,"gold_loss":0},{"damage_healed":0,"gold_gain":0,"player_choice":"Ignored","damage_taken":0,"max_hp_gain":0,"max_hp_loss":0,"event_name":"Cursed Tome","floor":21,"gold_loss":0},{"damage_healed":0,"gold_gain":0,"player_choice":"Upgraded","damage_taken":0,"max_hp_gain":0,"max_hp_loss":0,"event_name":"Upgrade Shrine","floor":28,"gold_loss":0,"cards_upgraded":["Deep Breath"]}],"is_beta":false,"boss_relics":[{"not_picked":["Busted Crown","Runic Cube"],"picked":"Astrolabe"}],"items_purged_floors":[3],"is_endless":false,"potions_floor_spawned":[1,7,10,12,20,23,25],"killed_by":"Automaton","ascension_level":20}}