{"host":"df9o10zwd5ba1nc2","time":1609176766,"event":{"mods":["AchievementEnabler","Aspiration","Bard","BaseMod","Beaked The Cultist","Better Altar","Better Match","Better Note","Better Sensory Stone","Better Skull","Better Third Choice","BetterRewards","CCEM","Clawfect","Colored Map","Conspire","Downfall","GifTheSpireLib","Halation","Hermit","Highlight Path","Hubris","Hunter ??","Infinite Spire","Jedi Mod","Jorbs\u0027s Wanderer Trilogy","Mad Scientist","Minty Spire (QoL Compilation)","Permanent Neow","Replay The Spire","Shade Mod","Shop Mod","Spicy Shops","StSLib","Stuff the Spire","The Administrix","The Animator","The Blackbeard","The Bug Knight","The Construct","The Cursed","The Disciple","The Gatherer","The Hierophant","The IronCluck","The Mystic","The Necromancer","The Problem Sleuth","The Runesmith","The Servant 0.9.4","The Spell Scribe","The Witch","Unceasing Turn Reminder","UnlockEverythingMod","slay the spire mod where everything is the same but ironclad has a cowboy hat"],"gold_per_floor":[119,119,134,145,163,189,7,22,22,22,22,22],"floor_reached":11,"playtime":1205,"items_purged":[],"score":75,"play_id":"0bbd9cb3-41da-48c4-bec3-b6cda740f2a2","local_time":"20201228123246","is_ascension_mode":false,"campfire_choices":[],"circlet_count":0,"master_deck":["hermit:Strike_Hermit","hermit:Strike_Hermit","hermit:Strike_Hermit","hermit:Strike_Hermit","hermit:Defend_Hermit","hermit:Defend_Hermit","hermit:Defend_Hermit","hermit:Defend_Hermit","hermit:Snapshot","hermit:HighCaliber","hermit:Malice","hermit:GhostlyPresence","hermit:Feint","hermit:EyeOfTheStorm","hermit:Manifest+1","hermit:TakeAim","hermit:TakeCover"],"relics":["hermit:Momento","aspiration:Nostalgia","animator:LivingPicture","Blood Vial","Medical Kit","infinitespire:Magic Flask","conspire:TreasureMap"],"acts_visited":["Exordium"],"potions_floor_usage":[6,11,11,11],"damage_taken":[{"damage":3,"enemies":"Small Slimes","floor":1,"turns":4},{"damage":1,"enemies":"Cultist","floor":3,"turns":3},{"damage":3,"enemies":"infinitespire:Voidling","floor":4,"turns":3},{"damage":3,"enemies":"Blue Slaver","floor":5,"turns":4},{"damage":26,"enemies":"Replay:BlueRogue","floor":6,"turns":8},{"damage":0,"enemies":"Looter","floor":8,"turns":4},{"damage":39,"enemies":"Lagavulin","floor":11,"turns":9}],"seed_played":"-5440897368962775867","potions_obtained":[{"floor":1,"key":"hermit:Tonic"},{"floor":4,"key":"Block Potion"},{"floor":5,"key":"Adrenaline Potion"},{"floor":8,"key":"Adrenaline Potion"}],"is_trial":false,"path_per_floor":["M","?","M","M","M","E","$","M","T","$","E"],"character_chosen":"HERMIT","items_purchased":["Medical Kit","hermit:Manifest+1","hermit:TakeAim","conspire:TreasureMap"],"campfire_rested":0,"item_purchase_floors":[7,7,7,10],"current_hp_per_floor":[72,72,71,68,65,39,39,41,41,31,0,0],"gold":22,"neow_bonus":"NOSTALGIA","is_daily":false,"chose_seed":false,"campfire_upgraded":0,"win_rate":0.0,"timestamp":1609176766,"path_taken":["M","?","M","?","M","E","$","?","T","?","E"],"items_purchased_type":["Relic","Card","Card","Relic"],"build_version":"2020-12-22","purchased_purges":0,"victory":false,"max_hp_per_floor":[75,75,75,75,75,75,75,75,75,75,75,75],"card_choices":[{"not_picked":["hermit:SprayPray","hermit:CalledShot"],"picked":"hermit:HighCaliber","floor":1},{"not_picked":["hermit:CalledShot","hermit:Midnight"],"picked":"hermit:Malice","floor":3},{"not_picked":["hermit:GoldenBullet","hermit:Misfire"],"picked":"hermit:GhostlyPresence","floor":4},{"not_picked":["hermit:Ricochet","hermit:TrackingShot"],"picked":"hermit:Feint","floor":5},{"not_picked":["hermit:Roughhouse","hermit:Midnight"],"picked":"hermit:EyeOfTheStorm","floor":6},{"not_picked":["hermit:HighCaliber","hermit:SprayPray"],"picked":"hermit:TakeCover","floor":8}],"player_experience":64786,"relics_obtained":[{"floor":6,"key":"Blood Vial"},{"floor":9,"key":"infinitespire:Magic Flask"}],"event_choices":[{"cards_removed":["hermit:Covet"],"damage_healed":0,"gold_gain":0,"player_choice":"Purged","damage_taken":0,"max_hp_gain":0,"max_hp_loss":0,"event_name":"Purifier","floor":2,"gold_loss":0}],"is_beta":false,"boss_relics":[],"items_purged_floors":[],"is_endless":false,"potions_floor_spawned":[1,4,5,8],"killed_by":"Lagavulin","ascension_level":0}}