{"host":"9ylwqx3xq4e4v98b","time":1609141967,"event":{"mods":["AchievementEnabler","BaseMod","Colored Map","DeckTracker","Minty Spire (QoL Compilation)","Permanent Neow","StSLib","SuperFastMode","Td1madao Mod","The Animator"],"gold_per_floor":[115,125,143,143,93,93,109,130,130,161,86,86,96,110,110,110,110],"floor_reached":16,"playtime":625,"items_purged":["Strike_P"],"score":102,"play_id":"6bfa051a-ed47-404d-bda3-17e92afcb014","local_time":"20201227235247","is_ascension_mode":false,"campfire_choices":[{"data":"FlurryOfBlows","floor":6,"key":"SMITH"},{"data":"FlurryOfBlows","floor":12,"key":"SMITH"},{"data":"Consecrate","floor":15,"key":"SMITH"}],"circlet_count":0,"master_deck":["Strike_P","Strike_P","Defend_P","Defend_P","Defend_P","Eruption+1","Vigilance","BowlingBash","FlurryOfBlows+1","FlurryOfBlows+1","InnerPeace","Consecrate+1"],"relics":["PureWater"],"acts_visited":["Exordium"],"potions_floor_usage":[8,13,16,16],"damage_taken":[{"damage":0,"enemies":"2 Louse","floor":1,"turns":3},{"damage":0,"enemies":"Small Slimes","floor":2,"turns":3},{"damage":0,"enemies":"Jaw Worm","floor":3,"turns":3},{"damage":8,"enemies":"Exordium Thugs","floor":7,"turns":3},{"damage":6,"enemies":"The Mushroom Lair","floor":8,"turns":4},{"damage":19,"enemies":"3 Sentries","floor":10,"turns":6},{"damage":5,"enemies":"Exordium Wildlife","floor":13,"turns":3},{"damage":0,"enemies":"Gremlin Gang","floor":14,"turns":2},{"damage":37,"enemies":"Hexaghost","floor":16,"turns":11}],"seed_played":"-5333015040665263747","potions_obtained":[{"floor":2,"key":"SpeedPotion"},{"floor":10,"key":"Swift Potion"},{"floor":13,"key":"SteroidPotion"},{"floor":14,"key":"Block Potion"}],"is_trial":false,"path_per_floor":["M","M","M","?","?","R","M","?","T","E","$","R","M","M","R","B"],"character_chosen":"WATCHER","items_purchased":[],"campfire_rested":0,"item_purchase_floors":[],"current_hp_per_floor":[72,72,72,72,72,72,64,58,58,39,39,39,34,34,34,0,0],"gold":110,"neow_bonus":"UPGRADE_CARD","is_daily":false,"chose_seed":false,"campfire_upgraded":3,"win_rate":0.0,"timestamp":1609141967,"path_taken":["M","M","M","?","?","R","M","?","T","E","?","R","M","M","R","BOSS"],"items_purchased_type":[],"build_version":"2020-12-22","purchased_purges":1,"victory":false,"max_hp_per_floor":[72,72,72,72,72,72,72,72,72,72,72,72,72,72,72,72,72],"card_choices":[{"not_picked":["Adaptation","Halt"],"picked":"BowlingBash","floor":1},{"not_picked":["ClearTheMind","BowlingBash"],"picked":"FlurryOfBlows","floor":2},{"not_picked":["WreathOfFlame","EmptyMind"],"picked":"FlurryOfBlows","floor":3},{"not_picked":["JustLucky","ThirdEye"],"picked":"InnerPeace","floor":7},{"not_picked":["Vengeance","CrushJoints"],"picked":"Consecrate","floor":10},{"not_picked":["ReachHeaven","SashWhip","ClearTheMind"],"picked":"SKIP","floor":13},{"not_picked":["WaveOfTheHand","Worship","BattleHymn"],"picked":"SKIP","floor":14}],"player_experience":181624,"relics_obtained":[],"event_choices":[{"cards_removed":["Strike_P"],"damage_healed":0,"gold_gain":0,"player_choice":"Forget","damage_taken":0,"max_hp_gain":0,"max_hp_loss":0,"event_name":"Living Wall","floor":4,"gold_loss":0},{"cards_removed":["Defend_P"],"damage_healed":0,"gold_gain":0,"player_choice":"Card Removal","damage_taken":0,"max_hp_gain":0,"max_hp_loss":0,"event_name":"The Cleric","floor":5,"gold_loss":50},{"damage_healed":0,"gold_gain":0,"player_choice":"Fought Mushrooms","damage_taken":0,"max_hp_gain":0,"max_hp_loss":0,"event_name":"Mushrooms","floor":8,"gold_loss":0}],"is_beta":false,"boss_relics":[],"items_purged_floors":[11],"is_endless":false,"potions_floor_spawned":[2,10,13,14],"killed_by":"Hexaghost","ascension_level":0}}