{"host":"ordk2y2ebcetabk6","time":1609199678,"event":{"mods":["BaseMod","Colored Map","Colored Powertips","Downfall","Highlight Path","Minty Spire (QoL Compilation)","Rare Cards Sparkle","StSLib"],"gold_per_floor":[99,134,134,134,148,168,168,4,33,33,33,49,49,63,73,169,169,169,169,169,169,189,221,274,274,314,314],"floor_reached":26,"playtime":1224,"items_purged":[],"score":257,"play_id":"d1c9e975-c868-48f6-9896-4fc26f762bf2","local_time":"20201228165438","is_ascension_mode":false,"campfire_choices":[{"data":"bronze:Replicate","floor":1,"key":"SMITH"},{"data":"bronze:Terminator","floor":3,"key":"SMITH"},{"data":"bronze:Strike","floor":10,"key":"PURGE"},{"data":"bronze:Strike","floor":18,"key":"PURGE"},{"data":"bronze:Mutator","floor":21,"key":"SMITH"}],"circlet_count":0,"master_deck":["bronze:Strike+1","bronze:Defend","bronze:Defend","bronze:Defend","bronze:Defend","bronze:Replicate+1","bronze:Goto","bronze:Terminator+1","bronze:RecursiveStrike","bronze:OilSpill+1","bronze:Invalidate","bronze:Mutator+1","bronze:InfiniteBeams","bronze:Return","bronze:ClassDefault","bronze:Branch","bronze:InfiniteLoop","bronze:Flail"],"relics":["bronze:BronzeCore","Peace Pipe","Pen Nib","Whetstone","Oddly Smooth Stone","Coffee Dripper","Anchor","bronze:SilverBullet","downfall:KnowingSkull"],"acts_visited":["Exordium","TheCity"],"potions_floor_usage":[15,16,16,26],"damage_taken":[{"damage":36,"enemies":"Lagavulin","floor":2,"turns":7},{"damage":4,"enemies":"Small Slimes","floor":5,"turns":3},{"damage":9,"enemies":"2 Louse","floor":6,"turns":2},{"damage":0,"enemies":"downfall:FleeingMerchant","floor":8,"turns":4},{"damage":0,"enemies":"Gremlin Nob","floor":9,"turns":2},{"damage":0,"enemies":"Jaw Worm","floor":12,"turns":1},{"damage":0,"enemies":"3 Louse","floor":14,"turns":2},{"damage":13,"enemies":"Gremlin Gang","floor":15,"turns":4},{"damage":22,"enemies":"downfall:Silent","floor":16,"turns":4},{"damage":1,"enemies":"Chosen","floor":22,"turns":3},{"damage":59,"enemies":"Gremlin Leader","floor":23,"turns":3},{"damage":11,"enemies":"downfall:FleeingMerchant","floor":26,"turns":2}],"seed_played":"2288563551313413844","potions_obtained":[{"floor":6,"key":"Strength Potion"},{"floor":9,"key":"bronze:BurnAndBuffPotion"},{"floor":12,"key":"EssenceOfSteel"},{"floor":16,"key":"bronze:CleanCodePotion"}],"is_trial":false,"path_per_floor":["R","E","R","?","M","M","T","$","E","R","?","M","?","M","M","B",null,"R","?","?","R","M","E","T","?","$"],"character_chosen":"THE_AUTOMATON","items_purchased":["Whetstone"],"campfire_rested":0,"item_purchase_floors":[8],"current_hp_per_floor":[77,41,41,41,37,28,28,28,28,28,53,53,53,53,40,18,77,77,77,77,77,76,17,17,10,0,0],"gold":314,"neow_bonus":"TEN_PERCENT_HP_BONUS","is_daily":false,"chose_seed":false,"campfire_upgraded":3,"win_rate":0.0,"timestamp":1609199678,"path_taken":["R","E","R","?","M","M","T","$","E","R","?","M","?","?","M","BOSS","R","?","?","R","M","E","T","?","$"],"items_purchased_type":["Relic"],"build_version":"2020-12-22","purchased_purges":0,"victory":false,"max_hp_per_floor":[77,77,77,77,77,77,77,77,77,77,77,77,77,77,77,77,77,77,77,77,77,77,77,77,77,77,77],"card_choices":[{"not_picked":["bronze:Repair","bronze:FineTuning"],"picked":"bronze:Terminator","floor":2},{"not_picked":["bronze:ClassDefault","bronze:Overheat"],"picked":"bronze:OilSpill","floor":5},{"not_picked":["bronze:Terminator","bronze:CutThrough"],"picked":"bronze:Invalidate","floor":6},{"not_picked":["bronze:WhirlingStrike","bronze:Invalidate"],"picked":"bronze:Mutator","floor":8},{"not_picked":["bronze:DelayedSlice","bronze:ChildClass"],"picked":"bronze:InfiniteBeams","floor":9},{"not_picked":["bronze:Constructor","bronze:DelayedGuard"],"picked":"bronze:Return","floor":12},{"not_picked":["bronze:Shell","bronze:ChosenStrike"],"picked":"bronze:ClassDefault","floor":14},{"not_picked":["bronze:ChosenStrike","bronze:BronzeArmor"],"picked":"bronze:Branch","floor":15},{"not_picked":["bronze:CleanCode","bronze:Hardcode"],"picked":"bronze:InfiniteLoop","floor":16},{"not_picked":["bronze:Iterate","bronze:BitShift+1"],"picked":"bronze:Flail","floor":22},{"not_picked":["bronze:ItsAFeature","bronze:DelayedSlice","bronze:Safeguard+1"],"picked":"SKIP","floor":23}],"player_experience":982879,"relics_obtained":[{"floor":2,"key":"Peace Pipe"},{"floor":7,"key":"Pen Nib"},{"floor":9,"key":"Oddly Smooth Stone"},{"floor":23,"key":"Anchor"},{"floor":24,"key":"bronze:SilverBullet"}],"event_choices":[{"damage_healed":25,"gold_gain":0,"player_choice":"Banana","damage_taken":0,"max_hp_gain":0,"max_hp_loss":0,"event_name":"Big Fish","floor":11,"gold_loss":0}],"is_beta":false,"boss_relics":[{"not_picked":["SacredBark","Pandora\u0027s Box"],"picked":"Coffee Dripper"}],"items_purged_floors":[],"is_endless":false,"potions_floor_spawned":[6,9,12,16],"killed_by":"downfall:FleeingMerchant","ascension_level":0}}