{"host":"i0m9g0siyue4991n","time":1609177211,"event":{"mods":["ATMod(阿瑾Mod)","Act Like it!","BaseMod","BetterRewards","CapriCore","Challenge The Spire","Custom Start","Decade(王小明)","Friendly Minions","Gensokyo","Minty Spire (QoL Compilation)","Quick Restart","Reimu（博丽灵梦）","RumiaBox-露米娅的神秘盒子","StSLib","The Animator","The Bug Knight","The Immortal","The Servant 0.9.4","TheWitcher"],"gold_per_floor":[110,127,127,127,127,153,153,5,5,36,36,62,74,74,74,295,295,315,330,255,255,255,286,286,297,297,315,340,440,471,489,489,563,563,579,592,607,395,335,361,372,372,418,451,470,470,490,521,534,534,534,534,42,71,71],"floor_reached":56,"playtime":3568,"items_purged":["Strike_Lin:ReiMu","Defend_Lin:ReiMu","OctopathSalyBorderN:ReiMu"],"score":2213,"play_id":"7f8406b6-6d59-4f48-b901-180f062c3a8c","local_time":"20201229014011","is_ascension_mode":true,"campfire_choices":[{"data":"NB:ReiMu","floor":7,"key":"SMITH"},{"data":"Conquer:ReiMu","floor":11,"key":"SMITH"},{"data":"ManaGlint:ReiMu","floor":15,"key":"SMITH"},{"data":"CleanRite:ReiMu","floor":24,"key":"SMITH"},{"data":"LovePray:ReiMu","floor":32,"key":"SMITH"},{"floor":42,"key":"RECALL"},{"data":"FantasyMoon:ReiMu","floor":52,"key":"SMITH"}],"circlet_count":0,"master_deck":["AscendersBane","Strike_Lin:ReiMu","Strike_Lin:ReiMu","Defend_Lin:ReiMu","Defend_Lin:ReiMu","Defend_Lin:ReiMu","NB:ReiMu+1","Stagnation:ReiMu","AT_FamilyPortrait+1","Conquer:ReiMu+1","RainPray2:ReiMu","DoubleButterfly:ReiMu","ManaGlint:ReiMu+1","CleanRite:ReiMu+1","LovePray:ReiMu+1","Gensokyo:ShootingStar","KyokaiOfKami:ReiMu","FantasyMoon:ReiMu+1","FantasyBorder:ReiMu+1","FineLineFantasy:ReiMu+1","Gensokyo:CustomPotion","FineLineFantasy:ReiMu+1","CleanRite:ReiMu","MikOfLucky:ReiMu","SpreadBorder2:ReiMu+1","RainPray2:ReiMu","KamiRite:ReiMu","WonderfulDomain:ReiMu","AT_FamilyPortrait+1"],"relics":["FlyPower:ReiMu","AT_ATBox","Gensokyo:OccultBall","Anchor","Matryoshka","Boot","Bottled Flame","SoulBox","Du-Vu Doll","Gensokyo:RedStar","AT_ChloranthyRing","MealTicket","Mercury Hourglass","Prayer Wheel","CaptainsWheel","ChaoDraw","HollowMod:StagPassRelic","DonationBox:ReiMu","Question Card","Happy Flower","AT_ArchangelStaff","AT_ImmortalShieldbow","Oddly Smooth Stone","FadedRune:ReiMu"],"acts_visited":["Exordium","Gensokyo:Gensokyo","Gensokyo:Gensokyoer","TheEnding"],"potions_floor_usage":[10,23,25,37,48,55,55],"damage_taken":[{"damage":0,"enemies":"Gensokyo:Python","floor":1,"turns":2},{"damage":4,"enemies":"Gensokyo:2_Kodama","floor":2,"turns":3},{"damage":23,"enemies":"Gensokyo:Cirno","floor":6,"turns":5},{"damage":5,"enemies":"Gensokyo:Mamizou","floor":10,"turns":8},{"damage":0,"enemies":"Gensokyo:Gryphon","floor":13,"turns":4},{"damage":24,"enemies":"Gensokyo:Kokoro","floor":16,"turns":14},{"damage":1,"enemies":"Gensokyo:CosmicMonolith","floor":18,"turns":5},{"damage":0,"enemies":"Gensokyo:Chomper","floor":19,"turns":5},{"damage":16,"enemies":"Gensokyo:Koishi","floor":23,"turns":7},{"damage":1,"enemies":"Gensokyo:Swordslinger","floor":25,"turns":5},{"damage":1,"enemies":"Gensokyo:Chomper_and_Gloop","floor":27,"turns":4},{"damage":0,"enemies":"Gensokyo:Tenshi","floor":28,"turns":4},{"damage":0,"enemies":"Gensokyo:Tenshi","floor":29,"turns":7},{"damage":0,"enemies":"Gensokyo:Reisen","floor":30,"turns":5},{"damage":0,"enemies":"Gensokyo:Monolith_and_Dog","floor":31,"turns":1},{"damage":11,"enemies":"Gensokyo:Eternal_Rivals","floor":33,"turns":11},{"damage":0,"enemies":"Gensokyo:3_Bats","floor":35,"turns":2},{"damage":0,"enemies":"Gensokyo:3_Boulders","floor":36,"turns":4},{"damage":2,"enemies":"Gensokyo:Rafflesia","floor":37,"turns":6},{"damage":0,"enemies":"Gensokyo:Marisa","floor":40,"turns":7},{"damage":0,"enemies":"Gensokyo:SeedOfUnknown","floor":41,"turns":4},{"damage":11,"enemies":"Gensokyo:Doremy","floor":44,"turns":8},{"damage":0,"enemies":"Gensokyo:Sharpion","floor":45,"turns":5},{"damage":0,"enemies":"Gensokyo:Dusk_and_Dawn","floor":47,"turns":4},{"damage":0,"enemies":"Gensokyo:Marisa","floor":48,"turns":6},{"damage":20,"enemies":"Gensokyo:Marisa","floor":49,"turns":5},{"damage":6,"enemies":"Gensokyo:Shinki","floor":50,"turns":6},{"damage":0,"enemies":"Shield and Spear","floor":54,"turns":5},{"damage":37,"enemies":"The Heart","floor":55,"turns":11}],"seed_played":"-337386183832840680","potions_obtained":[{"floor":6,"key":"PinkPotion:ReiMu"},{"floor":13,"key":"Block Potion"},{"floor":18,"key":"DistilledChaos"},{"floor":25,"key":"Block Potion"},{"floor":29,"key":"GrandPatriotsElixir:ReiMu"},{"floor":48,"key":"GrandPatriotsElixir:ReiMu"}],"is_trial":false,"path_per_floor":["M","M","?","?","?","E","R","COS","T","E","R","T","M","?","R","B",null,"M","M","$","?","?","E","R","M","T","M","E","?","E","M","R","B",null,"M","M","M","$","?","E","M","R","T","E","M","?","M","E","R","B",null,"R","$","E","B",null],"character_chosen":"REIMU","items_purchased":["FantasyBorder:ReiMu","FineLineFantasy:ReiMu","Oddly Smooth Stone","AT_FamilyPortrait","Block Potion"],"campfire_rested":0,"item_purchase_floors":[38,38,53,53,53],"current_hp_per_floor":[54,50,56,56,56,33,33,33,33,28,28,28,28,28,28,4,51,50,50,50,50,50,34,34,33,33,32,32,36,36,36,36,55,63,63,63,61,66,66,66,66,66,66,55,55,55,55,55,35,29,57,57,66,66,29],"gold":71,"neow_bonus":"ONE_RANDOM_RARE_CARD","is_daily":false,"chose_seed":false,"campfire_upgraded":6,"win_rate":0.0,"timestamp":1609177211,"path_taken":["M","?","?","?","?","E","R","COS","T","E","R","?","M","?","R","BOSS","M","?","$","?","?","E","R","M","T","M","E","?","E","M","R","BOSS","M","M","M","$","?","E","?","R","T","E","?","?","M","E","R","BOSS","R","$","E","BOSS"],"items_purchased_type":["Card","Card","Relic","Card","Potion"],"build_version":"2020-12-22","purchased_purges":3,"victory":true,"max_hp_per_floor":[60,60,66,66,66,66,66,66,66,66,66,66,66,66,66,66,66,66,66,66,66,66,66,66,66,66,66,66,66,66,66,66,66,66,66,66,66,66,66,66,66,66,66,66,66,66,66,66,66,66,66,66,66,66,66],"card_choices":[{"not_picked":["SafetyPray:ReiMu","AirStrike:ReiMu"],"picked":"Conquer:ReiMu","floor":1},{"not_picked":["TightArray:ReiMu","FantasyMoon:ReiMu"],"picked":"RainPray2:ReiMu","floor":2},{"not_picked":["Intuition:ReiMu","UpKicking:ReiMu","Amulet:ReiMu"],"picked":"SKIP","floor":6},{"not_picked":["UpKicking:ReiMu","SubcavityInstant:ReiMu","AlertArray:ReiMu"],"picked":"SKIP","floor":10},{"not_picked":["Revelation:ReiMu","MountainWay:ReiMu"],"picked":"DoubleButterfly:ReiMu","floor":13},{"not_picked":["InherentArray:ReiMu","PrepareRite:ReiMu"],"picked":"ManaGlint:ReiMu","floor":14},{"not_picked":["OctopathSalyBorderN:ReiMu","BlastKick2:ReiMu"],"picked":"CleanRite:ReiMu","floor":16},{"not_picked":["SafetyPray:ReiMu","SubAcupoint:ReiMu","Amulet:ReiMu"],"picked":"SKIP","floor":18},{"not_picked":["Intuition:ReiMu","WonderfulDomain:ReiMu"],"picked":"OctopathSalyBorderN:ReiMu","floor":19},{"not_picked":["SubcavityInstant:ReiMu","Enchanting:ReiMu","SpreadBorder2:ReiMu"],"picked":"SKIP","floor":23},{"not_picked":["KamiSacrifice:ReiMu","AirStrike:ReiMu","Conquer:ReiMu"],"picked":"SKIP","floor":25},{"not_picked":["Conquer:ReiMu+1","SpringWay:ReiMu","SubAcupoint:ReiMu+1"],"picked":"SKIP","floor":27},{"not_picked":["Determination:ReiMu","WonderfulDomain:ReiMu"],"picked":"LovePray:ReiMu","floor":28},{"not_picked":["AlertArray:ReiMu","AirStrike:ReiMu"],"picked":"Gathering:ReiMu+1","floor":29},{"not_picked":["SealNeedle:ReiMu","WonderfulDomain:ReiMu","Intuition:ReiMu"],"picked":"SKIP","floor":30},{"not_picked":["InherentArray:ReiMu","SpringWay:ReiMu","Dreaming2:ReiMu+1"],"picked":"SKIP","floor":31},{"not_picked":["Amulet:ReiMu","TightArray:ReiMu+1","Intuition:ReiMu"],"picked":"SKIP","floor":31},{"not_picked":[],"picked":"Gensokyo:ShootingStar","floor":33},{"not_picked":["Shading:ReiMu","OctopathSalyBorderN:ReiMu"],"picked":"KyokaiOfKami:ReiMu","floor":33},{"not_picked":["Conquer:ReiMu","Amulet:ReiMu","FoulBorder2:ReiMu"],"picked":"SKIP","floor":35},{"not_picked":["CareerPray:ReiMu+1","NineCharacters:ReiMu","YinYangSange:ReiMu"],"picked":"SKIP","floor":35},{"not_picked":["AlertArray:ReiMu","RainPray2:ReiMu"],"picked":"FantasyMoon:ReiMu","floor":36},{"not_picked":["EmergencyTakeOff:ReiMu","AirStrike:ReiMu","PayForSelf:ReiMu"],"picked":"SKIP","floor":36},{"not_picked":["AlertArray:ReiMu+1","SealNeedle:ReiMu","SubcavityInstant:ReiMu"],"picked":"SKIP","floor":37},{"not_picked":["FoulBorder2:ReiMu","SubcavityInstant:ReiMu","Meditation:ReiMu+1"],"picked":"SKIP","floor":37},{"not_picked":["Amulet:ReiMu","WonderfulDomain:ReiMu+1"],"picked":"FineLineFantasy:ReiMu+1","floor":40},{"not_picked":["OctopathBindingBorder2:ReiMu+1","ForcedLanding:ReiMu+1","Enchanting:ReiMu"],"picked":"CleanRite:ReiMu","floor":41},{"not_picked":["FantasyBorder:ReiMu","SafetyPray:ReiMu+1","SpringWay:ReiMu","TightArray:ReiMu"],"picked":"SKIP","floor":41},{"not_picked":["CollectionFlower2:ReiMu","Conquer:ReiMu","TightArray:ReiMu","SpringWay:ReiMu+1"],"picked":"SKIP","floor":44},{"not_picked":["CareerPray:ReiMu","Conquer:ReiMu","Amulet:ReiMu"],"picked":"MikOfLucky:ReiMu","floor":45},{"not_picked":["LovePray:ReiMu","YinYangSange:ReiMu+1","Amulet:ReiMu"],"picked":"SpreadBorder2:ReiMu+1","floor":45},{"not_picked":["TightArray:ReiMu","CareerPray:ReiMu","OctopathBindingBorder2:ReiMu"],"picked":"RainPray2:ReiMu","floor":47},{"not_picked":["Revelation:ReiMu","Mountainwind:ReiMu+1","WonderfulDomain:ReiMu"],"picked":"KamiRite:ReiMu","floor":47},{"not_picked":["OrbThrow:ReiMu","YinYangSign:ReiMu","KyokaiOfKami:ReiMu"],"picked":"WonderfulDomain:ReiMu","floor":48},{"not_picked":["Intuition:ReiMu+1","Mountainwind:ReiMu","LearningPray:ReiMu","SealNeedle:ReiMu+1"],"picked":"SKIP","floor":49},{"not_picked":["SubcavityInstant:ReiMu+1","BarrageOfMoneybags:ReiMu","OrbThrow:ReiMu","SafetyPray:ReiMu+1"],"picked":"SKIP","floor":49},{"not_picked":["Intuition:ReiMu+1","Mountainwind:ReiMu","LearningPray:ReiMu","SealNeedle:ReiMu+1"],"picked":"SKIP","floor":49},{"not_picked":["SubcavityInstant:ReiMu+1","BarrageOfMoneybags:ReiMu","OrbThrow:ReiMu","SafetyPray:ReiMu+1"],"picked":"SKIP","floor":49},{"not_picked":["OrbThrow:ReiMu","Conquer:ReiMu+1","CareerPray:ReiMu+1","ManaGlint:ReiMu+1"],"picked":"SKIP","floor":54}],"player_experience":671893,"relics_obtained":[{"floor":6,"key":"Anchor"},{"floor":10,"key":"Gensokyo:OccultBall"},{"floor":10,"key":"Matryoshka"},{"floor":12,"key":"Boot"},{"floor":12,"key":"Bottled Flame"},{"floor":16,"key":"Gensokyo:OccultBall"},{"floor":23,"key":"AT_ChloranthyRing"},{"floor":26,"key":"MealTicket"},{"floor":26,"key":"Mercury Hourglass"},{"floor":28,"key":"Prayer Wheel"},{"floor":29,"key":"CaptainsWheel"},{"floor":29,"key":"ChaoDraw"},{"floor":30,"key":"HollowMod:StagPassRelic"},{"floor":33,"key":"Gensokyo:OccultBall"},{"floor":35,"key":"Gensokyo:OccultBall"},{"floor":37,"key":"Gensokyo:OccultBall"},{"floor":40,"key":"Question Card"},{"floor":43,"key":"Happy Flower"},{"floor":44,"key":"Gensokyo:OccultBall"},{"floor":44,"key":"AT_ArchangelStaff"},{"floor":48,"key":"AT_ImmortalShieldbow"},{"floor":49,"key":"Gensokyo:OccultBall"},{"floor":54,"key":"FadedRune:ReiMu"}],"event_choices":[],"is_beta":false,"boss_relics":[{"not_picked":["Runic Pyramid","Tiny House"],"picked":"SoulBox"},{"not_picked":["Philosopher\u0027s Stone","CrownOfHeavens:ReiMu"],"picked":"DonationBox:ReiMu"}],"items_purged_floors":[20,38,53],"is_endless":false,"potions_floor_spawned":[6,13,18,25,29,30,35,40,41,44,48,54],"ascension_level":15}}