{"host":"fxgsgr3e13htip8z","time":1609187158,"event":{"mods":["Aspiration","BaseMod","ChefMod","Dota2Spire","Ekko","Hubris","Hyrulean Relics","Minty Spire (QoL Compilation)","Relic Stats","Replay The Spire","Robot Space Explorer","StSLib","Trackpad","Wandering Minibosses","vexMod"],"gold_per_floor":[111,61,77,77,94,125,109,109,109,91,91,104,104,104,119,150,150,248,248,265,225,190,210,225,255,255,255],"floor_reached":26,"playtime":5644,"items_purged":[],"score":269,"play_id":"0018fd4e-b009-44fb-834a-e45e0f45076f","local_time":"20201228142558","is_ascension_mode":false,"campfire_choices":[{"data":"RobotSpaceExplorer:Discharger","floor":8,"key":"SMITH"},{"data":"RobotSpaceExplorer:MiniLasers","floor":17,"key":"SMITH"}],"circlet_count":0,"master_deck":["Adrenaline+1","RobotSpaceExplorer:Defend","RobotSpaceExplorer:Defend","RobotSpaceExplorer:Defend","RobotSpaceExplorer:Scan","RobotSpaceExplorer:MiniLasers+1","RobotSpaceExplorer:FreezingShield","RobotSpaceExplorer:Discharger+1","RobotSpaceExplorer:ShockKick","RobotSpaceExplorer:MetalStrike","RobotSpaceExplorer:SurgingStrike","RobotSpaceExplorer:SurgingStrike","RobotSpaceExplorer:Comet","RobotSpaceExplorer:MetalStrike+1","RobotSpaceExplorer:FreezeRay+1","RobotSpaceExplorer:Arsenal+1","RobotSpaceExplorer:ShockKick","RobotSpaceExplorer:ScrapToss+1","RobotSpaceExplorer:PowerGlove","RobotSpaceExplorer:ScrapShield+1"],"relics":["FaceOfCleric","Astrolabe","Art of War"],"acts_visited":["Exordium","TheCity"],"potions_floor_usage":[6,12,18,25,25,25],"damage_taken":[{"damage":0,"enemies":"Jaw Worm","floor":1,"turns":5},{"damage":0,"enemies":"2 Louse","floor":3,"turns":3},{"damage":0,"enemies":"Cultist","floor":5,"turns":4},{"damage":1,"enemies":"Lagavulin","floor":6,"turns":9},{"damage":3,"enemies":"3 Louse","floor":7,"turns":5},{"damage":6,"enemies":"Lots of Slimes","floor":10,"turns":7},{"damage":0,"enemies":"Looter","floor":12,"turns":3},{"damage":0,"enemies":"Large Slime","floor":15,"turns":3},{"damage":17,"enemies":"Gremlin Nob","floor":16,"turns":5},{"damage":19,"enemies":"Fading Forest","floor":18,"turns":11},{"damage":4,"enemies":"Shell Parasite","floor":20,"turns":5},{"damage":23,"enemies":"Spheric Guardian","floor":21,"turns":6},{"damage":29,"enemies":"Centurion and Healer","floor":22,"turns":5},{"damage":5,"enemies":"Chosen and Byrds","floor":23,"turns":5},{"damage":19,"enemies":"Shelled Parasite and Fungi","floor":24,"turns":5},{"damage":4,"enemies":"Book of Stabbing","floor":25,"turns":4},{"damage":0,"enemies":"Snake Plant","floor":26,"turns":1}],"seed_played":"7908118452628470224","potions_obtained":[{"floor":3,"key":"BlessingOfTheForge"},{"floor":6,"key":"Strength Potion"},{"floor":10,"key":"Fruit Juice"},{"floor":16,"key":"ColorlessPotion"},{"floor":18,"key":"Elixir"},{"floor":23,"key":"LiquidBronze"}],"is_trial":false,"path_per_floor":["M","?","M","?","M","E","M","R","T","M","?","M","PTL","PTL","M","E","R","B",null,"M","M","M","M","M","E","M"],"character_chosen":"RobotSpaceExplorer","items_purchased":[],"campfire_rested":0,"item_purchase_floors":[],"current_hp_per_floor":[75,75,75,75,75,74,71,71,71,65,65,71,71,71,72,56,56,38,84,81,59,31,27,9,6,6,6],"gold":255,"neow_bonus":"UPGRADE_CARD","is_daily":false,"chose_seed":false,"campfire_upgraded":2,"win_rate":0.0,"timestamp":1609187158,"path_taken":["M","?","M","?","M","E","M","R","T","?","?","M","PTL","PTL","M","E","R","BOSS","M","M","M","M","?","E","M"],"items_purchased_type":[],"build_version":"2020-12-22","purchased_purges":0,"victory":false,"max_hp_per_floor":[75,75,75,75,75,75,75,75,75,75,75,81,81,81,82,83,83,84,84,85,86,87,88,89,90,90,90],"relic_stats":{"FaceOfCleric":10,"counters":[17,86],"Astrolabe":["RobotSpaceExplorer:MetalStrike","RobotSpaceExplorer:FreezeRay","RobotSpaceExplorer:Arsenal"],"Art of War":[0],"obtain_stats":[{"FaceOfCleric":11,"Astrolabe":19,"RobotSpaceExplorer:RoboCore":0,"trackpad:Compendium":6,"Turnip":16,"Art of War":25,"Ancient Tea Set":9},{"FaceOfCleric":6,"Astrolabe":10,"RobotSpaceExplorer:RoboCore":0,"trackpad:Compendium":4,"Turnip":9,"Art of War":16,"Ancient Tea Set":5},{"FaceOfCleric":33,"Astrolabe":55,"RobotSpaceExplorer:RoboCore":0,"trackpad:Compendium":21,"Turnip":44,"Art of War":85,"Ancient Tea Set":26}]},"card_choices":[{"not_picked":["RobotSpaceExplorer:ShockKick","RobotSpaceExplorer:SurgingStrike"],"picked":"RobotSpaceExplorer:FreezingShield","floor":1},{"not_picked":["RobotSpaceExplorer:MiniDrones","RobotSpaceExplorer:ImprovisedAttack"],"picked":"RobotSpaceExplorer:Discharger","floor":3},{"not_picked":["RobotSpaceExplorer:MetalStrike","RobotSpaceExplorer:MakeshiftVolley"],"picked":"RobotSpaceExplorer:ShockKick","floor":5},{"not_picked":["RobotSpaceExplorer:JunkDive","RobotSpaceExplorer:SwiftStep"],"picked":"RobotSpaceExplorer:Wormhole","floor":6},{"not_picked":["RobotSpaceExplorer:ImprovisedAttack","RobotSpaceExplorer:ScrapMissile"],"picked":"RobotSpaceExplorer:MetalStrike","floor":7},{"not_picked":["RobotSpaceExplorer:GlueShot","RobotSpaceExplorer:StarLightning"],"picked":"RobotSpaceExplorer:SurgingStrike","floor":10},{"not_picked":["RobotSpaceExplorer:FranticSearch","RobotSpaceExplorer:Counterblock"],"picked":"RobotSpaceExplorer:SurgingStrike","floor":12},{"not_picked":["RobotSpaceExplorer:LuckyStrike","RobotSpaceExplorer:DoubleFind","RobotSpaceExplorer:ShovelStrike"],"picked":"SKIP","floor":15},{"not_picked":["RobotSpaceExplorer:MiniDrones","RobotSpaceExplorer:SurgingStrike","RobotSpaceExplorer:ShovelStrike"],"picked":"SKIP","floor":16},{"not_picked":["RobotSpaceExplorer:TrailblazerForm","RobotSpaceExplorer:Scanner"],"picked":"RobotSpaceExplorer:Comet","floor":18},{"not_picked":["RobotSpaceExplorer:ShovelStrike","RobotSpaceExplorer:ImprovisedAttack"],"picked":"RobotSpaceExplorer:ShockKick","floor":20},{"not_picked":["RobotSpaceExplorer:ScrapMissile","RobotSpaceExplorer:FrostMissile","RobotSpaceExplorer:StunGrenade"],"picked":"SKIP","floor":21},{"not_picked":["RobotSpaceExplorer:FranticSearch+1","RobotSpaceExplorer:StarLightning"],"picked":"RobotSpaceExplorer:ScrapToss+1","floor":22},{"not_picked":["RobotSpaceExplorer:Probe","RobotSpaceExplorer:Ammunition"],"picked":"RobotSpaceExplorer:PowerGlove","floor":23},{"not_picked":["RobotSpaceExplorer:Ammunition","RobotSpaceExplorer:FranticSearch"],"picked":"RobotSpaceExplorer:ScrapShield+1","floor":24},{"not_picked":["RobotSpaceExplorer:SwiftStep","RobotSpaceExplorer:Blitz","RobotSpaceExplorer:Ammunition"],"picked":"SKIP","floor":25}],"player_experience":1502828,"relics_obtained":[{"floor":6,"key":"trackpad:Compendium"},{"floor":9,"key":"Ancient Tea Set"},{"floor":16,"key":"Turnip"},{"floor":25,"key":"Art of War"}],"event_choices":[{"cards_removed":["RobotSpaceExplorer:Defend"],"damage_healed":0,"gold_gain":0,"player_choice":"Card Removal","damage_taken":0,"max_hp_gain":0,"max_hp_loss":0,"event_name":"The Cleric","floor":2,"gold_loss":50},{"damage_healed":0,"gold_gain":0,"player_choice":"Ignored","damage_taken":0,"max_hp_gain":0,"max_hp_loss":0,"event_name":"NoteForYourself","floor":4,"gold_loss":0},{"damage_healed":0,"gold_gain":0,"player_choice":"Trade","damage_taken":0,"relics_obtained":["FaceOfCleric"],"max_hp_gain":0,"max_hp_loss":0,"event_name":"FaceTrader","floor":11,"gold_loss":0}],"is_beta":false,"boss_relics":[{"not_picked":["hubris:GrandSneckoEye","vexMod:BigBerry"],"picked":"Astrolabe"}],"items_purged_floors":[],"is_endless":false,"potions_floor_spawned":[3,6,10,16,18,23,24],"killed_by":"Snake Plant","ascension_level":0}}