{"host":"4sgoj70bvr8ov3jh","time":1609162869,"event":{"mods":["2.2 Compatiblity","AchievementEnabler","BaseMod","Chen","GifTheSpireLib","Hero for Fun","Marisa????????","Minty Spire (QoL Compilation)","Permanent Neow","Remilia_Scarlet Moed?????·?????3.3.5","StSLib","The Alterego","The Servant 0.9.4"],"gold_per_floor":[117,67,67,67,79,79,94,144,444,471,5,5,25,40,40,143,143,162,212,35,55,75,105,105,133,160,160,66,81,181,199,199,297,297,315,665,742,892,892,892],"floor_reached":39,"playtime":1647,"items_purged":[],"score":490,"play_id":"c30e5a24-74f8-4323-afb3-382e550c02ed","local_time":"20201228054109","is_ascension_mode":false,"campfire_choices":[{"data":"RemiliaMod:CJNWYXD3","floor":6,"key":"SMITH"},{"data":"RemiliaMod:CNLCSZL","floor":12,"key":"SMITH"},{"data":"RemiliaMod:CNLCSZL","floor":15,"key":"SMITH"},{"data":"RemiliaMod:CMPA","floor":24,"key":"SMITH"},{"data":"RemiliaMod:CFx","floor":27,"key":"SMITH"},{"data":"RemiliaMod:CJNWYXD","floor":32,"key":"SMITH"}],"circlet_count":0,"master_deck":["RemiliaMod:Scratch","RemiliaMod:Scratch","RemiliaMod:Scratch","RemiliaMod:Scratch","RemiliaMod:Defend","RemiliaMod:Defend","RemiliaMod:Defend","RemiliaMod:Defend","RemiliaMod:CNLCSZL+1","RemiliaMod:CAattack","RemiliaMod:CJNWYXD3+1","RemiliaMod:CJNWYXD","RemiliaMod:CJNJQFY","Flex","RemiliaMod:CNLCSZL+1","RemiliaMod:CJNWYXD+1","RemiliaMod:CFx+1","Apotheosis","RemiliaMod:CJNSJDF","RemiliaMod:CPFWZL","RemiliaMod:CPZQ+1","Enlightenment","Serious_Side_Hops"],"relics":["RemiliaMod:RXiangDui","RemiliaMod:RFkXt","RemiliaMod:RWYXT","Juzu Bracelet","SsserpentHead","Old Coin","Anchor","Toolbox","Bronze Scales","RemiliaMod:RHW","PreservedInsect","MealTicket","Pen Nib","PrismaticShard","Black Star","Centennial Puzzle"],"acts_visited":["Exordium","TheCity","TheBeyond"],"potions_floor_usage":[25,29,39],"damage_taken":[{"damage":0,"enemies":"Small Slimes","floor":1,"turns":3},{"damage":32,"enemies":"2 Louse","floor":5,"turns":4},{"damage":9,"enemies":"Gremlin Nob","floor":10,"turns":2},{"damage":0,"enemies":"Cultist","floor":13,"turns":4},{"damage":0,"enemies":"Looter","floor":14,"turns":2},{"damage":0,"enemies":"Slime Boss","floor":16,"turns":6},{"damage":0,"enemies":"Chosen","floor":18,"turns":3},{"damage":3,"enemies":"2 Thieves","floor":21,"turns":4},{"damage":10,"enemies":"Sentry and Sphere","floor":22,"turns":3},{"damage":32,"enemies":"Slavers","floor":23,"turns":5},{"damage":23,"enemies":"Gremlin Leader","floor":25,"turns":4},{"damage":19,"enemies":"3 Cultists","floor":29,"turns":4},{"damage":4,"enemies":"Centurion and Healer","floor":31,"turns":7},{"damage":25,"enemies":"Automaton","floor":33,"turns":5},{"damage":27,"enemies":"3 Darklings","floor":35,"turns":4},{"damage":57,"enemies":"3 Shapes","floor":39,"turns":9}],"seed_played":"-5505589995620734614","potions_obtained":[{"floor":1,"key":"SteroidPotion"},{"floor":5,"key":"BlessingOfTheForge"},{"floor":14,"key":"Ancient Potion"},{"floor":25,"key":"ColorlessPotion"},{"floor":31,"key":"SpeedPotion"}],"is_trial":false,"path_per_floor":["M","$","?","?","M","R","?","?","T","E","$","R","M","M","R","B",null,"M","?","$","M","M","E","R","E","T","R","$","M","?","M","R","B",null,"M","?","T","?","M"],"character_chosen":"Remilia_Scarlet_Modee","items_purchased":["RemiliaMod:CJNWYXD","RemiliaMod:CNLCSZL","Toolbox","Bronze Scales","Apotheosis","PrismaticShard"],"campfire_rested":0,"item_purchase_floors":[2,11,11,11,20,28],"current_hp_per_floor":[75,75,75,75,50,50,68,68,68,63,63,63,75,75,75,75,75,75,75,75,75,68,66,66,50,50,50,65,60,60,75,75,67,75,56,56,56,56,0,0],"gold":892,"neow_bonus":"ONE_RANDOM_RARE_CARD","is_daily":false,"chose_seed":false,"campfire_upgraded":6,"win_rate":0.0,"timestamp":1609162869,"path_taken":["M","$","?","?","M","R","?","?","T","E","$","R","M","M","R","BOSS","M","?","$","M","M","E","R","E","T","R","?","M","?","M","R","BOSS","M","?","?","?","M"],"items_purchased_type":["Card","Card","Relic","Relic","Card","Relic"],"build_version":"2020-12-22","purchased_purges":0,"victory":false,"max_hp_per_floor":[75,75,75,75,75,75,75,75,75,75,75,75,75,75,75,75,75,75,75,75,75,75,75,75,75,75,75,75,75,75,75,75,75,75,75,75,75,75,75,75],"card_choices":[{"not_picked":["RemiliaMod:CJNMJFZ","RemiliaMod:CD6B"],"picked":"RemiliaMod:CPQHZZ","floor":1},{"not_picked":["RemiliaMod:CJNSJDF","RemiliaMod:CJNWYXD"],"picked":"RemiliaMod:CJNJQFY","floor":5},{"not_picked":["RemiliaMod:CFPLL","RemiliaMod:CFPMJ"],"picked":"RemiliaMod:CMPC","floor":10},{"not_picked":["RemiliaMod:CPJHZZ","RemiliaMod:CMPB"],"picked":"RemiliaMod:CMPC","floor":13},{"not_picked":["RemiliaMod:CJDB","RemiliaMod:CDB"],"picked":"RemiliaMod:CJNWYXD","floor":14},{"not_picked":["RemiliaMod:CDXSJ","RemiliaMod:CJNFWZL"],"picked":"RemiliaMod:CFx","floor":16},{"not_picked":["RemiliaMod:CXXSJ","RemiliaMod:CJNSP","RemiliaMod:CPJHZZ"],"picked":"SKIP","floor":18},{"not_picked":["RemiliaMod:CJNYSFZ","RemiliaMod:CFPDMJ+1"],"picked":"RemiliaMod:CJNSJDF","floor":21},{"not_picked":["RemiliaMod:CFPDMJ","RemiliaMod:CJNMJFZ"],"picked":"RemiliaMod:CPFWZL","floor":22},{"not_picked":["RemiliaMod:CJNLLFZ","RemiliaMod:CJNWYXD"],"picked":"RemiliaMod:CMPA","floor":23},{"not_picked":["RemiliaMod:CFPDMJ","RemiliaMod:CMPC"],"picked":"RemiliaMod:CPZQ+1","floor":25},{"not_picked":["SurpressingFire","Entrench"],"picked":"Enlightenment","floor":29},{"not_picked":["Chen:Shot","Impatience","Chen:Flit+1"],"picked":"SKIP","floor":31},{"not_picked":["Chen:Nimbleness","RemiliaMod:CWYRF"],"picked":"Serious_Side_Hops","floor":33},{"not_picked":["ShootTheMoon+1","CrushJoints","Coolheaded"],"picked":"SKIP","floor":35}],"player_experience":164857,"relics_obtained":[{"floor":9,"key":"Old Coin"},{"floor":10,"key":"Anchor"},{"floor":23,"key":"PreservedInsect"},{"floor":25,"key":"MealTicket"},{"floor":26,"key":"Pen Nib"},{"floor":37,"key":"Centennial Puzzle"}],"event_choices":[{"damage_healed":0,"gold_gain":0,"player_choice":"Ignored","damage_taken":0,"max_hp_gain":0,"max_hp_loss":0,"event_name":"Golden Wing","floor":3,"gold_loss":0},{"damage_healed":0,"gold_gain":0,"player_choice":"Trade","damage_taken":0,"relics_obtained":["SsserpentHead"],"max_hp_gain":0,"max_hp_loss":0,"event_name":"FaceTrader","floor":4,"gold_loss":0},{"damage_healed":18,"gold_gain":0,"player_choice":"Healed","damage_taken":0,"max_hp_gain":0,"max_hp_loss":0,"event_name":"The Cleric","floor":7,"gold_loss":35},{"cards_removed":["RemiliaMod:CPQHZZ"],"damage_healed":0,"gold_gain":0,"player_choice":"Took Card","damage_taken":0,"max_hp_gain":0,"max_hp_loss":0,"event_name":"NoteForYourself","floor":8,"gold_loss":0,"cards_obtained":["Flex"]},{"damage_healed":0,"gold_gain":0,"player_choice":"Full Heal","damage_taken":0,"max_hp_gain":0,"max_hp_loss":0,"event_name":"Wheel of Change","floor":19,"gold_loss":0},{"damage_healed":0,"gold_gain":100,"player_choice":"Bet on Murderer","damage_taken":0,"max_hp_gain":0,"max_hp_loss":0,"event_name":"The Joust","floor":30,"gold_loss":50},{"damage_healed":0,"gold_gain":300,"player_choice":"Gold","damage_taken":0,"max_hp_gain":0,"max_hp_loss":0,"event_name":"Wheel of Change","floor":36,"gold_loss":0},{"damage_healed":0,"gold_gain":100,"player_choice":"Pray","damage_taken":0,"max_hp_gain":0,"max_hp_loss":0,"event_name":"Golden Shrine","floor":38,"gold_loss":0}],"is_beta":false,"boss_relics":[{"not_picked":["Runic Pyramid","Runic Dome"],"picked":"RemiliaMod:RHW"},{"not_picked":["Astrolabe","Calling Bell"],"picked":"Black Star"}],"items_purged_floors":[],"is_endless":false,"potions_floor_spawned":[1,5,14,23,25,31],"killed_by":"3 Shapes","ascension_level":0}}