{"host":"nak33n7iw6yqkk3u","time":1609160934,"event":{"mods":["Act Like it!","BaseMod","Colored Map","Colored Powertips","DeckTracker","Downfall","Koishi","Marisa（F雨　魔理沙）","Minty Spire (QoL Compilation)","Quick Restart","Rare Cards Sparkle","Reimu（博丽灵梦）","Remilia（蕾米莉亚）","RumiaBox-露米娅的神秘盒子","Shop Mod","StSLib","The Bug Knight","Waifu the Spire","Youmu（魂魄妖梦）","Yuyuko","[IsaacMod]以撒尖塔","everything is the same but u backflip on backflip"],"gold_per_floor":[99,116,116,116,6,19,19,33,133,58,71,86,133,168,179,179,179,179],"floor_reached":16,"playtime":671,"items_purged":["Poor:ReiMu"],"score":112,"play_id":"79f4088c-9d79-4e82-b190-981f8d358713","local_time":"20201228210854","is_ascension_mode":true,"campfire_choices":[{"floor":1,"key":"RECALL"},{"data":"hexamod:RetreatToShadows","floor":10,"key":"SMITH"}],"circlet_count":0,"master_deck":["hexamod:Strike","hexamod:Strike","hexamod:Strike","hexamod:Defend","hexamod:Defend","hexamod:Defend","hexamod:Sear","hexamod:Float","Slimebound:Icky","hexamod:GhostOfSpirePast","hexamod:GhostflameBarrier","hexamod:RetreatToShadows+1","hexamod:CatchUp","hexamod:EtherealExpedition","hexamod:GhostflameBarrier","hexamod:TimeOfNeed","hexamod:StepThrough","hexamod:SoulSteal"],"relics":["hexamod:SpiritBrand","HushsDoor","GuppysHead","YidongShenshe:ReiMu","Diplopia","downfall:HeartBlessingRed","LastBattle"],"acts_visited":["Exordium"],"potions_floor_usage":[16],"damage_taken":[{"damage":1,"enemies":"2 Louse","floor":2,"turns":4},{"damage":0,"enemies":"downfall:FleeingMerchant","floor":5,"turns":4},{"damage":0,"enemies":"Jaw Worm","floor":6,"turns":4},{"damage":3,"enemies":"Small Slimes","floor":8,"turns":4},{"damage":1,"enemies":"Exordium Wildlife","floor":11,"turns":4},{"damage":3,"enemies":"Red Slaver","floor":12,"turns":3},{"damage":27,"enemies":"Gremlin Nob","floor":14,"turns":5},{"damage":9,"enemies":"Large Slime","floor":15,"turns":7},{"damage":26,"enemies":"downfall:Ironclad","floor":16,"turns":6}],"seed_played":"2478336027420888","potions_obtained":[{"floor":2,"key":"SteroidPotion"},{"floor":6,"key":"champ:CounterPotion"},{"floor":8,"key":"Fire Potion"}],"is_trial":false,"path_per_floor":["R","M","?","?","$","M","T","M","?","R","M","M","T","E","M","B"],"character_chosen":"THE_SPIRIT","items_purchased":[],"campfire_rested":0,"item_purchase_floors":[],"current_hp_per_floor":[70,69,69,69,69,69,69,66,66,66,65,62,62,35,26,0,0,0],"gold":179,"neow_bonus":"TRANSFORM_TWO_CARDS","is_daily":false,"chose_seed":false,"campfire_upgraded":1,"win_rate":0.0,"timestamp":1609160934,"path_taken":["R","M","?","?","?","M","T","?","?","R","M","M","?","E","M","BOSS"],"items_purchased_type":[],"build_version":"2020-12-22","purchased_purges":1,"victory":false,"max_hp_per_floor":[70,70,70,70,70,70,70,70,70,70,70,70,70,70,70,70,70,70],"card_choices":[{"not_picked":[],"picked":"Bomb","floor":0},{"not_picked":["hexamod:Firestarter","hexamod:PhantomFireball"],"picked":"hexamod:RetreatToShadows","floor":2},{"not_picked":["hexamod:ChargedBarrage","hexamod:ExtraCrispy"],"picked":"hexamod:CatchUp","floor":5},{"not_picked":["hexamod:GhostShield","hexamod:NecessarySacrifice"],"picked":"hexamod:EtherealExpedition","floor":6},{"not_picked":["hexamod:GhostShield","hexamod:NightmareStrike"],"picked":"hexamod:GhostflameBarrier","floor":8},{"not_picked":["hexamod:GhostOfSpirePast","hexamod:HeatShield"],"picked":"hexamod:TimeOfNeed","floor":11},{"not_picked":["hexamod:SpectralAdrenaline","hexamod:InspiringFlames","hexamod:ExtraCrispy"],"picked":"SKIP","floor":12},{"not_picked":["hexamod:GhostShield","hexamod:TurnItUp"],"picked":"hexamod:StepThrough","floor":14},{"not_picked":["hexamod:EmpoweredFlame","hexamod:NightmareStrike"],"picked":"hexamod:SoulSteal","floor":15}],"player_experience":419455,"relics_obtained":[{"floor":7,"key":"Diplopia"},{"floor":14,"key":"LastBattle"}],"event_choices":[{"damage_healed":0,"gold_gain":0,"player_choice":"带走神社","damage_taken":0,"relics_obtained":["YidongShenshe:ReiMu"],"max_hp_gain":0,"max_hp_loss":0,"event_name":"yidonshenshe","floor":4,"gold_loss":0,"cards_obtained":["Poor:ReiMu"]}],"is_beta":false,"boss_relics":[],"items_purged_floors":[5],"is_endless":false,"potions_floor_spawned":[2,6,8],"killed_by":"downfall:Ironclad","ascension_level":2}}