{"host":"hdafziggwnbzqpcb","time":1609142803,"event":{"mods":["BaseMod","Better Vampires","Colored Map","Colored Powertips","Curses Come First","Duelist Mod","GifTheSpireLib","Hero for Fun","Minty Spire (QoL Compilation)","Quick Restart","Rare Cards Sparkle","Relic Stats","Spicy Shops","StSLib","The Bug Knight","The Cursed","The Marked","The Senshi","The Wild Card","TheHero"],"gold_per_floor":[115,133,58,68,79,79,79,95,165,165,180,130,130,130,130,229,279,296,296,309,329,159,188,198,226,252,264,277,277,292,310,310,405,405,421,421,438,450,496,531,531,558,558,575,575,610,610,620,620,620,620,620,44,71,71],"floor_reached":56,"playtime":4373,"items_purged":["theSenshi:SailorBlock","theSenshi:SailorKick","theSenshi:SailorBlock"],"score":1400,"play_id":"e573397b-d709-4617-a510-2aa521c8caa4","local_time":"20201228000643","is_ascension_mode":true,"campfire_choices":[{"data":"theSenshi:MoonHealingEscalation","floor":6.0,"key":"SMITH"},{"data":"theSenshi:DramaticEntrance","floor":10.0,"key":"SMITH"},{"data":"theSenshi:LateForSchool","floor":13.0,"key":"SMITH"},{"data":"theSenshi:Overload","floor":15.0,"key":"SMITH"},{"data":"theSenshi:LateForSchool","floor":29.0,"key":"SMITH"},{"data":"theSenshi:MoonPrincessHalation","floor":32.0,"key":"SMITH"},{"data":"theSenshi:MoonTiaraMagic","floor":45.0,"key":"SMITH"},{"data":"theSenshi:Overload","floor":47.0,"key":"SMITH"},{"floor":49.0,"key":"RECALL"},{"data":"theSenshi:SailorMercuryAssists","floor":52.0,"key":"SMITH"}],"circlet_count":0,"master_deck":["theSenshi:SailorKick","theSenshi:SailorKick+1","theSenshi:SailorKick","theSenshi:RoseThrow","theSenshi:MoonPrismPowerMakeUp","theSenshi:MoonPrincessHalation+1","theSenshi:LateForSchool+1","theSenshi:MoonHealingEscalation+1","theSenshi:Overload+1","theSenshi:DramaticEntrance+1","theSenshi:MoonPunch","theSenshi:MoonPower","theSenshi:LateForSchool+1","theSenshi:LateForSchool+1","theSenshi:MoonCosmicPowerMakeUp","theSenshi:SailorMercuryAssists+1","theSenshi:MoonTiaraMagic+1","theSenshi:SchoolBag+1","theSenshi:Overload+1","theSenshi:KlutzyLuck"],"relics":["theSenshi:TransformationBroochRelic","Girya","Bottled Tornado","Tiny House","theSenshi:EternalTiareRelic","Blood Vial","Du-Vu Doll","theSenshi:CosmicHeartCompactRelic","Busted Crown","Ginger","theSenshi:CutieMoonRodRelic","theSenshi:TiaraRelic","Toy Ornithopter","theSenshi:TransformationPenRelic","Anchor","Orichalcum"],"acts_visited":["Exordium","TheCity","TheBeyond","TheEnding"],"potions_floor_usage":[55,55],"damage_taken":[{"damage":7.0,"enemies":"Cultist","floor":1.0,"turns":5.0},{"damage":0.0,"enemies":"Jaw Worm","floor":2.0,"turns":5.0},{"damage":7.0,"enemies":"Small Slimes","floor":4.0,"turns":6.0},{"damage":5.0,"enemies":"Looter","floor":5.0,"turns":4.0},{"damage":23.0,"enemies":"Exordium Thugs","floor":8.0,"turns":12.0},{"damage":31.0,"enemies":"Lots of Slimes","floor":11.0,"turns":11.0},{"damage":10.0,"enemies":"Slime Boss","floor":16.0,"turns":8.0},{"damage":35.0,"enemies":"2 Thieves","floor":18.0,"turns":4.0},{"damage":6.0,"enemies":"3 Byrds","floor":20.0,"turns":5.0},{"damage":0.0,"enemies":"Cultist and Chosen","floor":21.0,"turns":3.0},{"damage":5.0,"enemies":"theDuelist:KaibaA2","floor":23.0,"turns":4.0},{"damage":16.0,"enemies":"Chosen and Byrds","floor":24.0,"turns":5.0},{"damage":29.0,"enemies":"Slavers","floor":25.0,"turns":6.0},{"damage":0.0,"enemies":"Snecko","floor":27.0,"turns":1.0},{"damage":22.0,"enemies":"Centurion and Healer","floor":28.0,"turns":7.0},{"damage":10.0,"enemies":"Sentry and Sphere","floor":30.0,"turns":3.0},{"damage":0.0,"enemies":"3 Cultists","floor":31.0,"turns":3.0},{"damage":2.0,"enemies":"Collector","floor":33.0,"turns":3.0},{"damage":8.0,"enemies":"3 Shapes","floor":35.0,"turns":2.0},{"damage":0.0,"enemies":"Orb Walker","floor":37.0,"turns":2.0},{"damage":11.0,"enemies":"Maw","floor":38.0,"turns":4.0},{"damage":0.0,"enemies":"2 Orb Walkers","floor":39.0,"turns":2.0},{"damage":0.0,"enemies":"Giant Head","floor":40.0,"turns":3.0},{"damage":3.0,"enemies":"Reptomancer","floor":42.0,"turns":3.0},{"damage":0.0,"enemies":"Sphere and 2 Shapes","floor":44.0,"turns":2.0},{"damage":3.0,"enemies":"Giant Head","floor":46.0,"turns":2.0},{"damage":0.0,"enemies":"Jaw Worm Horde","floor":48.0,"turns":3.0},{"damage":15.0,"enemies":"Donu and Deca","floor":50.0,"turns":4.0},{"damage":0,"enemies":"Shield and Spear","floor":54,"turns":2},{"damage":79,"enemies":"The Heart","floor":55,"turns":5}],"seed_played":"-6676243266174331221","potions_obtained":[{"floor":4.0,"key":"LiquidBronze"},{"floor":5.0,"key":"DistilledChaos"},{"floor":11.0,"key":"AttackPotion"},{"floor":17.0,"key":"Regen Potion"},{"floor":21.0,"key":"ColorlessPotion"},{"floor":25.0,"key":"DistilledChaos"},{"floor":28.0,"key":"Fire Potion"},{"floor":35.0,"key":"Strength Potion"},{"floor":37.0,"key":"PowerPotion"},{"floor":39.0,"key":"EssenceOfSteel"},{"floor":44.0,"key":"Dexterity Potion"},{"floor":46.0,"key":"PowerPotion"}],"is_trial":false,"path_per_floor":["M","M","$","M","M","R","?","M","T","R","M","?","R","?","R","B",null,"M","?","M","M","$","E","M","E","T","M","M","R","M","M","R","B",null,"M","?","M","M","?","E","?","E","T","M","R","E","R","M","R","B",null,"R","$","E","B",null],"character_chosen":"THE_SENSHI","items_purchased":["theSenshi:EternalTiareRelic","theSenshi:TransformationPenRelic","Anchor","PowerPotion"],"campfire_rested":0,"item_purchase_floors":[22,53,53,53],"current_hp_per_floor":[68,68,68,75,70,70,63,75,75,75,75,75,75,75,75,65,80,65,65,80,80,80,75,71,71,71,73,80,80,70,80,80,78,80,80,80,80,80,80,80,76,73,73,75,75,73,73,76,76,76,76,76,76,76,17],"gold":71,"neow_bonus":"THREE_CARDS","is_daily":false,"chose_seed":false,"campfire_upgraded":9,"win_rate":0.0,"timestamp":1609142803,"path_taken":["M","M","$","M","M","R","?","M","T","R","M","?","R","?","R","BOSS","M","?","?","M","$","E","M","E","T","?","M","R","M","M","R","BOSS","M","?","?","M","?","E","?","E","T","M","R","E","R","M","R","BOSS","R","$","E","BOSS"],"items_purchased_type":["Relic","Relic","Relic","Potion"],"build_version":"2020-12-22","purchased_purges":3,"victory":true,"max_hp_per_floor":[75,75,75,75,75,75,75,75,75,75,75,75,75,75,75,75,80,80,80,80,80,80,80,80,80,80,80,80,80,80,80,80,80,80,80,80,80,80,80,80,76,76,76,76,76,76,76,76,76,76,76,76,76,76,76],"relic_stats":{"Blood Vial":15,"Busted Crown":20,"counters":[30,129],"Ginger":[3],"Orichalcum":[12],"obtain_stats":[{"theSenshi:CutieMoonRodRelic":40,"Girya":7,"Tiny House":17,"theSenshi:TransformationPenRelic":53,"Ginger":39,"Bottled Tornado":9,"Orichalcum":54,"theSenshi:TiaraRelic":42,"Blood Vial":23,"Du-Vu Doll":25,"Anchor":53,"theSenshi:TransformationBroochRelic":0,"Busted Crown":34,"theSenshi:EternalTiareRelic":22,"theSenshi:CosmicHeartCompactRelic":26,"Toy Ornithopter":46},{"theSenshi:CutieMoonRodRelic":23,"Girya":4,"Tiny House":7,"theSenshi:TransformationPenRelic":28,"Ginger":22,"Bottled Tornado":5,"Orichalcum":29,"theSenshi:TiaraRelic":24,"Blood Vial":11,"Du-Vu Doll":13,"Anchor":28,"theSenshi:TransformationBroochRelic":0,"Busted Crown":18,"theSenshi:EternalTiareRelic":10,"theSenshi:CosmicHeartCompactRelic":13,"Toy Ornithopter":26},{"theSenshi:CutieMoonRodRelic":108,"Girya":20,"Tiny House":51,"theSenshi:TransformationPenRelic":122,"Ginger":105,"Bottled Tornado":32,"Orichalcum":124,"theSenshi:TiaraRelic":111,"Blood Vial":67,"Du-Vu Doll":78,"Anchor":122,"theSenshi:TransformationBroochRelic":0,"Busted Crown":95,"theSenshi:EternalTiareRelic":63,"theSenshi:CosmicHeartCompactRelic":78,"Toy Ornithopter":115}],"Toy Ornithopter":0},"card_choices":[{"not_picked":["theSenshi:SailorV","theSenshi:MoonCrisisMakeUp"],"picked":"theSenshi:MoonPrincessHalation","floor":0.0},{"not_picked":["theSenshi:CrisisMakeUp","theSenshi:MoonPower"],"picked":"theSenshi:LateForSchool","floor":1.0},{"not_picked":["theSenshi:SailorV","theSenshi:SaturnsMystery"],"picked":"theSenshi:MoonHealingEscalation","floor":2.0},{"not_picked":["theSenshi:TallSilhouette","theSenshi:YouCanTalk"],"picked":"theSenshi:Overload","floor":4.0},{"not_picked":["theSenshi:UranusStrength","theSenshi:MoonKick","theSenshi:MoonPrincessHalation"],"picked":"SKIP","floor":5.0},{"not_picked":["theSenshi:SailorChibiMoonAssists","theSenshi:MoonPower"],"picked":"theSenshi:DramaticEntrance","floor":8.0},{"not_picked":["theSenshi:SailorVenusAssists","theSenshi:SailorMarsAssists"],"picked":"theSenshi:MoonPunch","floor":11.0},{"not_picked":["theSenshi:TallSilhouette","theSenshi:KlutzyLuck"],"picked":"theSenshi:MoonPower","floor":17.0},{"not_picked":["theSenshi:Sidestep","theSenshi:MoonCosmicPowerMakeUp"],"picked":"theSenshi:LateForSchool","floor":18.0},{"not_picked":["theSenshi:YouCanTalk","theSenshi:MoonPunch","theSenshi:DramaticEntrance"],"picked":"SKIP","floor":20.0},{"not_picked":["theSenshi:MoonPunch","theSenshi:SupersonicWaves"],"picked":"theSenshi:MoonCosmicPowerMakeUp","floor":21.0},{"not_picked":["theSenshi:SailorNeptuneAssists","theSenshi:LunasBite+1"],"picked":"theSenshi:SailorMercuryAssists","floor":23.0},{"not_picked":["theSenshi:OdangoHead+1","theSenshi:TuxedoMaskAssists"],"picked":"theSenshi:MoonTiaraMagic","floor":24.0},{"not_picked":["theSenshi:MoonTwilightFlash","theSenshi:LateForSchool","theSenshi:MoonPower"],"picked":"SKIP","floor":25.0},{"not_picked":["theSenshi:MoonKick+1","theSenshi:EncouragingSpeech","theSenshi:OdangoHead"],"picked":"SKIP","floor":27.0},{"not_picked":["theSenshi:JupitersPower","theSenshi:SailorStarFighterAssists+1","theSenshi:SailorPlanetPower"],"picked":"SKIP","floor":28.0},{"not_picked":["theSenshi:SailorMarsAssists","theSenshi:SailorMercuryAssists"],"picked":"theSenshi:SchoolBag+1","floor":30.0},{"not_picked":["theSenshi:PlutosSolemnity","theSenshi:EncouragingSpeech","theSenshi:SchoolBag"],"picked":"SKIP","floor":31.0},{"not_picked":["theSenshi:SailorPlanetAttack+1"],"picked":"SKIP","floor":35.0},{"not_picked":["theSenshi:MoonPrincessHalation"],"picked":"SKIP","floor":37.0},{"not_picked":["theSenshi:SailorMarsAssists+1"],"picked":"SKIP","floor":38.0},{"not_picked":[],"picked":"theSenshi:Overload","floor":39.0},{"not_picked":["theSenshi:SailorMarsAssists+1"],"picked":"SKIP","floor":40.0},{"not_picked":["theSenshi:DramaticEntrance"],"picked":"SKIP","floor":42.0},{"not_picked":["theSenshi:SupersonicWaves"],"picked":"SKIP","floor":44.0},{"not_picked":["theSenshi:TuxedoMaskAssists"],"picked":"SKIP","floor":46.0},{"not_picked":["theSenshi:Sidestep"],"picked":"SKIP","floor":48.0},{"not_picked":[],"picked":"theSenshi:KlutzyLuck","floor":54}],"player_experience":665309,"relics_obtained":[{"floor":9.0,"key":"Bottled Tornado"},{"floor":23.0,"key":"Blood Vial"},{"floor":25.0,"key":"Du-Vu Doll"},{"floor":26.0,"key":"theSenshi:CosmicHeartCompactRelic"},{"floor":39.0,"key":"Ginger"},{"floor":40.0,"key":"theSenshi:CutieMoonRodRelic"},{"floor":42.0,"key":"theSenshi:TiaraRelic"},{"floor":46.0,"key":"Toy Ornithopter"},{"floor":54,"key":"Orichalcum"}],"event_choices":[{"damage_healed":0.0,"max_hp_gain":0.0,"max_hp_loss":0.0,"gold_gain":0.0,"event_name":"Scrap Ooze","player_choice":"Success","floor":7.0,"gold_loss":0.0,"damage_taken":7.0,"relics_obtained":["Girya"]},{"cards_removed":["theSenshi:SailorBlock"],"damage_healed":0.0,"max_hp_gain":0.0,"max_hp_loss":0.0,"gold_gain":0.0,"event_name":"The Cleric","player_choice":"Card Removal","floor":12.0,"gold_loss":50.0,"damage_taken":0.0},{"damage_healed":0.0,"max_hp_gain":0.0,"max_hp_loss":0.0,"gold_gain":0.0,"event_name":"Liars Game","player_choice":"Ignored","floor":14.0,"gold_loss":0.0,"damage_taken":0.0},{"damage_healed":0.0,"max_hp_gain":0.0,"max_hp_loss":0.0,"gold_gain":0.0,"event_name":"Duplicator","player_choice":"Copied","floor":19.0,"gold_loss":0.0,"damage_taken":0.0,"cards_obtained":["theSenshi:LateForSchool"]},{"cards_removed":["theSenshi:SailorBlock"],"damage_healed":0.0,"max_hp_gain":0.0,"max_hp_loss":0.0,"gold_gain":0.0,"event_name":"Bonfire Elementals","player_choice":"Offered Basic","floor":36.0,"gold_loss":0.0,"damage_taken":0.0},{"damage_healed":0.0,"max_hp_gain":0.0,"max_hp_loss":0.0,"gold_gain":0.0,"event_name":"Mysterious Sphere","player_choice":"Fight","floor":39.0,"gold_loss":0.0,"damage_taken":0.0},{"damage_healed":0.0,"max_hp_gain":0.0,"max_hp_loss":4.0,"gold_gain":0.0,"event_name":"Winding Halls","player_choice":"Max HP","floor":41.0,"gold_loss":0.0,"damage_taken":0.0}],"is_beta":false,"boss_relics":[{"not_picked":["Ectoplasm","SlaversCollar"],"picked":"Tiny House"},{"not_picked":["Snecko Eye","Velvet Choker"],"picked":"Busted Crown"}],"items_purged_floors":[3,22,53],"is_endless":false,"potions_floor_spawned":[4,5,11,21,23,25,28,35,37,39,44,46,54],"ascension_level":1}}