{"host":"1eo5f82aifdzd7pr","time":1609154450,"event":{"mods":["AchievementEnabler","BaseMod","Colored Map","Colored Powertips","DeckTracker","Minty Spire (QoL Compilation)","SuperFastMode","The Servant 0.9.4"],"gold_per_floor":[119,138,154,170,180,180,213,213,213,56,56,69,69,103,103,201,201,220,238,92,191,106,135,135,166,166,166,181,181,213,233,233,332,332,351,362,381,32,32,32,61,61,135,155,155,181,181,198,198,198,198,198,118,152,152],"floor_reached":56,"playtime":2986,"items_purged":["Strike_S","Strike_S"],"score":1769,"play_id":"978c180c-5697-4a62-9f56-2ce02f0d9ca1","local_time":"20201228132050","is_ascension_mode":true,"campfire_choices":[{"data":"Moonlight","floor":6.0,"key":"SMITH"},{"data":"InstantArmor","floor":8.0,"key":"SMITH"},{"data":"SilverBlades","floor":13.0,"key":"SMITH"},{"data":"SurpressingFire","floor":15.0,"key":"SMITH"},{"data":"SilverBlades","floor":24.0,"key":"SMITH"},{"data":"KidneyShot","floor":29.0,"key":"SMITH"},{"data":"BottledTime","floor":32.0,"key":"SMITH"},{"data":"TheWorld","floor":40.0,"key":"SMITH"},{"data":"Rearm","floor":42.0,"key":"SMITH"},{"floor":45.0,"key":"RECALL"},{"data":"KillingDoll","floor":49.0,"key":"SMITH"},{"data":"Panacea","floor":52.0,"key":"SMITH"}],"circlet_count":0,"master_deck":["Strike_S","Strike_S","Defend_S","Defend_S","Defend_S","Defend_S","KidneyShot+1","Exchange","FastForward","SilverBlades+1","SurpressingFire+1","Moonlight+1","InstantArmor+1","KillingDoll+1","BottledTime+1","SilverBlades+1","BottledTime+1","Rearm+1","BottledTime+1","TheWorld+1","Panacea+1","SurpressingFire","BottledTime"],"relics":["Uniform","StoneCalendar","PaperSwan","HornCleat","Pan","Eternal Feather","SlaversCollar","Sundial","Du-Vu Doll","TungstenRod","Mummified Hand","Mercury Hourglass","Art of War","SacredBark","Strawberry","Dream Catcher","Juzu Bracelet","Blue Candle"],"acts_visited":["Exordium","TheCity","TheBeyond","TheEnding"],"potions_floor_usage":[55,55],"damage_taken":[{"damage":8.0,"enemies":"Cultist","floor":1.0,"turns":6.0},{"damage":3.0,"enemies":"2 Louse","floor":2.0,"turns":3.0},{"damage":0.0,"enemies":"Small Slimes","floor":3.0,"turns":3.0},{"damage":3.0,"enemies":"Blue Slaver","floor":4.0,"turns":6.0},{"damage":3.0,"enemies":"2 Fungi Beasts","floor":5.0,"turns":5.0},{"damage":5.0,"enemies":"Lagavulin","floor":7.0,"turns":7.0},{"damage":6.0,"enemies":"Exordium Thugs","floor":12.0,"turns":4.0},{"damage":0.0,"enemies":"Gremlin Nob","floor":14.0,"turns":3.0},{"damage":0.0,"enemies":"The Guardian","floor":16.0,"turns":9.0},{"damage":0.0,"enemies":"2 Thieves","floor":18.0,"turns":3.0},{"damage":10.0,"enemies":"Spheric Guardian","floor":19.0,"turns":6.0},{"damage":0.0,"enemies":"Book of Stabbing","floor":23.0,"turns":2.0},{"damage":0.0,"enemies":"Gremlin Leader","floor":25.0,"turns":5.0},{"damage":0.0,"enemies":"Shelled Parasite and Fungi","floor":28.0,"turns":2.0},{"damage":0.0,"enemies":"Slavers","floor":30.0,"turns":3.0},{"damage":0.0,"enemies":"Snecko","floor":31.0,"turns":2.0},{"damage":0.0,"enemies":"Champ","floor":33.0,"turns":3.0},{"damage":0.0,"enemies":"Orb Walker","floor":35.0,"turns":2.0},{"damage":0.0,"enemies":"3 Darklings","floor":36.0,"turns":2.0},{"damage":6.0,"enemies":"Sphere and 2 Shapes","floor":37.0,"turns":4.0},{"damage":18.0,"enemies":"Nemesis","floor":41.0,"turns":7.0},{"damage":7.0,"enemies":"Transient","floor":44.0,"turns":5.0},{"damage":0.0,"enemies":"Giant Head","floor":46.0,"turns":3.0},{"damage":0.0,"enemies":"Maw","floor":48.0,"turns":3.0},{"damage":13.0,"enemies":"Time Eater","floor":50.0,"turns":7.0},{"damage":22.0,"enemies":"Shield and Spear","floor":54.0,"turns":5.0},{"damage":37,"enemies":"The Heart","floor":55,"turns":7}],"seed_played":"-7283639219265630743","potions_obtained":[{"floor":1.0,"key":"LiquidBronze"},{"floor":12.0,"key":"Regen Potion"},{"floor":14.0,"key":"SteroidPotion"},{"floor":18.0,"key":"PowerPotion"},{"floor":25.0,"key":"ColorlessPotion"},{"floor":31.0,"key":"GamblersBrew"}],"is_trial":false,"path_per_floor":["M","M","M","M","M","R","E","R","T","$","?","M","R","E","R","B",null,"M","M","$","?","?","E","R","E","T","T","M","R","E","M","R","B",null,"M","M","M","$","?","R","E","R","T","M","R","E","?","M","R","B",null,"R","$","E","B",null],"character_chosen":"THE_SERVANT","items_purchased":["Pan","SilverBlades","Strawberry","CultistPotion","SurpressingFire","BottledTime"],"campfire_rested":0,"item_purchase_floors":[10,20,38,38,53,53],"current_hp_per_floor":[51,48,48,45,42,42,37,37,37,37,37,31,31,31,40,40,54,54,44,44,44,44,44,53,53,53,53,53,59,59,59,59,59,59,59,59,53,60,60,66,48,60,60,53,65,65,65,65,66,53,63,66,66,44,47],"gold":152,"neow_bonus":"ONE_RARE_RELIC","is_daily":false,"chose_seed":false,"campfire_upgraded":11,"win_rate":0.0,"timestamp":1609154450,"path_taken":["M","M","M","M","M","R","E","R","T","$","?","M","R","E","R","BOSS","M","M","$","?","?","E","R","E","T","?","M","R","E","M","R","BOSS","M","M","M","$","?","R","E","R","T","M","R","E","?","M","R","BOSS","R","$","E","BOSS"],"items_purchased_type":["Relic","Card","Relic","Potion","Card","Card"],"build_version":"2020-12-22","purchased_purges":2,"victory":true,"max_hp_per_floor":[59,59,59,59,59,59,59,59,59,59,59,59,59,59,59,59,59,59,59,59,59,59,59,59,59,59,59,59,59,59,59,59,59,59,59,59,59,66,66,66,66,66,66,66,66,66,66,66,66,66,66,66,66,66,66],"card_choices":[{"not_picked":["Shuttle","Misdirection"],"picked":"FastForward","floor":1.0},{"not_picked":["Revamp","Deadline","DoubleEdge"],"picked":"SKIP","floor":2.0},{"not_picked":["Defy","Ricochet"],"picked":"SilverBlades","floor":3.0},{"not_picked":["Unruled","Read"],"picked":"SurpressingFire","floor":4.0},{"not_picked":["Starlight","Defy"],"picked":"Moonlight","floor":5.0},{"not_picked":["Deny","Foresight"],"picked":"InstantArmor","floor":7.0},{"not_picked":["ShiftingGears","Defy","Gouge"],"picked":"SKIP","floor":12.0},{"not_picked":["DoubleEdge","Deadline","ReturningBlade"],"picked":"SKIP","floor":14.0},{"not_picked":["FlawlessForm","ForgedInTime"],"picked":"KillingDoll","floor":16.0},{"not_picked":["Sabotage","Read","Alleviate"],"picked":"SKIP","floor":18.0},{"not_picked":["ShatteredReality","Revamp+1"],"picked":"BottledTime","floor":19.0},{"not_picked":["Replace","Hightail"],"picked":"BottledTime+1","floor":23.0},{"not_picked":["Snipe","FanOfKnives"],"picked":"Rearm","floor":25.0},{"not_picked":["Manipulate","Dilation"],"picked":"BottledTime","floor":28.0},{"not_picked":["MoonPhase","DualDimension+1","Spin"],"picked":"SKIP","floor":30.0},{"not_picked":["MoonPhase","DualDimension+1","Spin"],"picked":"SKIP","floor":30.0},{"not_picked":["Defy","InstantArmor","Hightail"],"picked":"SKIP","floor":31.0},{"not_picked":["Dilation","SoulSculpture"],"picked":"TheWorld","floor":33.0},{"not_picked":["Revamp","Rearm","TimeWarp"],"picked":"SKIP","floor":35.0},{"not_picked":["Replace+1","Ricochet+1","Gouge"],"picked":"SKIP","floor":36.0},{"not_picked":["DoubleEdge","Deadline+1","DualDimension+1"],"picked":"SKIP","floor":37.0},{"not_picked":["Snipe","Collapse+1","TimeWarp"],"picked":"SKIP","floor":41.0},{"not_picked":["Revamp+1","Rewind+1","BestPractice"],"picked":"SKIP","floor":44.0},{"not_picked":["BestPractice+1","Starlight+1","TheWorld"],"picked":"SKIP","floor":46.0},{"not_picked":["Deep Breath","Flash of Steel"],"picked":"Panacea","floor":47.0},{"not_picked":["Contraction+1","Unruled+1","Hightail+1"],"picked":"SKIP","floor":48.0},{"not_picked":["FastForward","Revamp","Misdirection+1"],"picked":"SKIP","floor":54.0}],"player_experience":729043,"relics_obtained":[{"floor":7.0,"key":"PaperSwan"},{"floor":9.0,"key":"HornCleat"},{"floor":14.0,"key":"Eternal Feather"},{"floor":23.0,"key":"Du-Vu Doll"},{"floor":25.0,"key":"TungstenRod"},{"floor":26.0,"key":"Mummified Hand"},{"floor":27.0,"key":"Mercury Hourglass"},{"floor":30.0,"key":"Art of War"},{"floor":41.0,"key":"Dream Catcher"},{"floor":46.0,"key":"Juzu Bracelet"},{"floor":54.0,"key":"Blue Candle"}],"event_choices":[{"damage_healed":0.0,"max_hp_gain":0.0,"max_hp_loss":0.0,"gold_gain":0.0,"event_name":"Liars Game","player_choice":"Ignored","floor":11.0,"gold_loss":0.0,"damage_taken":0.0},{"damage_healed":0.0,"max_hp_gain":0.0,"max_hp_loss":0.0,"gold_gain":99.0,"event_name":"Nest","player_choice":"Stole From Cult","floor":21.0,"gold_loss":0.0,"damage_taken":0.0},{"damage_healed":0.0,"max_hp_gain":0.0,"max_hp_loss":0.0,"gold_gain":0.0,"event_name":"Addict","player_choice":"Obtained Relic","floor":22.0,"gold_loss":85.0,"damage_taken":0.0,"relics_obtained":["Sundial"]},{"damage_healed":0.0,"max_hp_gain":0.0,"max_hp_loss":0.0,"gold_gain":0.0,"event_name":"Accursed Blacksmith","player_choice":"Forge","floor":39.0,"gold_loss":0.0,"damage_taken":0.0,"cards_upgraded":["BottledTime"]},{"damage_healed":0.0,"max_hp_gain":0.0,"max_hp_loss":0.0,"gold_gain":0.0,"event_name":"SensoryStone","player_choice":"Memory 1","floor":47.0,"gold_loss":0.0,"damage_taken":0.0}],"is_beta":false,"boss_relics":[{"not_picked":["Pandora\u0027s Box","Snecko Eye"],"picked":"SlaversCollar"},{"not_picked":["Coffee Dripper","Cursed Key"],"picked":"SacredBark"}],"items_purged_floors":[20,38],"is_endless":false,"potions_floor_spawned":[1,12,14,18,25,31,36,41,44,54],"ascension_level":5}}