{"host":"f5uumzf5hfexzk8l","time":1609196585,"event":{"mods":["BaseMod","Colored Map","Googly Eyes","Highlight Path","Minty Spire (QoL Compilation)","Permanent Neow","StSLib","SuperFastMode","Unceasing Turn Reminder"],"gold_per_floor":[113,132,142,159,178,178,196,230,282,314,239,239,239,255,255,333,333,353,311,331,331,342,342,376,376,456,485,485,502,242,252,252,326,326,346,361,361,372,399,399,433,46,70,70,90,121,121,135,135,135,135],"floor_reached":52,"playtime":2880,"items_purged":["Strike_G","Strike_G","Deadly Poison"],"score":2157,"play_id":"8ef9da34-fcb3-4efd-b8fb-4f7e6a3aac6f","local_time":"20201228150305","is_ascension_mode":true,"campfire_choices":[{"data":"Poisoned Stab","floor":6.0,"key":"SMITH"},{"floor":13.0,"key":"REST"},{"data":"Cloak And Dagger","floor":15.0,"key":"SMITH"},{"floor":23,"key":"REST"},{"data":"Cloak And Dagger","floor":25,"key":"SMITH"},{"floor":28,"key":"REST"},{"floor":32,"key":"REST"},{"data":"After Image","floor":40,"key":"SMITH"},{"data":"A Thousand Cuts","floor":44,"key":"SMITH"},{"floor":47,"key":"REST"},{"data":"Blade Dance","floor":49,"key":"SMITH"}],"circlet_count":0,"master_deck":["AscendersBane","Strike_G","Strike_G","Defend_G","Defend_G","Defend_G","Defend_G","Defend_G","Survivor","Neutralize","PiercingWail","Poisoned Stab+1","Cloak And Dagger+1","Infinite Blades","A Thousand Cuts+1","Blade Dance+1","Cloak And Dagger+1","Blade Dance","Cloak And Dagger+1","After Image+1","Backflip","Backstab","Parasite"],"relics":["Ring of the Snake","FossilizedHelix","Kunai","Regal Pillow","InkBottle","SlaversCollar","Pear","Pantograph","Tiny Chest","Nunchaku","Black Star","Anchor","Ninja Scroll","Lantern","Eternal Feather","Oddly Smooth Stone","Calipers","Frozen Egg 2"],"acts_visited":["Exordium","TheCity","TheBeyond"],"potions_floor_usage":[16,20,22,22,27,29,50,50],"damage_taken":[{"damage":1.0,"enemies":"Cultist","floor":1.0,"turns":5.0},{"damage":0.0,"enemies":"Jaw Worm","floor":2.0,"turns":5.0},{"damage":0.0,"enemies":"2 Louse","floor":3.0,"turns":4.0},{"damage":2.0,"enemies":"2 Fungi Beasts","floor":4.0,"turns":4.0},{"damage":20.0,"enemies":"Large Slime","floor":5.0,"turns":9.0},{"damage":0.0,"enemies":"Blue Slaver","floor":7.0,"turns":4.0},{"damage":25.0,"enemies":"3 Sentries","floor":8.0,"turns":10.0},{"damage":12.0,"enemies":"Gremlin Nob","floor":10.0,"turns":4.0},{"damage":7.0,"enemies":"3 Louse","floor":14.0,"turns":3.0},{"damage":0,"enemies":"The Guardian","floor":16,"turns":11},{"damage":19,"enemies":"Shell Parasite","floor":18,"turns":6},{"damage":21,"enemies":"2 Thieves","floor":19,"turns":5},{"damage":25,"enemies":"Snake Plant","floor":20,"turns":6},{"damage":10,"enemies":"Shelled Parasite and Fungi","floor":22,"turns":8},{"damage":35,"enemies":"Book of Stabbing","floor":24,"turns":7},{"damage":44,"enemies":"Slavers","floor":27,"turns":8},{"damage":32,"enemies":"Cultist and Chosen","floor":29,"turns":8},{"damage":15,"enemies":"Sentry and Sphere","floor":31,"turns":10},{"damage":15,"enemies":"Collector","floor":33,"turns":13},{"damage":0,"enemies":"3 Shapes","floor":35,"turns":9},{"damage":30,"enemies":"3 Darklings","floor":36,"turns":11},{"damage":40,"enemies":"Jaw Worm Horde","floor":38,"turns":9},{"damage":45,"enemies":"Reptomancer","floor":41,"turns":9},{"damage":0,"enemies":"Writhing Mass","floor":45,"turns":9},{"damage":0,"enemies":"Giant Head","floor":46,"turns":9},{"damage":6,"enemies":"3 Darklings","floor":48,"turns":7},{"damage":0,"enemies":"Awakened One","floor":50,"turns":25},{"damage":18,"enemies":"Donu and Deca","floor":51,"turns":15}],"seed_played":"1071123397584923654","potions_obtained":[{"floor":2.0,"key":"Fire Potion"},{"floor":3.0,"key":"Regen Potion"},{"floor":14.0,"key":"Strength Potion"},{"floor":19,"key":"Energy Potion"},{"floor":21,"key":"EntropicBrew"},{"floor":21,"key":"Block Potion"},{"floor":29,"key":"Fruit Juice"},{"floor":31,"key":"EssenceOfSteel"}],"is_trial":false,"path_per_floor":["M","M","M","M","M","R","M","E","T","E","$","?","R","M","R","B",null,"M","M","M","?","M","R","E","R","T","E","R","M","$","M","R","B",null,"M","M","?","M","T","R","E","$","T","R","M","E","R","M","R","B","B",null],"character_chosen":"THE_SILENT","items_purchased":["Nunchaku","Eternal Feather"],"campfire_rested":5,"item_purchase_floors":[30,42],"current_hp_per_floor":[43,43,43,41,21,21,21,11,11,9,9,9,43,36,36,36,59,40,19,4,4,4,38,33,33,33,9,46,19,19,14,53,63,77,77,47,47,27,27,27,12,12,12,24,24,24,75,69,81,81,63],"gold":135,"neow_bonus":"ONE_RARE_RELIC","is_daily":false,"chose_seed":false,"campfire_upgraded":6,"win_rate":0.0,"timestamp":1609196585,"path_taken":["M","M","M","?","M","R","M","E","T","E","$","?","R","M","R","BOSS","M","M","M","?","?","R","E","R","T","E","R","M","$","M","R","BOSS","M","M","?","M","?","R","E","$","T","R","M","E","R","M","R","BOSS","BOSS"],"items_purchased_type":["Relic","Relic"],"build_version":"2020-12-22","purchased_purges":3,"victory":true,"max_hp_per_floor":[66,66,66,66,66,66,66,66,66,66,66,66,66,66,66,66,66,66,66,66,66,66,66,76,76,76,76,76,81,81,81,81,81,81,81,81,81,81,81,81,81,81,81,81,81,81,81,81,81,81,81],"card_choices":[{"not_picked":["Dodge and Roll","Blur","Infinite Blades"],"picked":"SKIP","floor":1.0},{"not_picked":["Outmaneuver","Riddle With Holes"],"picked":"PiercingWail","floor":2.0},{"not_picked":["Infinite Blades","Prepared"],"picked":"Poisoned Stab","floor":3.0},{"not_picked":["Distraction","Riddle With Holes","Setup"],"picked":"SKIP","floor":4.0},{"not_picked":["Concentrate","Cloak And Dagger"],"picked":"Deadly Poison","floor":5.0},{"not_picked":["Underhanded Strike","Deadly Poison"],"picked":"Dagger Spray","floor":7.0},{"not_picked":["Outmaneuver","Dodge and Roll"],"picked":"Cloak And Dagger","floor":8.0},{"not_picked":["Poisoned Stab","Eviscerate","Die Die Die"],"picked":"SKIP","floor":10.0},{"not_picked":["Slice","Underhanded Strike"],"picked":"Infinite Blades","floor":14.0},{"not_picked":["Die Die Die","Phantasmal Killer"],"picked":"A Thousand Cuts","floor":16},{"not_picked":["Leg Sweep","Infinite Blades"],"picked":"Blade Dance","floor":18},{"not_picked":["Caltrops","Deflect"],"picked":"Cloak And Dagger","floor":19},{"not_picked":["Calculated Gamble","Outmaneuver","Bane"],"picked":"SKIP","floor":20},{"not_picked":["Outmaneuver","Concentrate","Quick Slash"],"picked":"SKIP","floor":22},{"not_picked":["Outmaneuver","Concentrate","Quick Slash"],"picked":"SKIP","floor":22},{"not_picked":["Prepared","Caltrops","Endless Agony"],"picked":"SKIP","floor":24},{"not_picked":["Slice","Choke+1","Underhanded Strike"],"picked":"SKIP","floor":27},{"not_picked":["Predator","Quick Slash"],"picked":"Blade Dance","floor":29},{"not_picked":["Reflex","Backstab"],"picked":"Cloak And Dagger+1","floor":31},{"not_picked":["Bullet Time","Phantasmal Killer"],"picked":"After Image","floor":33},{"not_picked":["Caltrops","Finisher","Prepared"],"picked":"SKIP","floor":35},{"not_picked":["Poisoned Stab+1","Tactician","Masterful Stab"],"picked":"SKIP","floor":36},{"not_picked":["PiercingWail+1","Deadly Poison"],"picked":"Backflip","floor":38},{"not_picked":["Quick Slash","Leg Sweep"],"picked":"Backstab","floor":41},{"not_picked":["Dagger Throw","Heel Hook","Endless Agony"],"picked":"SKIP","floor":45},{"not_picked":["Expertise+1","Masterful Stab","Prepared"],"picked":"SKIP","floor":46},{"not_picked":["Footwork+1","Backstab","Dagger Spray"],"picked":"SKIP","floor":48}],"player_experience":323174,"relics_obtained":[{"floor":8.0,"key":"Kunai"},{"floor":9.0,"key":"Regal Pillow"},{"floor":10.0,"key":"InkBottle"},{"floor":24,"key":"Pear"},{"floor":26,"key":"Pantograph"},{"floor":27,"key":"Tiny Chest"},{"floor":39,"key":"Anchor"},{"floor":41,"key":"Ninja Scroll"},{"floor":41,"key":"Lantern"},{"floor":43,"key":"Oddly Smooth Stone"},{"floor":46,"key":"Calipers"},{"floor":46,"key":"Frozen Egg 2"}],"event_choices":[{"cards_removed":["Strike_G"],"damage_healed":0.0,"max_hp_gain":0.0,"max_hp_loss":0.0,"gold_gain":0.0,"event_name":"Living Wall","player_choice":"Forget","floor":12.0,"gold_loss":0.0,"damage_taken":0.0},{"damage_healed":0,"gold_gain":0,"player_choice":"Got Potions","damage_taken":0,"max_hp_gain":0,"max_hp_loss":0,"event_name":"Lab","floor":21,"gold_loss":0},{"cards_removed":["Dagger Spray"],"damage_healed":0,"gold_gain":0,"player_choice":"Removed Attack","damage_taken":0,"max_hp_gain":0,"max_hp_loss":0,"event_name":"Falling","floor":37,"gold_loss":0}],"is_beta":false,"boss_relics":[{"not_picked":["WristBlade","HoveringKite"],"picked":"SlaversCollar"},{"not_picked":["SacredBark","Pandora\u0027s Box"],"picked":"Black Star"}],"items_purged_floors":[11,30,42],"is_endless":false,"potions_floor_spawned":[2,3,4,14,19,24,29,31,36,41,48],"ascension_level":20}}