{"host":"w3q5ijqu8eoknil3","time":1609116637,"event":{"mods":["AchievementEnabler","BaseMod","Block Reminder","Colored Powertips","Minty Spire (QoL Compilation)","Quick Restart","Relic Stats","ojb\u0027s Better Paths Mod","ojb\u0027s Info Mod","slay the spire mod where everything is the same but ironclad has a cowboy hat"],"gold_per_floor":[118,132,148,148,148,176,176,176,176],"floor_reached":8,"playtime":206,"items_purged":[],"score":112,"play_id":"1e940531-5cd5-4bb7-b136-d430579bb808","local_time":"20201228005037","is_ascension_mode":true,"campfire_choices":[{"data":"Infernal Blade","floor":7,"key":"SMITH"}],"circlet_count":0,"master_deck":["AscendersBane","Strike_R","Strike_R","Strike_R","Strike_R","Strike_R","Defend_R","Defend_R","Defend_R","Defend_R","Bash","Shockwave","Infernal Blade+1","Cleave","Impervious"],"relics":["Burning Blood","NeowsBlessing","Omamori"],"acts_visited":["Exordium"],"potions_floor_usage":[8,8],"damage_taken":[{"damage":0,"enemies":"Cultist","floor":1,"turns":1},{"damage":0,"enemies":"Small Slimes","floor":2,"turns":1},{"damage":0,"enemies":"Jaw Worm","floor":3,"turns":1},{"damage":32,"enemies":"Gremlin Nob","floor":6,"turns":4},{"damage":20,"enemies":"Lagavulin","floor":8,"turns":10}],"seed_played":"2564112520760905080","potions_obtained":[{"floor":1,"key":"SpeedPotion"},{"floor":3,"key":"Dexterity Potion"},{"floor":6,"key":"Block Potion"}],"is_trial":false,"path_per_floor":["M","M","M","?","?","E","R","E"],"character_chosen":"IRONCLAD","items_purchased":[],"campfire_rested":0,"item_purchase_floors":[],"current_hp_per_floor":[74,75,75,75,80,54,54,34,34],"gold":176,"neow_bonus":"THREE_ENEMY_KILL","is_daily":false,"chose_seed":false,"campfire_upgraded":1,"win_rate":0.0,"timestamp":1609116637,"path_taken":["M","M","M","?","?","E","R","E"],"items_purchased_type":[],"build_version":"2020-12-22","purchased_purges":0,"victory":false,"max_hp_per_floor":[75,75,75,75,80,80,80,80,80],"relic_stats":{"counters":[5,17],"obtain_stats":[{"NeowsBlessing":0,"Omamori":6,"Burning Blood":0},{"NeowsBlessing":0,"Omamori":4,"Burning Blood":0},{"NeowsBlessing":0,"Omamori":7,"Burning Blood":0}],"Burning Blood":13},"card_choices":[{"not_picked":["Wild Strike","Ghostly Armor"],"picked":"Shockwave","floor":1},{"not_picked":["Twin Strike","True Grit"],"picked":"Infernal Blade","floor":2},{"not_picked":["Clash","Perfected Strike"],"picked":"Cleave","floor":3},{"not_picked":["Fire Breathing","Thunderclap"],"picked":"Impervious","floor":6}],"player_experience":946785,"relics_obtained":[{"floor":6,"key":"Omamori"}],"event_choices":[{"damage_healed":0,"gold_gain":0,"player_choice":"Ignored","damage_taken":0,"max_hp_gain":0,"max_hp_loss":0,"event_name":"Shining Light","floor":4,"gold_loss":0},{"damage_healed":0,"gold_gain":0,"player_choice":"Donut","damage_taken":0,"max_hp_gain":5,"max_hp_loss":0,"event_name":"Big Fish","floor":5,"gold_loss":0}],"is_beta":false,"boss_relics":[],"items_purged_floors":[],"is_endless":false,"potions_floor_spawned":[1,3,6],"killed_by":"Lagavulin","ascension_level":20}}