{"host":"btr9mlxs9vdylcfu","time":1609190587,"event":{"mods":["AchievementEnabler","BaseMod","BetterRewards","Colored Map","Colored Powertips","Highlight Path","HornydragonMod","Minty Spire (QoL Compilation)","Shop Mod","StSLib","The Disciple","The Jungle","vexMod","êº¤õ«ü«n"],"gold_per_floor":[88,363,374,385,460,492,492,492,492,348,360,14,32,48,48,149,149,159,159,177,179,179,171,171],"floor_reached":23,"playtime":2635,"items_purged":["Defend_HD","Regret"],"score":400,"play_id":"ee0dc8ed-3426-46d0-9079-570883366d77","local_time":"20201229052307","is_ascension_mode":true,"campfire_choices":[{"floor":8.0,"key":"REST"},{"data":"Metabolism","floor":15,"key":"SMITH"}],"circlet_count":0,"master_deck":["Strike_HD","Strike_HD","Strike_HD","Strike_HD","DrunkenFist","Defend_HD","Defend_HD","AlcoholBarrier","BreakDrink","GetToilet","Metabolism+1","Beer","Margarita","BreakDrink+1","Vodka","CardReborn","GetAll","HeadDefend+1","LuckyCoin","FearFace","AlcoholHeal","ShrimpCocktail","Margarita","Beer","Refill","Caffeine","Caffeine"],"relics":["WineBottle","Meat on the Bone","InkBottle","vexMod:CardConverter","Orrery","War Paint","vexMod:MysteryBossChallenge","vexMod:DeviousBotling","theJungle:BirthdayCake"],"acts_visited":["Exordium"],"potions_floor_usage":[16],"damage_taken":[{"damage":6.0,"enemies":"Jaw Worm","floor":1.0,"turns":5.0},{"damage":4.0,"enemies":"Cultist","floor":3.0,"turns":4.0},{"damage":12.0,"enemies":"Small Slimes","floor":4.0,"turns":5.0},{"damage":33.0,"enemies":"Gremlin Nob","floor":6.0,"turns":6.0},{"damage":17.0,"enemies":"Exordium Thugs","floor":11.0,"turns":7.0},{"damage":4.0,"enemies":"Large Slime","floor":13.0,"turns":6.0},{"damage":0.0,"enemies":"Blue Slaver","floor":14.0,"turns":5.0},{"damage":32,"enemies":"Hexaghost","floor":16,"turns":8},{"damage":8,"enemies":"theJungle:GiantWrat","floor":18,"turns":6},{"damage":7,"enemies":"theJungle:Flameango_and_Byrd","floor":20,"turns":8},{"damage":5,"enemies":"theJungle:2_Snecko_Cultists","floor":21,"turns":6},{"damage":7,"enemies":"theJungle:Cassacara","floor":23,"turns":7}],"seed_played":"2527805842839399690","potions_obtained":[{"floor":4.0,"key":"FearPotion"},{"floor":6.0,"key":"EssenceOfSteel"},{"floor":11.0,"key":"Strength Potion"},{"floor":13.0,"key":"Energy Potion"},{"floor":16,"key":"EssenceOfSteel"}],"is_trial":false,"path_per_floor":["M","?","M","M","?","E","?","R","T","R","M","$","M","M","R","B",null,"M","?","M","M","?","E"],"character_chosen":"HORNYDRAGON","items_purchased":["vexMod:BerryBomb","GetToilet","Meat on the Bone","Orrery","War Paint","AlcoholHeal","ShrimpCocktail"],"campfire_rested":1,"item_purchase_floors":[0,0,0,10,12,12,12],"current_hp_per_floor":[60,60,56,56,45,24,24,51,51,59,56,60,58,96,96,108,113,105,97,92,117,137,130,130],"gold":171,"neow_bonus":"","is_daily":false,"chose_seed":false,"campfire_upgraded":1,"win_rate":0.0,"timestamp":1609190587,"path_taken":["M","?","M","?","?","E","?","R","T","R","?","$","M","M","R","BOSS","M","?","M","M","?","E"],"items_purchased_type":["Relic","Card","Relic","Relic","Relic","Card","Card"],"build_version":"2020-12-22","purchased_purges":2,"victory":false,"max_hp_per_floor":[93,93,93,93,93,93,93,93,93,101,103,107,109,111,111,113,113,113,113,115,117,137,137,137],"card_choices":[{"not_picked":["BottleAttack","Susie"],"picked":"Metabolism","floor":1.0},{"not_picked":["DrunkardWalk","CrazyDrinking"],"picked":"Beer","floor":3.0},{"not_picked":["Melancholia","DrunkardWalk"],"picked":"Margarita","floor":4.0},{"not_picked":["Caffeine","AlcoholGun"],"picked":"BreakDrink","floor":6.0},{"not_picked":["Bike","Melancholia"],"picked":"CardReborn","floor":10.0},{"not_picked":["RainbowAttack","BreakDrink"],"picked":"GetAll","floor":10.0},{"not_picked":["ChickenAttack","Icecream"],"picked":"HeadDefend","floor":10.0},{"not_picked":["AlcoholBarrier","HeadDefend"],"picked":"LuckyCoin","floor":10.0},{"not_picked":["AlcoholAttack","Ahahah"],"picked":"FearFace","floor":11.0},{"not_picked":["AlcoholGun","Icecream"],"picked":"Margarita","floor":13.0},{"not_picked":["BirdAttack","AlcoholBarrier"],"picked":"Beer","floor":14.0},{"not_picked":["Twin","GetAlcoholSmell"],"picked":"Refill","floor":16},{"not_picked":["Alcoholic+1","BlackJackAttack","BirdAttack"],"picked":"SKIP","floor":18},{"not_picked":["Alcoholic","CrazyDrinking"],"picked":"Caffeine","floor":20},{"not_picked":["Wtf","Twin"],"picked":"Caffeine","floor":21}],"player_experience":311568,"relics_obtained":[{"floor":6.0,"key":"InkBottle"},{"floor":9.0,"key":"vexMod:CardConverter"}],"event_choices":[{"damage_healed":0.0,"max_hp_gain":0.0,"max_hp_loss":0.0,"gold_gain":275.0,"event_name":"Golden Shrine","player_choice":"Desecrate","floor":2.0,"gold_loss":0.0,"damage_taken":0.0,"cards_obtained":["Regret"]},{"damage_healed":0.0,"max_hp_gain":0.0,"max_hp_loss":0.0,"gold_gain":75.0,"event_name":"World of Goop","player_choice":"Gather Gold","floor":5.0,"gold_loss":0.0,"damage_taken":11.0},{"damage_healed":0.0,"max_hp_gain":0.0,"max_hp_loss":0.0,"gold_gain":0.0,"cards_transformed":["Defend_HD"],"event_name":"Transmorgrifier","player_choice":"Transformed","floor":7.0,"gold_loss":0.0,"damage_taken":0.0,"cards_obtained":["Vodka"]}],"is_beta":false,"boss_relics":[{"not_picked":["vexMod:MegatonBomb","SacredBark"],"picked":"vexMod:MysteryBossChallenge"}],"items_purged_floors":[0,12],"is_endless":false,"potions_floor_spawned":[4,6,11,13,14,16,18],"killed_by":"theJungle:Cassacara","ascension_level":2}}