{"host":"9ndbo4kgsfoemf7y","time":1609150200,"event":{"mods":["AchievementEnabler","BaseMod","Colored Map","DeckTracker","Keyboard Shortcuts","Minty Spire (QoL Compilation)","Permanent Neow","Quick Restart","Relic Stats","StSLib","SuperFastMode"],"gold_per_floor":[115,115,133,152,168,168,194,194,194,194,214,214,243,2,2,2,2],"floor_reached":16,"playtime":340,"items_purged":[],"score":132,"play_id":"99f8e692-c789-4724-a4cc-42cdbd3f1ecf","local_time":"20201228191000","is_ascension_mode":true,"campfire_choices":[{"data":"Hologram","floor":6.0,"key":"SMITH"},{"data":"Aggregate","floor":8.0,"key":"SMITH"},{"data":"Doom and Gloom","floor":12.0,"key":"SMITH"},{"data":"Conserve Battery","floor":15.0,"key":"SMITH"}],"circlet_count":0,"master_deck":["Strike_B","Strike_B","Strike_B","Strike_B","Defend_B","Defend_B","Defend_B","Defend_B","Zap","Dualcast","Sweeping Beam","Defragment","Capacitor","Hologram+1","Conserve Battery+1","Aggregate+1","Doom and Gloom+1"],"relics":["Cracked Core","FossilizedHelix","MealTicket","InkBottle","Anchor","Prayer Wheel","Kunai"],"acts_visited":["Exordium"],"potions_floor_usage":[],"damage_taken":[{"damage":4.0,"enemies":"Jaw Worm","floor":1.0,"turns":4.0},{"damage":0.0,"enemies":"Cultist","floor":3.0,"turns":3.0},{"damage":4.0,"enemies":"Small Slimes","floor":4.0,"turns":3.0},{"damage":20.0,"enemies":"Exordium Thugs","floor":5.0,"turns":4.0},{"damage":8.0,"enemies":"Lagavulin","floor":7.0,"turns":7.0},{"damage":0.0,"enemies":"Looter","floor":11.0,"turns":3.0},{"damage":23.0,"enemies":"3 Sentries","floor":13.0,"turns":6.0},{"damage":30,"enemies":"Slime Boss","floor":16,"turns":7}],"seed_played":"5645399544122495950","potions_obtained":[{"floor":3.0,"key":"CultistPotion"},{"floor":5.0,"key":"Dexterity Potion"}],"is_trial":false,"path_per_floor":["M","?","M","M","M","R","E","R","T","T","M","R","E","$","R","B"],"character_chosen":"DEFECT","items_purchased":["Kunai"],"campfire_rested":0,"item_purchase_floors":[14],"current_hp_per_floor":[64,64,64,60,40,40,32,32,32,32,32,32,9,24,24,0,0],"gold":2,"neow_bonus":"ONE_RARE_RELIC","is_daily":false,"chose_seed":false,"campfire_upgraded":4,"win_rate":0.0,"timestamp":1609150200,"path_taken":["M","?","M","?","M","R","E","R","T","?","M","R","E","?","R","BOSS"],"items_purchased_type":["Relic"],"build_version":"2020-12-22","purchased_purges":0,"victory":false,"max_hp_per_floor":[68,68,68,68,68,68,68,68,68,68,68,68,68,68,68,68,68],"relic_stats":{"counters":[8,37],"MealTicket":15,"Prayer Wheel":0,"Kunai":[1],"obtain_stats":[{"Anchor":10,"MealTicket":7,"Prayer Wheel":13,"Kunai":14,"Cracked Core":0,"FossilizedHelix":0,"InkBottle":9},{"Anchor":5,"MealTicket":5,"Prayer Wheel":7,"Kunai":7,"Cracked Core":0,"FossilizedHelix":0,"InkBottle":5},{"Anchor":21,"MealTicket":21,"Prayer Wheel":30,"Kunai":30,"Cracked Core":0,"FossilizedHelix":0,"InkBottle":21}],"InkBottle":[4]},"card_choices":[{"not_picked":["Beam Cell","Reprogram"],"picked":"Sweeping Beam","floor":1.0},{"not_picked":["Sweeping Beam","Barrage"],"picked":"Capacitor","floor":3.0},{"not_picked":["Redo","Tempest"],"picked":"Hologram","floor":4.0},{"not_picked":["Turbo","Redo"],"picked":"Conserve Battery","floor":5.0},{"not_picked":["Hologram","Compile Driver"],"picked":"Aggregate","floor":7.0},{"not_picked":["Steam","Rip and Tear"],"picked":"Doom and Gloom","floor":11.0},{"not_picked":["Ball Lightning","Recycle","Heatsinks"],"picked":"SKIP","floor":13.0}],"player_experience":761672,"relics_obtained":[{"floor":7.0,"key":"MealTicket"},{"floor":9.0,"key":"InkBottle"},{"floor":10.0,"key":"Anchor"},{"floor":13.0,"key":"Prayer Wheel"}],"event_choices":[{"damage_healed":0.0,"max_hp_gain":0.0,"max_hp_loss":0.0,"gold_gain":0.0,"event_name":"Match and Keep!","player_choice":"1 cards matched","floor":2.0,"gold_loss":0.0,"damage_taken":0.0,"cards_obtained":["Defragment"]}],"is_beta":false,"boss_relics":[],"items_purged_floors":[],"is_endless":false,"potions_floor_spawned":[3,5],"killed_by":"Slime Boss","ascension_level":4}}