{"host":"18wi9kpcl4eah7pe","time":1609170701,"event":{"mods":["BaseMod","Colored Powertips","Downfall","Minty Spire (QoL Compilation)","StSLib"],"gold_per_floor":[99,115,115,215,215,140,167,193,18,51,51,84,9,73,93,188,188,188,205,1,15,44,144,144,144,144,175,175,210,23,23,37,139,139,139,155,172,172,8,22,22,22,22,22,22,41,41],"floor_reached":48,"playtime":2108,"items_purged":["Regret"],"score":889,"play_id":"7f2a5ebf-1eb1-4cc2-bcfa-e2b23366fe81","local_time":"20201228095141","is_ascension_mode":true,"campfire_choices":[{"floor":1,"key":"RECALL"},{"data":"Slimebound:Split","floor":6,"key":"SMITH"},{"floor":13,"key":"REST"},{"data":"Slimebound:Darklings","floor":18,"key":"SMITH"},{"floor":26,"key":"REST"},{"data":"Slimebound:Prepare","floor":35,"key":"SMITH"},{"floor":42,"key":"REST"}],"circlet_count":0,"master_deck":["Slimebound:Tackle+1","Slimebound:Split+1","Slimebound:CorrosiveSpit+1","Slimebound:HungryTackle+1","Slimebound:LeechingTouch+1","Slimebound:GoopSpray","Slimebound:LeechEnergy+1","Slimebound:AcidTongue","Slimebound:GrowthPunch+1","Slimebound:MassFeed+1","Slimebound:SlimeTap","Slimebound:SlimeBarrage+1","Slimebound:Darklings+1","Slimebound:DivideAndConquer","Slimebound:Equalize+1","Slimebound:RollThrough+1","Slimebound:ItLooksTasty+1","Slimebound:Recollect+1","Slimebound:FlameTackle+1","Slimebound:Prepare+1","Slimebound:DuplicatedForm+1","Slimebound:SpikyOuterGoop+1","Slimebound:PressTheAttack+1","Slimebound:SplitAcid+1","Slimebound:OozeBath","Slimebound:Repurpose","Slimebound:SlimeBrawl","Slimebound:Teamwork","Slimebound:Overexert+1","Slimebound:PressTheAttack+1","Slimebound:SlimeBarrage+1","Slimebound:LeechingTouch+1","Slimebound:MegaLick","expansioncontent:Chronoboost+1","Slimebound:TagTeam+1","Slimebound:GrowthPunch+1","Slimebound:Repurpose"],"relics":["Slimebound:AbsorbEndCombat","Molten Egg 2","downfall:HeartBlessingRed","Juzu Bracelet","War Paint","Unceasing Top","Bag of Marbles","downfall:HeartBlessingGreen","Smiling Mask","Black Star","Slimebound:AggressiveSlimeRelic","Ginger","White Beast Statue","Nloth\u0027s Gift","Calipers","Frozen Egg 2","Blood Vial","Omamori","Kunai","Pandora\u0027s Box","downfall:TeleportStone"],"acts_visited":["Exordium","TheCity","TheBeyond"],"potions_floor_usage":[8,16,19,19,22,27,29,29,29,32,33,33,37,40,40,46,47],"damage_taken":[{"damage":11,"enemies":"Small Slimes","floor":2,"turns":3},{"damage":36,"enemies":"3 Sentries","floor":8,"turns":7},{"damage":20,"enemies":"downfall:FleeingMerchant","floor":9,"turns":4},{"damage":16,"enemies":"Gremlin Nob","floor":10,"turns":2},{"damage":16,"enemies":"Lagavulin","floor":12,"turns":4},{"damage":34,"enemies":"Gremlin Nob","floor":14,"turns":4},{"damage":0,"enemies":"2 Louse","floor":15,"turns":1},{"damage":37,"enemies":"downfall:Ironclad","floor":16,"turns":4},{"damage":28,"enemies":"Shell Parasite","floor":19,"turns":5},{"damage":21,"enemies":"downfall:FleeingMerchant","floor":20,"turns":4},{"damage":17,"enemies":"Cultist and Chosen","floor":21,"turns":2},{"damage":39,"enemies":"downfall:FleeingMerchant","floor":22,"turns":4},{"damage":62,"enemies":"downfall:LadyInBlue","floor":23,"turns":4},{"damage":46,"enemies":"Gremlin Leader","floor":27,"turns":4},{"damage":24,"enemies":"Book of Stabbing","floor":29,"turns":3},{"damage":35,"enemies":"Chosen and Byrds","floor":32,"turns":4},{"damage":39,"enemies":"downfall:Defect","floor":33,"turns":4},{"damage":55,"enemies":"3 Darklings","floor":36,"turns":4},{"damage":17,"enemies":"Orb Walker","floor":37,"turns":2},{"damage":18,"enemies":"4 Shapes","floor":40,"turns":2},{"damage":36,"enemies":"Sphere and 2 Shapes","floor":46,"turns":4},{"damage":96,"enemies":"downfall:Watcher","floor":47,"turns":9}],"seed_played":"-2376434869547279118","potions_obtained":[{"floor":2,"key":"DistilledChaos"},{"floor":14,"key":"GamblersBrew"},{"floor":15,"key":"Slimebound:ThreeZeroPotion"},{"floor":16,"key":"Guardian:BlockOnCardUsePotion"},{"floor":21,"key":"ColorlessPotion"},{"floor":23,"key":"SkillPotion"},{"floor":23,"key":"DistilledChaos"},{"floor":23,"key":"EssenceOfSteel"},{"floor":27,"key":"DuplicationPotion"},{"floor":29,"key":"Regen Potion"},{"floor":32,"key":"hexamod:EctoCoolerPotion"},{"floor":33,"key":"Slimebound:SlimyTonguePotion"},{"floor":36,"key":"Explosive Potion"},{"floor":37,"key":"LiquidMemories"},{"floor":40,"key":"hexamod:EctoCoolerPotion"},{"floor":46,"key":"Strength Potion"}],"is_trial":false,"path_per_floor":["R","M","?","?","T","R","T","E","$","E","?","E","R","?","M","B",null,"R","M","$","M","$","?","T","?","R","E","?","E","$","?","M","B",null,"R","M","M","?","$","M","T","R","?","?","$","M","B",null],"character_chosen":"SLIMEBOUND","items_purchased":["Slimebound:LeechEnergy+1","Slimebound:AcidTongue","Slimebound:AggressiveSlimeRelic","Slimebound:RollThrough+1","Ginger","CultistPotion","Slimebound:SpikyOuterGoop+1","Slimebound:PressTheAttack+1","Slimebound:TagTeam+1"],"campfire_rested":3,"item_purchase_floors":[9,9,20,20,22,30,30,30,39],"current_hp_per_floor":[66,59,59,59,59,59,59,43,45,49,49,55,66,50,58,43,78,78,72,78,78,58,44,44,44,67,51,51,43,43,43,56,68,82,82,49,40,40,40,42,42,66,66,66,66,64,22],"gold":41,"neow_bonus":"TEN_PERCENT_HP_BONUS","is_daily":false,"chose_seed":false,"campfire_upgraded":3,"win_rate":0.0,"timestamp":1609170701,"path_taken":["R","M","?","?","?","R","T","E","?","E","?","E","R","?","M","BOSS","R","M","$","M","$","?","T","?","R","E","?","E","?","?","M","BOSS","R","M","M","?","$","M","T","R","?","?","$","M","BOSS"],"items_purchased_type":["Card","Card","Relic","Card","Relic","Potion","Card","Card","Card"],"build_version":"2020-12-22","purchased_purges":1,"victory":true,"max_hp_per_floor":[66,66,66,66,66,66,66,66,66,66,66,66,66,70,78,78,78,78,78,78,78,78,78,78,78,78,78,78,78,78,78,78,82,82,82,82,82,82,82,82,82,82,82,82,82,82,82],"card_choices":[{"not_picked":["Slimebound:SplitAcid","Slimebound:ServeAndProtect"],"picked":"Slimebound:HungryTackle","floor":2},{"not_picked":["Slimebound:ServeAndProtect","Slimebound:OozeBath"],"picked":"Slimebound:LeechingTouch+1","floor":8},{"not_picked":["Slimebound:FinishingTackle+1","Slimebound:ViciousTackle+1"],"picked":"Slimebound:GoopSpray","floor":9},{"not_picked":["Slimebound:AcidTongue","Slimebound:Schlurp"],"picked":"Slimebound:GrowthPunch+1","floor":10},{"not_picked":["Slimebound:Replication","Slimebound:ProtectTheBoss"],"picked":"Slimebound:MassFeed+1","floor":12},{"not_picked":["Slimebound:SamplingLick","Slimebound:ComboTackle+1"],"picked":"Slimebound:SlimeTap","floor":14},{"not_picked":["Slimebound:SplitBruiser","Slimebound:GoopSpray"],"picked":"Slimebound:SlimeBarrage+1","floor":15},{"not_picked":["Slimebound:TagTeam+1","Slimebound:OozeBath"],"picked":"Slimebound:Darklings","floor":16},{"not_picked":["Slimebound:SamplingLick","Slimebound:ItLooksTasty+1"],"picked":"Slimebound:DivideAndConquer","floor":19},{"not_picked":["Slimebound:LevelUp+1","Slimebound:SlimeBrawl+1"],"picked":"Slimebound:Equalize+1","floor":20},{"not_picked":["Slimebound:MegaLick","Slimebound:LivingWall+1"],"picked":"Slimebound:ItLooksTasty+1","floor":21},{"not_picked":["Slimebound:LeechEnergy+1","Slimebound:SplitAcid"],"picked":"Slimebound:Recollect+1","floor":22},{"not_picked":["Slimebound:LeechingTouch+1","Slimebound:SplitBruiser"],"picked":"Slimebound:FlameTackle+1","floor":23},{"not_picked":["Slimebound:PrepareCrush","Slimebound:SamplingLick+1"],"picked":"Slimebound:Prepare","floor":27},{"not_picked":["Slimebound:MinionMaster+1","Slimebound:GoopTackle+1"],"picked":"Slimebound:DuplicatedForm+1","floor":29},{"not_picked":["Slimebound:ViciousTackle+1","Slimebound:RollThrough+1"],"picked":"Slimebound:SplitAcid+1","floor":32},{"not_picked":["Slimebound:DouseInSlime","Slimebound:PrepareCrush"],"picked":"Slimebound:OozeBath","floor":33},{"not_picked":["Slimebound:ServeAndProtect+1","Slimebound:SplitLeeching"],"picked":"Slimebound:LeechingTouch+1","floor":36},{"not_picked":["Slimebound:GoopSpray","Slimebound:SplitAcid+1"],"picked":"Slimebound:MegaLick","floor":37},{"not_picked":["expansioncontent:TimeRipple+1","expansioncontent:Collect+1"],"picked":"expansioncontent:Chronoboost+1","floor":38},{"not_picked":["Slimebound:SplitAcid+1","Slimebound:PrepareCrush"],"picked":"Slimebound:GrowthPunch+1","floor":40},{"not_picked":["Slimebound:FormOfPuddle+1","Slimebound:RollThrough+1"],"picked":"Slimebound:Repurpose","floor":46}],"player_experience":863110,"relics_obtained":[{"floor":5,"key":"Molten Egg 2"},{"floor":7,"key":"Juzu Bracelet"},{"floor":8,"key":"War Paint"},{"floor":10,"key":"Unceasing Top"},{"floor":12,"key":"Bag of Marbles"},{"floor":14,"key":"Smiling Mask"},{"floor":23,"key":"White Beast Statue"},{"floor":24,"key":"Toy Ornithopter"},{"floor":27,"key":"Calipers"},{"floor":27,"key":"Frozen Egg 2"},{"floor":29,"key":"Blood Vial"},{"floor":29,"key":"Omamori"}],"event_choices":[{"damage_healed":0,"gold_gain":0,"player_choice":"Ignored","damage_taken":0,"max_hp_gain":0,"max_hp_loss":0,"event_name":"Purifier","floor":28,"gold_loss":0},{"damage_healed":0,"gold_gain":0,"player_choice":"Stole Relic","damage_taken":0,"relics_obtained":["Kunai"],"max_hp_gain":0,"max_hp_loss":0,"event_name":"Addict","floor":31,"gold_loss":0,"cards_obtained":["Shame"]},{"cards_removed":["Slimebound:Overexert"],"damage_healed":0,"gold_gain":0,"player_choice":"Removed Power","damage_taken":0,"max_hp_gain":0,"max_hp_loss":0,"event_name":"Falling","floor":44,"gold_loss":0}],"is_beta":false,"boss_relics":[{"not_picked":["Coffee Dripper","Velvet Choker"],"picked":"Black Star"},{"not_picked":["Busted Crown","Astrolabe"],"picked":"Pandora\u0027s Box"}],"items_purged_floors":[9],"is_endless":false,"potions_floor_spawned":[2,14,15,16,21,27,29,32,33,36,37,40,46],"ascension_level":1}}