{"host":"6q94iy5iz6612v89","time":1609142306,"event":{"mods":["AchievementEnabler","BaseMod","Colored Map","DeckTracker","Keyboard Shortcuts","Minty Spire (QoL Compilation)","Permanent Neow","StSLib","SuperFastMode"],"gold_per_floor":[117,136,155,155,175,175,100,100,150,150,50,79,79,93,93,170,220,240,240,258,50,69,69,69,89,89,109,109,109],"floor_reached":28,"playtime":656,"items_purged":["Strike_B","Strike_B","Strike_B"],"score":440,"play_id":"916b6d56-b395-489d-8b47-c4b7924c2016","local_time":"20201228165826","is_ascension_mode":true,"campfire_choices":[{"data":"Barrage","floor":6.0,"key":"SMITH"},{"data":"Dualcast","floor":8.0,"key":"SMITH"},{"data":"Compile Driver","floor":10.0,"key":"SMITH"},{"data":"Undo","floor":15.0,"key":"SMITH"},{"floor":23.0,"key":"REST"}],"circlet_count":0,"master_deck":["AscendersBane","Defend_B+1","Defend_B","Defend_B","Defend_B","Zap+1","Dualcast+1","Cold Snap","Barrage+1","Coolheaded","Compile Driver+1","Undo+1","Sweeping Beam","Blizzard","Capacitor","Coolheaded+1"],"relics":["Cracked Core","Toy Ornithopter","Omamori","Regal Pillow","Tiny House","Toxic Egg 2"],"acts_visited":["Exordium","TheCity"],"potions_floor_usage":[25,25,28],"damage_taken":[{"damage":21.0,"enemies":"Small Slimes","floor":1.0,"turns":3.0},{"damage":5.0,"enemies":"Jaw Worm","floor":2.0,"turns":2.0},{"damage":1.0,"enemies":"Cultist","floor":3.0,"turns":3.0},{"damage":0.0,"enemies":"Looter","floor":5.0,"turns":3.0},{"damage":7.0,"enemies":"Gremlin Nob","floor":12.0,"turns":3.0},{"damage":8.0,"enemies":"Exordium Thugs","floor":14.0,"turns":4.0},{"damage":16.0,"enemies":"The Guardian","floor":16.0,"turns":13.0},{"damage":19.0,"enemies":"Shell Parasite","floor":18.0,"turns":5.0},{"damage":9.0,"enemies":"Chosen","floor":20.0,"turns":5.0},{"damage":13.0,"enemies":"Snecko","floor":22.0,"turns":7.0},{"damage":14,"enemies":"Centurion and Healer","floor":25,"turns":10},{"damage":14,"enemies":"Snake Plant","floor":27,"turns":5},{"damage":17,"enemies":"Shelled Parasite and Fungi","floor":28,"turns":3}],"seed_played":"-721565701060972153","potions_obtained":[{"floor":5.0,"key":"PotionOfCapacity"},{"floor":14.0,"key":"FairyPotion"},{"floor":17.0,"key":"Weak Potion"},{"floor":22.0,"key":"BlessingOfTheForge"},{"floor":27,"key":"Explosive Potion"}],"is_trial":false,"path_per_floor":["M","M","M","?","M","R","$","R","T","R","$","E","?","M","R","B",null,"M","?","M","$","M","R","$","M","T","M","M"],"character_chosen":"DEFECT","items_purchased":["Capacitor"],"campfire_rested":1,"item_purchase_floors":[21],"current_hp_per_floor":[43,38,37,30,30,30,30,30,30,30,30,28,23,15,15,21,64,45,23,14,14,1,40,40,36,36,22,10,10],"gold":109,"neow_bonus":"UPGRADE_CARD","is_daily":false,"chose_seed":false,"campfire_upgraded":4,"win_rate":0.0,"timestamp":1609142306,"path_taken":["M","M","M","?","M","R","$","R","T","R","?","E","?","M","R","BOSS","M","?","M","$","M","R","$","M","T","M","M"],"items_purchased_type":["Card"],"build_version":"2020-12-22","purchased_purges":3,"victory":false,"max_hp_per_floor":[71,71,71,71,71,71,71,71,71,71,71,71,71,71,71,71,76,76,81,81,81,81,81,81,81,81,81,81,81],"card_choices":[{"not_picked":["Barrage","Steam"],"picked":"Cold Snap","floor":1.0},{"not_picked":["Gash","Scrape"],"picked":"Barrage","floor":2.0},{"not_picked":["Sweeping Beam","Go for the Eyes"],"picked":"Coolheaded","floor":3.0},{"not_picked":["Scrape","Coolheaded"],"picked":"Compile Driver","floor":5.0},{"not_picked":["Multi-Cast","Hologram"],"picked":"Undo","floor":12.0},{"not_picked":["Turbo","Rebound","Gash"],"picked":"SKIP","floor":14.0},{"not_picked":["Go for the Eyes","Scrape"],"picked":"Sweeping Beam","floor":17.0},{"not_picked":["Sunder+1","Steam+1","Hello World+1"],"picked":"SKIP","floor":18.0},{"not_picked":["Redo","Turbo"],"picked":"Blizzard","floor":20.0},{"not_picked":["Rip and Tear","Conserve Battery"],"picked":"Coolheaded+1","floor":22.0},{"not_picked":["Fusion","Turbo","Doom and Gloom"],"picked":"SKIP","floor":25},{"not_picked":["Sweeping Beam","All For One","Ball Lightning"],"picked":"SKIP","floor":27}],"player_experience":1430530,"relics_obtained":[{"floor":9.0,"key":"Toy Ornithopter"},{"floor":12.0,"key":"Omamori"},{"floor":26,"key":"Toxic Egg 2"}],"event_choices":[{"cards_removed":["Strike_B"],"damage_healed":0.0,"max_hp_gain":0.0,"max_hp_loss":0.0,"gold_gain":0.0,"event_name":"Golden Wing","player_choice":"Card Removal","floor":4.0,"gold_loss":0.0,"damage_taken":7.0},{"damage_healed":0.0,"max_hp_gain":0.0,"max_hp_loss":0.0,"gold_gain":0.0,"event_name":"Scrap Ooze","player_choice":"Success","floor":13.0,"gold_loss":0.0,"damage_taken":5.0,"relics_obtained":["Regal Pillow"]},{"damage_healed":0.0,"max_hp_gain":5.0,"max_hp_loss":0.0,"gold_gain":0.0,"event_name":"Forgotten Altar","player_choice":"Shed Blood","floor":19.0,"gold_loss":0.0,"damage_taken":27.0}],"is_beta":false,"boss_relics":[{"not_picked":["Ectoplasm","Cursed Key"],"picked":"Tiny House"}],"items_purged_floors":[7,11,21],"is_endless":false,"potions_floor_spawned":[5,14,22,27],"killed_by":"Shelled Parasite and Fungi","ascension_level":20}}