{"host":"jg07b2bexsgdacfj","time":1609190024,"event":{"mods":["AchievementEnabler","Act Like it!","Aspiration","Astrologer","BaseMod","Better Third Choice","BetterRewards","Block Reminder","Challenge The Spire","ChefMod","Colored Map","Colored Powertips","Conspire","Dota2Spire","Duelist Mod","Elementarium","Energized Spire","Friendly Minions","GifTheSpireLib","Gold Saver","GungeonMod","Halation","Hero for Fun","Highlight Path","Hubris","Infinite Spire","Kratos Character Expansion","Menagerie","Minty Spire (QoL Compilation)","Nova Terra(??·??)","Permanent Neow","Pikachu Mod","Railgun Mod","Remove Card Discount Mod","Replay The Spire","SOS???????","Shade Mod","Shop Mod","Spicy Shops","Spikes Relics","StSLib","Stuff the Spire","Synergy Search","The Animator","The Blackbeard","The Blue Laboratory","The Caster","The Forsaken","The Gatherer","The Necromancer","The Servant 0.9.4","TheHero","Transform Curses","UnlockEverythingMod","vexMod"],"gold_per_floor":[151,4,4,20,20,20,39,58,129,104,121,137,137,151,151,247,247,260,277,277,277,277,277,277,312,312,324,344,359,359,378,378,476,476,493,508,60,60,70,70,86,86,110,36,36,36,46,46,46,46,46],"floor_reached":50,"playtime":3866,"items_purged":["Injury","chefmod:TonkotsuRamen","chefmod:Strike","chefmod:Strike"],"score":456,"play_id":"acd5ae33-c5ac-47f4-a9b7-ebf2cb644634","local_time":"20201228221344","is_ascension_mode":false,"campfire_choices":[{"data":"chefmod:TodaysSpecial","floor":6,"key":"SMITH"},{"data":"chefmod:BleedOut","floor":13,"key":"SMITH"},{"data":"chefmod:Canape","floor":15,"key":"SMITH"},{"data":"Menagerie:SagesJudgement","floor":23,"key":"SMITH"},{"data":"chefmod:Escargot","floor":32,"key":"SMITH"},{"data":"1","floor":40,"key":"LIFT"},{"data":"2","floor":42,"key":"LIFT"},{"data":"3","floor":49,"key":"LIFT"}],"circlet_count":0,"master_deck":["chefmod:Strike","chefmod:Strike","chefmod:Strike","chefmod:Defend","chefmod:Defend","chefmod:Defend","chefmod:QuickThaw","chefmod:TodaysSpecial+1","chefmod:SliceAndDice","Menagerie:SagesJudgement+1","chefmod:NewMenu","chefmod:BleedOut+1","chefmod:Granita","chefmod:Escargot+1","chefmod:Canape+1","chefmod:FullCourseMeal","chefmod:MonsterBait","chefmod:FireUp","infinitespire:Punishment+1","chefmod:Gelato","chefmod:SliceAndDice+1","chefmod:FryPan","chefmod:BaoBuns","chefmod:ColdSteel","chefmod:FullBurn+1","chefmod:Gelato+1","chefmod:SearedScallops","PlatinumSkin","infinitespire:Gouge","ReplayTheSpireMod:Black Plague","chefmod:FarmersMarket+1"],"relics":["chefmod:TrustyPot","aspiration:Nostalgia","SSS","chefmod:CookieJar","Matryoshka","Ancient Tea Set","Dota2Spire:Desolator","energizedSpire:DeadBattery","Sling","Oddly Smooth Stone","Vajra","DemoMod:Bottle","CosmicIsotope","Girya","Chemical X","halation:WeightlessCrab","Toy Ornithopter","conspire:SlowCooker","halation:KoshaPiece","hubris:SphereOfDissonance"],"acts_visited":["Exordium","TheCity","TheBeyond"],"potions_floor_usage":[25,25,29,33,33,50,50],"damage_taken":[{"damage":0,"enemies":"Menagerie:StygianBoar","floor":1,"turns":3},{"damage":9,"enemies":"Menagerie:MonstrousExperiment","floor":4,"turns":4},{"damage":3,"enemies":"Menagerie:2_RABBITS","floor":7,"turns":3},{"damage":6,"enemies":"Menagerie:BEAST_MAGE_AND_PROWLING_AMALGAM","floor":8,"turns":9},{"damage":3,"enemies":"Menagerie:RedMage","floor":11,"turns":5},{"damage":8,"enemies":"Menagerie:MeltingSalamander","floor":12,"turns":4},{"damage":6,"enemies":"Menagerie:BEAST_MAGE_AND_PROWLING_AMALGAM","floor":14,"turns":5},{"damage":29,"enemies":"Menagerie:Suneater","floor":16,"turns":6},{"damage":0,"enemies":"3 Byrds","floor":18,"turns":3},{"damage":6,"enemies":"2 Thieves","floor":19,"turns":4},{"damage":7,"enemies":"Nightmare","floor":25,"turns":3},{"damage":0,"enemies":"Snecko","floor":27,"turns":3},{"damage":8,"enemies":"Shelled Parasite and Fungi","floor":28,"turns":3},{"damage":0,"enemies":"Snake Plant","floor":29,"turns":2},{"damage":0,"enemies":"conspire:HollyBat","floor":31,"turns":6},{"damage":29,"enemies":"Champ","floor":33,"turns":5},{"damage":0,"enemies":"Orb Walker","floor":35,"turns":1},{"damage":29,"enemies":"3 Darklings","floor":36,"turns":9},{"damage":2,"enemies":"Jaw Worm Horde","floor":39,"turns":3},{"damage":0,"enemies":"4 Shapes","floor":41,"turns":2},{"damage":0,"enemies":"Spire Growth","floor":47,"turns":2},{"damage":132,"enemies":"LordOfAnnihilation","floor":50,"turns":13}],"seed_played":"-946591612685058006","potions_obtained":[{"floor":11,"key":"blueLaboratory:CorrosionFlask"},{"floor":14,"key":"blueLaboratory:BottledHope"},{"floor":16,"key":"blueLaboratory:LouseDecoction"},{"floor":18,"key":"Reflective Coating"},{"floor":29,"key":"FearPotion"},{"floor":31,"key":"DistilledChaos"},{"floor":36,"key":"Dota2Spire:HealingSalve"},{"floor":41,"key":"ColorlessPotion"}],"is_trial":false,"path_per_floor":["M","$","?","M","?","R","M","M","T","?","M","M","R","M","R_BF","B",null,"M","M","AVR","?","?","R","?","NM","T","M","M","M","?","M","R","B",null,"M","M","$","T","M","R","M","R","T","$","?","AVR","M","?","R_BF","B"],"character_chosen":"THE_CHEF","items_purchased":["chefmod:CookieJar","Girya","Chemical X","chefmod:SearedScallops"],"campfire_rested":0,"item_purchase_floors":[2,37,37,44],"current_hp_per_floor":[76,76,76,67,62,62,59,53,53,53,50,42,42,36,36,7,76,76,70,70,70,70,70,70,63,63,63,55,55,55,61,61,32,76,76,47,47,47,45,45,45,45,45,45,45,45,45,45,45,0,0],"gold":46,"neow_bonus":"NOSTALGIA","is_daily":false,"chose_seed":false,"campfire_upgraded":5,"win_rate":0.0,"timestamp":1609190024,"path_taken":["M","$","?","M","?","R","M","M","T","?","?","M","R","M","R_BF","BOSS","M","M","AVR","?","?","R","?","NM","T","M","?","?","?","M","R","BOSS","M","M","$","?","M","R","M","R","T","$","?","AVR","M","?","R_BF","BOSS"],"items_purchased_type":["Relic","Relic","Relic","Card"],"build_version":"2020-12-22","purchased_purges":4,"victory":false,"max_hp_per_floor":[76,76,76,76,76,76,76,76,76,76,76,76,76,76,76,76,76,76,76,76,76,76,76,76,76,76,76,76,76,76,76,76,76,76,76,76,76,76,76,76,76,76,76,76,76,76,76,76,76,76,76],"card_choices":[{"not_picked":["chefmod:FireUp","chefmod:Puree"],"picked":"chefmod:TonkotsuRamen","floor":1},{"not_picked":["chefmod:Sorbet","chefmod:HotSoup"],"picked":"chefmod:SliceAndDice","floor":4},{"not_picked":["chefmod:Granita","chefmod:Sorbet"],"picked":"chefmod:NewMenu","floor":7},{"not_picked":["chefmod:Ratatouille","chefmod:CuttingBoard"],"picked":"chefmod:BleedOut","floor":8},{"not_picked":["chefmod:NoSoupForYou","chefmod:DinoKale"],"picked":"chefmod:Granita","floor":11},{"not_picked":["chefmod:QuickChop","chefmod:Bruschetta"],"picked":"chefmod:Escargot","floor":12},{"not_picked":["chefmod:Sorbet","chefmod:Chop"],"picked":"chefmod:Canape","floor":14},{"not_picked":["chefmod:PrepCook","chefmod:Canape"],"picked":"chefmod:FullCourseMeal","floor":16},{"not_picked":["chefmod:OldCookbook","chefmod:QuickChop"],"picked":"chefmod:MonsterBait","floor":18},{"not_picked":["chefmod:SliceAndDice","chefmod:ZaruSoba"],"picked":"chefmod:FireUp","floor":19},{"not_picked":["chefmod:Fillet","chefmod:IcePick"],"picked":"chefmod:Gelato","floor":25},{"not_picked":["chefmod:DinoKale","chefmod:Defrost"],"picked":"chefmod:SliceAndDice+1","floor":27},{"not_picked":["chefmod:SliceAndDice","chefmod:DinoKale","chefmod:BleedOut"],"picked":"SKIP","floor":28},{"not_picked":["chefmod:CuttingBoard+1","chefmod:Omelette"],"picked":"chefmod:FryPan","floor":29},{"not_picked":["chefmod:TwoForOne","chefmod:Chop"],"picked":"chefmod:BaoBuns","floor":31},{"not_picked":["chefmod:Gelato+1","chefmod:QuickChop+1"],"picked":"chefmod:ColdSteel","floor":35},{"not_picked":["chefmod:Omelette+1","chefmod:DinoKale","chefmod:IcePick"],"picked":"SKIP","floor":36},{"not_picked":["chefmod:CuttingBoard","chefmod:IcePick+1"],"picked":"chefmod:FullBurn+1","floor":39},{"not_picked":["chefmod:OldCookbook","chefmod:Omelette+1"],"picked":"chefmod:Gelato+1","floor":41},{"not_picked":["Panache","Blind"],"picked":"PlatinumSkin","floor":45},{"not_picked":["chefmod:BaoBuns+1","chefmod:FullCourseMeal"],"picked":"chefmod:FarmersMarket+1","floor":47}],"player_experience":331472,"relics_obtained":[{"floor":9,"key":"Ancient Tea Set"},{"floor":9,"key":"Dota2Spire:Desolator"},{"floor":25,"key":"Oddly Smooth Stone"},{"floor":26,"key":"Vajra"},{"floor":26,"key":"DemoMod:Bottle"},{"floor":38,"key":"halation:WeightlessCrab"},{"floor":43,"key":"Toy Ornithopter"},{"floor":48,"key":"hubris:SphereOfDissonance"}],"event_choices":[{"damage_healed":0,"gold_gain":0,"player_choice":"Lion","damage_taken":0,"relics_obtained":["Matryoshka"],"max_hp_gain":0,"max_hp_loss":0,"event_name":"Menagerie:ThreeAnimals","floor":3,"gold_loss":0,"cards_obtained":["Injury"]},{"damage_healed":0,"gold_gain":0,"player_choice":"Help the mage","damage_taken":5,"max_hp_gain":0,"max_hp_loss":0,"event_name":"Menagerie:MageAndMonster","floor":5,"gold_loss":0,"cards_obtained":["Menagerie:SagesJudgement"]},{"damage_healed":0,"gold_gain":0,"player_choice":"0 cards matched","damage_taken":0,"max_hp_gain":0,"max_hp_loss":0,"event_name":"Match and Keep!","floor":24,"gold_loss":0,"cards_obtained":[]},{"damage_healed":0,"gold_gain":0,"player_choice":"Upgraded","damage_taken":0,"max_hp_gain":0,"max_hp_loss":0,"event_name":"Upgrade Shrine","floor":30,"gold_loss":0,"cards_upgraded":["infinitespire:Punishment"]},{"damage_healed":0,"gold_gain":0,"player_choice":"Memory 1","damage_taken":0,"max_hp_gain":0,"max_hp_loss":0,"event_name":"SensoryStone","floor":45,"gold_loss":0},{"damage_healed":0,"gold_gain":0,"player_choice":"Relic","damage_taken":0,"max_hp_gain":0,"max_hp_loss":0,"event_name":"Wheel of Change","floor":48,"gold_loss":0}],"is_beta":false,"boss_relics":[{"not_picked":["energizedSpire:OgreHead","halation:CatFaceCupcake"],"picked":"energizedSpire:DeadBattery"},{"not_picked":["Sozu","hubris:ScarierMask"],"picked":"CosmicIsotope"}],"items_purged_floors":[37,37,37,37],"is_endless":true,"potions_floor_spawned":[11,14,16,18,19,29,31,36,41],"killed_by":"LordOfAnnihilation","ascension_level":0}}