{"host":"r08w9btqjcv5uh42","time":1609157707,"event":{"mods":["Aspiration","BaseMod","Better Third Choice","Colored Map","Colored Powertips","DeckTracker","Highlight Path","Hubris","Infinite Spire","Minty Spire (QoL Compilation)","Quick Restart","Random Character Button","Relic Sorter","Replay The Spire","StSLib","SuperFastMode","Synergy Search","The Cursed","The Disciple","The Jungle","The Runesmith"],"gold_per_floor":[119,119,21,41,41,41,66,66,66,66,86,106,133,133,133,228,228,246,259,259,409,419,319,332,332,332,332,359,359,359,373,373,472,472,482,482,482],"floor_reached":36,"playtime":1255,"items_purged":["Regret","Defend_R"],"score":390,"play_id":"67d2dbf4-fe2d-42c1-919b-8830adb1dbf4","local_time":"20201228141507","is_ascension_mode":false,"campfire_choices":[{"data":"Armaments","floor":6,"key":"SMITH"},{"floor":8,"key":"REST"},{"data":"Carnage","floor":10,"key":"SMITH"},{"floor":15,"key":"REST"},{"data":"Flex","floor":25,"key":"SMITH"},{"floor":27,"key":"REST"},{"data":"Flex","floor":30,"key":"SMITH"},{"floor":32,"key":"REST"}],"circlet_count":0,"master_deck":["Strike_R","Strike_R","Strike_R","Strike_R","Strike_R","Defend_R","Defend_R","Bash","Heavy Blade","Heavy Blade","Armaments+1","Carnage+1","Cleave","infinitespire:Menacing","Limit Break","Thunderclap+1","True Grit+1","Flex+1","Flex+1","Bludgeon","Heavy Blade","Impervious","Shrug It Off+1"],"relics":["Burning Blood","Gambling Chip","infinitespire:Broken Mirror","Juzu Bracelet","hubris:MysteriousPyramids","Sundial","hubris:RunicObelisk","Runesmith:Nanobots","Dream Catcher","aspiration:RitualDagger"],"acts_visited":["Exordium","Exordium","TheBeyond"],"potions_floor_usage":[16,16,20,28,31,33,33],"damage_taken":[{"damage":6,"enemies":"2 Louse","floor":1,"turns":4},{"damage":1,"enemies":"Cultist","floor":4,"turns":3},{"damage":43,"enemies":"Gremlin Nob","floor":7,"turns":5},{"damage":9,"enemies":"infinitespire:Voidling","floor":11,"turns":3},{"damage":2,"enemies":"Exordium Wildlife","floor":12,"turns":4},{"damage":19,"enemies":"Replay:BlueRogue","floor":13,"turns":7},{"damage":13,"enemies":"Slime Boss","floor":16,"turns":9},{"damage":14,"enemies":"theJungle:MUSHROOMGANG","floor":18,"turns":4},{"damage":0,"enemies":"Shell Parasite","floor":19,"turns":4},{"damage":22,"enemies":"theJungle:2_Snecko_Cultists","floor":22,"turns":4},{"damage":26,"enemies":"theJungle:JungleHuntersEncounter","floor":24,"turns":5},{"damage":20,"enemies":"theJungle:Cassacara","floor":28,"turns":4},{"damage":25,"enemies":"theJungle:2_Flameangoes","floor":31,"turns":3},{"damage":37,"enemies":"theJungle:FunGuy","floor":33,"turns":7},{"damage":76,"enemies":"3 Darklings","floor":35,"turns":7},{"damage":95,"enemies":"2 Orb Walkers","floor":36,"turns":5}],"seed_played":"-88078090307412503","potions_obtained":[{"floor":4,"key":"GamblersBrew"},{"floor":11,"key":"FearPotion"},{"floor":13,"key":"Explosive Potion"},{"floor":16,"key":"EntropicBrew"},{"floor":22,"key":"BloodPotion"},{"floor":31,"key":"Regen Potion"},{"floor":33,"key":"Weak Potion"},{"floor":35,"key":"LiquidMemories"}],"is_trial":false,"path_per_floor":["M","?","$","M","$","R","E","R","T","R","M","M","E","?","R","B",null,"M","M","?","?","M","$","M","R","T","R","E","?","R","M","R","B",null,"M","?"],"character_chosen":"IRONCLAD","items_purchased":["Heavy Blade"],"campfire_rested":4,"item_purchase_floors":[3],"current_hp_per_floor":[72,72,72,72,72,72,35,56,56,56,53,57,44,26,47,40,72,64,70,70,70,54,54,34,34,34,55,41,31,31,26,47,30,72,72,0,0],"gold":482,"neow_bonus":"ONE_RARE_RELIC","is_daily":false,"chose_seed":false,"campfire_upgraded":4,"win_rate":0.0,"timestamp":1609157707,"path_taken":["M","?","?","M","$","R","E","R","T","R","M","M","E","?","R","BOSS","M","M","?","?","M","?","M","R","T","R","E","?","R","M","R","BOSS","M","?"],"items_purchased_type":["Card"],"build_version":"2020-12-22","purchased_purges":2,"victory":false,"max_hp_per_floor":[72,72,72,72,72,72,72,72,72,72,72,72,72,72,72,72,72,72,72,72,72,72,72,72,72,72,72,72,72,72,72,72,72,72,72,72,72],"card_choices":[{"not_picked":["Cleave","Rupture"],"picked":"Heavy Blade","floor":1},{"not_picked":["Clothesline","ReplayTheSpireMod:Strike From Hell"],"picked":"Armaments","floor":4},{"not_picked":["Pummel","Massacre"],"picked":"Carnage","floor":7},{"not_picked":["Rupture","Thunderclap"],"picked":"Cleave","floor":11},{"not_picked":["Clothesline","Rupture","Reckless Charge"],"picked":"SKIP","floor":12},{"not_picked":["Dark Embrace","Perfected Strike","Shrug It Off"],"picked":"SKIP","floor":13},{"not_picked":["infinitespire:TheBestDefense","infinitespire:SealOfDarkness+"],"picked":"infinitespire:Menacing","floor":14},{"not_picked":["Impervious","hubris:StunningStrike"],"picked":"Limit Break","floor":16},{"not_picked":["Armaments","Burning Pact"],"picked":"Thunderclap+1","floor":18},{"not_picked":["ReplayTheSpireMod:Corrosion Curse","Iron Wave"],"picked":"True Grit+1","floor":19},{"not_picked":["ReplayTheSpireMod:Limb From Limb","Infernal Blade"],"picked":"Flex","floor":22},{"not_picked":["Sentinel","Thunderclap"],"picked":"Flex","floor":24},{"not_picked":["Havoc","Offering"],"picked":"Bludgeon","floor":28},{"not_picked":["Perfected Strike","Disarm"],"picked":"Heavy Blade","floor":31},{"not_picked":["Bludgeon","Hemogenesis"],"picked":"Impervious","floor":33},{"not_picked":["ReplayTheSpireMod:Strike From Hell","Clothesline+1"],"picked":"Shrug It Off+1","floor":35}],"player_experience":96478,"relics_obtained":[{"floor":7,"key":"Juzu Bracelet"},{"floor":9,"key":"hubris:MysteriousPyramids"},{"floor":13,"key":"Sundial"},{"floor":26,"key":"Runesmith:Nanobots"},{"floor":28,"key":"Dream Catcher"}],"event_choices":[{"damage_healed":0,"gold_gain":0,"player_choice":"Box","damage_taken":0,"relics_obtained":["infinitespire:Broken Mirror"],"max_hp_gain":0,"max_hp_loss":0,"event_name":"Big Fish","floor":2,"gold_loss":0,"cards_obtained":["Regret"]},{"damage_healed":0,"gold_gain":0,"player_choice":"Fight","damage_taken":0,"max_hp_gain":0,"max_hp_loss":0,"event_name":"Mysterious Sphere","floor":36,"gold_loss":0}],"is_beta":false,"boss_relics":[{"not_picked":["Snecko Eye","Replay:Bronze Core"],"picked":"hubris:RunicObelisk"},{"not_picked":["Tiny House","aspiration:DefectSkillbook"],"picked":"aspiration:RitualDagger"}],"items_purged_floors":[3,23],"is_endless":false,"potions_floor_spawned":[4,11,13,16,22,31,33,35],"killed_by":"2 Orb Walkers","ascension_level":0}}