{"host":"xkmvu47k9fdstweo","time":1609180506,"event":{"mods":["BaseMod","Colored Map","Conspire","Hubris","Minty Spire (QoL Compilation)","Quick Restart","Railgun Mod","Shop Mod","StSLib","The Alterego","The Servant 0.9.4","The Wild Card","TheBandit","WarShipGirlsR/??è≠èóR mod","vexMod"],"gold_per_floor":[115,131,91,110,29,56,56,90,115,81,108,108,135,155,155,253,253,263,282,282,301,319,346,346,379,379,399,399,71,84,98,98,201,201,221,68,116,153,167,167,182,182,261,110,160,177,177,177,177],"floor_reached":50,"playtime":1518,"items_purged":[],"score":815,"play_id":"acdfda43-42f6-4162-ba7e-8adf94203b73","local_time":"20201228133506","is_ascension_mode":true,"campfire_choices":[{"data":"conspire:Charge","floor":7.0,"key":"SMITH"},{"data":"Metallicize","floor":15.0,"key":"SMITH"},{"floor":24.0,"key":"REST"},{"data":"Inflame","floor":32.0,"key":"SMITH"},{"data":"hubris:StunningStrike","floor":40.0,"key":"SMITH"},{"floor":42.0,"key":"REST"},{"floor":49.0,"key":"REST"}],"circlet_count":0,"master_deck":["AscendersBane","Strike_R","Strike_R","Strike_R","Strike_R","Strike_R","Defend_R+1","Defend_R","Defend_R","Defend_R","Bash+1","Twin Strike","Feed","Armaments+1","conspire:Charge+1","Shrug It Off","Immolate","Intimidate","Metallicize+1","Reaper","Ghostly Armor+1","Reckless Charge+1","Fire Breathing","Offering","Inflame+1","hubris:StunningStrike+1","Clothesline+1","Metallicize","Dropkick","conspire:ExplosiveBarrier+1","True Grit+1","Rage+1","Thunderclap+1"],"relics":["Burning Blood","War Paint","conspire:Boomerang","hubris:OldNail","vexMod:MemoryStick","vexMod:Dragonfruit","SlaversCollar","CultistMask","Tiny Chest","Unceasing Top","Happy Flower","alterego_mod:SomeoneToFightFor","Thread and Needle","Philosopher\u0027s Stone","Oddly Smooth Stone","Toxic Egg 2","White Beast Statue","hubris:HerbalPaste","hubris:Teleporter"],"acts_visited":["Exordium","TheCity","TheBeyond"],"potions_floor_usage":[],"damage_taken":[{"damage":0.0,"enemies":"Small Slimes","floor":1.0,"turns":3.0},{"damage":6.0,"enemies":"conspire:RoseBush","floor":2.0,"turns":3.0},{"damage":9.0,"enemies":"Cultist","floor":4.0,"turns":5.0},{"damage":30.0,"enemies":"Lagavulin","floor":6.0,"turns":6.0},{"damage":28.0,"enemies":"Gremlin Nob","floor":8.0,"turns":4.0},{"damage":25.0,"enemies":"3 Sentries","floor":11.0,"turns":5.0},{"damage":10.0,"enemies":"Gremlin Nob","floor":13.0,"turns":4.0},{"damage":0.0,"enemies":"Lots of Slimes","floor":14.0,"turns":1.0},{"damage":18.0,"enemies":"The Guardian","floor":16.0,"turns":10.0},{"damage":30.0,"enemies":"3 Byrds","floor":18.0,"turns":5.0},{"damage":23.0,"enemies":"Shell Parasite","floor":19.0,"turns":7.0},{"damage":0.0,"enemies":"Centurion and Healer","floor":21.0,"turns":5.0},{"damage":18.0,"enemies":"Snecko","floor":22.0,"turns":6.0},{"damage":38.0,"enemies":"Gremlin Leader","floor":23.0,"turns":7.0},{"damage":30.0,"enemies":"Book of Stabbing","floor":25.0,"turns":4.0},{"damage":6.0,"enemies":"3 Cultists","floor":27.0,"turns":4.0},{"damage":25.0,"enemies":"Shelled Parasite and Fungi","floor":30.0,"turns":4.0},{"damage":6.0,"enemies":"conspire:HollyBat","floor":31.0,"turns":8.0},{"damage":40.0,"enemies":"Collector","floor":33.0,"turns":11.0},{"damage":14.0,"enemies":"Orb Walker","floor":35.0,"turns":4.0},{"damage":40.0,"enemies":"conspire:MimicChest","floor":38.0,"turns":8.0},{"damage":32.0,"enemies":"3 Darklings","floor":39.0,"turns":7.0},{"damage":45.0,"enemies":"Transient","floor":41.0,"turns":5.0},{"damage":0.0,"enemies":"Mind Bloom Boss Battle","floor":45.0,"turns":5.0},{"damage":33.0,"enemies":"Writhing Mass","floor":47.0,"turns":9.0},{"damage":0,"enemies":"Time Eater","floor":50,"turns":1}],"seed_played":"8492932760082107583","potions_obtained":[{"floor":6.0,"key":"SteroidPotion"},{"floor":8.0,"key":"Strength Potion"},{"floor":16.0,"key":"Energy Potion"},{"floor":19.0,"key":"Weak Potion"},{"floor":21.0,"key":"EssenceOfSteel"},{"floor":23.0,"key":"BloodPotion"},{"floor":27.0,"key":"Swift Potion"},{"floor":38.0,"key":"SpeedPotion"},{"floor":45.0,"key":"BloodPotion"},{"floor":47.0,"key":"FearPotion"}],"is_trial":false,"path_per_floor":["M","M","?","M","$","E","R","E","T","?","E","?","E","M","R","B",null,"M","M","?","M","M","E","R","E","T","M","?","$","M","M","R","B",null,"M","$","T","?","M","R","M","R","T","$","?","M","R","B"],"character_chosen":"IRONCLAD","items_purchased":["conspire:Charge","Thread and Needle","Inflame","Metallicize","Dropkick","hubris:HerbalPaste"],"campfire_rested":3,"item_purchase_floors":[5,29,29,36,36,44],"current_hp_per_floor":[78,78,78,78,78,54,54,32,32,32,16,24,25,31,31,22,76,55,42,42,51,48,22,54,33,33,33,33,33,59,62,62,28,94,94,94,94,70,73,73,34,68,68,68,80,59,93,93,93],"gold":177,"neow_bonus":"UPGRADE_CARD","is_daily":false,"chose_seed":false,"campfire_upgraded":4,"win_rate":0.0,"timestamp":1609180506,"path_taken":["M","M","?","?","$","E","R","E","T","?","E","?","E","M","R","BOSS","M","M","?","?","?","E","R","E","T","?","?","?","M","M","R","BOSS","M","$","?","?","?","R","M","R","T","$","?","M","R","BOSS"],"items_purchased_type":["Card","Relic","Card","Card","Card","Relic"],"build_version":"2020-12-22","purchased_purges":0,"victory":false,"max_hp_per_floor":[80,80,80,83,83,83,83,83,83,83,86,86,91,91,91,94,94,97,101,101,104,107,107,107,110,110,110,110,110,113,116,116,116,116,116,116,116,116,116,116,116,116,116,116,116,116,116,116,116],"card_choices":[{"not_picked":["Wild Strike","Clothesline"],"picked":"Twin Strike","floor":1.0},{"not_picked":["Combust","Clash","Heavy Blade"],"picked":"SKIP","floor":2.0},{"not_picked":[],"picked":"Feed","floor":3.0},{"not_picked":["Iron Wave","Thunderclap"],"picked":"Armaments","floor":4.0},{"not_picked":["Perfected Strike","Sword Boomerang"],"picked":"Shrug It Off","floor":6.0},{"not_picked":["Heavy Blade","Berserk","Perfected Strike"],"picked":"SKIP","floor":8.0},{"not_picked":["Second Wind","hubris:CleavingFinish"],"picked":"Immolate","floor":11.0},{"not_picked":["Wild Strike","Cleave"],"picked":"Intimidate","floor":13.0},{"not_picked":["Anger","Wild Strike"],"picked":"Metallicize","floor":14.0},{"not_picked":["Offering","Brutality"],"picked":"Reaper","floor":16.0},{"not_picked":["Thunderclap","Perfected Strike"],"picked":"Ghostly Armor+1","floor":18.0},{"not_picked":["Sword Boomerang","Cleave+1"],"picked":"Reckless Charge+1","floor":19.0},{"not_picked":["Ghostly Armor+1","True Grit"],"picked":"Fire Breathing","floor":21.0},{"not_picked":["hubris:CleavingFinish","Hemokinesis","Pommel Strike"],"picked":"SKIP","floor":22.0},{"not_picked":["Iron Wave","Clash","Uppercut"],"picked":"SKIP","floor":23.0},{"not_picked":["Exhume","conspire:ExplosiveBarrier"],"picked":"Offering","floor":25.0},{"not_picked":["Blood for Blood","conspire:Charge","Warcry"],"picked":"SKIP","floor":27.0},{"not_picked":["Sword Boomerang+1","Iron Wave","Body Slam"],"picked":"SKIP","floor":30.0},{"not_picked":["Rage","Sentinel+1","Body Slam"],"picked":"SKIP","floor":31.0},{"not_picked":["Brutality","conspire:HitWhereItHurts"],"picked":"hubris:StunningStrike","floor":33.0},{"not_picked":["hubris:SharpeningStone","True Grit"],"picked":"Clothesline+1","floor":35.0},{"not_picked":["Perfected Strike","Carnage+1"],"picked":"conspire:ExplosiveBarrier+1","floor":38.0},{"not_picked":["Feel No Pain","Perfected Strike+1"],"picked":"True Grit+1","floor":39.0},{"not_picked":["Perfected Strike+1","Clothesline+1"],"picked":"Rage+1","floor":41.0},{"not_picked":["Bloodletting+1","Warcry+1"],"picked":"Thunderclap+1","floor":47.0}],"player_experience":344702,"relics_obtained":[{"floor":6.0,"key":"War Paint"},{"floor":8.0,"key":"conspire:Boomerang"},{"floor":9.0,"key":"hubris:OldNail"},{"floor":11.0,"key":"vexMod:MemoryStick"},{"floor":13.0,"key":"vexMod:Dragonfruit"},{"floor":23.0,"key":"Tiny Chest"},{"floor":25.0,"key":"Unceasing Top"},{"floor":26.0,"key":"Happy Flower"},{"floor":37.0,"key":"Oddly Smooth Stone"},{"floor":38.0,"key":"Toxic Egg 2"},{"floor":43.0,"key":"White Beast Statue"},{"floor":45.0,"key":"hubris:Teleporter"}],"event_choices":[{"damage_healed":0.0,"max_hp_gain":0.0,"max_hp_loss":0.0,"gold_gain":0.0,"event_name":"World of Goop","player_choice":"Left Gold","floor":10.0,"gold_loss":34.0,"damage_taken":0.0},{"damage_healed":0.0,"max_hp_gain":0.0,"max_hp_loss":0.0,"gold_gain":0.0,"event_name":"FaceTrader","player_choice":"Trade","floor":20.0,"gold_loss":0.0,"damage_taken":0.0,"relics_obtained":["CultistMask"]},{"damage_healed":0.0,"max_hp_gain":0.0,"max_hp_loss":0.0,"gold_gain":0.0,"event_name":"Secret Garden","player_choice":"Choice 2","floor":28.0,"gold_loss":0.0,"damage_taken":0.0,"relics_obtained":["alterego_mod:SomeoneToFightFor"]},{"damage_healed":0.0,"max_hp_gain":0.0,"max_hp_loss":0.0,"gold_gain":0.0,"event_name":"MindBloom","player_choice":"Fight","floor":45.0,"gold_loss":0.0,"damage_taken":0.0}],"is_beta":false,"boss_relics":[{"not_picked":["Empty Cage","vexMod:MegatonBomb"],"picked":"SlaversCollar"},{"not_picked":["SacredBark","Astrolabe"],"picked":"Philosopher\u0027s Stone"}],"items_purged_floors":[],"is_endless":false,"potions_floor_spawned":[6,8,16,19,21,23,27,38,45,47],"killed_by":"Time Eater","ascension_level":10}}