{"host":"6xsbn6ynqlzwllfm","time":1609162680,"event":{"mods":["2.2 Compatiblity","BaseMod","Bestiary","Colored Map","Colored Powertips","Curses Come First","Highlight Path","Keyboard Shortcuts","Minty Spire (QoL Compilation)","Quick Restart","Relic Stats","Slay the Relics Exporter","StSLib","SuperFastMode"],"gold_per_floor":[110,122,33,108,120,154,154,154,154],"floor_reached":8,"playtime":226,"items_purged":[],"score":112,"play_id":"2edff293-8a69-46cd-b8ca-01b3f9bb0aca","local_time":"20201228083800","is_ascension_mode":true,"campfire_choices":[],"circlet_count":0,"master_deck":["AscendersBane","Strike_R","Strike_R","Strike_R","Strike_R","Defend_R","Defend_R","Defend_R","Defend_R","Bash","Armaments","Twin Strike","Purity","Ghostly Armor","Immolate"],"relics":["Cursed Key","Self Forming Clay"],"acts_visited":["Exordium"],"potions_floor_usage":[6],"damage_taken":[{"damage":0.0,"enemies":"2 Louse","floor":1.0,"turns":4.0},{"damage":2,"enemies":"Jaw Worm","floor":2,"turns":4},{"damage":0,"enemies":"Cultist","floor":5,"turns":4},{"damage":32,"enemies":"Lagavulin","floor":6,"turns":8},{"damage":23,"enemies":"Gremlin Nob","floor":8,"turns":3}],"seed_played":"3587577486994179993","potions_obtained":[{"floor":1.0,"key":"FearPotion"}],"is_trial":false,"path_per_floor":["M","M","$","?","M","E","?","E"],"character_chosen":"IRONCLAD","items_purchased":["Purity"],"campfire_rested":0,"item_purchase_floors":[3],"current_hp_per_floor":[68,66,66,55,55,23,23,0,0],"gold":154,"neow_bonus":"BOSS_RELIC","is_daily":false,"chose_seed":false,"campfire_upgraded":0,"win_rate":0.0,"timestamp":1609162680,"path_taken":["M","M","$","?","M","E","?","E"],"items_purchased_type":["Card"],"build_version":"2020-12-22","purchased_purges":0,"victory":false,"max_hp_per_floor":[75,75,75,75,75,75,75,75,75],"relic_stats":{"counters":[5,23],"Self Forming Clay":[3],"Cursed Key":0,"obtain_stats":[{"Self Forming Clay":6,"Cursed Key":0,"Burning Blood":0},{"Self Forming Clay":4,"Cursed Key":0,"Burning Blood":0},{"Self Forming Clay":20,"Cursed Key":0,"Burning Blood":0}]},"card_choices":[{"not_picked":["Flex","Perfected Strike"],"picked":"Armaments","floor":1.0},{"not_picked":["Dual Wield","Anger"],"picked":"Twin Strike","floor":2},{"not_picked":["Armaments","Sword Boomerang"],"picked":"Ghostly Armor","floor":5},{"not_picked":["Body Slam","Sword Boomerang"],"picked":"Immolate","floor":6}],"player_experience":1061770,"relics_obtained":[{"floor":6,"key":"Self Forming Clay"}],"event_choices":[{"damage_healed":0,"gold_gain":75,"player_choice":"Gather Gold","damage_taken":11,"max_hp_gain":0,"max_hp_loss":0,"event_name":"World of Goop","floor":4,"gold_loss":0},{"cards_removed":["Strike_R"],"damage_healed":0,"gold_gain":0,"player_choice":"Card Removal","damage_taken":0,"max_hp_gain":0,"max_hp_loss":0,"event_name":"Wheel of Change","floor":7,"gold_loss":0}],"is_beta":false,"boss_relics":[],"items_purged_floors":[],"is_endless":false,"potions_floor_spawned":[1],"killed_by":"Gremlin Nob","ascension_level":20}}