{"host":"xcuflocadasoaqda","time":1609126708,"event":{"mods":["BaseMod","Bestiary","Filter the Spire","Minty Spire (QoL Compilation)","Relic Stats"],"gold_per_floor":[111,111,15,32,32,32,72,102,126,51,51,76,76,107,107,198,198,221,221,221,244,244,144,167,42,90,90,128,128,168,193,193,284,284,302,316,149,208,208,252,102,137,137,137,175,175,200,200,200,200,200,200,200,25,59,59],"floor_reached":57,"playtime":2679,"items_purged":["Heavy Blade","Whirlwind","Dropkick","Thunderclap","Body Slam+1"],"score":3160,"play_id":"0e444e7a-dfdb-49c4-9199-e0fe9148d532","local_time":"20201227213828","is_ascension_mode":true,"campfire_choices":[{"data":"Dual Wield","floor":6.0,"key":"SMITH"},{"data":"Fiend Fire","floor":11.0,"key":"SMITH"},{"data":"Flash of Steel","floor":15.0,"key":"SMITH"},{"floor":29.0,"key":"REST"},{"data":"Feel No Pain","floor":32.0,"key":"SMITH"},{"floor":44,"key":"RECALL"},{"floor":46,"key":"REST"},{"data":"Disarm","floor":49,"key":"SMITH"},{"data":"Barricade","floor":53,"key":"SMITH"}],"circlet_count":0,"master_deck":["AscendersBane","Sentinel","Dual Wield+1","Flash of Steel+1","Fiend Fire+1","Barricade+1","Flash of Steel+1","Feel No Pain+1","Disarm+1","Dark Embrace+1","Rage+1","Flame Barrier+1"],"relics":["Pandora\u0027s Box","Golden Idol","Letter Opener","Oddly Smooth Stone","Bag of Marbles","Darkstone Periapt","Runic Pyramid","Toy Ornithopter","Tiny Chest","Art of War","Astrolabe","TheAbacus","Charon\u0027s Ashes","Turnip","Pantograph","CeramicFish","Gremlin Horn","Anchor"],"acts_visited":["Exordium","TheCity","TheBeyond","TheEnding"],"potions_floor_usage":[55,56,56],"damage_taken":[{"damage":10.0,"enemies":"Small Slimes","floor":1.0,"turns":2.0},{"damage":0.0,"enemies":"2 Louse","floor":4.0,"turns":1.0},{"damage":8.0,"enemies":"Gremlin Nob","floor":7.0,"turns":3.0},{"damage":0.0,"enemies":"Jaw Worm","floor":12.0,"turns":1.0},{"damage":0.0,"enemies":"3 Sentries","floor":14.0,"turns":1.0},{"damage":12.0,"enemies":"Slime Boss","floor":16.0,"turns":3.0},{"damage":15.0,"enemies":"Shell Parasite","floor":18.0,"turns":2.0},{"damage":16.0,"enemies":"2 Thieves","floor":21.0,"turns":2.0},{"damage":0.0,"enemies":"Snecko","floor":24.0,"turns":2.0},{"damage":31.0,"enemies":"Book of Stabbing","floor":28.0,"turns":3.0},{"damage":0.0,"enemies":"Gremlin Leader","floor":30.0,"turns":3.0},{"damage":0.0,"enemies":"Cultist and Chosen","floor":31.0,"turns":3.0},{"damage":0.0,"enemies":"Automaton","floor":33.0,"turns":2.0},{"damage":11.0,"enemies":"3 Shapes","floor":35.0,"turns":6.0},{"damage":0.0,"enemies":"3 Darklings","floor":36.0,"turns":2.0},{"damage":25,"enemies":"2 Orb Walkers","floor":38,"turns":5},{"damage":0,"enemies":"Giant Head","floor":40,"turns":3},{"damage":0,"enemies":"Nemesis","floor":42,"turns":3},{"damage":0,"enemies":"Reptomancer","floor":45,"turns":2},{"damage":0,"enemies":"Sphere and 2 Shapes","floor":47,"turns":3},{"damage":15,"enemies":"Time Eater","floor":50,"turns":10},{"damage":15,"enemies":"Awakened One","floor":51,"turns":3},{"damage":0,"enemies":"Shield and Spear","floor":55,"turns":2},{"damage":56,"enemies":"The Heart","floor":56,"turns":6}],"seed_played":"-4443774773278123674","potions_obtained":[{"floor":1.0,"key":"BlessingOfTheForge"},{"floor":7.0,"key":"AttackPotion"},{"floor":24.0,"key":"Dexterity Potion"},{"floor":30.0,"key":"DuplicationPotion"},{"floor":35.0,"key":"Swift Potion"},{"floor":36.0,"key":"HeartOfIron"},{"floor":38,"key":"Swift Potion"},{"floor":55,"key":"BlessingOfTheForge"}],"is_trial":false,"path_per_floor":["M","?","$","M","?","R","E","?","T","$","R","M","?","E","R","B",null,"M","?","?","M","?","$","M","$","T","$","E","R","E","M","R","B",null,"M","M","$","?","?","E","$","E","T","R","E","R","M","T","R","B","B",null,"R","$","E","B",null],"character_chosen":"IRONCLAD","items_purchased":["Flash of Steel","TheAbacus"],"campfire_rested":2,"item_purchase_floors":[3,37],"current_hp_per_floor":[58,51,51,51,51,51,43,43,43,43,43,43,48,48,48,36,64,49,49,49,33,33,33,33,33,33,33,2,23,23,23,23,23,61,50,55,55,30,30,30,30,30,30,30,30,50,50,50,50,54,54,65,65,65,69,18],"gold":59,"neow_bonus":"BOSS_RELIC","is_daily":false,"chose_seed":false,"campfire_upgraded":6,"win_rate":0.0,"timestamp":1609126708,"path_taken":["M","?","$","M","?","R","E","?","T","$","R","M","?","E","R","BOSS","M","?","?","?","?","$","M","?","T","$","E","R","E","M","R","BOSS","M","M","$","?","?","E","$","E","T","R","E","R","M","?","R","BOSS","BOSS","R","$","E","BOSS"],"items_purchased_type":["Card","Relic"],"build_version":"2020-12-22","purchased_purges":5,"victory":true,"max_hp_per_floor":[75,75,75,75,68,68,68,68,68,68,68,68,73,73,73,73,73,73,73,73,73,73,73,73,73,73,73,73,73,73,73,73,73,73,73,73,73,73,69,69,69,69,69,69,69,69,69,69,69,69,69,69,69,69,69,69],"relic_stats":{"Darkstone Periapt":0,"Gremlin Horn":[3,4],"counters":[24,73],"Golden Idol":202,"Astrolabe":["Body Slam","Rage","Flame Barrier"],"CeramicFish":0,"Charon\u0027s Ashes":[375],"Letter Opener":[56],"TheAbacus":[2346],"Pantograph":34,"Pandora\u0027s Box":["Sentinel","Thunderclap","Whirlwind","Dropkick","Heavy Blade","Whirlwind","Juggernaut","Rampage","Dual Wield"],"Tiny Chest":0,"Turnip":[5],"Art of War":[8],"obtain_stats":[{"Darkstone Periapt":14,"Gremlin Horn":48,"Golden Idol":5,"Astrolabe":34,"CeramicFish":45,"Oddly Smooth Stone":8,"Charon\u0027s Ashes":38,"Letter Opener":7,"Burning Blood":0,"Anchor":55,"TheAbacus":37,"Pantograph":42,"Pandora\u0027s Box":0,"Tiny Chest":28,"Turnip":40,"Bag of Marbles":9,"Art of War":30,"Toy Ornithopter":26,"Runic Pyramid":17},{"Darkstone Periapt":5,"Gremlin Horn":20,"Golden Idol":2,"Astrolabe":13,"CeramicFish":19,"Oddly Smooth Stone":3,"Charon\u0027s Ashes":16,"Letter Opener":3,"Burning Blood":0,"Anchor":23,"TheAbacus":15,"Pantograph":18,"Pandora\u0027s Box":0,"Tiny Chest":10,"Turnip":17,"Bag of Marbles":3,"Art of War":11,"Toy Ornithopter":9,"Runic Pyramid":6},{"Darkstone Periapt":8,"Gremlin Horn":52,"Golden Idol":3,"Astrolabe":28,"CeramicFish":49,"Oddly Smooth Stone":6,"Charon\u0027s Ashes":41,"Letter Opener":6,"Burning Blood":0,"Anchor":67,"TheAbacus":36,"Pantograph":47,"Pandora\u0027s Box":0,"Tiny Chest":20,"Turnip":44,"Bag of Marbles":6,"Art of War":23,"Toy Ornithopter":17,"Runic Pyramid":11}],"Toy Ornithopter":14},"card_choices":[{"not_picked":["Reckless Charge","Twin Strike","Sentinel"],"picked":"SKIP","floor":1.0},{"not_picked":["Headbutt","Shrug It Off","Clothesline"],"picked":"SKIP","floor":4.0},{"not_picked":["Clash","Inflame"],"picked":"Fiend Fire","floor":7.0},{"not_picked":["Perfected Strike","Inflame","Burning Pact"],"picked":"SKIP","floor":12.0},{"not_picked":["Clothesline","Fire Breathing","Cleave"],"picked":"SKIP","floor":14.0},{"not_picked":["Demon Form","Corruption"],"picked":"Barricade","floor":16.0},{"not_picked":["True Grit","Sword Boomerang","Havoc"],"picked":"SKIP","floor":18.0},{"not_picked":["Shrug It Off","Wild Strike"],"picked":"Feel No Pain","floor":21.0},{"not_picked":["Wild Strike","Seeing Red"],"picked":"Dark Embrace+1","floor":24.0},{"not_picked":["Dark Embrace","Combust","Rupture"],"picked":"SKIP","floor":28.0},{"not_picked":["Clash","Twin Strike+1","Flex"],"picked":"SKIP","floor":30.0},{"not_picked":["Pommel Strike","Metallicize","Sword Boomerang"],"picked":"SKIP","floor":31.0},{"not_picked":["Pummel+1","Combust","Inflame"],"picked":"SKIP","floor":35.0},{"not_picked":["Havoc+1","Clothesline+1","Pommel Strike"],"picked":"SKIP","floor":36.0},{"not_picked":["Sever Soul","Spot Weakness","Disarm"],"picked":"SKIP","floor":40},{"not_picked":["Headbutt","Havoc","Sentinel"],"picked":"SKIP","floor":42},{"not_picked":["Combust","Shockwave","Juggernaut"],"picked":"SKIP","floor":45},{"not_picked":["Heavy Blade+1","Flex","Burning Pact"],"picked":"SKIP","floor":47},{"not_picked":["Heavy Blade+1","Flex","Feel No Pain"],"picked":"SKIP","floor":55}],"player_experience":1803685,"relics_obtained":[{"floor":7.0,"key":"Letter Opener"},{"floor":9.0,"key":"Bag of Marbles"},{"floor":14.0,"key":"Darkstone Periapt"},{"floor":26.0,"key":"Toy Ornithopter"},{"floor":28.0,"key":"Tiny Chest"},{"floor":30.0,"key":"Art of War"},{"floor":38,"key":"Charon\u0027s Ashes"},{"floor":40,"key":"Turnip"},{"floor":42,"key":"Pantograph"},{"floor":45,"key":"CeramicFish"},{"floor":48,"key":"Gremlin Horn"},{"floor":55,"key":"Anchor"}],"event_choices":[{"cards_removed":["Juggernaut"],"damage_healed":0.0,"max_hp_gain":0.0,"max_hp_loss":0.0,"gold_gain":0.0,"event_name":"Golden Wing","player_choice":"Card Removal","floor":2.0,"gold_loss":0.0,"damage_taken":7.0},{"damage_healed":0.0,"max_hp_gain":0.0,"max_hp_loss":7.0,"gold_gain":0.0,"event_name":"Golden Idol","player_choice":"Lose Max HP","floor":5.0,"gold_loss":0.0,"damage_taken":0.0,"relics_obtained":["Golden Idol"]},{"damage_healed":0.0,"max_hp_gain":0.0,"max_hp_loss":0.0,"gold_gain":30.0,"event_name":"Dead Adventurer","player_choice":"Searched \u00272\u0027 times","floor":8.0,"gold_loss":0.0,"damage_taken":0.0,"relics_obtained":["Oddly Smooth Stone"]},{"damage_healed":0.0,"max_hp_gain":0.0,"max_hp_loss":0.0,"gold_gain":30.0,"event_name":"Dead Adventurer","player_choice":"Searched \u00272\u0027 times","floor":8.0,"gold_loss":0.0,"damage_taken":0.0,"relics_obtained":["Oddly Smooth Stone"]},{"damage_healed":0.0,"max_hp_gain":5.0,"max_hp_loss":0.0,"gold_gain":0.0,"event_name":"Big Fish","player_choice":"Donut","floor":13.0,"gold_loss":0.0,"damage_taken":0.0},{"damage_healed":0.0,"max_hp_gain":0.0,"max_hp_loss":0.0,"gold_gain":0.0,"event_name":"Cursed Tome","player_choice":"Ignored","floor":19.0,"gold_loss":0.0,"damage_taken":0.0},{"damage_healed":0.0,"max_hp_gain":0.0,"max_hp_loss":0.0,"gold_gain":0.0,"event_name":"Duplicator","player_choice":"Copied","floor":20.0,"gold_loss":0.0,"damage_taken":0.0,"cards_obtained":["Flash of Steel"]},{"damage_healed":0.0,"max_hp_gain":0.0,"max_hp_loss":0.0,"gold_gain":0.0,"event_name":"The Library","player_choice":"Read","floor":22.0,"gold_loss":0.0,"damage_taken":0.0,"cards_obtained":["Disarm"]},{"damage_healed":0,"gold_gain":0,"player_choice":"Fight","damage_taken":0,"max_hp_gain":0,"max_hp_loss":0,"event_name":"Mysterious Sphere","floor":38,"gold_loss":0},{"damage_healed":0,"gold_gain":0,"player_choice":"Max HP","damage_taken":0,"max_hp_gain":0,"max_hp_loss":4,"event_name":"Winding Halls","floor":39,"gold_loss":0}],"is_beta":false,"boss_relics":[{"not_picked":["Philosopher\u0027s Stone","Busted Crown"],"picked":"Runic Pyramid"},{"not_picked":["Cursed Key","Calling Bell"],"picked":"Astrolabe"}],"items_purged_floors":[10,23,25,41,54],"is_endless":false,"potions_floor_spawned":[1,7,12,24,30,33,35,36,38,55],"ascension_level":20}}