{"host":"cz3p2o9n3b1gdmkz","time":1609175965,"event":{"mods":["AchievementEnabler","BaseMod","CapriCore","GungeonMod","Hermit","Lobotomy","Minty Spire (QoL Compilation)","Replay The Spire","Shop Mod","StSLib","SuperFastMode","The Cursed","The Dragon Tamer","The Gatherer","The Jungle","The Poker Player","The Runesmith"],"gold_per_floor":[111,130,49,49,8,8,39,39,39,39,65,76,102,114,114,192,192,209,209,226,183,233,233,233,233,260,272,285,302,312,326,251,251,251],"floor_reached":33,"playtime":1303,"items_purged":[],"score":534,"play_id":"b2c7cbc6-f9ac-4ffd-8152-aaa249194bd7","local_time":"20201229021925","is_ascension_mode":true,"campfire_choices":[{"data":"Fire Breathing","floor":6,"key":"SMITH"},{"data":"Immolate","floor":8,"key":"SMITH"},{"data":"Shockwave","floor":15,"key":"SMITH"},{"data":"Bash","floor":23,"key":"SMITH"},{"data":"Strike_R","floor":25,"key":"SMITH"}],"circlet_count":0,"master_deck":["AscendersBane","Strike_R","Strike_R","Strike_R+1","Strike_R+1","Defend_R","Defend_R","Defend_R","Defend_R","Bash+1","Immolate+1","Fire Breathing+1","Self Repair+1","Beam Cell+1","Shockwave+1","Reaper+1","Warcry+1","Battle Trance","Fire Breathing"],"relics":["Iron Core","Oddly Smooth Stone","Golden Egg","DemoMod:DecoyRelic","Akabeko","Replay:Fungal Core","Tiny Chest"],"acts_visited":["Exordium","TheCity"],"potions_floor_usage":[12,20,33,33],"damage_taken":[{"damage":0.0,"enemies":"Cultist","floor":1.0,"turns":2.0},{"damage":7.0,"enemies":"2 Louse","floor":2.0,"turns":3.0},{"damage":25,"enemies":"Lagavulin","floor":7,"turns":6},{"damage":31,"enemies":"Gremlin Nob","floor":11,"turns":4},{"damage":6,"enemies":"Jaw Worm","floor":12,"turns":3},{"damage":18,"enemies":"3 Sentries","floor":13,"turns":4},{"damage":9,"enemies":"Blue Slaver","floor":14,"turns":3},{"damage":20,"enemies":"Fading Forest","floor":16,"turns":13},{"damage":14,"enemies":"3 Byrds","floor":18,"turns":3},{"damage":24,"enemies":"Shell Parasite","floor":20,"turns":4},{"damage":14,"enemies":"Cultist and Chosen","floor":27,"turns":4},{"damage":11,"enemies":"Snecko","floor":28,"turns":4},{"damage":33,"enemies":"Snake Plant","floor":29,"turns":3},{"damage":11,"enemies":"3 Cultists","floor":30,"turns":3},{"damage":40,"enemies":"Snecko","floor":31,"turns":5},{"damage":85,"enemies":"Collector","floor":33,"turns":7}],"seed_played":"4731787649702185929","potions_obtained":[{"floor":2.0,"key":"ColorlessPotion"},{"floor":7,"key":"Adrenaline Potion"},{"floor":12,"key":"BlessingOfTheForge"},{"floor":20,"key":"SpeedPotion"},{"floor":28,"key":"BlessingOfTheForge"},{"floor":29,"key":"PowerPotion"}],"is_trial":false,"path_per_floor":["M","M","$","?","$","R","E","R","T","?","E","M","E","M","R","B",null,"M","?","M","$","?","R","?","R","T","M","M","M","M","M","R","B"],"character_chosen":"IRONCLAD","items_purchased":["Fire Breathing","Beam Cell+1","Warcry+1"],"campfire_rested":0,"item_purchase_floors":[3,5,21],"current_hp_per_floor":[74,73,73,73,73,73,58,58,58,63,42,46,38,39,39,41,70,66,66,55,55,55,55,55,55,55,56,59,55,79,62,62,0,0],"gold":251,"neow_bonus":"THREE_RARE_CARDS","is_daily":false,"chose_seed":false,"campfire_upgraded":5,"win_rate":0.0,"timestamp":1609175965,"path_taken":["M","?","?","?","$","R","E","R","T","?","E","M","E","M","R","BOSS","M","?","?","$","?","R","?","R","T","?","?","M","M","M","R","BOSS"],"items_purchased_type":["Card","Card","Card"],"build_version":"2020-12-22","purchased_purges":0,"victory":false,"max_hp_per_floor":[75,75,75,75,75,75,75,75,75,80,80,80,80,80,80,80,80,80,80,80,80,80,80,80,80,80,80,80,80,80,80,80,80,80],"card_choices":[{"not_picked":["Eclipse","Barricade"],"picked":"Immolate","floor":0.0},{"not_picked":["ReplayTheSpireMod:Stacked","Thunderclap","DemoMod:BlackBlade"],"picked":"SKIP","floor":1.0},{"not_picked":["Abandon","ReplayTheSpireMod:Strike From Hell","Armaments"],"picked":"SKIP","floor":2.0},{"not_picked":["Infernal Blade","Cold Snap","Flex"],"picked":"SKIP","floor":7},{"not_picked":["Scorching Beam","Cleave","Iron Wave"],"picked":"SKIP","floor":11},{"not_picked":["ReplayTheSpireMod:Strike From Hell","Clothesline"],"picked":"Shockwave","floor":12},{"not_picked":["Run Through","Exhume","ReplayTheSpireMod:System Scan"],"picked":"SKIP","floor":13},{"not_picked":["Body Slam","Rebound","Double Tap"],"picked":"SKIP","floor":14},{"not_picked":["Firewall","Replay:Many Hands"],"picked":"Reaper","floor":16},{"not_picked":["ReplayTheSpireMod:Strike From Hell","Searing Blow","Clothesline"],"picked":"SKIP","floor":18},{"not_picked":["True Grit","Wild Strike","Havoc+1"],"picked":"SKIP","floor":20},{"not_picked":["Heavy Blade","Havoc"],"picked":"Battle Trance","floor":27},{"not_picked":["Sever Soul","Wild Strike"],"picked":"Fire Breathing","floor":28},{"not_picked":["ReplayTheSpireMod:Stacked","Iron Wave","Twin Strike+1"],"picked":"SKIP","floor":29},{"not_picked":["Hemogenesis","Clash","Havoc"],"picked":"SKIP","floor":30},{"not_picked":["Havoc","Heavy Blade+1","Cleave"],"picked":"SKIP","floor":31}],"player_experience":1053350,"relics_obtained":[{"floor":7,"key":"Oddly Smooth Stone"},{"floor":9,"key":"Golden Egg"},{"floor":11,"key":"DemoMod:DecoyRelic"},{"floor":13,"key":"Akabeko"},{"floor":26,"key":"Tiny Chest"}],"event_choices":[{"damage_healed":0,"gold_gain":0,"player_choice":"Donut","damage_taken":0,"max_hp_gain":5,"max_hp_loss":0,"event_name":"Big Fish","floor":10,"gold_loss":0},{"cards_removed":["Looming Evil"],"damage_healed":0,"gold_gain":0,"player_choice":"Removed Curses","damage_taken":0,"max_hp_gain":0,"max_hp_loss":0,"event_name":"Fountain of Cleansing","floor":19,"gold_loss":0},{"damage_healed":0,"gold_gain":50,"player_choice":"Stole From Cult","damage_taken":0,"max_hp_gain":0,"max_hp_loss":0,"event_name":"Nest","floor":22,"gold_loss":0},{"damage_healed":0,"gold_gain":0,"player_choice":"Forge","damage_taken":0,"max_hp_gain":0,"max_hp_loss":0,"event_name":"Accursed Blacksmith","floor":24,"gold_loss":0,"cards_upgraded":["Strike_R"]},{"cards_removed":["Strike_R"],"damage_healed":0,"gold_gain":0,"player_choice":"Gave Gold","damage_taken":0,"max_hp_gain":0,"max_hp_loss":0,"event_name":"Beggar","floor":32,"gold_loss":75}],"is_beta":false,"boss_relics":[{"not_picked":["Sozu","Pandora\u0027s Box"],"picked":"Replay:Fungal Core"}],"items_purged_floors":[],"is_endless":false,"potions_floor_spawned":[2,7,12,13,20,28,29,30],"killed_by":"Collector","ascension_level":20}}