{"host":"2no1vwhhkhf0ohz3","time":1609137019,"event":{"mods":["AchievementEnabler","BaseMod","Colored Map","DeckTracker","Keyboard Shortcuts","Minty Spire (QoL Compilation)","Relic Stats","SuperFastMode"],"gold_per_floor":[113,131,131,144,161,161,186,186,186,186,206,218,218,168,168,263,263,243,91,91,91,91,91,91],"floor_reached":23,"playtime":282,"items_purged":["Strike_R"],"score":198,"play_id":"d3cf48ec-6e6c-4579-a2f7-7520ed113f4e","local_time":"20201228153019","is_ascension_mode":true,"campfire_choices":[{"data":"Bash","floor":6,"key":"SMITH"},{"data":"Pummel","floor":8,"key":"SMITH"},{"data":"Headbutt","floor":10,"key":"SMITH"},{"data":"Whirlwind","floor":15,"key":"SMITH"}],"circlet_count":0,"master_deck":["Strike_R","Strike_R","Defend_R","Defend_R","Defend_R","Defend_R","Bash+1","Pummel+1","Headbutt+1","Wild Strike","Twin Strike","Whirlwind+1","Reaper","Shrug It Off","Fire Breathing"],"relics":["Black Blood","NeowsBlessing","Blood Vial","Eternal Feather"],"acts_visited":["Exordium","TheCity"],"potions_floor_usage":[16,16,16],"damage_taken":[{"damage":0,"enemies":"Jaw Worm","floor":1,"turns":1},{"damage":0,"enemies":"Cultist","floor":2,"turns":1},{"damage":0,"enemies":"2 Louse","floor":4,"turns":1},{"damage":2,"enemies":"Large Slime","floor":5,"turns":6},{"damage":31,"enemies":"Lagavulin","floor":7,"turns":5},{"damage":10,"enemies":"3 Louse","floor":11,"turns":3},{"damage":0,"enemies":"2 Fungi Beasts","floor":12,"turns":2},{"damage":62,"enemies":"The Guardian","floor":16,"turns":10},{"damage":40,"enemies":"2 Thieves","floor":18,"turns":4},{"damage":21,"enemies":"Book of Stabbing","floor":23,"turns":2}],"seed_played":"4968694933747572311","potions_obtained":[{"floor":5,"key":"SpeedPotion"},{"floor":11,"key":"Dexterity Potion"},{"floor":12,"key":"EssenceOfSteel"},{"floor":16,"key":"HeartOfIron"},{"floor":18,"key":"AttackPotion"}],"is_trial":false,"path_per_floor":["M","M","?","M","M","R","E","R","T","R","M","M","?","?","R","B",null,"M","$","?","$","?","E"],"character_chosen":"IRONCLAD","items_purchased":["Fire Breathing"],"campfire_rested":0,"item_purchase_floors":[19],"current_hp_per_floor":[80,80,80,80,80,80,55,55,55,61,59,67,72,72,78,24,85,57,57,57,57,57,38,38],"gold":91,"neow_bonus":"THREE_ENEMY_KILL","is_daily":false,"chose_seed":false,"campfire_upgraded":4,"win_rate":0.0,"timestamp":1609137019,"path_taken":["M","M","?","?","M","R","E","R","T","R","M","M","?","?","R","BOSS","M","$","?","$","?","E"],"items_purchased_type":["Card"],"build_version":"2020-12-22","purchased_purges":1,"victory":false,"max_hp_per_floor":[80,80,80,80,80,80,80,80,80,80,80,80,85,85,85,85,85,85,85,85,85,85,85,85],"relic_stats":{"Blood Vial":8,"counters":[10,34],"Black Blood":38,"Eternal Feather":12,"obtain_stats":[{"Blood Vial":7,"NeowsBlessing":0,"Black Blood":17,"Eternal Feather":9,"Burning Blood":0},{"Blood Vial":5,"NeowsBlessing":0,"Black Blood":8,"Eternal Feather":5,"Burning Blood":0},{"Blood Vial":14,"NeowsBlessing":0,"Black Blood":29,"Eternal Feather":14,"Burning Blood":0}]},"card_choices":[{"not_picked":["Clash","Warcry","Anger"],"picked":"SKIP","floor":1},{"not_picked":["Iron Wave","Intimidate"],"picked":"Pummel","floor":2},{"not_picked":["Warcry","Rupture"],"picked":"Headbutt","floor":4},{"not_picked":["Anger","Rage"],"picked":"Wild Strike","floor":5},{"not_picked":["Cleave","Bloodletting"],"picked":"Twin Strike","floor":7},{"not_picked":["Iron Wave","Blood for Blood","Clothesline"],"picked":"SKIP","floor":11},{"not_picked":["Flex","Havoc"],"picked":"Whirlwind","floor":12},{"not_picked":["Berserk","Limit Break"],"picked":"Reaper","floor":16},{"not_picked":["Havoc+1","Heavy Blade+1"],"picked":"Shrug It Off","floor":18}],"player_experience":253931,"relics_obtained":[{"floor":7,"key":"Blood Vial"},{"floor":9,"key":"Eternal Feather"}],"event_choices":[{"cards_removed":["Strike_R"],"damage_healed":0,"gold_gain":0,"player_choice":"Purged","damage_taken":0,"max_hp_gain":0,"max_hp_loss":0,"event_name":"Purifier","floor":3,"gold_loss":0},{"damage_healed":0,"gold_gain":0,"player_choice":"Donut","damage_taken":0,"max_hp_gain":5,"max_hp_loss":0,"event_name":"Big Fish","floor":13,"gold_loss":0},{"cards_removed":["Strike_R"],"damage_healed":0,"gold_gain":0,"player_choice":"Card Removal","damage_taken":0,"max_hp_gain":0,"max_hp_loss":0,"event_name":"The Cleric","floor":14,"gold_loss":50},{"damage_healed":0,"gold_gain":0,"player_choice":"Ignored","damage_taken":0,"max_hp_gain":0,"max_hp_loss":0,"event_name":"Ghosts","floor":20,"gold_loss":0},{"damage_healed":0,"gold_gain":0,"player_choice":"Ignored","damage_taken":0,"max_hp_gain":0,"max_hp_loss":0,"event_name":"Vampires","floor":22,"gold_loss":0}],"is_beta":false,"boss_relics":[{"not_picked":["Runic Dome","Calling Bell"],"picked":"Black Blood"}],"items_purged_floors":[19],"is_endless":false,"potions_floor_spawned":[5,11,12,16,18],"killed_by":"Book of Stabbing","ascension_level":1}}