{"host":"skr63qsdfgeey3it","time":1609129604,"event":{"mods":["BaseMod","Colored Map","Hubris","Minty Spire (QoL Compilation)","Replay The Spire","Robot Space Explorer","Spicy Shops","StSLib"],"gold_per_floor":[360,360,360,57,87,87,49,94,121,114,114,27,45,83,83,187,187,210,236,23,49,74,117,117,146,146,166,166,166,207,232,232,341,441,461,478,478,484,484],"floor_reached":38,"playtime":2612,"items_purged":["Parasite"],"score":1172,"play_id":"40564111-c545-4879-b7f0-d55edd5c8d76","local_time":"20201227222644","is_ascension_mode":true,"campfire_choices":[{"data":"Armaments","floor":6,"key":"SMITH"},{"floor":15,"key":"REST"},{"floor":24,"key":"REST"},{"floor":32,"key":"DIG"}],"circlet_count":0,"master_deck":["AscendersBane","Strike_R","Strike_R","Strike_R","Strike_R","Defend_R","Defend_R","Defend_R","Defend_R","Bash","Armaments+1","Metallicize","Blood for Blood","Blood for Blood","Ghostly Armor","Inflame","Life Link+1","Combust","ReplayTheSpireMod:Limb From Limb","Demon Form","Ghostly Armor","Massacre","ReplayUltimateDefense","Shrug It Off+1","Seeing Red+1","Impervious","Battle Trance","ReplayTheSpireMod:Restless Dread","Demon Form","Dual Wield+1"],"relics":["Burning Blood","Pocketwatch","hubris:Icosahedron","Replay:Bandana","Anchor","Regal Pillow","Blue Doll","ReplayTheSpireMod:Lightbulb","hubris:HollowSoul","Girya","Iron Hammer","Toxic Egg 2","hubris:Towel","Pear","Question Card","Vajra","Replay:Wanted Poster"],"acts_visited":["Exordium","TheCity","TheBeyond"],"potions_floor_usage":[10,14,16,23,23,25,30,33,33,36],"damage_taken":[{"damage":3,"enemies":"Small Slimes","floor":1,"turns":4},{"damage":5,"enemies":"2 Louse","floor":5,"turns":3},{"damage":31,"enemies":"Gremlin Nob","floor":10,"turns":5},{"damage":3,"enemies":"Jaw Worm","floor":13,"turns":4},{"damage":9,"enemies":"Lagavulin","floor":14,"turns":5},{"damage":57,"enemies":"Fading Forest","floor":16,"turns":11},{"damage":33,"enemies":"2 Thieves","floor":18,"turns":3},{"damage":15,"enemies":"Shell Parasite","floor":19,"turns":4},{"damage":2,"enemies":"Cultist and Chosen","floor":21,"turns":8},{"damage":20,"enemies":"Shelled Parasite and Fungi","floor":22,"turns":6},{"damage":15,"enemies":"Gremlin Leader","floor":23,"turns":5},{"damage":32,"enemies":"Book of Stabbing","floor":25,"turns":6},{"damage":0,"enemies":"Snecko","floor":27,"turns":4},{"damage":14,"enemies":"Slavers","floor":30,"turns":3},{"damage":12,"enemies":"Centurion and Healer","floor":31,"turns":5},{"damage":24,"enemies":"Pondfish","floor":33,"turns":9},{"damage":0,"enemies":"Orb Walker","floor":35,"turns":4},{"damage":27,"enemies":"3 Darklings","floor":36,"turns":5},{"damage":49,"enemies":"2 Orb Walkers","floor":38,"turns":4}],"seed_played":"8266917364736688481","potions_obtained":[{"floor":5,"key":"Flashbang"},{"floor":8,"key":"LiquidBronze"},{"floor":13,"key":"PowerPotion"},{"floor":14,"key":"Block Potion"},{"floor":22,"key":"FearPotion"},{"floor":23,"key":"SpeedPotion"},{"floor":25,"key":"Reflective Coating"},{"floor":27,"key":"Reflective Coating"},{"floor":30,"key":"DistilledChaos"},{"floor":33,"key":"Dexterity Potion"},{"floor":36,"key":"Fire Potion"}],"is_trial":false,"path_per_floor":["M","?","?","$","M","R","$","?","T","E","?","$","M","E","R","B",null,"M","M","$","M","M","E","R","E","T","M","?","?","E","M","R_BF","B",null,"M","M","$","?"],"character_chosen":"IRONCLAD","items_purchased":["Replay:Bandana","Metallicize","Blood for Blood","Combust","ReplayUltimateDefense","Shrug It Off+1"],"campfire_rested":2,"item_purchase_floors":[4,4,7,12,20,20],"current_hp_per_floor":[75,50,50,50,51,51,51,51,51,26,26,26,29,26,64,39,68,41,32,32,38,24,15,53,27,27,33,33,43,35,29,29,11,68,74,53,53,4,4],"gold":484,"neow_bonus":"TWO_FIFTY_GOLD","is_daily":false,"chose_seed":false,"campfire_upgraded":1,"win_rate":0.0,"timestamp":1609129604,"path_taken":["M","?","?","$","M","R","$","?","T","E","?","?","?","E","R","BOSS","M","M","$","M","?","E","R","E","T","?","?","?","E","M","R_BF","BOSS","M","?","$","?"],"items_purchased_type":["Relic","Card","Card","Card","Card","Card"],"build_version":"2020-12-22","purchased_purges":1,"victory":false,"max_hp_per_floor":[80,80,80,77,77,77,77,77,77,77,77,77,77,77,77,77,77,77,77,77,77,77,77,77,77,77,77,77,87,87,87,87,87,87,87,87,87,87,87],"card_choices":[{"not_picked":["Massacre","Seeing Red"],"picked":"Armaments","floor":1},{"not_picked":["Seeing Red","Pommel Strike"],"picked":"Blood for Blood","floor":5},{"not_picked":["Perfected Strike","Iron Wave"],"picked":"Ghostly Armor","floor":8},{"not_picked":["Sever Soul","Demonic Infusion"],"picked":"Inflame","floor":10},{"not_picked":["Reckless Charge","Flex","Perfected Strike"],"picked":"SKIP","floor":13},{"not_picked":["Life Link","Clothesline"],"picked":"ReplayTheSpireMod:Limb From Limb","floor":14},{"not_picked":["Offering","hubris:StunningStrike"],"picked":"Demon Form","floor":16},{"not_picked":["True Grit+1","Wild Strike"],"picked":"Ghostly Armor","floor":18},{"not_picked":["Defy Death","Replay:Undeath\u0027s Touch"],"picked":"Massacre","floor":19},{"not_picked":["Dropkick","Havoc","Shrug It Off"],"picked":"SKIP","floor":21},{"not_picked":["Perfected Strike","Warcry"],"picked":"Seeing Red+1","floor":22},{"not_picked":["ReplayTheSpireMod:Corrosion Curse","Warcry"],"picked":"Impervious","floor":23},{"not_picked":["Clash","True Grit"],"picked":"Battle Trance","floor":25},{"not_picked":["Rupture","Abandon+1","Wild Strike"],"picked":"SKIP","floor":27},{"not_picked":["Headbutt","Havoc+1","Carnage"],"picked":"SKIP","floor":30},{"not_picked":["Havoc+1","Sword Boomerang","Disarm+1","Blood for Blood"],"picked":"SKIP","floor":31},{"not_picked":["Immolate","Replay:Many Hands+1","Berserk"],"picked":"Demon Form","floor":33},{"not_picked":["Replay:Undeath\u0027s Touch","Shrug It Off+1","Havoc+1"],"picked":"Dual Wield+1","floor":35},{"not_picked":["Bloodletting+1","Cleave","Run Through+1","Ghostly Armor+1"],"picked":"SKIP","floor":36}],"player_experience":730535,"relics_obtained":[{"floor":8,"key":"Anchor"},{"floor":9,"key":"Regal Pillow"},{"floor":10,"key":"Blue Doll"},{"floor":14,"key":"ReplayTheSpireMod:Lightbulb"},{"floor":23,"key":"Girya"},{"floor":25,"key":"Iron Hammer"},{"floor":26,"key":"Toxic Egg 2"},{"floor":30,"key":"Question Card"},{"floor":32,"key":"Vajra"}],"event_choices":[{"damage_healed":0,"gold_gain":0,"player_choice":"Success","damage_taken":25,"relics_obtained":["Pocketwatch"],"max_hp_gain":0,"max_hp_loss":0,"event_name":"Scrap Ooze","floor":2,"gold_loss":0},{"damage_healed":0,"gold_gain":0,"player_choice":"Fight","damage_taken":0,"max_hp_gain":0,"max_hp_loss":0,"event_name":"Mysterious Sphere","floor":38,"gold_loss":0}],"is_beta":false,"boss_relics":[{"not_picked":["Abe\u0027s Treasure","Kintsugi"],"picked":"hubris:HollowSoul"},{"not_picked":["Velvet Choker","Astrolabe"],"picked":"Replay:Wanted Poster"}],"items_purged_floors":[4],"is_endless":false,"potions_floor_spawned":[5,13,14,22,23,25,27,30,33,36],"killed_by":"2 Orb Walkers","ascension_level":12}}