{"host":"873t0y8ybyo38pfq","time":1609198577,"event":{"mods":["BaseMod","Bestiary","Colored Map","Colored Powertips","Highlight Path","Minty Spire (QoL Compilation)","Quick Restart","RNG Fix","Rare Cards Sparkle","Relic Stats","StSLib"],"gold_per_floor":[115,125,125,135,100,100,111,26,51,51,83,83,8,26,26,123,123,140,140,4,4,21,21,54,74,74,74,74],"floor_reached":27,"playtime":1654,"items_purged":["Strike_G"],"score":462,"play_id":"378a2747-891d-4eb8-83f8-b94de21e3f02","local_time":"20201228183617","is_ascension_mode":true,"campfire_choices":[{"data":"Noxious Fumes","floor":6,"key":"SMITH"},{"data":"Predator","floor":10,"key":"SMITH"},{"floor":15,"key":"REST"},{"floor":23,"key":"REST"}],"circlet_count":0,"master_deck":["AscendersBane","Strike_G","Strike_G+1","Strike_G","Strike_G+1","Defend_G","Defend_G","Defend_G","Defend_G","Defend_G","Survivor","Neutralize","Magnetism+1","Noxious Fumes+1","Acrobatics","Cloak And Dagger","Predator+1","Footwork","Dodge and Roll","PiercingWail","Acrobatics","Well Laid Plans","Deflect+1"],"relics":["Ring of the Snake","Whetstone","FossilizedHelix","Fusion Hammer","Pen Nib","Ornamental Fan"],"acts_visited":["Exordium","TheCity"],"potions_floor_usage":[14,22],"damage_taken":[{"damage":2,"enemies":"2 Louse","floor":1,"turns":5},{"damage":2,"enemies":"Small Slimes","floor":2,"turns":5},{"damage":7,"enemies":"Cultist","floor":4,"turns":5},{"damage":3,"enemies":"Blue Slaver","floor":7,"turns":5},{"damage":22,"enemies":"3 Sentries","floor":11,"turns":7},{"damage":0,"enemies":"Lots of Slimes","floor":14,"turns":4},{"damage":20,"enemies":"Hexaghost","floor":16,"turns":11},{"damage":11,"enemies":"Spheric Guardian","floor":18,"turns":5},{"damage":5,"enemies":"2 Thieves","floor":22,"turns":5},{"damage":21,"enemies":"Gremlin Leader","floor":24,"turns":7},{"damage":10,"enemies":"Shelled Parasite and Fungi","floor":25,"turns":7},{"damage":48,"enemies":"Slavers","floor":27,"turns":4}],"seed_played":"-2193710846519171613","potions_obtained":[{"floor":1,"key":"Strength Potion"},{"floor":2,"key":"SteroidPotion"},{"floor":7,"key":"CunningPotion"},{"floor":22,"key":"FairyPotion"}],"is_trial":false,"path_per_floor":["M","M","?","M","?","R","M","$","T","R","E","?","$","M","R","B",null,"M","?","$","?","M","R","E","M","T","E"],"character_chosen":"THE_SILENT","items_purchased":["Predator","Well Laid Plans","Fire Potion"],"campfire_rested":2,"item_purchase_floors":[8,20,20],"current_hp_per_floor":[42,40,40,33,49,49,46,46,46,46,24,24,24,24,43,23,55,44,44,44,26,21,42,21,11,11,0,0],"gold":74,"neow_bonus":"RANDOM_COLORLESS_2","is_daily":false,"chose_seed":false,"campfire_upgraded":2,"win_rate":0.0,"timestamp":1609198577,"path_taken":["M","M","?","M","?","R","M","$","T","R","E","?","?","M","R","BOSS","M","?","$","?","M","R","E","M","T","E"],"items_purchased_type":["Card","Card","Potion"],"build_version":"2020-12-22","purchased_purges":1,"victory":false,"max_hp_per_floor":[66,66,66,66,66,66,66,66,66,66,66,66,66,66,66,66,66,66,66,66,71,71,71,71,71,71,71,71],"relic_stats":{"counters":[12,70],"Ornamental Fan":[4],"Pen Nib":[1],"Whetstone":["Strike_G","Strike_G"],"obtain_stats":[{"Ornamental Fan":26,"Fusion Hammer":17,"Pen Nib":24,"Whetstone":9,"FossilizedHelix":11,"Ring of the Snake":0},{"Ornamental Fan":11,"Fusion Hammer":7,"Pen Nib":10,"Whetstone":4,"FossilizedHelix":5,"Ring of the Snake":0},{"Ornamental Fan":66,"Fusion Hammer":42,"Pen Nib":59,"Whetstone":20,"FossilizedHelix":27,"Ring of the Snake":0}],"Ring of the Snake":[24]},"card_choices":[{"not_picked":["Metamorphosis","Transmutation"],"picked":"Magnetism","floor":0},{"not_picked":["Deadly Poison","PiercingWail"],"picked":"Noxious Fumes","floor":1},{"not_picked":["Caltrops","Deadly Poison"],"picked":"Acrobatics","floor":2},{"not_picked":["Dagger Spray","Deadly Poison"],"picked":"Cloak And Dagger","floor":4},{"not_picked":["Catalyst","Expertise","Sucker Punch"],"picked":"SKIP","floor":7},{"not_picked":["Blade Dance","Endless Agony"],"picked":"Footwork","floor":11},{"not_picked":["Flechettes","Caltrops"],"picked":"Dodge and Roll","floor":14},{"not_picked":["Blade Dance","Cloak And Dagger"],"picked":"PiercingWail","floor":18},{"not_picked":["Slice","Sucker Punch","Riddle With Holes"],"picked":"SKIP","floor":22},{"not_picked":["Heel Hook+1","Accuracy"],"picked":"Deflect+1","floor":24},{"not_picked":["Setup","Underhanded Strike","Dagger Spray"],"picked":"SKIP","floor":25}],"player_experience":1390479,"relics_obtained":[{"floor":9,"key":"Whetstone"},{"floor":11,"key":"FossilizedHelix"},{"floor":24,"key":"Pen Nib"},{"floor":26,"key":"Ornamental Fan"}],"event_choices":[{"damage_healed":0,"gold_gain":0,"player_choice":"Grow","damage_taken":0,"max_hp_gain":0,"max_hp_loss":0,"event_name":"Living Wall","floor":3,"gold_loss":0,"cards_upgraded":["Magnetism"]},{"damage_healed":16,"gold_gain":0,"player_choice":"Healed","damage_taken":0,"max_hp_gain":0,"max_hp_loss":0,"event_name":"The Cleric","floor":5,"gold_loss":35},{"damage_healed":0,"gold_gain":0,"player_choice":"Ignored","damage_taken":0,"max_hp_gain":0,"max_hp_loss":0,"event_name":"Liars Game","floor":12,"gold_loss":0},{"damage_healed":0,"gold_gain":0,"player_choice":"Read","damage_taken":0,"max_hp_gain":0,"max_hp_loss":0,"event_name":"The Library","floor":19,"gold_loss":0,"cards_obtained":["Acrobatics"]},{"damage_healed":0,"gold_gain":0,"player_choice":"Shed Blood","damage_taken":23,"max_hp_gain":5,"max_hp_loss":0,"event_name":"Forgotten Altar","floor":21,"gold_loss":0}],"is_beta":false,"boss_relics":[{"not_picked":["Ring of the Serpent","Runic Dome"],"picked":"Fusion Hammer"}],"items_purged_floors":[13],"is_endless":false,"potions_floor_spawned":[1,2,7,22,24],"killed_by":"Slavers","ascension_level":20}}