{"host":"j3hagc6u6cazrqfv","time":1609178821,"event":{"mods":["AchievementEnabler","BaseMod","DeckTracker","Minty Spire (QoL Compilation)","Rare Cards Sparkle","StSLib"],"gold_per_floor":[117,21,21,46,58,105,117,145,238,250,291,313,344,370,382,472,484,515,527,557,484,52,52,62,62,114,14,39,39,66,66,66,144,144,155,166,186,186,199,199,199,225,251,151,170,189,189,200,200,200,200,200,20,45,45],"floor_reached":56,"playtime":1682,"items_purged":["Strike_P+1","Strike_P+1","WreathOfFlame+1","Defend_P+1"],"score":2354,"play_id":"731e3a65-aff3-4995-aa20-688dd22e7641","local_time":"20201229030701","is_ascension_mode":true,"campfire_choices":[{"data":"Eruption","floor":7.0,"key":"SMITH"},{"data":"CutThroughFate","floor":10.0,"key":"SMITH"},{"data":"Vault","floor":15.0,"key":"SMITH"},{"data":"SignatureMove","floor":23.0,"key":"SMITH"},{"floor":25.0,"key":"RECALL"},{"data":"Vigilance","floor":29,"key":"SMITH"},{"floor":32,"key":"REST"},{"data":"Flash of Steel","floor":41,"key":"SMITH"},{"data":"FlurryOfBlows","floor":49,"key":"SMITH"},{"data":"EmptyFist","floor":52,"key":"SMITH"}],"circlet_count":0,"master_deck":["AscendersBane","Defend_P+1","Eruption+1","Vigilance+1","CutThroughFate+1","Flash of Steel+1","EmptyFist+1","Vault+1","SignatureMove+1","Vault+1","Wallop+1","TalkToTheHand+1","FlurryOfBlows+1","MentalFortress"],"relics":["HolyWater","NeowsBlessing","MawBank","Lizard Tail","Meat on the Bone","Ice Cream","Omamori","Shuriken","The Courier","Happy Flower","WarpedTongs","Astrolabe","Blood Vial","Anchor","Vajra"],"acts_visited":["Exordium","TheCity","TheBeyond","TheEnding"],"potions_floor_usage":[30,33,33,47,50,55],"damage_taken":[{"damage":0.0,"enemies":"2 Louse","floor":1.0,"turns":2.0},{"damage":0.0,"enemies":"Small Slimes","floor":4.0,"turns":1.0},{"damage":0.0,"enemies":"Gremlin Nob","floor":6.0,"turns":1.0},{"damage":0.0,"enemies":"Cultist","floor":8.0,"turns":2.0},{"damage":4.0,"enemies":"3 Sentries","floor":11.0,"turns":6.0},{"damage":1.0,"enemies":"2 Fungi Beasts","floor":12.0,"turns":3.0},{"damage":3.0,"enemies":"Blue Slaver","floor":13.0,"turns":4.0},{"damage":15.0,"enemies":"Exordium Wildlife","floor":14.0,"turns":4.0},{"damage":0.0,"enemies":"Slime Boss","floor":16.0,"turns":5.0},{"damage":9.0,"enemies":"Spheric Guardian","floor":18.0,"turns":3.0},{"damage":3.0,"enemies":"2 Thieves","floor":20.0,"turns":3.0},{"damage":0.0,"enemies":"Cultist and Chosen","floor":24.0,"turns":3.0},{"damage":2,"enemies":"Gremlin Leader","floor":28,"turns":3},{"damage":0,"enemies":"Book of Stabbing","floor":30,"turns":2},{"damage":42,"enemies":"Automaton","floor":33,"turns":8},{"damage":0,"enemies":"Orb Walker","floor":35,"turns":3},{"damage":0,"enemies":"3 Darklings","floor":36,"turns":3},{"damage":0,"enemies":"Sphere and 2 Shapes","floor":37,"turns":3},{"damage":0,"enemies":"Transient","floor":39,"turns":7},{"damage":0,"enemies":"Nemesis","floor":42,"turns":3},{"damage":0,"enemies":"4 Shapes","floor":45,"turns":5},{"damage":0,"enemies":"Spire Growth","floor":46,"turns":3},{"damage":0,"enemies":"3 Darklings","floor":48,"turns":3},{"damage":58,"enemies":"Donu and Deca","floor":50,"turns":7},{"damage":36,"enemies":"Shield and Spear","floor":54,"turns":7},{"damage":156,"enemies":"The Heart","floor":55,"turns":10}],"seed_played":"-7752913782315188611","potions_obtained":[{"floor":4.0,"key":"SteroidPotion"},{"floor":8.0,"key":"AttackPotion"},{"floor":11.0,"key":"AttackPotion"},{"floor":12.0,"key":"AttackPotion"},{"floor":18.0,"key":"SkillPotion"},{"floor":24.0,"key":"Strength Potion"},{"floor":30,"key":"StancePotion"},{"floor":35,"key":"FearPotion"},{"floor":42,"key":"EssenceOfSteel"},{"floor":47,"key":"Fruit Juice"},{"floor":47,"key":"PowerPotion"}],"is_trial":false,"path_per_floor":["M","$","?","M","?","E","R","M","T","R","E","M","M","M","R","B",null,"M","?","M","?","$","R","M","R","T","$","E","R","E","?","R","B",null,"M","M","M","?","M","?","R","E","T","$","M","M","?","M","R","B",null,"R","$","E","B",null],"character_chosen":"WATCHER","items_purchased":["Flash of Steel","Shuriken","SignatureMove","MentalFortress"],"campfire_rested":1,"item_purchase_floors":[2,22,22,53],"current_hp_per_floor":[61,61,56,56,56,56,56,56,56,56,52,51,48,45,45,45,62,53,53,50,50,50,50,50,50,50,50,48,48,48,48,68,38,61,61,61,61,61,61,61,61,61,61,61,63,65,70,70,70,24,59,59,59,37,70],"gold":45,"neow_bonus":"THREE_ENEMY_KILL","is_daily":false,"chose_seed":false,"campfire_upgraded":8,"win_rate":0.0,"timestamp":1609178821,"path_taken":["M","$","?","M","?","E","R","?","T","R","E","M","M","M","R","BOSS","M","?","M","?","?","R","M","R","T","$","E","R","E","?","R","BOSS","M","M","?","?","M","?","R","E","T","$","M","M","?","?","R","BOSS","R","$","E","BOSS"],"items_purchased_type":["Card","Relic","Card","Card"],"build_version":"2020-12-22","purchased_purges":4,"victory":true,"max_hp_per_floor":[68,68,68,68,68,68,68,68,68,68,68,68,68,68,68,68,68,68,68,68,68,68,68,68,68,68,68,68,68,68,68,68,68,68,68,68,68,65,65,65,65,65,65,65,65,65,70,70,70,70,70,70,70,70,70],"card_choices":[{"not_picked":["ClearTheMind","DeceiveReality"],"picked":"CutThroughFate","floor":1.0},{"not_picked":["Swivel","BowlingBash"],"picked":"EmptyFist","floor":4.0},{"not_picked":["LikeWater","Wallop","Evaluate"],"picked":"SKIP","floor":6.0},{"not_picked":["JustLucky","Prostrate","FollowUp"],"picked":"SKIP","floor":8.0},{"not_picked":["Meditate","SandsOfTime","Perseverance"],"picked":"SKIP","floor":11.0},{"not_picked":["PathToVictory","BowlingBash","Wallop"],"picked":"SKIP","floor":12.0},{"not_picked":["EmptyBody","FollowUp","Evaluate"],"picked":"SKIP","floor":13.0},{"not_picked":["EmptyBody","FollowUp","Evaluate"],"picked":"SKIP","floor":13.0},{"not_picked":["PathToVictory","Fasting2"],"picked":"Vault","floor":14.0},{"not_picked":["Evaluate","Prostrate","Wireheading+1"],"picked":"SKIP","floor":18.0},{"not_picked":["WaveOfTheHand","ReachHeaven","Perseverance"],"picked":"SKIP","floor":20.0},{"not_picked":["CutThroughFate","Prostrate+1","ClearTheMind"],"picked":"SKIP","floor":24.0},{"not_picked":["Worship","ForeignInfluence","LessonLearned"],"picked":"SKIP","floor":28},{"not_picked":["Crescendo+1","Wish","CrushJoints"],"picked":"SKIP","floor":30},{"not_picked":["ClearTheMind","EmptyMind","Pray"],"picked":"SKIP","floor":35},{"not_picked":["Halt","EmptyBody+1","Fasting2"],"picked":"SKIP","floor":36},{"not_picked":["Evaluate","SashWhip+1","PathToVictory"],"picked":"SKIP","floor":37},{"not_picked":["Protect","Omniscience"],"picked":"TalkToTheHand+1","floor":39},{"not_picked":["SashWhip","Sanctity+1","ThirdEye"],"picked":"SKIP","floor":42},{"not_picked":["Sanctity","ThirdEye"],"picked":"FlurryOfBlows","floor":45},{"not_picked":["Prostrate","Protect","Pray+1"],"picked":"SKIP","floor":46},{"not_picked":["EmptyFist","Wireheading","ClearTheMind"],"picked":"SKIP","floor":48},{"not_picked":["SignatureMove","FlyingSleeves","Conclude"],"picked":"SKIP","floor":54}],"player_experience":33,"relics_obtained":[{"floor":6.0,"key":"Lizard Tail"},{"floor":9.0,"key":"Meat on the Bone"},{"floor":11.0,"key":"Ice Cream"},{"floor":28,"key":"The Courier"},{"floor":30,"key":"Happy Flower"},{"floor":42,"key":"Blood Vial"},{"floor":43,"key":"Anchor"},{"floor":54,"key":"Vajra"}],"event_choices":[{"damage_healed":0.0,"max_hp_gain":0.0,"max_hp_loss":0.0,"gold_gain":0.0,"event_name":"Scrap Ooze","player_choice":"Success","floor":3.0,"gold_loss":0.0,"damage_taken":5.0,"relics_obtained":["MawBank"]},{"cards_removed":["Strike_P"],"damage_healed":0.0,"max_hp_gain":0.0,"max_hp_loss":0.0,"gold_gain":0.0,"event_name":"Bonfire Elementals","player_choice":"Offered Basic","floor":5.0,"gold_loss":0.0,"damage_taken":0.0},{"damage_healed":0.0,"max_hp_gain":0.0,"max_hp_loss":0.0,"gold_gain":0.0,"event_name":"Back to Basics","player_choice":"Simplicity","floor":19.0,"gold_loss":0.0,"damage_taken":0.0,"cards_upgraded":["Strike_P","Strike_P","Strike_P","Defend_P","Defend_P","Defend_P","Defend_P"]},{"damage_healed":0.0,"max_hp_gain":0.0,"max_hp_loss":0.0,"gold_gain":0.0,"event_name":"Addict","player_choice":"Obtained Relic","floor":21.0,"gold_loss":85.0,"damage_taken":0.0,"relics_obtained":["Omamori"]},{"damage_healed":0,"gold_gain":0,"player_choice":"Rummage","damage_taken":0,"relics_obtained":["WarpedTongs"],"max_hp_gain":0,"max_hp_loss":0,"event_name":"Accursed Blacksmith","floor":31,"gold_loss":0,"cards_obtained":["Pain"]},{"damage_healed":0,"gold_gain":0,"player_choice":"Max HP","damage_taken":0,"max_hp_gain":0,"max_hp_loss":3,"event_name":"Winding Halls","floor":38,"gold_loss":0},{"damage_healed":0,"gold_gain":0,"player_choice":"Memory 1","damage_taken":0,"max_hp_gain":0,"max_hp_loss":0,"event_name":"SensoryStone","floor":40,"gold_loss":0},{"damage_healed":0,"gold_gain":0,"player_choice":"Got Potions","damage_taken":0,"max_hp_gain":0,"max_hp_loss":0,"event_name":"Lab","floor":47,"gold_loss":0}],"is_beta":false,"boss_relics":[{"not_picked":["Cursed Key","Runic Dome"],"picked":"HolyWater"},{"not_picked":["Tiny House","SlaversCollar"],"picked":"Astrolabe"}],"items_purged_floors":[22,27,44,53],"is_endless":false,"potions_floor_spawned":[4,8,11,12,18,24,30,35,42,45,48],"ascension_level":20}}