{"host":"8u40nq559zpgb6zp","time":1609168306,"event":{"mods":["Aspiration","Bard","BaseMod","Beaked The Cultist","Better Altar","Better Match","Better Note","Better Sensory Stone","Better Skull","Better Third Choice","BetterRewards","CCEM","Clawfect","Conspire","Duelist Mod","Googly Eyes","Halation","Hermit","Highlight Path","Infinite Spire","Jedi Mod","Jorbs\u0027s Wanderer Trilogy","Mad Scientist","Marisa（霧雨　魔理沙）","Minty Spire (QoL Compilation)","Permanent Neow","Replay The Spire","Shade Mod","Shop Mod","Spicy Shops","StSLib","The Bladedancer","The Construct","The Cursed","The Disciple","The Druid","The Gatherer","The Hierophant","The IronCluck","The Jungle","The Mystic","The Necromancer","The Runesmith","The Senshi","The Servant 0.9.4","The Spell Scribe","The Witch","slay the spire mod where everything is the same but ironclad has a cowboy hat"],"gold_per_floor":[117,130,130,143,168,209,209,229,279,279,319,338,17,17,17,141,141,165,165,179,194,213,244,244,268,350,389,93,346,346,386,386,515,515,538,45,70,195,215,215,229,229,229,229,243,243,0,25,25,145,145,166,166,182,188,194,194,203,203,255,255,263,275,275,275,275,340,340,347,350,346,65,72,80,80,88,88,86,77,77,77,77,77,172,172,169,169,167,161,129,136,136,136,185,40,40,40,30,31,31,0,0],"floor_reached":101,"playtime":7385,"items_purged":["ReplayTheSpireMod:Splinters","Shame"],"score":1602,"play_id":"84028c8d-09e1-413c-939f-b4ffd14868d9","local_time":"20201228101145","is_ascension_mode":false,"campfire_choices":[{"data":"ReplayTheSpireMod:Dual Polarity","floor":7.0,"key":"SMITH"},{"data":"Gash","floor":10.0,"key":"SMITH"},{"floor":15.0,"key":"REST"},{"floor":30.0,"key":"REST"},{"floor":32.0,"key":"REST"},{"data":"Loop","floor":40.0,"key":"SMITH"},{"data":"Gash","floor":42.0,"key":"SMITH"},{"data":"Clawfect:Clawrage","floor":44.0,"key":"SMITH"},{"data":"Gash","floor":46.0,"key":"SMITH"},{"data":"Gash","floor":49.0,"key":"SMITH"},{"data":"Echo Form","floor":57.0,"key":"SMITH"},{"data":"White Noise","floor":59.0,"key":"SMITH"},{"data":"ReplayTheSpireMod:Black Plague","floor":61.0,"key":"SMITH"},{"data":"Consume","floor":66.0,"key":"SMITH"},{"data":"Clawfect:ClawForTheEyes","floor":75,"key":"SMITH"},{"data":"infinitespire:Oblivion","floor":80,"key":"SMITH"},{"data":"Mind Blast","floor":83,"key":"SMITH"},{"data":"jedi:meditation","floor":100,"key":"SMITH"}],"circlet_count":0,"master_deck":["Gash+1","Gash+1","Gash+1","Gash+1","Gash","Defend_B","Defend_B","Defend_B","Defend_B","Defend_B","Gash","Defragment","Gash","Clawfect:Clawter","ReplayTheSpireMod:Dual Polarity+1","Static Discharge","Clawfect:Clawrage","Clawfect:ClawSnap","Clawfect:ClawForTheEyes","Clawfect:ClawForTheEyes+1","FIFO Queue","Clawfect:ClawingBeam","Electrodynamics","Clawfect:ClawSnap","Clawfect:ClawSnap","Stack+1","Fusion+1","FIFO Queue","Conserve Battery","Clawfect:ClawSnap+1","Clawfect:Clawrage+1","Capacitor","Loop+1","Clawfect:Clawter+1","jedi:readyaimfire","jedi:BurstLightning+1","Panic Button+1","Conserve Battery+1","ReplayTheSpireMod:Black Plague+1","jedi:reiji+1","Clawfect:ClawCell+1","Skim+1","jedi:BurstLightning","Echo Form+1","Clawfect:ClawingBeam","Clawfect:ClawCell","White Noise+1","BootSequence","Clawfect:ClawForTheEyes","Gash","Consume+1","jedi:meditation+1","Glacier+1","infinitespire:Oblivion+1","Consume","Mind Blast+1","Clawfect:ClawCell","Skim+1","Clawfect:ClawForOne","Clawfect:Clawrage","Clawfect:ClawAndTear","Clawfect:Clawline+1","Mirror Shield","Clawfect:ScrapingClaw+1","Gash","Clawfect:Clawline+1","Clawfect:ClawCell+1","Redo+1","jedi:sharpshooter","FTL","ReplayTheSpireMod:Reroute Power+1","infinitespire:Oblivion","Crystallizer+1","Thunder Strike","ReplayGash","Clawfect:ClawLightning"],"relics":["Clawfect:DRClaw","NeowsBlessing","Golden Idol","CCEMRelics:D6","CCEMRelics:SpiritsEdge","infinitespire:SolderingIron","jedi:crownofsimplicity","conspire:SpecialSausage","jedi:Pinwheel","ReplayTheSpireMod:Ninjato","halation:WeightlessCrab","infinitespire:CursedDice","Oddly Smooth Stone","ReplayFunnel","Replay:Fungal Core","Replay:Wax Seal","Eternal Feather","jedi:heavyjacket","Counterbalance","halation:BottledLove","Red Mask","halation:Prosthetics","halation:VictoryRuler","ReplayTheSpireMod:TigerMarble","Bronze Scales","jedi:cryingmask","Replay:Bronze Core","Symbiotic Virus","construct:WeddingRing","Replay:Frozen Program","CCEMRelics:JestersCrown","Lantern","infinitespire:FocusingShard","Symbiotic Virus","SacredBark","Prayer Wheel","halation:StarCompass","aspiration:ArtOfWarUpgrade","Smiling Mask","infinitespire:Freezer","halation:Diary"],"acts_visited":["Exordium","TheCity","TheBeyond","Exordium","TheCity","TheBeyond"],"potions_floor_usage":[78,84,84,90,91,101],"damage_taken":[{"damage":0.0,"enemies":"conspire:RoseBush","floor":1.0,"turns":1.0},{"damage":0.0,"enemies":"Jaw Worm","floor":2.0,"turns":1.0},{"damage":0.0,"enemies":"Small Slimes","floor":4.0,"turns":2.0},{"damage":0.0,"enemies":"Looter","floor":5.0,"turns":3.0},{"damage":7.0,"enemies":"Replay:BlueRogue","floor":6.0,"turns":5.0},{"damage":2.0,"enemies":"conspire:2 RoseBushes","floor":8.0,"turns":7.0},{"damage":23.0,"enemies":"Gremlin Nob","floor":11.0,"turns":4.0},{"damage":6.0,"enemies":"Blue Slaver","floor":12.0,"turns":4.0},{"damage":21.0,"enemies":"Hexaghost","floor":16.0,"turns":5.0},{"damage":11.0,"enemies":"Spheric Guardian","floor":18.0,"turns":4.0},{"damage":38.0,"enemies":"2 Thieves","floor":20.0,"turns":4.0},{"damage":4.0,"enemies":"Snake Plant","floor":21.0,"turns":4.0},{"damage":0.0,"enemies":"Sentry and Sphere","floor":22.0,"turns":3.0},{"damage":18.0,"enemies":"Gremlin Leader","floor":23.0,"turns":5.0},{"damage":3.0,"enemies":"conspire:HollyBat","floor":25.0,"turns":8.0},{"damage":0.0,"enemies":"Nightmare","floor":27.0,"turns":4.0},{"damage":0.0,"enemies":"theDuelist:KaibaA2","floor":31.0,"turns":3.0},{"damage":29.0,"enemies":"Collector","floor":33.0,"turns":5.0},{"damage":15.0,"enemies":"3 Darklings","floor":35.0,"turns":5.0},{"damage":0.0,"enemies":"Orb Walker","floor":37.0,"turns":5.0},{"damage":6.0,"enemies":"infinitespire:Three Voidlings","floor":38.0,"turns":3.0},{"damage":2.0,"enemies":"Nightmare_Alpha","floor":38.0,"turns":13.0},{"damage":9.0,"enemies":"Spire Growth","floor":39.0,"turns":5.0},{"damage":0.0,"enemies":"Sphere and 2 Shapes","floor":41.0,"turns":4.0},{"damage":0.0,"enemies":"Transient","floor":45.0,"turns":5.0},{"damage":0.0,"enemies":"Spire Growth","floor":48.0,"turns":3.0},{"damage":4.0,"enemies":"Replay:Hell Engine","floor":50.0,"turns":7.0},{"damage":0.0,"enemies":"2 Louse","floor":52.0,"turns":1.0},{"damage":0.0,"enemies":"Jaw Worm","floor":54.0,"turns":2.0},{"damage":0.0,"enemies":"Small Slimes","floor":55.0,"turns":2.0},{"damage":0.0,"enemies":"Looter","floor":56.0,"turns":2.0},{"damage":0.0,"enemies":"Blue Slaver","floor":58.0,"turns":2.0},{"damage":0.0,"enemies":"2 Fungi Beasts","floor":62.0,"turns":1.0},{"damage":0.0,"enemies":"3 Louse","floor":63.0,"turns":1.0},{"damage":0.0,"enemies":"Fading Forest","floor":67.0,"turns":8.0},{"damage":0.0,"enemies":"Shell Parasite","floor":69.0,"turns":1.0},{"damage":0.0,"enemies":"3 Byrds","floor":70.0,"turns":3.0},{"damage":0.0,"enemies":"Cultist and Chosen","floor":71.0,"turns":3.0},{"damage":0.0,"enemies":"Snecko","floor":73.0,"turns":2.0},{"damage":0.0,"enemies":"Gremlin Leader","floor":74.0,"turns":3.0},{"damage":0,"enemies":"Book of Stabbing","floor":76,"turns":5},{"damage":0,"enemies":"Snake Plant","floor":78,"turns":2},{"damage":0,"enemies":"Shelled Parasite and Fungi","floor":79,"turns":4},{"damage":26,"enemies":"Collector","floor":84,"turns":4},{"damage":0,"enemies":"3 Darklings","floor":86,"turns":4},{"damage":0,"enemies":"3 Shapes","floor":88,"turns":3},{"damage":0,"enemies":"3 Darklings","floor":89,"turns":3},{"damage":0,"enemies":"Transient","floor":90,"turns":5},{"damage":40,"enemies":"Reptomancer","floor":91,"turns":5},{"damage":0,"enemies":"Maw","floor":98,"turns":3},{"damage":0,"enemies":"4 Shapes","floor":99,"turns":9},{"damage":41,"enemies":"Donu and Deca","floor":101,"turns":6}],"seed_played":"501260958623473443","potions_obtained":[{"floor":4.0,"key":"LiquidMemories"},{"floor":6.0,"key":"jedi:StrikingPotion"},{"floor":8.0,"key":"FearPotion"},{"floor":16.0,"key":"Swift Potion"},{"floor":20.0,"key":"Swift Potion"},{"floor":23.0,"key":"AttackPotion"},{"floor":27.0,"key":"Fire Potion"},{"floor":31.0,"key":"EssenceOfDarkness"},{"floor":35.0,"key":"Languid Potion"},{"floor":39.0,"key":"Elixir"},{"floor":50.0,"key":"GamblersBrew"},{"floor":52.0,"key":"SpeedPotion"},{"floor":56.0,"key":"ColorlessPotion"},{"floor":78,"key":"conspire:TimeTravelPotion"},{"floor":79,"key":"Adrenaline Potion"},{"floor":88,"key":"Swift Potion"},{"floor":98,"key":"Ancient Potion"},{"floor":99,"key":"Block Potion"}],"is_trial":false,"path_per_floor":["M","M","?","M","M","E","R","M","T","R","E","M","$","?","R","B",null,"M","AVR","M","M","M","E","?","M","T","NM","$","?","R","E","R","B",null,"M","$","M","?","M","R","M","R","T","R","M","R","?","M","R","B",null,"M","?","M","M","M","R","M","R","T","R","M","M","?","AVR","R","B",null,"M","M","M","$","M","E","R","E","T","M","M","R","?","?","R","B",null,"M","?","M","M","M","E","R","?","T","$","R","AVR","M","M","R","B"],"character_chosen":"DEFECT","items_purchased":["jedi:crownofsimplicity","Clawfect:ClawForTheEyes","FIFO Queue","Clawfect:ClawingBeam","Oddly Smooth Stone","Clawfect:Clawrage","Capacitor","Replay:Wax Seal","Eternal Feather","jedi:heavyjacket","Replay:Frozen Program","Mind Blast","Clawfect:ClawCell","infinitespire:Freezer"],"campfire_rested":3,"item_purchase_floors":[13,13,13,13,28,28,28,36,36,36,72,72,72,95],"current_hp_per_floor":[75,75,57,57,57,50,50,48,48,48,25,19,19,27,49,28,75,64,64,26,22,22,4,4,1,1,1,1,1,23,23,45,16,75,60,60,60,52,43,67,67,75,75,75,75,75,75,75,75,71,40,40,40,40,40,40,40,40,40,40,40,40,40,15,15,40,40,40,40,40,40,40,40,40,40,40,40,40,40,40,40,40,40,40,40,40,40,40,40,40,25,40,40,40,40,40,40,40,40,40,0,0],"gold":0,"neow_bonus":"THREE_ENEMY_KILL","is_daily":false,"chose_seed":false,"campfire_upgraded":15,"win_rate":0.0,"timestamp":1609168305,"path_taken":["M","M","?","M","M","E","R","M","T","R","E","M","?","?","R","BOSS","M","AVR","M","M","M","E","?","M","T","NM","$","?","R","E","R","BOSS","M","$","M","?","M","R","M","R","T","R","M","R","?","M","R","BOSS","M","?","M","M","M","R","M","R","T","R","M","M","?","AVR","R","BOSS","M","M","M","$","M","E","R","E","T","M","M","R","?","?","R","BOSS","M","?","M","M","M","E","R","?","T","$","R","AVR","?","M","R","BOSS"],"items_purchased_type":["Relic","Card","Card","Card","Relic","Card","Card","Relic","Relic","Relic","Relic","Card","Card","Relic"],"build_version":"2020-12-22","purchased_purges":2,"victory":false,"max_hp_per_floor":[75,75,75,75,75,75,75,75,75,75,75,75,75,75,75,75,75,75,75,75,75,75,75,75,75,75,75,75,75,75,75,75,75,75,75,75,75,75,75,75,75,75,75,75,75,75,75,75,75,75,40,40,40,40,40,40,40,40,40,40,40,40,40,40,40,40,40,40,40,40,40,40,40,40,40,40,40,40,40,40,40,40,40,40,40,40,40,40,40,40,40,40,40,40,40,40,40,40,40,40,40,40],"card_choices":[{"not_picked":["Turbo","Stack"],"picked":"Gash","floor":1.0},{"not_picked":["Conserve Battery","Force Field"],"picked":"Defragment","floor":2.0},{"not_picked":["Clawfect:Clawline","jedi:overflow"],"picked":"Gash","floor":4.0},{"not_picked":["Turbo","Hologram"],"picked":"Clawfect:Clawter","floor":5.0},{"not_picked":["Clawfect:ScrapingClaw","Clawfect:ClawLightning"],"picked":"ReplayTheSpireMod:Dual Polarity","floor":6.0},{"not_picked":["Clawfect:ClawCell","Conserve Battery"],"picked":"Static Discharge","floor":8.0},{"not_picked":["Clawfect:ClawCell","Clawfect:ClawingBeam"],"picked":"Clawfect:Clawrage","floor":11.0},{"not_picked":["Stack","Clawfect:ClawLightning"],"picked":"Clawfect:ClawSnap","floor":12.0},{"not_picked":["jedi:bruteforce","Echo Form"],"picked":"Electrodynamics","floor":16.0},{"not_picked":["Clawfect:ScrapingClaw","Gash"],"picked":"Clawfect:ClawSnap","floor":18.0},{"not_picked":["Auto Shields","Lockon"],"picked":"Clawfect:ClawSnap","floor":20.0},{"not_picked":["Gash","Leap"],"picked":"Stack+1","floor":21.0},{"not_picked":["jedi:BurstFrost","Hologram"],"picked":"Fusion+1","floor":22.0},{"not_picked":["Turbo","Force Field"],"picked":"FIFO Queue","floor":23.0},{"not_picked":["Capacitor+1","Hologram"],"picked":"Conserve Battery","floor":25.0},{"not_picked":["Reinforced Body","Clawfect:Clawter"],"picked":"Clawfect:ClawSnap","floor":27.0},{"not_picked":["Coolheaded","jedi:spotbugs"],"picked":"Loop","floor":29.0},{"not_picked":["Hologram","Clawfect:ClawpileDriver"],"picked":"Clawfect:Clawter+1","floor":31.0},{"not_picked":["Electrodynamics","Multi-Cast"],"picked":"jedi:readyaimfire","floor":33.0},{"not_picked":["Clawfect:ClawingBeam","ReplayTheSpireMod:GoodbyeWorld"],"picked":"jedi:BurstLightning+1","floor":35.0},{"not_picked":["Steam","Clawfect:ScrapingClaw"],"picked":"Panic Button+1","floor":37.0},{"not_picked":["ReplayTheSpireMod:GoodbyeWorld","Hello World"],"picked":"Conserve Battery+1","floor":38.0},{"not_picked":["Replay:Fractal Strike","infinitespire:Menacing"],"picked":"ReplayTheSpireMod:Black Plague","floor":38.0},{"not_picked":["Clawfect:Clawter","Heatsinks"],"picked":"jedi:reiji+1","floor":39.0},{"not_picked":["Rebound+1","Clawfect:ClawAndTear"],"picked":"Clawfect:ClawCell+1","floor":41.0},{"not_picked":["Clawfect:Clawline","Clawfect:ClawingBeam"],"picked":"Skim+1","floor":45.0},{"not_picked":["Aggregate","jedi:BurstFrost+1"],"picked":"jedi:BurstLightning","floor":48.0},{"not_picked":["Core Surge","jedi:BurstDark"],"picked":"Echo Form","floor":50.0},{"not_picked":["Steam","Clawfect:ScrapingClaw"],"picked":"Clawfect:ClawingBeam","floor":52.0},{"not_picked":["Leap","Panic Button"],"picked":"Clawfect:ClawCell","floor":54.0},{"not_picked":["Hologram","Clawfect:Clawline"],"picked":"White Noise","floor":55.0},{"not_picked":["jedi:bruteforce","conspire:Rain"],"picked":"BootSequence","floor":56.0},{"not_picked":["Clawfect:ScrapingClaw","jedi:BurstLightning"],"picked":"Clawfect:ClawForTheEyes","floor":58.0},{"not_picked":["Clawfect:ScrapingClaw","FIFO Queue"],"picked":"Gash","floor":62.0},{"not_picked":["Conserve Battery","jedi:blockon"],"picked":"Consume","floor":63.0},{"not_picked":["Amplify","Buffer"],"picked":"jedi:meditation","floor":67.0},{"not_picked":["Loop","jedi:blockon"],"picked":"Glacier+1","floor":69.0},{"not_picked":["infinitespire:DeathsTouch","ReplayTheSpireMod:Chaos Vortex"],"picked":"infinitespire:Oblivion","floor":70.0},{"not_picked":["Self Repair","Stack"],"picked":"Consume","floor":70.0},{"not_picked":["ReplayTheSpireMod:Calculation Training","Leap","Loop"],"picked":"SKIP","floor":71.0},{"not_picked":["ReplayTheSpireMod:System Scan+1","Clawfect:ClawpileDriver+1"],"picked":"Skim+1","floor":73.0},{"not_picked":["Time Bomb","Rebound"],"picked":"Clawfect:ClawForOne","floor":74.0},{"not_picked":["conspire:Rain","Coolheaded"],"picked":"Clawfect:Clawrage","floor":76},{"not_picked":["Clawfect:ScrapingClaw","Clawfect:Clawline"],"picked":"Clawfect:ClawAndTear","floor":78},{"not_picked":["BasicCrystalCard","Redo+1"],"picked":"Clawfect:Clawline+1","floor":79},{"not_picked":["Buffer","jedi:studyfrost"],"picked":"ReplayTheSpireMod:Fabricate Wheel","floor":84},{"not_picked":["Stack","ReplayTheSpireMod:GoodbyeWorld"],"picked":"Clawfect:ScrapingClaw+1","floor":86},{"not_picked":["Turbo+1","Stack+1"],"picked":"Gash","floor":86},{"not_picked":["jedi:BurstFrost+1","Conserve Battery+1"],"picked":"Clawfect:Clawline+1","floor":88},{"not_picked":["jedi:BurstLightning+1","Clawfect:ClawForTheEyes"],"picked":"Clawfect:ClawCell+1","floor":88},{"not_picked":["Coolheaded","ReplayTheSpireMod:Calculation Training+1"],"picked":"Redo+1","floor":89},{"not_picked":["Capacitor+1","ReplayTheSpireMod:GoodbyeWorld+1"],"picked":"jedi:sharpshooter","floor":89},{"not_picked":["Hologram+1","jedi:blockon+1"],"picked":"FTL","floor":90},{"not_picked":["Turbo","Conserve Battery+1","ReplayTheSpireMod:Calculation Training+1"],"picked":"SKIP","floor":90},{"not_picked":["jedi:hex+1","Self Repair"],"picked":"ReplayTheSpireMod:Reroute Power+1","floor":91},{"not_picked":["Coolheaded+1","Clawfect:Clawline"],"picked":"Crystallizer+1","floor":98},{"not_picked":["Rebound+1","jedi:hex"],"picked":"Thunder Strike","floor":98},{"not_picked":["Coolheaded+1","Stack+1"],"picked":"ReplayGash","floor":99},{"not_picked":["Leap+1","Chaos+1"],"picked":"Clawfect:ClawLightning","floor":99}],"player_experience":995547,"relics_obtained":[{"floor":6.0,"key":"CCEMRelics:D6"},{"floor":9.0,"key":"CCEMRelics:SpiritsEdge"},{"floor":11.0,"key":"infinitespire:SolderingIron"},{"floor":23.0,"key":"ReplayTheSpireMod:Ninjato"},{"floor":26.0,"key":"halation:WeightlessCrab"},{"floor":27.0,"key":"infinitespire:CursedDice"},{"floor":31.0,"key":"ReplayFunnel"},{"floor":38.0,"key":"Counterbalance"},{"floor":43.0,"key":"halation:BottledLove"},{"floor":53.0,"key":"halation:VictoryRuler"},{"floor":60.0,"key":"ReplayTheSpireMod:TigerMarble"},{"floor":74.0,"key":"CCEMRelics:JestersCrown"},{"floor":76,"key":"Lantern"},{"floor":77,"key":"infinitespire:FocusingShard"},{"floor":91,"key":"Art of War"},{"floor":94,"key":"Smiling Mask"}],"event_choices":[{"damage_healed":0.0,"max_hp_gain":0.0,"max_hp_loss":0.0,"gold_gain":0.0,"event_name":"Golden Idol","player_choice":"Take Damage","floor":3.0,"gold_loss":0.0,"damage_taken":18.0,"relics_obtained":["Golden Idol"]},{"damage_healed":0.0,"max_hp_gain":0.0,"max_hp_loss":0.0,"gold_gain":0.0,"event_name":"betterNote:BetterNote","player_choice":"Ignored","floor":24.0,"gold_loss":0.0,"damage_taken":0.0,"cards_obtained":["Strike_G"]},{"damage_healed":0.0,"max_hp_gain":0.0,"max_hp_loss":0.0,"gold_gain":0.0,"event_name":"Tomb of Lord Red Mask","player_choice":"Paid","floor":47.0,"gold_loss":243.0,"damage_taken":0.0,"relics_obtained":["Red Mask"]},{"damage_healed":0.0,"max_hp_gain":0.0,"max_hp_loss":0.0,"gold_gain":0.0,"event_name":"betterSkull:BetterSkull","player_choice":"RE RE UP ","floor":64.0,"gold_loss":0.0,"damage_taken":31.0,"cards_upgraded":["Clawfect:ClawSnap"],"relics_obtained":["Bronze Scales","jedi:cryingmask"]},{"damage_healed":0,"gold_gain":0,"player_choice":"Read","damage_taken":0,"max_hp_gain":0,"max_hp_loss":0,"event_name":"The Library","floor":81,"gold_loss":0,"cards_obtained":["Mirror Shield"]},{"damage_healed":0,"gold_gain":0,"player_choice":"Stole Relic","damage_taken":0,"relics_obtained":["Symbiotic Virus"],"max_hp_gain":0,"max_hp_loss":0,"event_name":"Addict","floor":82,"gold_loss":0,"cards_obtained":["Shame"]}],"is_beta":false,"boss_relics":[{"not_picked":["Inserter","halation:CatFaceCupcake"],"picked":"conspire:SpecialSausage"},{"not_picked":["aspiration:RitualDagger","halation:SmartPhone"],"picked":"Replay:Fungal Core"},{"not_picked":["construct:ClawGrip","beaked:MawFillet"],"picked":"halation:Prosthetics"},{"not_picked":["aspiration:BeakedSkillbook","ChewingGum"],"picked":"construct:WeddingRing"},{"not_picked":["beaked:MawFillet","ReplayTheSpireMod:Onyx Gauntlets"],"picked":"SacredBark"}],"items_purged_floors":[65,97],"is_endless":true,"potions_floor_spawned":[4,6,8,16,20,23,27,31,35,39,50,52,56,62,67,69,76,78,79,88,98,99],"killed_by":"Donu and Deca","ascension_level":0}}