{"host":"8u7tvcybuv0u72fd","time":1609133275,"event":{"mods":["BaseMod","BetterRewards","Colored Map","Colored Powertips","Minty Spire (QoL Compilation)","Quick Restart","Shop Mod"],"gold_per_floor":[112,82,97,113,113,142,142,152,203,215,244,244,12,25,25,130,130,156,178,44,55,72,72,103,103,103,116,116,116,19,118,118,213,213,228,228,5,0,0,0,51,81,81,9,46,46,46,57,57,82,82,82,4,37,62],"floor_reached":56,"playtime":3817,"items_purged":["Strike_R","Defend_R"],"score":1253,"play_id":"6dfce387-5933-4ff6-95ba-0804c2959492","local_time":"20201228002755","is_ascension_mode":false,"campfire_choices":[{"data":"Shrug It Off","floor":7.0,"key":"SMITH"},{"data":"Berserk","floor":12,"key":"SMITH"},{"data":"Good Instincts","floor":15,"key":"SMITH"},{"data":"Bandage Up","floor":23,"key":"SMITH"},{"data":"Exhume","floor":25,"key":"SMITH"},{"data":"Defend_R","floor":29,"key":"SMITH"},{"data":"Defend_R","floor":32,"key":"SMITH"},{"data":"Double Tap","floor":40,"key":"SMITH"},{"data":"Rage","floor":47,"key":"SMITH"},{"floor":49,"key":"RECALL"},{"data":"Defend_R","floor":52,"key":"SMITH"}],"circlet_count":0,"master_deck":["Strike_R","Strike_R+1","Strike_R+1","Defend_R+1","Defend_R+1","Defend_R+1","Bash+1","Bandage Up+1","Shrug It Off+1","Good Instincts+1","Headbutt","Berserk+1","Exhume+1","CurseOfTheBell","Dropkick+1","Uppercut+1","Body Slam+1","Pommel Strike+1","Iron Wave+1","Double Tap+1","Flash of Steel+1","HandOfGreed+1","Rage+1","Madness","Madness","Hemokinesis+1"],"relics":["Black Blood","HandDrill","Membership Card","Prayer Wheel","Strawberry","Singing Bowl","Anchor","Oddly Smooth Stone","ClockworkSouvenir","Blue Candle","Calling Bell","MawBank","Molten Egg 2","Charon\u0027s Ashes","TungstenRod","FossilizedHelix","Calipers","MutagenicStrength","Potion Belt","Paper Frog","Red Mask","Torii","Bag of Marbles","Boot","Whetstone","Blood Vial"],"acts_visited":["Exordium","TheCity","TheBeyond","TheEnding"],"potions_floor_usage":[11,11,18,19,24,41,45,48,55,55,55,55,55],"damage_taken":[{"damage":0.0,"enemies":"Cultist","floor":1.0,"turns":4.0},{"damage":0.0,"enemies":"Small Slimes","floor":3.0,"turns":4.0},{"damage":0.0,"enemies":"2 Louse","floor":4.0,"turns":3.0},{"damage":10.0,"enemies":"Lagavulin","floor":6.0,"turns":9.0},{"damage":0.0,"enemies":"Large Slime","floor":8.0,"turns":6.0},{"damage":13.0,"enemies":"2 Fungi Beasts","floor":10.0,"turns":5.0},{"damage":9,"enemies":"Gremlin Nob","floor":11,"turns":4},{"damage":5,"enemies":"3 Louse","floor":14,"turns":3},{"damage":39,"enemies":"The Guardian","floor":16,"turns":13},{"damage":11,"enemies":"3 Byrds","floor":18,"turns":6},{"damage":4,"enemies":"Chosen","floor":19,"turns":4},{"damage":19,"enemies":"Snake Plant","floor":21,"turns":6},{"damage":11,"enemies":"Snecko","floor":22,"turns":4},{"damage":50,"enemies":"Gremlin Leader","floor":24,"turns":9},{"damage":0,"enemies":"Centurion and Healer","floor":27,"turns":5},{"damage":43,"enemies":"Automaton","floor":33,"turns":11},{"damage":0,"enemies":"Orb Walker","floor":35,"turns":3},{"damage":1,"enemies":"2 Orb Walkers","floor":41,"turns":4},{"damage":0,"enemies":"Giant Head","floor":42,"turns":7},{"damage":21,"enemies":"3 Darklings","floor":45,"turns":8},{"damage":0,"enemies":"Transient","floor":48,"turns":5},{"damage":96,"enemies":"Donu and Deca","floor":50,"turns":9},{"damage":42,"enemies":"Shield and Spear","floor":54,"turns":6},{"damage":56,"enemies":"The Heart","floor":55,"turns":11}],"seed_played":"1992127768505746819","potions_obtained":[{"floor":2.0,"key":"Block Potion"},{"floor":2.0,"key":"Energy Potion"},{"floor":3.0,"key":"Explosive Potion"},{"floor":10.0,"key":"GamblersBrew"},{"floor":14,"key":"AttackPotion"},{"floor":19,"key":"SpeedPotion"},{"floor":22,"key":"Energy Potion"},{"floor":27,"key":"LiquidMemories"},{"floor":33,"key":"SpeedPotion"},{"floor":35,"key":"Explosive Potion"},{"floor":42,"key":"Explosive Potion"},{"floor":45,"key":"ColorlessPotion"},{"floor":48,"key":"Ancient Potion"}],"is_trial":false,"path_per_floor":["M","?","M","M","?","E","R","M","T","M","E","R","$","M","R","B",null,"M","M","$","M","M","R","E","R","T","M","?","R","$","?","R","B",null,"M","?","$","?","?","R","?","E","T","$","M","?","R","M","R","B",null,"R","$","E","B",null],"character_chosen":"IRONCLAD","items_purchased":["HandDrill","Bandage Up","Shrug It Off","Membership Card","Strawberry","Good Instincts","Dexterity Potion","ClockworkSouvenir","Blue Candle","Swift Potion","TungstenRod","Potion Belt","Block Potion","Paper Frog","HandOfGreed+1","Boot","Whetstone"],"campfire_rested":0,"item_purchase_floors":[0,0,0,0,0,0,0,13,13,13,20,30,30,37,37,44,53],"current_hp_per_floor":[61,61,71,81,81,83,83,91,91,88,91,91,91,100,100,71,101,103,105,105,98,101,101,68,68,68,90,90,90,90,90,90,65,111,115,110,110,110,110,110,121,123,123,123,123,109,109,125,125,53,125,125,125,101,71],"gold":62,"neow_bonus":"","is_daily":false,"chose_seed":false,"campfire_upgraded":10,"win_rate":0.0,"timestamp":1609133275,"path_taken":["M","?","M","?","?","E","R","M","T","M","E","R","$","M","R","BOSS","M","M","?","M","M","R","E","R","T","M","?","R","$","?","R","BOSS","M","?","$","?","?","R","?","E","T","$","?","?","R","M","R","BOSS","R","$","E","BOSS"],"items_purchased_type":["Relic","Card","Card","Relic","Relic","Card","Potion","Relic","Relic","Potion","Relic","Relic","Potion","Relic","Card","Relic","Relic"],"build_version":"2020-12-22","purchased_purges":2,"victory":true,"max_hp_per_floor":[87,87,87,87,87,89,89,91,91,95,97,97,97,101,101,101,101,103,105,105,107,107,107,107,107,107,111,111,111,111,111,111,111,111,115,119,119,119,119,119,121,123,123,123,123,123,123,125,125,125,125,125,125,125,125],"card_choices":[{"not_picked":["Thunderclap","Rampage"],"picked":"Headbutt","floor":1.0},{"not_picked":["Searing Blow","Anger","Feel No Pain"],"picked":"SKIP","floor":1.0},{"not_picked":["Flex","Thunderclap","Wild Strike"],"picked":"SKIP","floor":3.0},{"not_picked":["Dark Embrace","Shrug It Off","Feel No Pain"],"picked":"SKIP","floor":3.0},{"not_picked":["Pummel","Wild Strike","Disarm"],"picked":"SKIP","floor":4.0},{"not_picked":["Pummel","Hemokinesis","Flame Barrier"],"picked":"SKIP","floor":4.0},{"not_picked":["Iron Wave","Flame Barrier","Pommel Strike"],"picked":"Singing Bowl","floor":6.0},{"not_picked":["Rampage","Thunderclap","Reckless Charge"],"picked":"Singing Bowl","floor":8.0},{"not_picked":["Seeing Red","Anger"],"picked":"Berserk","floor":8.0},{"not_picked":["Clash","Twin Strike","True Grit"],"picked":"Singing Bowl","floor":10.0},{"not_picked":["True Grit","Fire Breathing","Clothesline"],"picked":"Singing Bowl","floor":10.0},{"not_picked":["Barricade","Perfected Strike","Wild Strike"],"picked":"Singing Bowl","floor":11},{"not_picked":["Fire Breathing","Wild Strike","Power Through"],"picked":"Singing Bowl","floor":14},{"not_picked":["Anger","Armaments","Heavy Blade"],"picked":"Singing Bowl","floor":14},{"not_picked":["Demon Form","Impervious"],"picked":"Exhume","floor":16},{"not_picked":["Headbutt+1","Perfected Strike+1","Hemokinesis+1"],"picked":"Singing Bowl","floor":18},{"not_picked":["Havoc","Shrug It Off+1"],"picked":"Dropkick+1","floor":18},{"not_picked":["Searing Blow+1","Shockwave","Sentinel"],"picked":"Singing Bowl","floor":19},{"not_picked":["Flex+1","Rage"],"picked":"Uppercut+1","floor":19},{"not_picked":["Pommel Strike+1","Armaments"],"picked":"Body Slam+1","floor":21},{"not_picked":["Headbutt+1","Feel No Pain","Double Tap"],"picked":"Singing Bowl","floor":21},{"not_picked":["Rampage+1","Combust"],"picked":"Pommel Strike+1","floor":22},{"not_picked":["Clash+1","Reckless Charge+1","Dual Wield"],"picked":"SKIP","floor":22},{"not_picked":["Sentinel","Shockwave"],"picked":"Iron Wave+1","floor":24},{"not_picked":["Clash+1","Combust","Rupture"],"picked":"Singing Bowl","floor":27},{"not_picked":["Wild Strike+1","Dark Embrace+1","Headbutt+1"],"picked":"Singing Bowl","floor":27},{"not_picked":["Brutality","Limit Break"],"picked":"Double Tap","floor":33},{"not_picked":["Evolve+1","Clash+1","Burning Pact"],"picked":"Singing Bowl","floor":35},{"not_picked":["Body Slam+1","Headbutt+1","Shrug It Off"],"picked":"Singing Bowl","floor":35},{"not_picked":["Deep Breath","Madness"],"picked":"Flash of Steel+1","floor":36},{"not_picked":["Jack Of All Trades","Deep Breath","Dramatic Entrance+1"],"picked":"Singing Bowl","floor":36},{"not_picked":["Madness","Jack Of All Trades","Sadistic Nature"],"picked":"Singing Bowl","floor":36},{"not_picked":["Wild Strike+1","Pummel+1","Anger+1"],"picked":"Singing Bowl","floor":41},{"not_picked":["Seeing Red","Pommel Strike+1","Twin Strike+1"],"picked":"Singing Bowl","floor":42},{"not_picked":["Warcry+1","Battle Trance"],"picked":"Rage","floor":45},{"not_picked":["Inflame+1","True Grit+1","Anger+1"],"picked":"SKIP","floor":45},{"not_picked":["Flex","Cleave+1","Headbutt+1"],"picked":"Singing Bowl","floor":48},{"not_picked":["Brutality","Sever Soul+1","Entrench+1"],"picked":"SKIP","floor":48},{"not_picked":["Anger+1","Heavy Blade+1"],"picked":"Hemokinesis+1","floor":54}],"player_experience":1231348,"relics_obtained":[{"floor":6.0,"key":"Singing Bowl"},{"floor":9.0,"key":"Anchor"},{"floor":11,"key":"Oddly Smooth Stone"},{"floor":17,"key":"MawBank"},{"floor":17,"key":"Molten Egg 2"},{"floor":17,"key":"Charon\u0027s Ashes"},{"floor":24,"key":"FossilizedHelix"},{"floor":26,"key":"Calipers"},{"floor":41,"key":"Torii"},{"floor":42,"key":"Bag of Marbles"},{"floor":54,"key":"Blood Vial"}],"event_choices":[{"damage_healed":0.0,"max_hp_gain":0.0,"max_hp_loss":0.0,"gold_gain":0.0,"event_name":"The Woman in Blue","player_choice":"Bought 2 Potions","floor":2.0,"gold_loss":0.0,"damage_taken":0.0},{"damage_healed":0.0,"max_hp_gain":0.0,"max_hp_loss":0.0,"gold_gain":0.0,"event_name":"Upgrade Shrine","player_choice":"Upgraded","floor":5.0,"gold_loss":0.0,"damage_taken":0.0,"cards_upgraded":["Bash"]},{"damage_healed":0,"gold_gain":0,"player_choice":"Inject Mutagens","damage_taken":0,"relics_obtained":["MutagenicStrength"],"max_hp_gain":0,"max_hp_loss":0,"event_name":"Drug Dealer","floor":28,"gold_loss":0},{"damage_healed":0,"gold_gain":99,"player_choice":"Stole From Cult","damage_taken":0,"max_hp_gain":0,"max_hp_loss":0,"event_name":"Nest","floor":31,"gold_loss":0},{"damage_healed":0,"gold_gain":0,"player_choice":"Memory 3","damage_taken":10,"max_hp_gain":0,"max_hp_loss":0,"event_name":"SensoryStone","floor":36,"gold_loss":0},{"damage_healed":0,"gold_gain":0,"player_choice":"Paid","damage_taken":0,"relics_obtained":["Red Mask"],"max_hp_gain":0,"max_hp_loss":0,"event_name":"Tomb of Lord Red Mask","floor":38,"gold_loss":5},{"cards_removed":["Strike_R"],"damage_healed":0,"gold_gain":0,"player_choice":"Removed Attack","damage_taken":0,"max_hp_gain":0,"max_hp_loss":0,"event_name":"Falling","floor":39,"gold_loss":0},{"damage_healed":0,"gold_gain":0,"player_choice":"Fight","damage_taken":0,"max_hp_gain":0,"max_hp_loss":0,"event_name":"Mysterious Sphere","floor":41,"gold_loss":0},{"damage_healed":0,"gold_gain":0,"player_choice":"Embrace Madness","damage_taken":15,"max_hp_gain":0,"max_hp_loss":0,"event_name":"Winding Halls","floor":46,"gold_loss":0,"cards_obtained":["Madness","Madness"]}],"is_beta":false,"boss_relics":[{"not_picked":["SlaversCollar","Snecko Eye"],"picked":"Calling Bell"},{"not_picked":["Philosopher\u0027s Stone","Mark of Pain"],"picked":"Black Blood"}],"items_purged_floors":[0,0],"is_endless":false,"potions_floor_spawned":[3,4,10,14,19,22,27,33,35,42,45,48],"ascension_level":0}}