{"host":"1hv1kueuvc4r3rdp","time":1609131721,"event":{"mods":["AchievementEnabler","BaseMod","DeckTracker","Highlight Path","Minty Spire (QoL Compilation)","Permanent Neow","StSLib"],"gold_per_floor":[113,60,70,4,15,15,31,47,47,60,70,23,23,55,55,158,158,169,184,184,201,214,214,249,249,249,259,259],"floor_reached":27,"playtime":1254,"items_purged":[],"score":239,"play_id":"6393078d-cb2b-4ad2-a543-b823bcb05bb0","local_time":"20201227230201","daily_mods":["Uncertain Future"],"is_ascension_mode":false,"campfire_choices":[{"data":"Cleave","floor":6,"key":"SMITH"},{"data":"True Grit","floor":13,"key":"SMITH"},{"data":"Flame Barrier","floor":15,"key":"SMITH"},{"floor":23,"key":"REST"},{"data":"Whirlwind","floor":25,"key":"SMITH"}],"circlet_count":0,"master_deck":["Strike_R","Strike_R","Strike_R","Strike_R","Strike_R","Defend_R","Defend_R","Defend_R","Bash","Cleave+1","Pommel Strike","Flame Barrier+1","Warcry","True Grit+1","Shockwave","Offering","CurseOfTheBell","Whirlwind+1","Perfected Strike","True Grit","Disarm","Feel No Pain+1"],"relics":["Burning Blood","Anchor","HornCleat","Turnip","Calling Bell","Ancient Tea Set","Frozen Egg 2","TungstenRod","Molten Egg 2","Du-Vu Doll"],"acts_visited":["Exordium","TheCity"],"potions_floor_usage":[8,14],"damage_taken":[{"damage":5,"enemies":"Small Slimes","floor":1,"turns":4},{"damage":1,"enemies":"Cultist","floor":3,"turns":3},{"damage":0,"enemies":"2 Louse","floor":5,"turns":2},{"damage":0,"enemies":"Blue Slaver","floor":7,"turns":3},{"damage":16,"enemies":"Large Slime","floor":8,"turns":4},{"damage":0,"enemies":"3 Louse","floor":10,"turns":2},{"damage":7,"enemies":"Red Slaver","floor":11,"turns":4},{"damage":42,"enemies":"Gremlin Nob","floor":14,"turns":5},{"damage":30,"enemies":"The Guardian","floor":16,"turns":17},{"damage":14,"enemies":"2 Thieves","floor":18,"turns":5},{"damage":27,"enemies":"Spheric Guardian","floor":19,"turns":10},{"damage":5,"enemies":"Centurion and Healer","floor":21,"turns":8},{"damage":18,"enemies":"Chosen and Byrds","floor":22,"turns":6},{"damage":13,"enemies":"Book of Stabbing","floor":24,"turns":8},{"damage":10,"enemies":"3 Cultists","floor":27,"turns":5}],"seed_played":"30459576035097123","potions_obtained":[{"floor":5,"key":"AttackPotion"},{"floor":8,"key":"FearPotion"},{"floor":11,"key":"GamblersBrew"},{"floor":21,"key":"SkillPotion"},{"floor":24,"key":"Dexterity Potion"},{"floor":27,"key":"CultistPotion"}],"is_trial":true,"path_per_floor":["M","$","M","?","M","R","M","M","T","M","M","$","R","E","R","B",null,"M","M","?","M","M","R","E","R","T","M"],"character_chosen":"IRONCLAD","items_purchased":["Pommel Strike","True Grit"],"campfire_rested":1,"item_purchase_floors":[2,12],"current_hp_per_floor":[80,80,80,80,80,80,80,70,70,76,75,75,75,39,39,15,80,72,51,51,52,40,64,57,57,57,53,53],"gold":259,"neow_bonus":"","is_daily":false,"chose_seed":true,"campfire_upgraded":4,"win_rate":0.0,"timestamp":1609131721,"path_taken":["M","$","M","?","M","R","M","M","T","M","?","?","R","E","R","BOSS","M","M","?","M","M","R","E","R","T","M"],"items_purchased_type":["Card","Card"],"build_version":"2020-12-22","purchased_purges":0,"victory":false,"max_hp_per_floor":[80,80,80,80,80,80,80,80,80,80,80,80,80,80,80,80,80,80,80,80,80,80,80,80,80,80,80,80],"card_choices":[{"not_picked":["Body Slam","Rupture"],"picked":"Cleave","floor":1},{"not_picked":["Armaments","Dropkick"],"picked":"Flame Barrier","floor":3},{"not_picked":["Metallicize","Bloodletting"],"picked":"Warcry","floor":5},{"not_picked":["Inflame","Reckless Charge","Bloodletting"],"picked":"SKIP","floor":7},{"not_picked":["Cleave","Pommel Strike"],"picked":"Barricade","floor":8},{"not_picked":["Heavy Blade","Sever Soul","Warcry"],"picked":"SKIP","floor":10},{"not_picked":["Anger","Combust","Body Slam"],"picked":"SKIP","floor":11},{"not_picked":["Armaments","Rupture"],"picked":"Shockwave","floor":14},{"not_picked":["Corruption","Double Tap"],"picked":"Offering","floor":16},{"not_picked":["Pommel Strike","Anger"],"picked":"Whirlwind","floor":18},{"not_picked":["Headbutt","Dual Wield"],"picked":"Perfected Strike","floor":19},{"not_picked":["Offering","Clothesline","Heavy Blade"],"picked":"SKIP","floor":21},{"not_picked":["Wild Strike","Thunderclap+1"],"picked":"Feel No Pain+1","floor":22},{"not_picked":["Dropkick+1","Infernal Blade","Sword Boomerang+1"],"picked":"SKIP","floor":24}],"player_experience":1106273,"relics_obtained":[{"floor":9,"key":"HornCleat"},{"floor":14,"key":"Turnip"},{"floor":17,"key":"Ancient Tea Set"},{"floor":17,"key":"Frozen Egg 2"},{"floor":17,"key":"TungstenRod"},{"floor":24,"key":"Molten Egg 2"},{"floor":26,"key":"Du-Vu Doll"}],"event_choices":[{"damage_healed":0,"gold_gain":0,"player_choice":"Paid Gold","damage_taken":0,"relics_obtained":["Anchor"],"max_hp_gain":0,"max_hp_loss":0,"event_name":"WeMeetAgain","floor":4,"gold_loss":66},{"damage_healed":0,"gold_gain":0,"cards_transformed":["Barricade","Defend_R"],"player_choice":"Became Test Subject","damage_taken":0,"max_hp_gain":0,"max_hp_loss":0,"event_name":"Drug Dealer","floor":20,"gold_loss":0,"cards_obtained":["True Grit","Disarm"]}],"is_beta":false,"boss_relics":[{"not_picked":["Tiny House","Busted Crown"],"picked":"Calling Bell"}],"items_purged_floors":[],"is_endless":false,"potions_floor_spawned":[5,8,11,21,24,27],"killed_by":"3 Cultists","ascension_level":0}}