{"host":"Shugu","time":1609159438,"event":{"mods":["BaseMod","Colored Powertips","Minty Spire (QoL Compilation)","Waifu the Spire"],"gold_per_floor":[209,284,296,307,321,321,333,333,360,360,387,387,151,170,170,296,296,312,411,411,434,447,447,447,362,414,20,64,29,72,87,87,216,216,230,230,253,128,148,148,161,161,161,176,239,239,260,291,291,291,291,291,102,146,146],"floor_reached":56,"playtime":3688,"items_purged":["Strike_R","Strike_R","Bash","Defend_R"],"score":1720,"play_id":"4ac20827-6ff4-4824-a99f-e80f4ccd3e0b","local_time":"20201228204358","is_ascension_mode":true,"campfire_choices":[{"data":"Rupture","floor":6.0,"key":"SMITH"},{"data":"Sword Boomerang","floor":8.0,"key":"SMITH"},{"data":"Heavy Blade","floor":10.0,"key":"SMITH"},{"data":"Offering","floor":15.0,"key":"SMITH"},{"data":"Exhume","floor":23.0,"key":"SMITH"},{"data":"Rupture","floor":32.0,"key":"SMITH"},{"data":"Limit Break","floor":40.0,"key":"SMITH"},{"data":"Trip","floor":42.0,"key":"SMITH"},{"data":"Enlightenment","floor":46.0,"key":"SMITH"},{"floor":49.0,"key":"RECALL"},{"data":"Sadistic Nature","floor":52.0,"key":"SMITH"}],"circlet_count":0,"master_deck":["Strike_R","Defend_R+1","Defend_R+1","Heavy Blade+1","Clash","Rupture+1","Sword Boomerang+1","Offering+1","Exhume+1","Rage+1","Brutality+1","Reaper+1","Offering+1","Rupture+1","Rupture+1","Limit Break+1","Thunderclap+1","Trip+1","Enlightenment+1","Sadistic Nature+1","Intimidate+1","Seeing Red"],"relics":["Black Blood","Vajra","Odd Mushroom","Golden Idol","Astrolabe","Happy Flower","PreservedInsect","TungstenRod","War Paint","Centennial Puzzle","Lizard Tail","Bottled Tornado","Akabeko"],"acts_visited":["Exordium","TheCity","TheBeyond","TheEnding"],"potions_floor_usage":[54,55,55],"damage_taken":[{"damage":7.0,"enemies":"Jaw Worm","floor":1.0,"turns":3.0},{"damage":5.0,"enemies":"Small Slimes","floor":3.0,"turns":3.0},{"damage":1.0,"enemies":"2 Louse","floor":4.0,"turns":2.0},{"damage":15.0,"enemies":"2 Fungi Beasts","floor":5.0,"turns":4.0},{"damage":12.0,"enemies":"Looter","floor":7.0,"turns":3.0},{"damage":4.0,"enemies":"The Mushroom Lair","floor":11.0,"turns":2.0},{"damage":13.0,"enemies":"Exordium Thugs","floor":14.0,"turns":4.0},{"damage":6.0,"enemies":"Slime Boss","floor":16.0,"turns":3.0},{"damage":14.0,"enemies":"Spheric Guardian","floor":18.0,"turns":3.0},{"damage":23.0,"enemies":"Shell Parasite","floor":21.0,"turns":3.0},{"damage":19.0,"enemies":"Shelled Parasite and Fungi","floor":22.0,"turns":2.0},{"damage":15.0,"enemies":"Slavers","floor":28.0,"turns":4.0},{"damage":21.0,"enemies":"Gremlin Leader","floor":30.0,"turns":2.0},{"damage":10.0,"enemies":"Cultist and Chosen","floor":31.0,"turns":3.0},{"damage":41.0,"enemies":"Automaton","floor":33.0,"turns":5.0},{"damage":20.0,"enemies":"3 Shapes","floor":35.0,"turns":2.0},{"damage":15.0,"enemies":"Orb Walker","floor":37.0,"turns":2.0},{"damage":13.0,"enemies":"3 Darklings","floor":39.0,"turns":2.0},{"damage":15.0,"enemies":"Writhing Mass","floor":41.0,"turns":2.0},{"damage":15.0,"enemies":"Transient","floor":44.0,"turns":5.0},{"damage":37.0,"enemies":"Mind Bloom Boss Battle","floor":45.0,"turns":3.0},{"damage":10.0,"enemies":"Maw","floor":47.0,"turns":3.0},{"damage":15.0,"enemies":"Nemesis","floor":48.0,"turns":1.0},{"damage":32.0,"enemies":"Donu and Deca","floor":50.0,"turns":5.0},{"damage":71,"enemies":"Shield and Spear","floor":54,"turns":3},{"damage":70,"enemies":"The Heart","floor":55,"turns":4}],"seed_played":"1134961293980611875","potions_obtained":[{"floor":3.0,"key":"LiquidMemories"},{"floor":4.0,"key":"SpeedPotion"},{"floor":7.0,"key":"AttackPotion"},{"floor":11.0,"key":"Strength Potion"},{"floor":14.0,"key":"ElixirPotion"},{"floor":21.0,"key":"ElixirPotion"},{"floor":31.0,"key":"Block Potion"},{"floor":41.0,"key":"Block Potion"},{"floor":48.0,"key":"BlessingOfTheForge"}],"is_trial":false,"path_per_floor":["M","?","M","M","M","R","M","R","T","R","?","?","$","M","R","B",null,"M","?","?","M","M","R","?","?","T","$","E","$","E","M","R","B",null,"M","?","M","$","M","R","M","R","T","M","?","R","M","E","R","B",null,"R","$","E","B",null],"character_chosen":"IRONCLAD","items_purchased":["Offering","TungstenRod","Rupture","Seeing Red"],"campfire_rested":0,"item_purchase_floors":[13,27,29,53],"current_hp_per_floor":[71,60,61,66,57,57,51,51,51,51,53,33,33,26,26,26,67,67,67,67,80,80,80,65,65,65,65,74,74,75,85,85,72,82,85,76,81,81,85,85,85,85,85,85,85,85,85,85,85,65,80,80,80,85,42],"gold":146,"neow_bonus":"HUNDRED_GOLD","is_daily":false,"chose_seed":false,"campfire_upgraded":10,"win_rate":0.0,"timestamp":1609159438,"path_taken":["M","?","M","M","M","R","M","R","T","R","?","?","$","M","R","BOSS","M","?","?","M","?","R","?","?","T","$","E","$","E","M","R","BOSS","M","?","M","$","M","R","M","R","T","M","?","R","M","E","R","BOSS","R","$","E","BOSS"],"items_purchased_type":["Card","Relic","Card","Card"],"build_version":"2020-12-18","purchased_purges":4,"victory":true,"max_hp_per_floor":[80,80,80,80,80,80,80,80,80,80,80,80,80,80,80,80,80,80,80,80,80,80,80,85,85,85,85,85,85,85,85,85,85,85,85,85,85,85,85,85,85,85,85,85,85,85,85,85,85,85,85,85,85,85,85],"card_choices":[{"not_picked":["Iron Wave","Fire Breathing"],"picked":"Heavy Blade","floor":1.0},{"not_picked":["Burning Pact","Ghostly Armor","Infernal Blade"],"picked":"SKIP","floor":3.0},{"not_picked":["Armaments","Body Slam"],"picked":"Clash","floor":4.0},{"not_picked":["Blood for Blood","Perfected Strike"],"picked":"Rupture","floor":5.0},{"not_picked":["Headbutt","Burning Pact"],"picked":"Sword Boomerang","floor":7.0},{"not_picked":["Intimidate","Pommel Strike","Reckless Charge"],"picked":"SKIP","floor":14.0},{"not_picked":["Juggernaut","Impervious"],"picked":"Exhume","floor":16.0},{"not_picked":["Reckless Charge","Pommel Strike","Iron Wave"],"picked":"SKIP","floor":18.0},{"not_picked":["Uppercut+1","Sentinel","Headbutt"],"picked":"SKIP","floor":21.0},{"not_picked":["Evolve","Rage+1","Rampage+1"],"picked":"SKIP","floor":22.0},{"not_picked":["Whirlwind","Power Through","Rampage+1"],"picked":"SKIP","floor":28.0},{"not_picked":["Armaments","Sword Boomerang"],"picked":"Rupture+1","floor":30.0},{"not_picked":["Headbutt+1","Pommel Strike+1","Wild Strike"],"picked":"SKIP","floor":31.0},{"not_picked":["Juggernaut","Fiend Fire"],"picked":"Limit Break","floor":33.0},{"not_picked":["Clash+1","Cleave+1"],"picked":"Thunderclap+1","floor":35.0},{"not_picked":["Thinking Ahead","Impatience"],"picked":"Trip","floor":36.0},{"not_picked":["Secret Weapon","Mind Blast"],"picked":"Enlightenment","floor":36.0},{"not_picked":["Swift Strike","Mind Blast"],"picked":"Sadistic Nature","floor":36.0},{"not_picked":["Heavy Blade","Havoc","Cleave"],"picked":"SKIP","floor":37.0},{"not_picked":["Havoc+1","Clothesline+1"],"picked":"Intimidate+1","floor":39.0},{"not_picked":["Shrug It Off","Body Slam","Flame Barrier+1"],"picked":"SKIP","floor":41.0},{"not_picked":["Sentinel","Burning Pact","Rage+1"],"picked":"SKIP","floor":44.0},{"not_picked":["Metallicize+1","Twin Strike+1","Shockwave"],"picked":"SKIP","floor":47.0},{"not_picked":["Flex","Twin Strike","Spot Weakness"],"picked":"SKIP","floor":48.0},{"not_picked":["Inflame+1","Berserk","Anger+1"],"picked":"SKIP","floor":54}],"player_experience":363439,"relics_obtained":[{"floor":9.0,"key":"Vajra"},{"floor":11.0,"key":"Odd Mushroom"},{"floor":26.0,"key":"PreservedInsect"},{"floor":28.0,"key":"War Paint"},{"floor":30.0,"key":"Centennial Puzzle"},{"floor":45.0,"key":"Lizard Tail"},{"floor":48.0,"key":"Bottled Tornado"},{"floor":54,"key":"Akabeko"}],"event_choices":[{"damage_healed":0.0,"max_hp_gain":0.0,"max_hp_loss":0.0,"gold_gain":75.0,"event_name":"World of Goop","player_choice":"Gather Gold","floor":2.0,"gold_loss":0.0,"damage_taken":11.0},{"damage_healed":0.0,"max_hp_gain":0.0,"max_hp_loss":0.0,"gold_gain":0.0,"event_name":"Mushrooms","player_choice":"Fought Mushrooms","floor":11.0,"gold_loss":0.0,"damage_taken":0.0},{"damage_healed":0.0,"max_hp_gain":0.0,"max_hp_loss":0.0,"gold_gain":0.0,"event_name":"Golden Idol","player_choice":"Take Damage","floor":12.0,"gold_loss":0.0,"damage_taken":20.0,"relics_obtained":["Golden Idol"]},{"damage_healed":0.0,"max_hp_gain":0.0,"max_hp_loss":0.0,"gold_gain":99.0,"event_name":"Nest","player_choice":"Stole From Cult","floor":19.0,"gold_loss":0.0,"damage_taken":0.0},{"damage_healed":0.0,"max_hp_gain":0.0,"max_hp_loss":0.0,"gold_gain":0.0,"event_name":"Duplicator","player_choice":"Copied","floor":20.0,"gold_loss":0.0,"damage_taken":0.0,"cards_obtained":["Offering"]},{"damage_healed":0.0,"max_hp_gain":5.0,"max_hp_loss":0.0,"gold_gain":0.0,"event_name":"Forgotten Altar","player_choice":"Shed Blood","floor":24.0,"gold_loss":0.0,"damage_taken":20.0},{"damage_healed":0.0,"max_hp_gain":0.0,"max_hp_loss":0.0,"gold_gain":0.0,"event_name":"Addict","player_choice":"Obtained Relic","floor":25.0,"gold_loss":85.0,"damage_taken":0.0,"relics_obtained":["Happy Flower"]},{"damage_healed":0.0,"max_hp_gain":0.0,"max_hp_loss":0.0,"gold_gain":0.0,"event_name":"SensoryStone","player_choice":"Memory 3","floor":36.0,"gold_loss":0.0,"damage_taken":10.0},{"damage_healed":0.0,"max_hp_gain":0.0,"max_hp_loss":0.0,"gold_gain":0.0,"event_name":"MindBloom","player_choice":"Fight","floor":45.0,"gold_loss":0.0,"damage_taken":0.0}],"is_beta":true,"boss_relics":[{"not_picked":["Philosopher\u0027s Stone","Runic Cube"],"picked":"Astrolabe"},{"not_picked":["Busted Crown","Tiny House"],"picked":"Black Blood"}],"items_purged_floors":[13,27,38,53],"is_endless":false,"potions_floor_spawned":[3,4,7,11,14,21,28,30,31,41,48],"ascension_level":8}}