{"host":"2lrkmsuh7nz013qb","time":1609137580,"event":{"mods":["BaseMod","Colored Map","DeckTracker","Minty Spire (QoL Compilation)","SuperFastMode","everything is the same but u backflip on backflip"],"gold_per_floor":[219,219,219,44,57,57,76,119,166,204,232,232,259,282,282,370,370,395,395,414,435,448,473,72,101,128,128,169,180,7,106,106,193,193,205,205,205,220,95,95,137,149,149,177,177,177,199,49,49,49,49,49,49,79,79],"floor_reached":56,"playtime":1889,"items_purged":["Strike_R","Perfected Strike","Strike_R","Strike_R"],"score":2330,"play_id":"9ef826ca-d626-4dbe-b6ff-4584090e839e","local_time":"20201228153940","is_ascension_mode":true,"campfire_choices":[{"data":"Apotheosis","floor":6,"key":"SMITH"},{"data":"Offering","floor":15,"key":"SMITH"},{"floor":27,"key":"REST"},{"data":"Pommel Strike","floor":32,"key":"SMITH"},{"floor":40,"key":"RECALL"},{"floor":45,"key":"REST"},{"data":"Offering","floor":49,"key":"SMITH"},{"floor":52,"key":"REST"}],"circlet_count":0,"master_deck":["AscendersBane","Strike_R","Defend_R","Defend_R","Defend_R","Defend_R","Bash","Apotheosis+1","Pommel Strike+1","Uppercut","Offering+1","Second Wind","Barricade+1","Power Through+1","Power Through","Feel No Pain+1","Shrug It Off","Body Slam","Evolve+1","Offering+1","Sentinel+1","Shrug It Off"],"relics":["Burning Blood","CeramicFish","Bronze Scales","Pantograph","Regal Pillow","Frozen Egg 2","Sozu","Gambling Chip","Ice Cream","Lantern","Letter Opener","Runic Dome","Shuriken","Darkstone Periapt","Singing Bowl","Paper Frog"],"acts_visited":["Exordium","TheCity","TheBeyond","TheEnding"],"potions_floor_usage":[13,16,55],"damage_taken":[{"damage":2,"enemies":"2 Louse","floor":1,"turns":3},{"damage":9,"enemies":"Jaw Worm","floor":5,"turns":4},{"damage":7,"enemies":"Small Slimes","floor":7,"turns":4},{"damage":18,"enemies":"Gremlin Nob","floor":8,"turns":3},{"damage":22,"enemies":"Lagavulin","floor":10,"turns":5},{"damage":10,"enemies":"Blue Slaver","floor":11,"turns":3},{"damage":10,"enemies":"3 Sentries","floor":13,"turns":6},{"damage":6,"enemies":"2 Fungi Beasts","floor":14,"turns":2},{"damage":21,"enemies":"The Guardian","floor":16,"turns":10},{"damage":13,"enemies":"3 Byrds","floor":18,"turns":5},{"damage":20,"enemies":"2 Thieves","floor":20,"turns":4},{"damage":20,"enemies":"Snake Plant","floor":21,"turns":3},{"damage":6,"enemies":"3 Cultists","floor":22,"turns":4},{"damage":14,"enemies":"Gremlin Leader","floor":23,"turns":9},{"damage":6,"enemies":"Cultist and Chosen","floor":25,"turns":6},{"damage":6,"enemies":"Book of Stabbing","floor":28,"turns":5},{"damage":6,"enemies":"Shelled Parasite and Fungi","floor":29,"turns":2},{"damage":6,"enemies":"Automaton","floor":33,"turns":6},{"damage":14,"enemies":"3 Darklings","floor":35,"turns":4},{"damage":6,"enemies":"Orb Walker","floor":38,"turns":3},{"damage":15,"enemies":"Reptomancer","floor":41,"turns":4},{"damage":6,"enemies":"Spire Growth","floor":42,"turns":4},{"damage":21,"enemies":"Nemesis","floor":44,"turns":5},{"damage":6,"enemies":"Maw","floor":47,"turns":6},{"damage":12,"enemies":"Time Eater","floor":50,"turns":5},{"damage":12,"enemies":"Shield and Spear","floor":54,"turns":3},{"damage":6,"enemies":"The Heart","floor":55,"turns":6}],"seed_played":"435886228351255800","potions_obtained":[{"floor":8,"key":"ElixirPotion"},{"floor":11,"key":"AttackPotion"},{"floor":14,"key":"Block Potion"}],"is_trial":false,"path_per_floor":["M","?","T","$","M","R","M","E","T","E","M","?","E","M","R","B",null,"M","?","M","M","M","E","$","M","T","R","E","M","$","?","R","B",null,"M","?","?","M","$","R","E","M","T","E","R","T","M","$","R","B",null,"R","$","E","B",null],"character_chosen":"IRONCLAD","items_purchased":["Apotheosis","Feel No Pain+1","Ice Cream","Evolve+1"],"campfire_rested":3,"item_purchase_floors":[4,24,24,30],"current_hp_per_floor":[76,76,76,76,73,73,72,60,60,44,40,28,24,24,24,34,69,62,62,48,34,34,26,26,26,26,65,65,65,65,65,65,80,80,72,72,72,72,72,72,63,63,63,48,80,80,80,80,80,74,79,80,80,76,82],"gold":79,"neow_bonus":"HUNDRED_GOLD","is_daily":false,"chose_seed":false,"campfire_upgraded":4,"win_rate":0.0,"timestamp":1609137580,"path_taken":["M","?","?","$","M","R","M","E","T","E","M","?","E","M","R","BOSS","M","?","M","M","M","E","$","M","T","R","E","M","$","?","R","BOSS","M","?","?","?","$","R","E","M","T","E","R","?","M","$","R","BOSS","R","$","E","BOSS"],"items_purchased_type":["Card","Card","Relic","Card"],"build_version":"2020-12-22","purchased_purges":4,"victory":true,"max_hp_per_floor":[80,80,80,80,80,80,80,80,80,80,80,80,80,80,80,80,80,80,80,80,80,80,80,80,80,80,80,80,80,80,80,80,80,80,80,80,80,80,80,80,80,80,80,80,80,80,80,80,80,80,80,80,80,82,82],"card_choices":[{"not_picked":["Thunderclap","Heavy Blade"],"picked":"Perfected Strike","floor":1},{"not_picked":["Pummel","Combust","Dark Embrace"],"picked":"SKIP","floor":5},{"not_picked":["True Grit","Sword Boomerang"],"picked":"Pommel Strike","floor":7},{"not_picked":["Rampage","Seeing Red"],"picked":"Uppercut","floor":8},{"not_picked":["Anger","Flame Barrier"],"picked":"Body Slam","floor":10},{"not_picked":["Sword Boomerang","Body Slam"],"picked":"Offering","floor":11},{"not_picked":["Sentinel","Pummel","Sword Boomerang"],"picked":"SKIP","floor":13},{"not_picked":["Sever Soul","Wild Strike"],"picked":"Second Wind","floor":14},{"not_picked":["Juggernaut+1","Offering"],"picked":"Barricade+1","floor":16},{"not_picked":["Whirlwind+1","Sever Soul"],"picked":"Power Through+1","floor":18},{"not_picked":["Body Slam","Iron Wave+1","Cleave"],"picked":"SKIP","floor":20},{"not_picked":["Warcry","Body Slam+1"],"picked":"Power Through","floor":21},{"not_picked":["Pummel+1","Heavy Blade","Sword Boomerang"],"picked":"SKIP","floor":22},{"not_picked":["Twin Strike","Armaments+1","Warcry"],"picked":"SKIP","floor":23},{"not_picked":["Iron Wave","Cleave"],"picked":"Shrug It Off","floor":25},{"not_picked":["Second Wind","Warcry"],"picked":"Body Slam","floor":28},{"not_picked":["Flex","Bloodletting","Burning Pact"],"picked":"SKIP","floor":29},{"not_picked":["Immolate","Brutality+1"],"picked":"Offering","floor":33},{"not_picked":["Cleave","Body Slam","Combust+1"],"picked":"SKIP","floor":35},{"not_picked":["Metallicize+1","Headbutt","Wild Strike+1"],"picked":"SKIP","floor":38},{"not_picked":["Dropkick","Headbutt+1"],"picked":"Sentinel+1","floor":41},{"not_picked":["Metallicize+1","Pommel Strike","Ghostly Armor"],"picked":"SKIP","floor":42},{"not_picked":["Headbutt","Fire Breathing+1","Carnage"],"picked":"SKIP","floor":44},{"not_picked":["Twin Strike","Dropkick"],"picked":"Shrug It Off","floor":47},{"not_picked":["Twin Strike","Dropkick+1","Searing Blow"],"picked":"Singing Bowl","floor":54}],"player_experience":702545,"relics_obtained":[{"floor":3,"key":"CeramicFish"},{"floor":9,"key":"Bronze Scales"},{"floor":10,"key":"Pantograph"},{"floor":13,"key":"Frozen Egg 2"},{"floor":23,"key":"Gambling Chip"},{"floor":26,"key":"Lantern"},{"floor":28,"key":"Letter Opener"},{"floor":41,"key":"Shuriken"},{"floor":44,"key":"Darkstone Periapt"},{"floor":46,"key":"Singing Bowl"},{"floor":54,"key":"Paper Frog"}],"event_choices":[{"damage_healed":0,"gold_gain":0,"player_choice":"Leave","damage_taken":0,"max_hp_gain":0,"max_hp_loss":0,"event_name":"The Cleric","floor":2,"gold_loss":0},{"damage_healed":0,"gold_gain":0,"player_choice":"Success","damage_taken":12,"relics_obtained":["Regal Pillow"],"max_hp_gain":0,"max_hp_loss":0,"event_name":"Scrap Ooze","floor":12,"gold_loss":0},{"cards_removed":["Strike_R"],"damage_healed":0,"gold_gain":0,"player_choice":"Elegance","damage_taken":0,"max_hp_gain":0,"max_hp_loss":0,"event_name":"Back to Basics","floor":19,"gold_loss":0},{"damage_healed":0,"gold_gain":99,"player_choice":"Stole From Cult","damage_taken":0,"max_hp_gain":0,"max_hp_loss":0,"event_name":"Nest","floor":31,"gold_loss":0},{"cards_removed":["Body Slam"],"damage_healed":0,"gold_gain":0,"player_choice":"Removed Attack","damage_taken":0,"max_hp_gain":0,"max_hp_loss":0,"event_name":"Falling","floor":36,"gold_loss":0},{"damage_healed":0,"gold_gain":0,"player_choice":"0 cards matched","damage_taken":0,"max_hp_gain":0,"max_hp_loss":0,"event_name":"Match and Keep!","floor":37,"gold_loss":0,"cards_obtained":[]}],"is_beta":false,"boss_relics":[{"not_picked":["Philosopher\u0027s Stone","Ectoplasm"],"picked":"Sozu"},{"not_picked":["Tiny House","Pandora\u0027s Box"],"picked":"Runic Dome"}],"items_purged_floors":[24,30,39,48],"is_endless":false,"potions_floor_spawned":[8,11,14,21,22,25,29,33,35,42,47],"ascension_level":13}}