{"host":"se62q65hiqxz7cab","time":1609136084,"event":{"mods":["Act Like it!","BaseMod","Colored Map","Hallownest","KinomotoSakuraMod(Ä¾Ö®±¾Ó£)","Minty Spire (QoL Compilation)","Replay The Spire","StSLib","The Bug Knight","The Cursed"],"gold_per_floor":[113,128,128,142,162,196,196,41,41,41,41,54,54,64,64,162,162,179,231,245,300,320,320,320],"floor_reached":23,"playtime":1569,"items_purged":["Shame"],"score":195,"play_id":"8b6fe22d-361a-4c62-ae2b-fb1794da9d44","local_time":"20201228141444","is_ascension_mode":false,"campfire_choices":[{"data":"HollowMod:SoulStrike","floor":7,"key":"SMITH"},{"data":"HollowMod:SoulEater","floor":11,"key":"SMITH"},{"floor":15,"key":"REST"}],"circlet_count":0,"master_deck":["HollowMod:NailStrikeStart","HollowMod:NailStrikeStart","HollowMod:NailStrikeStart","HollowMod:QuickDashStart","HollowMod:QuickDashStart","HollowMod:QuickDashStart","HollowMod:QuickDashStart","HollowMod:FocusHealStart","HollowMod:PogoStrike","HollowMod:DoubleDash","HollowMod:VengefulSpirit","HollowMod:SoulStrike+1","HollowMod:DoubleDash","HollowMod:SoulEater+1","HollowMod:QuirrelsAssistance","HollowMod:AwokenDreamNail","HollowMod:FastStrike+1","HollowMod:SoulSplash","HollowMod:CycloneSlash","HollowMod:SoulShaman","HollowMod:BaldurShell"],"relics":["HollowMod:VesselMask","HollowMod:LifeEnderRelic","Replay:Wax Seal","Sundial","ReplayTheSpireMod:CursedCoin"],"acts_visited":["Exordium","Exordium"],"potions_floor_usage":[6,16,22,22,23,23,23,23,23,23],"damage_taken":[{"damage":1,"enemies":"Jaw Worm","floor":1,"turns":4},{"damage":0,"enemies":"Small Slimes","floor":2,"turns":4},{"damage":2,"enemies":"Cultist","floor":4,"turns":4},{"damage":6,"enemies":"Exordium Wildlife","floor":5,"turns":4},{"damage":17,"enemies":"Gremlin Nob","floor":6,"turns":4},{"damage":12,"enemies":"Gremlin Gang","floor":12,"turns":7},{"damage":10,"enemies":"Looter","floor":14,"turns":2},{"damage":38,"enemies":"HollowMod:FalseKnight","floor":16,"turns":15},{"damage":10,"enemies":"Hallownest:3_Youths","floor":18,"turns":12},{"damage":29,"enemies":"Hallownest:Guard_and_Sentry","floor":20,"turns":8},{"damage":33,"enemies":"Hallownest:Glutton_and_Coward","floor":21,"turns":5},{"damage":63,"enemies":"Hallownest:2_Flukemon","floor":22,"turns":9},{"damage":10,"enemies":"Hallownest:Master_and_Novice","floor":23,"turns":2}],"seed_played":"-6971550204960098750","potions_obtained":[{"floor":1,"key":"Strength Potion"},{"floor":4,"key":"EntropicBrew"},{"floor":6,"key":"LifebloodPotion"},{"floor":10,"key":"FairyPotion"},{"floor":20,"key":"FearPotion"}],"is_trial":false,"path_per_floor":["M","M","?","M","M","E","R","$","T","?","R","M","?","M","R","B",null,"M","$","M","M","M","M"],"character_chosen":"THE_BUGKNIGHT","items_purchased":["HollowMod:SoulEater","Replay:Wax Seal","ReplayTheSpireMod:CursedCoin","HollowMod:SoulSplash"],"campfire_rested":1,"item_purchase_floors":[8,8,19,19],"current_hp_per_floor":[81,81,81,79,73,56,56,56,56,56,56,54,54,44,68,40,82,82,82,63,36,5,0,0],"gold":320,"neow_bonus":"TEN_PERCENT_HP_BONUS","is_daily":false,"chose_seed":false,"campfire_upgraded":2,"win_rate":0.0,"timestamp":1609136084,"path_taken":["M","M","?","M","M","E","R","?","T","?","R","?","?","M","R","BOSS","M","$","M","M","M","M"],"items_purchased_type":["Card","Relic","Relic","Card"],"build_version":"2020-12-22","purchased_purges":1,"victory":false,"max_hp_per_floor":[82,82,82,82,82,82,82,82,82,82,82,82,82,82,82,82,82,82,82,82,82,82,82,82],"card_choices":[{"not_picked":["HollowMod:DungDefenderAura","HollowMod:GrimmsGift"],"picked":"HollowMod:DoubleDash","floor":1},{"not_picked":["HollowMod:NewGlowingWomb","HollowMod:InfectionAssault","HollowMod:DescendingDark"],"picked":"SKIP","floor":2},{"not_picked":["HollowMod:CrystalDash","HollowMod:SiblingsShadow"],"picked":"HollowMod:VengefulSpirit","floor":4},{"not_picked":["HollowMod:HowlingWraiths","HollowMod:NewJinnsSoul"],"picked":"HollowMod:SoulStrike","floor":5},{"not_picked":["HollowMod:FallenFury","HollowMod:AbyssShriek"],"picked":"HollowMod:DoubleDash","floor":6},{"not_picked":["HollowMod:GreatSlash","HollowMod:HeavyBlow"],"picked":"HollowMod:QuirrelsAssistance","floor":12},{"not_picked":["HollowMod:InfectedCysts","HollowMod:DungDefenderAura","HollowMod:NewLittleFool"],"picked":"SKIP","floor":14},{"not_picked":["HollowMod:theNailsmith","HollowMod:HornetsHelp"],"picked":"HollowMod:AwokenDreamNail","floor":16},{"not_picked":["HollowMod:WraithStrike","HollowMod:SharpenedShadows"],"picked":"HollowMod:FastStrike+1","floor":18},{"not_picked":["HollowMod:CornifersMapStart","HollowMod:NewLittleFool"],"picked":"HollowMod:CycloneSlash","floor":20},{"not_picked":["HollowMod:HeavyBlow+1","HollowMod:CornifersMapStart"],"picked":"HollowMod:SoulShaman","floor":21},{"not_picked":["HollowMod:BrokenVessel","HollowMod:InfectionAssault"],"picked":"HollowMod:BaldurShell","floor":22}],"player_experience":133658,"relics_obtained":[{"floor":6,"key":"HollowMod:LifeEnderRelic"},{"floor":9,"key":"Sundial"}],"event_choices":[{"damage_healed":0,"gold_gain":0,"player_choice":"Got Potions","damage_taken":0,"max_hp_gain":0,"max_hp_loss":0,"event_name":"Lab","floor":10,"gold_loss":0},{"cards_removed":["HollowMod:MidwifesHunger"],"damage_healed":0,"gold_gain":0,"player_choice":"Card Removal","damage_taken":0,"max_hp_gain":0,"max_hp_loss":0,"event_name":"Wheel of Change","floor":13,"gold_loss":0}],"is_beta":false,"boss_relics":[{"not_picked":["Runic Pyramid","Runic Dome","HollowMod:VoidIdolRelic"]}],"items_purged_floors":[19],"is_endless":false,"potions_floor_spawned":[1,4,6,20],"killed_by":"Hallownest:Master_and_Novice","ascension_level":0}}