{"host":"vhrbb9mxb8fcxsba","time":1609150969,"event":{"mods":["2.2 Compatiblity","Act Like it!","Aspiration","BaseMod","Downfall","GungeonMod","Infinite Spire","Minty Spire (QoL Compilation)","Quick Restart","StSLib","The Disciple","Wandering Minibosses"],"gold_per_floor":[99,118,132,307,305,332,332,632,663,588,602,602,189,199,199,292,292,292,303,313,313,1058,1077,1104,1204,1204,1216,1216,1243,1259,1291,1309,1309,1309,1309],"floor_reached":33,"playtime":2680,"items_purged":["Slimebound:Icky"],"score":326,"play_id":"300a1d2e-564f-474d-b615-aa53716aa98f","local_time":"20201228232249","is_ascension_mode":false,"campfire_choices":[{"data":"expansioncontent:BronzeBeam","floor":1,"key":"SMITH"},{"data":"hexamod:NecessarySacrifice","floor":10,"key":"SMITH"},{"data":"hexamod:ParanormalForm","floor":18,"key":"SMITH"},{"floor":26,"key":"REST"},{"floor":28,"key":"RECALL"}],"circlet_count":0,"master_deck":["hexamod:Strike+1","hexamod:Strike+1","hexamod:Strike+1","hexamod:Strike+1","hexamod:Defend","hexamod:Defend","hexamod:Defend","hexamod:Defend","hexamod:Sear","hexamod:Float+1","expansioncontent:BronzeBeam+1","hexamod:GhostLash+1","hexamod:UnleashSpirits","hexamod:NecessarySacrifice+1","hexamod:NightmareStrike+1","Slimebound:Icky","hexamod:GhostShield","hexamod:Hexaguard","hexamod:ParanormalForm+1","hexamod:RecurringNightmare","hexamod:FifthSeal","hexamod:SixthSeal","hexamod:FirstSeal","hexamod:Rewind","hexamod:ThirdSeal","hexamod:Rewind","hexamod:GhostOfSpirePast+1","hexamod:FourthSeal"],"relics":["hexamod:SpiritBrand","infinitespire:FocusingShard","Bottled Lightning","HornCleat","downfall:HeartBlessingGreen","DemoMod:GnawedKey","Lee\u0027s Waffle","aspiration:SecretTechniqueScroll","aspiration:RitualStick","wanderingMiniBosses:MasterThiefsPresence","Whetstone","Question Card","Kunai"],"acts_visited":["Exordium","TheCity"],"potions_floor_usage":[6,16,16,22,29,31],"damage_taken":[{"damage":1,"enemies":"Small Slimes","floor":2,"turns":3},{"damage":0,"enemies":"Jaw Worm","floor":3,"turns":2},{"damage":0,"enemies":"2 Louse","floor":5,"turns":5},{"damage":1,"enemies":"Lagavulin","floor":6,"turns":5},{"damage":11,"enemies":"3 Sentries","floor":9,"turns":7},{"damage":0,"enemies":"Large Slime","floor":11,"turns":5},{"damage":0,"enemies":"downfall:FleeingMerchant","floor":13,"turns":6},{"damage":3,"enemies":"Exordium Thugs","floor":14,"turns":4},{"damage":0,"enemies":"Blue Slaver","floor":15,"turns":2},{"damage":56,"enemies":"downfall:Silent","floor":16,"turns":9},{"damage":9,"enemies":"3 Byrds","floor":19,"turns":4},{"damage":0,"enemies":"Shell Parasite","floor":20,"turns":4},{"damage":10,"enemies":"Snake Plant","floor":22,"turns":5},{"damage":24,"enemies":"3 Cultists","floor":23,"turns":5},{"damage":5,"enemies":"Chosen and Byrds","floor":27,"turns":5},{"damage":3,"enemies":"Nightmare","floor":29,"turns":7},{"damage":6,"enemies":"Shelled Parasite and Fungi","floor":30,"turns":3},{"damage":15,"enemies":"Gremlin Leader","floor":31,"turns":7},{"damage":10,"enemies":"Snecko","floor":32,"turns":5},{"damage":29,"enemies":"downfall:Ironclad","floor":33,"turns":4}],"seed_played":"-3569183053839918697","potions_obtained":[{"floor":5,"key":"SteroidPotion"},{"floor":14,"key":"Dexterity Potion"},{"floor":15,"key":"Ancient Potion"},{"floor":16,"key":"sneckomod:MuddlingPotion"},{"floor":20,"key":"ColorlessPotion"},{"floor":23,"key":"Block Potion"}],"is_trial":false,"path_per_floor":["R","M","M","?","M","E","T","?","E","R","M","?","$","M","M","B",null,"R","M","M","?","M","M","T","?","R","M","R","NM","M","E","M","B"],"character_chosen":"THE_SPIRIT","items_purchased":["DemoMod:GnawedKey","hexamod:GhostShield","Lee\u0027s Waffle"],"campfire_rested":1,"item_purchase_floors":[13,13,13],"current_hp_per_floor":[70,69,69,69,69,68,68,68,57,57,57,57,77,74,74,18,77,77,68,68,53,43,19,19,19,42,37,37,41,42,34,24,0,0,0],"gold":1309,"neow_bonus":"RANDOM_COLORLESS","is_daily":false,"chose_seed":false,"campfire_upgraded":3,"win_rate":0.0,"timestamp":1609150969,"path_taken":["R","M","M","?","M","E","T","?","E","R","M","?","$","M","M","BOSS","R","M","M","?","M","M","T","?","R","?","R","NM","M","E","M","BOSS"],"items_purchased_type":["Relic","Card","Relic"],"build_version":"2020-12-22","purchased_purges":1,"victory":false,"max_hp_per_floor":[70,70,70,70,70,70,70,70,70,70,70,70,77,77,77,77,77,77,77,77,77,77,77,77,77,77,77,77,77,77,77,77,77,77,77],"card_choices":[{"not_picked":["Good Instincts","expansioncontent:GoopSpray"],"picked":"expansioncontent:BronzeBeam","floor":0},{"not_picked":["hexamod:Rewind","hexamod:BurningTouch"],"picked":"hexamod:GhostLash","floor":2},{"not_picked":["hexamod:Firestarter","hexamod:HeatCrush"],"picked":"hexamod:UnleashSpirits","floor":3},{"not_picked":["hexamod:RainOfEmbers","hexamod:ThermalTransfer"],"picked":"hexamod:NecessarySacrifice","floor":5},{"not_picked":["hexamod:RadiantFlame","hexamod:GhostflameInferno"],"picked":"hexamod:NightmareStrike","floor":6},{"not_picked":["hexamod:StepThrough","hexamod:HeatCrush","hexamod:Firestarter"],"picked":"SKIP","floor":9},{"not_picked":["hexamod:Incineration","hexamod:GhostLash","hexamod:BacktrackSmack"],"picked":"SKIP","floor":11},{"not_picked":["hexamod:InspiringFlames","hexamod:HauntingEcho","hexamod:ShieldOfDarkness"],"picked":"SKIP","floor":13},{"not_picked":["hexamod:ThermalTransfer","hexamod:GhostOfSpireFuture","hexamod:FastForward"],"picked":"SKIP","floor":14},{"not_picked":["hexamod:AdvancingGuard","hexamod:GhostOfSpireFuture"],"picked":"hexamod:Hexaguard","floor":15},{"not_picked":["hexamod:CrushingStance","hexamod:FifthSeal"],"picked":"hexamod:ParanormalForm","floor":16},{"not_picked":["hexamod:NecessarySacrifice","hexamod:SoulSteal"],"picked":"hexamod:RecurringNightmare","floor":19},{"not_picked":["hexamod:NightmareStrike","hexamod:ShieldOfDarkness"],"picked":"hexamod:FifthSeal","floor":20},{"not_picked":["hexamod:FourthSeal","hexamod:SecondSeal"],"picked":"hexamod:SixthSeal","floor":22},{"not_picked":["hexamod:AdvancingGuard","hexamod:FastForward+1","hexamod:SwordOfDarkness"],"picked":"SKIP","floor":22},{"not_picked":["hexamod:ChargedBarrage","hexamod:SpectralAdrenaline+1","hexamod:Rewind"],"picked":"SKIP","floor":23},{"not_picked":["hexamod:FourthSeal","hexamod:SixthSeal"],"picked":"hexamod:FirstSeal","floor":27},{"not_picked":["hexamod:Hexaguard","hexamod:HeatShield"],"picked":"hexamod:Rewind","floor":27},{"not_picked":["hexamod:FirstSeal","hexamod:SixthSeal"],"picked":"hexamod:ThirdSeal","floor":29},{"not_picked":["hexamod:AdvancingGuard","hexamod:BurningTouch+1"],"picked":"hexamod:Rewind","floor":29},{"not_picked":["hexamod:Incineration","hexamod:NightmareGuise+1","hexamod:AdvancingGuard"],"picked":"hexamod:GhostOfSpirePast+1","floor":30},{"not_picked":["hexamod:FirstSeal","hexamod:InspiringFlames+1","hexamod:NightmareStrike","hexamod:GhostLash"],"picked":"SKIP","floor":30},{"not_picked":["hexamod:ThirdSeal","hexamod:SecondSeal","hexamod:FirstSeal"],"picked":"hexamod:FourthSeal","floor":31},{"not_picked":["hexamod:BurningTouch","hexamod:GhostLash","hexamod:BacktrackSmack","hexamod:InspiringFlames+1"],"picked":"SKIP","floor":31},{"not_picked":["hexamod:NightmareGuise+1","hexamod:InspiringFlames","hexamod:HeatShield","hexamod:Again"],"picked":"SKIP","floor":31},{"not_picked":["hexamod:RainOfEmbers","hexamod:HexaLevel","hexamod:SoulSteal+1","hexamod:Firestarter"],"picked":"SKIP","floor":32},{"not_picked":["hexamod:FourthSeal","hexamod:FirstSeal","hexamod:ThirdSeal","hexamod:SixthSeal"],"picked":"SKIP","floor":32},{"not_picked":["hexamod:BurningTouch","hexamod:InspiringFlames","hexamod:StepThrough+1","hexamod:ParanormalForm"],"picked":"SKIP","floor":32}],"player_experience":166413,"relics_obtained":[{"floor":6,"key":"infinitespire:FocusingShard"},{"floor":7,"key":"Bottled Lightning"},{"floor":9,"key":"HornCleat"},{"floor":22,"key":"wanderingMiniBosses:MasterThiefsPresence"},{"floor":24,"key":"Whetstone"},{"floor":29,"key":"Question Card"},{"floor":31,"key":"Kunai"}],"event_choices":[{"cards_removed":["Doubt"],"damage_healed":0,"gold_gain":0,"player_choice":"Card Removal","damage_taken":0,"max_hp_gain":0,"max_hp_loss":0,"event_name":"The Cleric","floor":12,"gold_loss":0}],"is_beta":false,"boss_relics":[{"not_picked":["Runic Pyramid","SacredBark"],"picked":"aspiration:SecretTechniqueScroll"}],"items_purged_floors":[13],"is_endless":false,"potions_floor_spawned":[5,14,15,16,20,23],"killed_by":"downfall:Ironclad","ascension_level":0}}