{"host":"qxeepl7ydvsgmfdb","time":1609175983,"event":{"mods":["AchievementEnabler","BaseMod","Colored Powertips","Minty Spire (QoL Compilation)","Quick Restart","slay the spire mod where everything is the same but ironclad has a cowboy hat"],"gold_per_floor":[113,126,89,39,39,71,146,157,180,105,130,55,55,55,55,158,158,169,169,186,85,97,97,97,97,97,97,97],"floor_reached":27,"playtime":583,"items_purged":["Regret"],"score":314,"play_id":"98239ee3-108a-4534-8b0b-007d0be17bac","local_time":"20201228121943","is_ascension_mode":true,"campfire_choices":[{"floor":13,"key":"REST"},{"floor":15,"key":"REST"},{"floor":25,"key":"REST"}],"circlet_count":0,"master_deck":["Strike_B","Strike_B","Defend_B","Defend_B","Zap","Dualcast+1","BootSequence+1","Defragment","Leap","Defragment","Cold Snap","Redo","Biased Cognition+1","Reprogram+1","Force Field+1","Double Energy+1","Self Repair+1","Leap+1","Shame"],"relics":["Cracked Core","NeowsBlessing","Orichalcum","DataDisk","War Paint","Ornamental Fan","Frozen Egg 2","Astrolabe","InkBottle","Unceasing Top","Eternal Feather"],"acts_visited":["Exordium","TheCity"],"potions_floor_usage":[11,11,23],"damage_taken":[{"damage":0,"enemies":"Small Slimes","floor":1,"turns":1},{"damage":0,"enemies":"2 Louse","floor":2,"turns":1},{"damage":0,"enemies":"Lagavulin","floor":6,"turns":1},{"damage":14,"enemies":"Jaw Worm","floor":8,"turns":4},{"damage":16,"enemies":"Gremlin Nob","floor":11,"turns":4},{"damage":32,"enemies":"The Guardian","floor":16,"turns":12},{"damage":0,"enemies":"Shell Parasite","floor":18,"turns":7},{"damage":13,"enemies":"Chosen","floor":20,"turns":5},{"damage":25,"enemies":"Shelled Parasite and Fungi","floor":22,"turns":8},{"damage":5,"enemies":"Gremlin Leader","floor":23,"turns":3},{"damage":72,"enemies":"3 Cultists","floor":27,"turns":6}],"seed_played":"8933696801986939512","potions_obtained":[{"floor":2,"key":"FocusPotion"},{"floor":8,"key":"DistilledChaos"},{"floor":11,"key":"Energy Potion"}],"is_trial":false,"path_per_floor":["M","M","$","?","?","E","?","M","T","$","E","$","R","T","R","B",null,"M","?","M","$","M","E","?","R","T","M"],"character_chosen":"DEFECT","items_purchased":["Defragment","Cold Snap","Redo","SmokeBomb"],"campfire_rested":3,"item_purchase_floors":[3,10,10,21],"current_hp_per_floor":[75,75,75,75,75,75,64,50,50,50,34,34,56,56,75,43,75,75,75,62,62,47,42,42,64,64,0,0],"gold":97,"neow_bonus":"THREE_ENEMY_KILL","is_daily":false,"chose_seed":false,"campfire_upgraded":0,"win_rate":0.0,"timestamp":1609175983,"path_taken":["M","M","$","?","?","E","?","M","T","$","E","?","R","?","R","BOSS","M","?","?","$","M","E","?","R","T","M"],"items_purchased_type":["Card","Card","Card","Potion"],"build_version":"2020-12-22","purchased_purges":1,"victory":false,"max_hp_per_floor":[75,75,75,75,75,75,75,75,75,75,75,75,75,75,75,75,75,75,75,75,75,75,75,75,75,75,75,75],"card_choices":[{"not_picked":["Steam","Streamline"],"picked":"BootSequence","floor":1},{"not_picked":["Streamline","Steam","Go for the Eyes"],"picked":"SKIP","floor":2},{"not_picked":["Compile Driver","Barrage"],"picked":"Leap","floor":6},{"not_picked":["Stack","Self Repair"],"picked":"Defragment","floor":8},{"not_picked":["Fission","Streamline","Barrage"],"picked":"SKIP","floor":11},{"not_picked":["Buffer+1","Seek"],"picked":"Biased Cognition+1","floor":16},{"not_picked":["Hologram","Beam Cell","Redo"],"picked":"SKIP","floor":18},{"not_picked":["Rip and Tear","Steam+1"],"picked":"Self Repair+1","floor":20},{"not_picked":["Beam Cell+1","Genetic Algorithm+1"],"picked":"Leap+1","floor":22}],"player_experience":419057,"relics_obtained":[{"floor":6,"key":"DataDisk"},{"floor":9,"key":"War Paint"},{"floor":11,"key":"Ornamental Fan"},{"floor":14,"key":"Frozen Egg 2"},{"floor":26,"key":"Eternal Feather"}],"event_choices":[{"cards_removed":["Strike_B"],"damage_healed":0,"gold_gain":0,"player_choice":"Card Removal","damage_taken":0,"max_hp_gain":0,"max_hp_loss":0,"event_name":"The Cleric","floor":4,"gold_loss":50},{"damage_healed":0,"gold_gain":0,"player_choice":"Box","damage_taken":0,"relics_obtained":["Orichalcum"],"max_hp_gain":0,"max_hp_loss":0,"event_name":"Big Fish","floor":5,"gold_loss":0,"cards_obtained":["Regret"]},{"damage_healed":0,"gold_gain":75,"player_choice":"Gather Gold","damage_taken":11,"max_hp_gain":0,"max_hp_loss":0,"event_name":"World of Goop","floor":7,"gold_loss":0},{"damage_healed":0,"gold_gain":0,"player_choice":"Gave Potion","damage_taken":0,"relics_obtained":["InkBottle"],"max_hp_gain":0,"max_hp_loss":0,"event_name":"WeMeetAgain","floor":19,"gold_loss":0},{"damage_healed":0,"gold_gain":0,"player_choice":"Stole Relic","damage_taken":0,"relics_obtained":["Unceasing Top"],"max_hp_gain":0,"max_hp_loss":0,"event_name":"Addict","floor":24,"gold_loss":0,"cards_obtained":["Shame"]}],"is_beta":false,"boss_relics":[{"not_picked":["Busted Crown","Runic Dome"],"picked":"Astrolabe"}],"items_purged_floors":[12],"is_endless":false,"potions_floor_spawned":[2,8,11],"killed_by":"3 Cultists","ascension_level":4}}