{"host":"khm4we1ijduz33xh","time":1609184557,"event":{"mods":["AchievementEnabler","BaseMod","Colored Map","Minty Spire (QoL Compilation)","Rare Cards Sparkle","StSLib"],"gold_per_floor":[117,130,140,65,76,106,106,141,167,178,178,53,83,94,94,94,94],"floor_reached":16,"playtime":771,"items_purged":["Strike_P"],"score":147,"play_id":"9a943cf6-c9d2-48f0-b146-61ff759d24d7","local_time":"20201229044237","is_ascension_mode":false,"campfire_choices":[{"floor":7,"key":"REST"},{"floor":15,"key":"REST"}],"circlet_count":0,"master_deck":["Strike_P+1","Strike_P","Strike_P","Defend_P","Defend_P","Defend_P","Eruption+1","Vigilance","Adaptation","TalkToTheHand","MentalFortress","Offering","MentalFortress","FlurryOfBlows"],"relics":["PureWater","Whetstone","Nunchaku","Potion Belt","Happy Flower"],"acts_visited":["Exordium"],"potions_floor_usage":[6,10,13,16],"damage_taken":[{"damage":0,"enemies":"Small Slimes","floor":1,"turns":2},{"damage":0,"enemies":"Cultist","floor":2,"turns":2},{"damage":1,"enemies":"Jaw Worm","floor":3,"turns":2},{"damage":5,"enemies":"Red Slaver","floor":5,"turns":6},{"damage":32,"enemies":"3 Sentries","floor":6,"turns":6},{"damage":18,"enemies":"Lagavulin","floor":8,"turns":7},{"damage":12,"enemies":"Exordium Wildlife","floor":10,"turns":4},{"damage":6,"enemies":"Gremlin Nob","floor":13,"turns":4},{"damage":8,"enemies":"2 Fungi Beasts","floor":14,"turns":3},{"damage":38,"enemies":"The Guardian","floor":16,"turns":5}],"seed_played":"-4366880569899989661","potions_obtained":[{"floor":2,"key":"Energy Potion"},{"floor":3,"key":"Block Potion"},{"floor":8,"key":"SpeedPotion"},{"floor":10,"key":"Fire Potion"},{"floor":13,"key":"Block Potion"}],"is_trial":false,"path_per_floor":["M","M","M","$","M","E","R","E","T","M","?","$","E","M","R","B"],"character_chosen":"WATCHER","items_purchased":["MentalFortress","FlurryOfBlows"],"campfire_rested":2,"item_purchase_floors":[12,12],"current_hp_per_floor":[72,72,71,71,66,34,55,37,37,25,25,25,19,11,32,0,0],"gold":94,"neow_bonus":"RANDOM_COMMON_RELIC","is_daily":false,"chose_seed":false,"campfire_upgraded":0,"win_rate":0.0,"timestamp":1609184557,"path_taken":["M","M","M","$","M","E","R","E","T","M","?","$","E","?","R","BOSS"],"items_purchased_type":["Card","Card"],"build_version":"2020-12-22","purchased_purges":1,"victory":false,"max_hp_per_floor":[72,72,72,72,72,72,72,72,72,72,72,72,72,72,72,72,72],"card_choices":[{"not_picked":["CutThroughFate","EmptyFist"],"picked":"Adaptation","floor":1},{"not_picked":["LikeWater","PathToVictory"],"picked":"TalkToTheHand","floor":2},{"not_picked":["Protect","Tantrum","Worship"],"picked":"SKIP","floor":3},{"not_picked":["FlyingSleeves","Nirvana","Protect"],"picked":"SKIP","floor":5},{"not_picked":["WindmillStrike","BowlingBash","Evaluate"],"picked":"SKIP","floor":6},{"not_picked":["Vengeance","PathToVictory"],"picked":"MentalFortress","floor":8},{"not_picked":["Nirvana","TalkToTheHand","Perseverance"],"picked":"SKIP","floor":10},{"not_picked":["Fasting2","FlyingSleeves","ThirdEye"],"picked":"SKIP","floor":13},{"not_picked":["Evaluate","BowlingBash","ReachHeaven"],"picked":"SKIP","floor":14}],"player_experience":144074,"relics_obtained":[{"floor":6,"key":"Nunchaku"},{"floor":8,"key":"Potion Belt"},{"floor":13,"key":"Happy Flower"}],"event_choices":[{"cards_removed":["Defend_P"],"damage_healed":0,"gold_gain":0,"player_choice":"Took Card","damage_taken":0,"max_hp_gain":0,"max_hp_loss":0,"event_name":"NoteForYourself","floor":11,"gold_loss":0,"cards_obtained":["Offering"]}],"is_beta":false,"boss_relics":[],"items_purged_floors":[4],"is_endless":false,"potions_floor_spawned":[2,3,8,10,13],"killed_by":"The Guardian","ascension_level":0}}