{"host":"gj3450u0c4def4mj","time":1609156676,"event":{"mods":["2.2 Compatiblity","Act Like it!","BaseMod","Gensokyo","Minty Spire (QoL Compilation)","Permanent Neow","Reimu??????","StSLib"],"gold_per_floor":[218,218,228,28,28,28,56,72,96,265,265,265,282,300,300,396,396,416,416,192,210,170,204,204,216,216,230,248,248,1,1,1,104,104,117,117,38,49,49,49,49,78,101,101,129,129,129,57,57,57],"floor_reached":51,"playtime":3835,"items_purged":["Strike_Lin:ReiMu"],"score":1127,"play_id":"39045565-57ce-4e9f-ac1b-2626d8c21da1","local_time":"20201228065756","is_ascension_mode":true,"campfire_choices":[{"data":"PayForSelf:ReiMu","floor":6.0,"key":"SMITH"},{"floor":12.0,"key":"REST"},{"floor":15.0,"key":"REST"},{"data":"OctopathBindingBorder2:ReiMu","floor":24.0,"key":"SMITH"},{"floor":29.0,"key":"REST"},{"data":"LovePray:ReiMu","floor":32.0,"key":"SMITH"},{"data":"HakureiPhantom:ReiMu","floor":40.0,"key":"SMITH"},{"floor":44.0,"key":"REST"},{"data":"MikOfLucky:ReiMu","floor":46.0,"key":"SMITH"},{"data":"NineCharacters:ReiMu","floor":47.0,"key":"SMITH"},{"floor":49.0,"key":"REST"}],"circlet_count":0,"master_deck":["Defend_Lin:ReiMu","Defend_Lin:ReiMu","Defend_Lin:ReiMu","Defend_Lin:ReiMu","NB:ReiMu","Stagnation:ReiMu","PayForSelf:ReiMu+1","Meditation:ReiMu","PrepareRite:ReiMu+1","SubAcupoint:ReiMu","SafetyPray:ReiMu","CareerPray:ReiMu","Conquer:ReiMu","PrayRite:ReiMu","CurseOfTheBell","OctopathBindingBorder2:ReiMu+1","LovePray:ReiMu+1","Enchanting:ReiMu","Meditation:ReiMu","Intuition:ReiMu","CareerPray:ReiMu","SubAcupoint:ReiMu","Enchanting:ReiMu+1","MountainWay:ReiMu","Intuition:ReiMu","YinYangSange:ReiMu+1","LearningPray:ReiMu","NineCharacters:ReiMu+1","SubAcupoint:ReiMu","CareerPray:ReiMu","HakureiPhantom:ReiMu+1","FantasyMoon:ReiMu+1","CareerPray:ReiMu+1","PayForSelf:ReiMu+1","LovePray:ReiMu","MikOfLucky:ReiMu+1","SafetyPray:ReiMu+1"],"relics":["FlyPower:ReiMu","CheatingSign:ReiMu","Gensokyo:OccultBall","PreservedInsect","Bronze Scales","Calling Bell","Lantern","Matryoshka","WingedGreaves","Gensokyo:ConquerorOfFear","Orrery","Bottled Tornado","Regal Pillow","BodyOfKamiR:ReiMu","Ancient Tea Set","Astrolabe","FadedRune:ReiMu","White Beast Statue","Question Card","Bag of Preparation","Pen Nib"],"acts_visited":["Gensokyo:Gensokyo","Gensokyo:Gensokyoer","Gensokyo:Gensokyoest"],"potions_floor_usage":[50,50],"damage_taken":[{"damage":1.0,"enemies":"Gensokyo:Gryphon","floor":1.0,"turns":7.0},{"damage":2.0,"enemies":"Gensokyo:Python","floor":3.0,"turns":4.0},{"damage":32.0,"enemies":"Gensokyo:Aya","floor":7.0,"turns":8.0},{"damage":9.0,"enemies":"Gensokyo:2_Kodama","floor":8.0,"turns":4.0},{"damage":9.0,"enemies":"Gensokyo:VengefulSpirit","floor":10.0,"turns":8.0},{"damage":11.0,"enemies":"Gensokyo:5_Fairies","floor":13.0,"turns":5.0},{"damage":0.0,"enemies":"Gensokyo:3_Kodama","floor":14.0,"turns":1.0},{"damage":25.0,"enemies":"Gensokyo:Reimu","floor":16.0,"turns":13.0},{"damage":10.0,"enemies":"Gensokyo:CosmicMonolith","floor":18.0,"turns":6.0},{"damage":4.0,"enemies":"Gensokyo:Chomper","floor":21.0,"turns":4.0},{"damage":7.0,"enemies":"Gensokyo:Reisen","floor":23.0,"turns":5.0},{"damage":12.0,"enemies":"Gensokyo:Mirror_and_Dog","floor":25.0,"turns":5.0},{"damage":12.0,"enemies":"Gensokyo:Wraith","floor":27.0,"turns":4.0},{"damage":0.0,"enemies":"Gensokyo:Swordslinger","floor":28.0,"turns":3.0},{"damage":0.0,"enemies":"Gensokyo:Kaguya","floor":33.0,"turns":13.0},{"damage":0.0,"enemies":"Gensokyo:AncientGuardian","floor":35.0,"turns":6.0},{"damage":12.0,"enemies":"Gensokyo:3_Boulders","floor":38.0,"turns":6.0},{"damage":21.0,"enemies":"Gensokyo:Kasen","floor":42.0,"turns":5.0},{"damage":3.0,"enemies":"Gensokyo:Doremy","floor":45.0,"turns":5.0},{"damage":3,"enemies":"Gensokyo:Scarlet_Devils","floor":50,"turns":8}],"seed_played":"3570666565491822431","potions_obtained":[{"floor":3.0,"key":"Swift Potion"},{"floor":7.0,"key":"Weak Potion"},{"floor":8.0,"key":"SteroidPotion"},{"floor":10.0,"key":"Block Potion"},{"floor":23.0,"key":"DuplicationPotion"},{"floor":25.0,"key":"DuplicationPotion"},{"floor":42.0,"key":"ColorlessPotion"},{"floor":45.0,"key":"SkillPotion"}],"is_trial":false,"path_per_floor":["M","?","M","COS","?","R","E","M","T","?","?","R","M","M","R","B",null,"M","?","$","M","?","E","R","M","T","M","M","R","$","?","R","B",null,"M","$","$","M","?","R","$","E","T","R","E","R","R","COS","R","B",null],"character_chosen":"REIMU","items_purchased":["Orrery","CareerPray:ReiMu","SubAcupoint:ReiMu","NineCharacters:ReiMu","SubAcupoint:ReiMu","CareerPray:ReiMu","LovePray:ReiMu"],"campfire_rested":5,"item_purchase_floors":[20,20,20,30,30,30,37],"current_hp_per_floor":[58,58,56,56,56,56,24,15,15,6,6,25,14,14,33,8,51,41,41,41,37,37,30,30,18,18,6,6,40,40,40,40,40,55,55,55,55,43,31,31,31,10,10,43,40,40,40,40,60,57],"gold":57,"neow_bonus":"HUNDRED_GOLD","is_daily":false,"chose_seed":false,"campfire_upgraded":6,"win_rate":0.0,"timestamp":1609156676,"path_taken":["M","?","M","COS","?","R","E","M","T","?","?","R","?","M","R","BOSS","M","?","?","M","?","E","R","M","T","?","?","R","$","?","R","BOSS","M","$","?","M","?","R","$","E","T","R","E","R","R","COS","R","BOSS"],"items_purchased_type":["Relic","Card","Card","Card","Card","Card","Card"],"build_version":"2020-12-22","purchased_purges":1,"victory":true,"max_hp_per_floor":[65,65,65,65,65,65,65,65,65,65,65,65,65,65,65,65,65,65,65,65,65,65,65,65,65,65,65,65,65,65,60,60,60,60,60,60,60,60,60,60,60,60,60,60,60,60,60,60,60,60],"card_choices":[{"not_picked":["Enchanting:ReiMu","WonderfulDomain:ReiMu"],"picked":"PayForSelf:ReiMu","floor":1.0},{"not_picked":["ManaGlint:ReiMu","Conquer:ReiMu"],"picked":"FoulBorder2:ReiMu","floor":2.0},{"not_picked":["FantasyMoon:ReiMu","SpringWay:ReiMu"],"picked":"Meditation:ReiMu","floor":2.0},{"not_picked":["Mountainwind:ReiMu","Amulet:ReiMu"],"picked":"PrepareRite:ReiMu","floor":3.0},{"not_picked":["WonderfulDomain:ReiMu","SpringWay:ReiMu"],"picked":"SubAcupoint:ReiMu","floor":7.0},{"not_picked":["Amulet:ReiMu","AirManeuver:ReiMu"],"picked":"SafetyPray:ReiMu","floor":8.0},{"not_picked":["Amulet:ReiMu","Dreaming2:ReiMu"],"picked":"CareerPray:ReiMu","floor":10.0},{"not_picked":["Amulet:ReiMu","WonderfulDomain:ReiMu","KyokaiOfKami:ReiMu"],"picked":"SKIP","floor":13.0},{"not_picked":["RainPray2:ReiMu","SubcavityInstant:ReiMu"],"picked":"Conquer:ReiMu","floor":14.0},{"not_picked":["HakureiPhantom:ReiMu","CardOfSanctity:ReiMu"],"picked":"PrayRite:ReiMu","floor":16.0},{"not_picked":["EmergencyTakeOff:ReiMu","Mountainwind:ReiMu"],"picked":"OctopathBindingBorder2:ReiMu","floor":18.0},{"not_picked":["CeremonyResonance:ReiMu","InherentArray:ReiMu"],"picked":"LovePray:ReiMu","floor":20.0},{"not_picked":["SubcavityInstant:ReiMu+1","Dreaming2:ReiMu"],"picked":"Enchanting:ReiMu","floor":20.0},{"not_picked":["CollectionFlower2:ReiMu","WonderfulDomain:ReiMu"],"picked":"Meditation:ReiMu","floor":20.0},{"not_picked":["Meditation:ReiMu","EmergencyTakeOff:ReiMu"],"picked":"Intuition:ReiMu","floor":20.0},{"not_picked":["SubcavityInstant:ReiMu","Determination:ReiMu"],"picked":"Enchanting:ReiMu+1","floor":21.0},{"not_picked":["AirManeuver:ReiMu","FantasyMoon:ReiMu+1"],"picked":"MountainWay:ReiMu","floor":23.0},{"not_picked":["SubcavityInstant:ReiMu","PhosphorusFlame:ReiMu"],"picked":"Intuition:ReiMu","floor":25.0},{"not_picked":["SubcavityInstant:ReiMu","EmergencyTakeOff:ReiMu+1"],"picked":"YinYangSange:ReiMu+1","floor":27.0},{"not_picked":["Determination:ReiMu","Meditation:ReiMu"],"picked":"LearningPray:ReiMu","floor":28.0},{"not_picked":["CeremonyResonance:ReiMu","CleanRite:ReiMu"],"picked":"HakureiPhantom:ReiMu","floor":33.0},{"not_picked":["SubcavityInstant:ReiMu","SpringWay:ReiMu+1","ForcedLanding:ReiMu+1"],"picked":"SKIP","floor":35.0},{"not_picked":["RainPray2:ReiMu","SubcavityInstant:ReiMu+1","EmergencyTakeOff:ReiMu"],"picked":"SKIP","floor":38.0},{"not_picked":["YinYangSign:ReiMu+1","OctopathBindingBorder2:ReiMu+1"],"picked":"MikOfLucky:ReiMu","floor":42.0},{"not_picked":["RainPray2:ReiMu+1","Dreaming:ReiMu","SpreadBorder2:ReiMu+1"],"picked":"SafetyPray:ReiMu+1","floor":45.0}],"player_experience":75158,"relics_obtained":[{"floor":7.0,"key":"PreservedInsect"},{"floor":9.0,"key":"Bronze Scales"},{"floor":16.0,"key":"Gensokyo:OccultBall"},{"floor":17.0,"key":"Lantern"},{"floor":17.0,"key":"Matryoshka"},{"floor":17.0,"key":"WingedGreaves"},{"floor":21.0,"key":"Gensokyo:ConquerorOfFear"},{"floor":23.0,"key":"Bottled Tornado"},{"floor":25.0,"key":"Gensokyo:OccultBall"},{"floor":26.0,"key":"Regal Pillow"},{"floor":26.0,"key":"BodyOfKamiR:ReiMu"},{"floor":28.0,"key":"Gensokyo:OccultBall"},{"floor":33.0,"key":"Gensokyo:OccultBall"},{"floor":42.0,"key":"White Beast Statue"},{"floor":43.0,"key":"Question Card"},{"floor":43.0,"key":"Bag of Preparation"},{"floor":45.0,"key":"Pen Nib"}],"event_choices":[],"is_beta":false,"boss_relics":[{"not_picked":["Busted Crown","SacredBark"],"picked":"Calling Bell"},{"not_picked":["Philosopher\u0027s Stone","Cursed Key"],"picked":"Astrolabe"}],"items_purged_floors":[30],"is_endless":false,"potions_floor_spawned":[3,7,8,10,14,23,25,42,45],"ascension_level":9}}