{"host":"ujb8ojs2m8j2cdlp","time":1609150237,"event":{"mods":["AchievementEnabler","BaseMod","Bestiary","Colored Map","Colored Powertips","Minty Spire (QoL Compilation)","Relic Stats","ojb\u0027s Better Paths Mod","ojb\u0027s Info Mod"],"gold_per_floor":[114,132,132,151,62,94,94,111,111,111,140,158,174,209,209,286,286,304,304,5,20,30,60,70,97,97,124,31,31,44,44,44,119,119,132,132,150,1149,80,109,126,126,126,161,46,46,46,59,59,59,59],"floor_reached":52,"playtime":13065,"items_purged":["Anger","Normality","Normality"],"score":2805,"play_id":"23ee060a-36c2-4139-ab4d-6dab5e34e70e","local_time":"20201228021037","daily_mods":["SealedDeck","Diverse"],"is_ascension_mode":true,"campfire_choices":[{"data":"Hyperbeam","floor":7.0,"key":"SMITH"},{"data":"Pommel Strike","floor":15.0,"key":"SMITH"},{"data":"Worship","floor":29.0,"key":"SMITH"},{"data":"Meditate","floor":32.0,"key":"SMITH"},{"data":"Wraith Form v2","floor":46,"key":"SMITH"},{"data":"Buffer","floor":49,"key":"SMITH"}],"circlet_count":0,"master_deck":["AscendersBane","Meditate+1","Worship+1","Leap","Pommel Strike+1","Double Energy","InnerPeace","Adaptation","Evolve","Hologram","Buffer+1","SandsOfTime","Protect","Hyperbeam+1","Turbo+1","Reboot+1","Burning Pact+1","Purity+1","Wraith Form v2+1","Recycle+1","Burning Pact+1","Impervious+1","PanicButton+1","PanicButton+1","PiercingWail+1"],"relics":["Ring of the Snake","Pen Nib","Toxic Egg 2","Lizard Tail","Smiling Mask","Shuriken","Sozu","Membership Card","Bottled Lightning","Tough Bandages","The Courier","Matryoshka","StrikeDummy","Runic Dome","OrangePellets","Ancient Tea Set","HornCleat","Bronze Scales","Pantograph","Happy Flower","Art of War","Gambling Chip","Incense Burner","Akabeko","Ice Cream","Oddly Smooth Stone","Torii","Singing Bowl","White Beast Statue","Unceasing Top","Bag of Preparation"],"acts_visited":["Exordium","TheCity","TheBeyond"],"potions_floor_usage":[],"damage_taken":[{"damage":0.0,"enemies":"Small Slimes","floor":1.0,"turns":3.0},{"damage":0.0,"enemies":"2 Louse","floor":2.0,"turns":3.0},{"damage":8.0,"enemies":"Jaw Worm","floor":4.0,"turns":4.0},{"damage":0.0,"enemies":"Lagavulin","floor":6.0,"turns":5.0},{"damage":6.0,"enemies":"Lots of Slimes","floor":8.0,"turns":2.0},{"damage":1.0,"enemies":"3 Sentries","floor":11.0,"turns":3.0},{"damage":0.0,"enemies":"2 Fungi Beasts","floor":12.0,"turns":1.0},{"damage":0.0,"enemies":"3 Louse","floor":13.0,"turns":4.0},{"damage":0.0,"enemies":"Lagavulin","floor":14.0,"turns":5.0},{"damage":0.0,"enemies":"Slime Boss","floor":16.0,"turns":8.0},{"damage":0.0,"enemies":"3 Byrds","floor":18.0,"turns":2.0},{"damage":0.0,"enemies":"Chosen","floor":21.0,"turns":3.0},{"damage":0.0,"enemies":"Centurion and Healer","floor":22.0,"turns":5.0},{"damage":0.0,"enemies":"Slavers","floor":23.0,"turns":1.0},{"damage":0.0,"enemies":"3 Cultists","floor":24.0,"turns":4.0},{"damage":0.0,"enemies":"Gremlin Leader","floor":25.0,"turns":5.0},{"damage":0.0,"enemies":"Book of Stabbing","floor":27.0,"turns":1.0},{"damage":0.0,"enemies":"Sentry and Sphere","floor":30.0,"turns":2.0},{"damage":0.0,"enemies":"Champ","floor":33.0,"turns":3.0},{"damage":0.0,"enemies":"3 Shapes","floor":35.0,"turns":2.0},{"damage":0.0,"enemies":"Orb Walker","floor":37.0,"turns":2.0},{"damage":0.0,"enemies":"Giant Head","floor":40.0,"turns":3.0},{"damage":0,"enemies":"Transient","floor":41,"turns":6},{"damage":0,"enemies":"Nemesis","floor":44,"turns":5},{"damage":0,"enemies":"Writhing Mass","floor":48,"turns":2},{"damage":1,"enemies":"Donu and Deca","floor":50,"turns":7},{"damage":0,"enemies":"Awakened One","floor":51,"turns":3}],"seed_played":"-7450706835605736906","potions_obtained":[{"floor":1.0,"key":"Fire Potion"},{"floor":4.0,"key":"GhostInAJar"}],"is_trial":true,"path_per_floor":["M","M","$","M","$","E","R","M","T","?","E","M","M","E","R","B",null,"M","?","$","M","M","E","M","E","T","E","$","R","M","$","R","B",null,"M","?","M","?","$","E","M","?","T","E","$","R","?","M","R","B","B",null],"character_chosen":"THE_SILENT","items_purchased":["SandsOfTime","Protect","Membership Card","Bottled Lightning","Purity+1","OrangePellets","Ancient Tea Set","HornCleat","Bronze Scales","Pantograph","Happy Flower","Art of War","Gambling Chip","Incense Burner","Akabeko","Ice Cream","Oddly Smooth Stone","Bag of Preparation"],"campfire_rested":0,"item_purchase_floors":[5,5,20,20,28,39,39,39,39,39,39,39,39,39,39,39,39,45],"current_hp_per_floor":[59,59,59,51,51,51,51,45,45,40,39,39,39,39,39,39,59,59,59,59,59,59,59,59,59,59,59,59,59,59,59,59,59,64,64,64,64,64,64,64,64,64,64,66,66,66,58,58,58,69,70],"gold":59,"neow_bonus":"","is_daily":false,"chose_seed":false,"campfire_upgraded":6,"win_rate":0.0,"timestamp":1609150237,"path_taken":["M","M","$","M","$","E","R","M","T","?","E","M","M","E","R","BOSS","M","?","$","M","M","E","M","E","T","E","$","R","M","$","R","BOSS","M","?","M","?","?","E","?","?","T","E","$","R","?","M","R","BOSS","BOSS"],"items_purchased_type":["Card","Card","Relic","Relic","Card","Relic","Relic","Relic","Relic","Relic","Relic","Relic","Relic","Relic","Relic","Relic","Relic","Relic"],"build_version":"2020-12-22","purchased_purges":3,"victory":true,"max_hp_per_floor":[66,66,66,66,66,66,66,66,66,66,66,66,66,66,66,66,66,66,66,66,66,66,66,66,66,66,66,66,66,66,66,66,66,66,66,66,66,66,66,66,66,66,66,68,68,68,70,70,70,70,70],"relic_stats":{"Happy Flower":[8],"Torii":0,"Singing Bowl":4,"counters":[27,94],"Pen Nib":[21],"Bag of Preparation":[6],"Smiling Mask":-30,"Sozu":8,"OrangePellets":[8],"Lizard Tail":0,"Tough Bandages":[45],"Shuriken":[42],"Bronze Scales":[41],"Pantograph":13,"Gambling Chip":[15],"Art of War":[4],"obtain_stats":[{"Ice Cream":39,"Torii":40,"Singing Bowl":43,"Incense Burner":39,"Bag of Preparation":45,"Smiling Mask":11,"Ancient Tea Set":39,"Sozu":17,"Lizard Tail":10,"Tough Bandages":23,"Matryoshka":26,"HornCleat":39,"Pantograph":39,"Gambling Chip":39,"Toxic Egg 2":9,"Ring of the Snake":0,"Happy Flower":39,"Oddly Smooth Stone":39,"Pen Nib":6,"The Courier":25,"Akabeko":39,"White Beast Statue":43,"Runic Dome":34,"OrangePellets":39,"Shuriken":14,"Bronze Scales":39,"Art of War":39,"Membership Card":20,"Bottled Lightning":20,"StrikeDummy":27,"Unceasing Top":44},{"Ice Cream":21,"Torii":22,"Singing Bowl":23,"Incense Burner":21,"Bag of Preparation":24,"Smiling Mask":6,"Ancient Tea Set":21,"Sozu":10,"Lizard Tail":5,"Tough Bandages":14,"Matryoshka":16,"HornCleat":21,"Pantograph":21,"Gambling Chip":21,"Toxic Egg 2":5,"Ring of the Snake":0,"Happy Flower":21,"Oddly Smooth Stone":21,"Pen Nib":4,"The Courier":16,"Akabeko":21,"White Beast Statue":23,"Runic Dome":19,"OrangePellets":21,"Shuriken":9,"Bronze Scales":21,"Art of War":21,"Membership Card":11,"Bottled Lightning":11,"StrikeDummy":17,"Unceasing Top":24},{"Ice Cream":68,"Torii":71,"Singing Bowl":77,"Incense Burner":68,"Bag of Preparation":82,"Smiling Mask":20,"Ancient Tea Set":68,"Sozu":38,"Lizard Tail":17,"Tough Bandages":49,"Matryoshka":58,"HornCleat":68,"Pantograph":68,"Gambling Chip":68,"Toxic Egg 2":17,"Ring of the Snake":0,"Happy Flower":68,"Oddly Smooth Stone":68,"Pen Nib":15,"The Courier":58,"Akabeko":68,"White Beast Statue":77,"Runic Dome":64,"OrangePellets":68,"Shuriken":30,"Bronze Scales":68,"Art of War":68,"Membership Card":40,"Bottled Lightning":40,"StrikeDummy":59,"Unceasing Top":82}],"Unceasing Top":[0],"Ring of the Snake":[54]},"card_choices":[{"not_picked":["Wallop","Sweeping Beam","Sucker Punch"],"picked":"SKIP","floor":1.0},{"not_picked":["Gash","LikeWater","Noxious Fumes"],"picked":"SKIP","floor":2.0},{"not_picked":["Go for the Eyes","Conserve Battery"],"picked":"Buffer","floor":4.0},{"not_picked":["Go for the Eyes","Cold Snap"],"picked":"Hyperbeam","floor":6.0},{"not_picked":["Perfected Strike","Clash","Cold Snap"],"picked":"SKIP","floor":8.0},{"not_picked":["TalkToTheHand","Evaluate+1"],"picked":"Turbo+1","floor":11.0},{"not_picked":["Cleave","Indignation+1","FlyingSleeves"],"picked":"SKIP","floor":12.0},{"not_picked":["Blade Dance+1","EmptyBody+1"],"picked":"Reboot+1","floor":13.0},{"not_picked":["Poisoned Stab","Clothesline","Pummel"],"picked":"SKIP","floor":14.0},{"not_picked":["Corpse Explosion+1","After Image"],"picked":"Hyperbeam","floor":16.0},{"not_picked":["Bane","BowlingBash","Dagger Spray"],"picked":"SKIP","floor":18.0},{"not_picked":["Tempest+1","SandsOfTime","Whirlwind"],"picked":"SKIP","floor":21.0},{"not_picked":["Catalyst+1","Storm of Steel+1","Loop"],"picked":"SKIP","floor":22.0},{"not_picked":["Heavy Blade","PathToVictory+1"],"picked":"Burning Pact+1","floor":23.0},{"not_picked":["Slice","Ball Lightning","Crippling Poison+1"],"picked":"SKIP","floor":24.0},{"not_picked":["Crescendo+1","Backflip+1","Bane"],"picked":"SKIP","floor":25.0},{"not_picked":["Blade Dance+1","All Out Attack","Multi-Cast+1"],"picked":"SKIP","floor":27.0},{"not_picked":["Leap+1","ClearTheMind+1","Heavy Blade"],"picked":"SKIP","floor":30.0},{"not_picked":["Glass Knife","Devotion"],"picked":"Wraith Form v2","floor":33.0},{"not_picked":["Escape Plan+1","Force Field+1","Spot Weakness+1"],"picked":"SKIP","floor":35.0},{"not_picked":["Recycle+1","Stack+1","Evaluate+1"],"picked":"SKIP","floor":37.0},{"not_picked":["Stack+1","Evaluate+1"],"picked":"Recycle+1","floor":37.0},{"not_picked":["Poisoned Stab+1","Darkness+1"],"picked":"Burning Pact+1","floor":40.0},{"not_picked":["Stack+1","Prostrate+1"],"picked":"Impervious+1","floor":41},{"not_picked":["Escape Plan+1","ReachHeaven","Flying Knee"],"picked":"Singing Bowl","floor":44},{"not_picked":["Mayhem","Good Instincts+1"],"picked":"PanicButton+1","floor":47},{"not_picked":["Forethought+1","Secret Weapon+1"],"picked":"PanicButton+1","floor":47},{"not_picked":["Panache","Deep Breath+1","Trip+1"],"picked":"Singing Bowl","floor":47},{"not_picked":["Rip and Tear","BowlingBash"],"picked":"PiercingWail+1","floor":48}],"player_experience":88328,"relics_obtained":[{"floor":6.0,"key":"Pen Nib"},{"floor":9.0,"key":"Toxic Egg 2"},{"floor":11.0,"key":"Smiling Mask"},{"floor":14.0,"key":"Shuriken"},{"floor":23.0,"key":"Tough Bandages"},{"floor":25.0,"key":"The Courier"},{"floor":26.0,"key":"Matryoshka"},{"floor":27.0,"key":"StrikeDummy"},{"floor":40.0,"key":"Torii"},{"floor":43,"key":"Singing Bowl"},{"floor":43,"key":"White Beast Statue"},{"floor":44,"key":"Unceasing Top"}],"event_choices":[{"damage_healed":0.0,"max_hp_gain":0.0,"max_hp_loss":0.0,"gold_gain":0.0,"event_name":"Scrap Ooze","player_choice":"Success","floor":10.0,"gold_loss":0.0,"damage_taken":5.0,"relics_obtained":["Lizard Tail"]},{"damage_healed":0.0,"max_hp_gain":0.0,"max_hp_loss":0.0,"gold_gain":0.0,"event_name":"The Mausoleum","player_choice":"Ignored","floor":19.0,"gold_loss":0.0,"damage_taken":0.0},{"cards_removed":["Hyperbeam"],"damage_healed":0.0,"max_hp_gain":0.0,"max_hp_loss":0.0,"gold_gain":0.0,"event_name":"Falling","player_choice":"Removed Attack","floor":36.0,"gold_loss":0.0,"damage_taken":0.0},{"damage_healed":0.0,"max_hp_gain":0.0,"max_hp_loss":0.0,"gold_gain":999.0,"event_name":"MindBloom","player_choice":"Gold","floor":38.0,"gold_loss":0.0,"damage_taken":0.0,"cards_obtained":["Normality","Normality"]},{"damage_healed":0,"gold_gain":0,"player_choice":"Ignored","damage_taken":0,"max_hp_gain":0,"max_hp_loss":0,"event_name":"Tomb of Lord Red Mask","floor":42,"gold_loss":0},{"damage_healed":0,"gold_gain":0,"player_choice":"Memory 3","damage_taken":10,"max_hp_gain":0,"max_hp_loss":0,"event_name":"SensoryStone","floor":47,"gold_loss":0}],"is_beta":false,"boss_relics":[{"not_picked":["Busted Crown","Tiny House"],"picked":"Sozu"},{"not_picked":["Velvet Choker","Snecko Eye"],"picked":"Runic Dome"}],"items_purged_floors":[28,39,45],"is_endless":false,"potions_floor_spawned":[1,4,13,16,21,23,27,35,37,41,44,48],"ascension_level":20}}