{"host":"79pwvnyrdes6uj7k","time":1609129706,"event":{"mods":["2.2 Compatiblity","Astrologer","BaseMod","Beaked The Cultist","Colored Powertips","Downfall","Exacting","Friendly Minions","HexUI Lib","Highlight Path","Hubris","Infinite Spire","Mad Scientist","Mimic Mod","Minty Spire (QoL Compilation)","Random Character Button","Replay The Spire","Reworked Bosses","Shop Mod","Somnambulant","StSLib","The Cursed","The Disciple","The Factory","The Judge","The Jungle","The Poker Player","The Runesmith","TheHeartMod"],"gold_per_floor":[99,111,130,130,144,179,229,255,280,280,280,310,195,195,209,209,209,209],"floor_reached":16,"playtime":1553,"items_purged":[],"score":120,"play_id":"fd7a3f3c-336b-4c1a-acb8-cc9ae0b1569a","local_time":"20201227222826","is_ascension_mode":false,"metric_token":1874,"campfire_choices":[{"floor":1,"key":"RECALL"}],"circlet_count":0,"master_deck":["PokerPlayerMod:Diamond1","PokerPlayerMod:Diamond2","PokerPlayerMod:Diamond3","PokerPlayerMod:Diamond4","PokerPlayerMod:Diamond5","PokerPlayerMod:Spade1","PokerPlayerMod:Spade2","PokerPlayerMod:Spade3","PokerPlayerMod:Spade4","PokerPlayerMod:Club1","PokerPlayerMod:Club2","PokerPlayerMod:Heart2","PokerPlayerMod:TrumpStrike","PokerPlayerMod:BadJoker","PokerPlayerMod:Mulligan","PokerPlayerMod:Club2","PokerPlayerMod:Diamond4","Pain","PokerPlayerMod:CloakAndDiamond","PokerPlayerMod:Club5","PokerPlayerMod:Heart5","PokerPlayerMod:Raise","PokerPlayerMod:DiamondStrike","PokerPlayerMod:Club2","PokerPlayerMod:Club3","PokerPlayerMod:Club4","PokerPlayerMod:Club5","PokerPlayerMod:Club6","Parasite","PokerPlayerMod:Sharpen","PokerPlayerMod:Heart5","PokerPlayerMod:FakeSymbols","PokerPlayerMod:Diamond4","PokerPlayerMod:RiskyBet"],"relics":["WarpedTongs","ReplayTheSpireMod:Shallot","Replay:Rubber Ducky","MerchantsRug","hubris:Icosahedron"],"acts_visited":["Exordium"],"potions_floor_usage":[6,8],"damage_taken":[{"damage":2,"enemies":"Small Slimes","floor":2,"turns":3},{"damage":0,"enemies":"Cultist","floor":3,"turns":2},{"damage":7,"enemies":"Jaw Worm","floor":5,"turns":3},{"damage":32,"enemies":"Lagavulin","floor":6,"turns":5},{"damage":2,"enemies":"Large Slime","floor":8,"turns":4},{"damage":29,"enemies":"Gremlin Nob","floor":9,"turns":4},{"damage":16,"enemies":"Lagavulin","floor":12,"turns":4},{"damage":0,"enemies":"downfall:FleeingMerchant","floor":13,"turns":4},{"damage":6,"enemies":"2 Fungi Beasts","floor":15,"turns":2},{"damage":53,"enemies":"downfall:Silent","floor":16,"turns":6}],"seed_played":"-7387021903628839483","potions_obtained":[{"floor":2,"key":"Elixir"},{"floor":3,"key":"Adrenaline Potion"},{"floor":5,"key":"Fire Potion"},{"floor":9,"key":"Strength Potion"},{"floor":15,"key":"Strength Potion"}],"is_trial":false,"path_per_floor":["R","M","M","?","M","E","T","M","E","?","?","E","$","?","M","B"],"character_chosen":"THE_POKER_PLAYER","items_purchased":["MerchantsRug","PokerPlayerMod:FakeSymbols"],"campfire_rested":0,"item_purchase_floors":[13,13],"current_hp_per_floor":[57,55,55,55,52,25,25,26,9,9,23,16,30,30,30,0,0,0],"gold":209,"neow_bonus":"TEN_PERCENT_HP_BONUS","is_daily":false,"chose_seed":false,"campfire_upgraded":0,"win_rate":0.0,"timestamp":1609129706,"path_taken":["R","M","M","?","M","E","T","?","E","?","?","E","$","?","M","BOSS"],"items_purchased_type":["Relic","Card"],"build_version":"2020-12-22","purchased_purges":0,"victory":false,"max_hp_per_floor":[57,57,57,57,57,57,57,57,57,57,57,57,57,57,57,57,57,57],"card_choices":[{"not_picked":["PokerPlayerMod:Spade1","PokerPlayerMod:Spade4"],"picked":"PokerPlayerMod:Club2","floor":2},{"not_picked":["PokerPlayerMod:Club5","PokerPlayerMod:Diamond1"],"picked":"PokerPlayerMod:Diamond4","floor":3},{"not_picked":["PokerPlayerMod:Club4","PokerPlayerMod:Spade5"],"picked":"PokerPlayerMod:CloakAndDiamond","floor":5},{"not_picked":["PokerPlayerMod:Diamond4","PokerPlayerMod:DartThrow"],"picked":"PokerPlayerMod:Club5","floor":6},{"not_picked":["PokerPlayerMod:Trickery","PokerPlayerMod:Spade4"],"picked":"PokerPlayerMod:Heart5","floor":8},{"not_picked":["PokerPlayerMod:FillThePot","PokerPlayerMod:HotShotCut"],"picked":"PokerPlayerMod:Raise","floor":8},{"not_picked":["PokerPlayerMod:Diamond4","PokerPlayerMod:Spade4"],"picked":"PokerPlayerMod:DiamondStrike","floor":9},{"not_picked":["PokerPlayerMod:Harden","PokerPlayerMod:Spade3"],"picked":"PokerPlayerMod:Sharpen","floor":12},{"not_picked":["PokerPlayerMod:Heart2","PokerPlayerMod:DiamondStrike"],"picked":"PokerPlayerMod:Heart5","floor":13},{"not_picked":["PokerPlayerMod:Diamond3","PokerPlayerMod:Fold"],"picked":"PokerPlayerMod:Diamond4","floor":15},{"not_picked":["PokerPlayerMod:Spade4","PokerPlayerMod:Diamond4"],"picked":"PokerPlayerMod:RiskyBet","floor":15}],"player_experience":331193,"relics_obtained":[{"floor":6,"key":"infinitespire:Lucky Rock"},{"floor":9,"key":"ReplayTheSpireMod:Shallot"},{"floor":12,"key":"Replay:Rubber Ducky"}],"event_choices":[{"damage_healed":0,"gold_gain":0,"player_choice":"Rummage","damage_taken":0,"relics_obtained":["WarpedTongs"],"max_hp_gain":0,"max_hp_loss":0,"event_name":"Accursed Blacksmith","floor":4,"gold_loss":0,"cards_obtained":["Pain"]},{"damage_healed":0,"gold_gain":0,"player_choice":"Jackpot","damage_taken":0,"max_hp_gain":0,"max_hp_loss":0,"event_name":"PokerPlayerMod:ExordiumClub","floor":10,"gold_loss":0,"cards_obtained":["PokerPlayerMod:Club2","PokerPlayerMod:Club3","PokerPlayerMod:Club4","PokerPlayerMod:Club5","PokerPlayerMod:Club6"]},{"damage_healed":0,"gold_gain":0,"player_choice":"Jackpot","damage_taken":0,"max_hp_gain":0,"max_hp_loss":0,"event_name":"PokerPlayerMod:ExordiumClub","floor":10,"gold_loss":0,"cards_obtained":["PokerPlayerMod:Club2","PokerPlayerMod:Club3","PokerPlayerMod:Club4","PokerPlayerMod:Club5","PokerPlayerMod:Club6"]},{"damage_healed":0,"gold_gain":0,"player_choice":"Jackpot","damage_taken":0,"max_hp_gain":0,"max_hp_loss":0,"event_name":"PokerPlayerMod:ExordiumClub","floor":10,"gold_loss":0,"cards_obtained":["PokerPlayerMod:Club2","PokerPlayerMod:Club3","PokerPlayerMod:Club4","PokerPlayerMod:Club5","PokerPlayerMod:Club6"]},{"damage_healed":0,"gold_gain":0,"player_choice":"Jackpot","damage_taken":0,"max_hp_gain":0,"max_hp_loss":0,"event_name":"PokerPlayerMod:ExordiumClub","floor":10,"gold_loss":0,"cards_obtained":["PokerPlayerMod:Club2","PokerPlayerMod:Club3","PokerPlayerMod:Club4","PokerPlayerMod:Club5","PokerPlayerMod:Club6"]},{"damage_healed":0,"gold_gain":0,"player_choice":"Jackpot","damage_taken":0,"max_hp_gain":0,"max_hp_loss":0,"event_name":"PokerPlayerMod:ExordiumClub","floor":10,"gold_loss":0,"cards_obtained":["PokerPlayerMod:Club2","PokerPlayerMod:Club3","PokerPlayerMod:Club4","PokerPlayerMod:Club5","PokerPlayerMod:Club6"]},{"damage_healed":14,"gold_gain":0,"player_choice":"Healed and dodged fight","damage_taken":0,"max_hp_gain":0,"max_hp_loss":0,"event_name":"Mushrooms","floor":11,"gold_loss":0,"cards_obtained":["Parasite"]}],"is_beta":false,"boss_relics":[],"items_purged_floors":[],"is_endless":false,"potions_floor_spawned":[2,5,9,15],"killed_by":"downfall:Silent","ascension_level":0}}