{"host":"9xye55gy2im9zffl","time":1609142300,"event":{"mods":["2.2 Compatiblity","Astrologer","BaseMod","Beaked The Cultist","Better Altar","Better Match","Better Note","Better Sensory Stone","Better Skull","Better Third Choice","Dio Mod","Downfall","Friendly Minions","Hermit","Hero for Fun","Minty Spire (QoL Compilation)","Shop Mod","Small Relic Pack","StSLib","The Animator","The Bladedancer","The Cursed","The Disciple","The Exalted","The Hierophant","The Poker Player","The Runesmith","The Valiant","The Wild Card","TheArtist","Wandering Minibosses"],"gold_per_floor":[99,99,99,214,214,214,240,90,111,132,49,49,49,67,95,199,199,199,199],"floor_reached":17,"playtime":2154,"items_purged":[],"score":143,"play_id":"3388aee9-c490-45d2-8dc9-bb8a773c9458","local_time":"20201228015820","is_ascension_mode":false,"campfire_choices":[{"data":"hexamod:Float","floor":1,"key":"SMITH"},{"floor":6,"key":"RECALL"}],"circlet_count":0,"master_deck":["hexamod:Strike","hexamod:Strike","hexamod:Strike","hexamod:Strike","hexamod:Defend","hexamod:Defend","hexamod:Defend","hexamod:Defend","hexamod:Sear","hexamod:Float+1","hexamod:ThirdSeal","hexamod:HauntingEcho","hexamod:FirstSeal","hexamod:SecondSeal","hexamod:SkipABeat","hexamod:GhostOfSpireFuture","hexamod:BurningTouch","hexamod:Rewind","hexamod:NightmareGuise","hexamod:SoulSteal+1","hexamod:GhostShield","hexamod:CrushingStance","hexamod:GhostLash","hexamod:DynamicBlow","Parasite","hexamod:PhantomFireball","hexamod:Firestarter","hexamod:ParanormalForm","hexamod:WildfireWeapon","CurseOfTheBell"],"relics":["hexamod:SpiritBrand","downfall:HeartsMalice","Calling Bell","Anchor","Gremlin Horn","Shovel"],"acts_visited":["Exordium","TheCity"],"potions_floor_usage":[16,16,16],"damage_taken":[{"damage":0,"enemies":"Cultist","floor":2,"turns":1},{"damage":0,"enemies":"2 Louse","floor":3,"turns":1},{"damage":0,"enemies":"Small Slimes","floor":5,"turns":1},{"damage":0,"enemies":"downfall:FleeingMerchant","floor":8,"turns":4},{"damage":3,"enemies":"2 Fungi Beasts","floor":9,"turns":4},{"damage":18,"enemies":"3 Louse","floor":10,"turns":4},{"damage":4,"enemies":"downfall:FleeingMerchant","floor":11,"turns":4},{"damage":7,"enemies":"Lots of Slimes","floor":14,"turns":3},{"damage":0,"enemies":"2 Fungi Beasts","floor":15,"turns":3},{"damage":33,"enemies":"downfall:Ironclad","floor":16,"turns":8}],"seed_played":"-1190601818903487637","potions_obtained":[{"floor":9,"key":"Dexterity Potion"},{"floor":10,"key":"Energy Potion"},{"floor":14,"key":"hexamod:EctoCoolerPotion"},{"floor":16,"key":"Strength Potion"}],"is_trial":false,"path_per_floor":["R","M","M","?","M","R","T","$","M","M","$","?","?","M","M","B",null],"character_chosen":"THE_SPIRIT","items_purchased":["hexamod:GhostOfSpireFuture","hexamod:BurningTouch","hexamod:DynamicBlow"],"campfire_rested":0,"item_purchase_floors":[8,8,11],"current_hp_per_floor":[70,70,70,62,62,62,62,69,70,52,55,70,70,70,70,44,70,70,70],"gold":199,"neow_bonus":"THREE_ENEMY_KILL","is_daily":false,"chose_seed":false,"campfire_upgraded":1,"win_rate":0.0,"timestamp":1609142300,"path_taken":["R","M","M","?","M","R","T","$","?","M","$","?","?","M","M","BOSS"],"items_purchased_type":["Card","Card","Card"],"build_version":"2020-12-22","purchased_purges":0,"victory":false,"max_hp_per_floor":[70,70,70,70,70,70,70,70,70,70,70,70,70,70,70,70,70,70,70],"card_choices":[{"not_picked":["hexamod:AdvancingGuard","hexamod:NightmareGuise"],"picked":"hexamod:ThirdSeal","floor":2},{"not_picked":["hexamod:SpectersWail","hexamod:ThermalTransfer"],"picked":"hexamod:HauntingEcho","floor":3},{"not_picked":["hexamod:Hexaguard","hexamod:SwordOfDarkness"],"picked":"hexamod:FirstSeal","floor":5},{"not_picked":["hexamod:Again","hexamod:ChargedBarrage"],"picked":"hexamod:SecondSeal","floor":8},{"not_picked":["hexamod:SoulSteal","hexamod:HeatCrush"],"picked":"hexamod:SkipABeat","floor":8},{"not_picked":["hexamod:HeatCrush","hexamod:GhostOfSpirePast"],"picked":"hexamod:Rewind","floor":9},{"not_picked":["hexamod:AdvancingGuard","hexamod:FastForward"],"picked":"hexamod:NightmareGuise","floor":9},{"not_picked":["hexamod:SwordOfDarkness","hexamod:HauntingEcho"],"picked":"hexamod:SoulSteal","floor":10},{"not_picked":["hexamod:BacktrackSmack","hexamod:FastForward"],"picked":"hexamod:GhostShield","floor":10},{"not_picked":["hexamod:PhantomCloak","hexamod:PowerFromBeyond"],"picked":"hexamod:CrushingStance","floor":11},{"not_picked":["hexamod:BurningTouch","hexamod:ExtraCrispy"],"picked":"hexamod:GhostLash","floor":11},{"not_picked":["hexamod:ThirdSeal","hexamod:AdvancingGuard"],"picked":"hexamod:PhantomFireball","floor":14},{"not_picked":["hexamod:BurningTouch","hexamod:GhostLash"],"picked":"hexamod:Firestarter","floor":15},{"not_picked":["hexamod:CrushingStance","hexamod:TimeWarp"],"picked":"hexamod:ParanormalForm","floor":16},{"not_picked":["hexamod:GiftsFromTheDead","hexamod:TurnItUp"],"picked":"hexamod:WildfireWeapon","floor":16}],"player_experience":333189,"relics_obtained":[{"floor":17,"key":"Anchor"},{"floor":17,"key":"Gremlin Horn"},{"floor":17,"key":"Shovel"}],"event_choices":[{"damage_healed":0,"gold_gain":115,"player_choice":"GO ","damage_taken":9,"relics_obtained":[],"max_hp_gain":0,"max_hp_loss":0,"event_name":"betterSkull:BetterSkull","floor":4,"gold_loss":0,"cards_upgraded":[]},{"damage_healed":17,"gold_gain":0,"player_choice":"Healed and dodged fight","damage_taken":0,"max_hp_gain":0,"max_hp_loss":0,"event_name":"Mushrooms","floor":12,"gold_loss":0,"cards_obtained":["Parasite"]},{"damage_healed":0,"gold_gain":0,"player_choice":"Grow","damage_taken":0,"max_hp_gain":0,"max_hp_loss":0,"event_name":"Living Wall","floor":13,"gold_loss":0,"cards_upgraded":["hexamod:SoulSteal"]}],"is_beta":false,"boss_relics":[{"not_picked":["downfall:Hecktoplasm","Astrolabe"],"picked":"Calling Bell"}],"items_purged_floors":[],"is_endless":false,"potions_floor_spawned":[9,10,14,16],"ascension_level":0}}