{"host":"k85tjwrh7mjrrc9a","time":1609118399,"event":{"mods":["AchievementEnabler","BaseMod","Colored Powertips","Highlight Path","Minty Spire (QoL Compilation)","Rare Cards Sparkle","StSLib"],"gold_per_floor":[210,210,65,81,6,35,35,55,55,70,70,98,4,15,15,118,118,138,163,163,91,110,143,143,178,178,178,196,211,211,222,222,321,321,334,334,334,354,64,93,106,106,131,57,57,68,84,102,102,102],"floor_reached":51,"playtime":3768,"items_purged":["Pain"],"score":761,"play_id":"bd77a4d9-21ca-4cd7-a5b6-7833e47cea47","local_time":"20201227201959","is_ascension_mode":true,"campfire_choices":[{"data":"Barricade","floor":7,"key":"SMITH"},{"data":"Shockwave","floor":15,"key":"SMITH"},{"data":"Metallicize","floor":24,"key":"SMITH"},{"data":"Battle Trance","floor":27,"key":"SMITH"},{"data":"True Grit","floor":30,"key":"SMITH"},{"data":"Armaments","floor":32,"key":"SMITH"},{"data":"Body Slam","floor":42,"key":"SMITH"},{"data":"Juggernaut","floor":45,"key":"SMITH"},{"data":"Double Tap","floor":49,"key":"SMITH"}],"circlet_count":0,"master_deck":["Strike_R","Strike_R","Strike_R","Strike_R","Strike_R","Defend_R","Defend_R","Defend_R","Defend_R","Bash","Cleave","Barricade+1","Shockwave+1","Body Slam+1","Ghostly Armor","Ghostly Armor","Shrug It Off","Good Instincts","Iron Wave","Juggernaut+1","Battle Trance+1","Metallicize+1","Sever Soul","Double Tap+1","True Grit+1","True Grit","Armaments+1","Ghostly Armor+1","Madness","Madness","Shrug It Off+1","Flame Barrier","Iron Wave"],"relics":["Burning Blood","WarpedTongs","Gambling Chip","Bottled Flame","Odd Mushroom","Philosopher\u0027s Stone","Bronze Scales","Lizard Tail","MealTicket","Eternal Feather","Runic Cube","ClockworkSouvenir","Art of War","Regal Pillow","Red Skull"],"acts_visited":["Exordium","TheCity","TheBeyond"],"potions_floor_usage":[16,22,25,33,40,40,41,50,50,50],"damage_taken":[{"damage":8,"enemies":"Jaw Worm","floor":1,"turns":5},{"damage":9,"enemies":"Cultist","floor":4,"turns":3},{"damage":15,"enemies":"Gremlin Nob","floor":6,"turns":4},{"damage":8,"enemies":"2 Louse","floor":8,"turns":2},{"damage":7,"enemies":"Exordium Wildlife","floor":10,"turns":4},{"damage":3,"enemies":"The Mushroom Lair","floor":12,"turns":4},{"damage":0,"enemies":"Red Slaver","floor":14,"turns":4},{"damage":20,"enemies":"Hexaghost","floor":16,"turns":7},{"damage":0,"enemies":"Shell Parasite","floor":18,"turns":6},{"damage":26,"enemies":"2 Thieves","floor":22,"turns":4},{"damage":9,"enemies":"Book of Stabbing","floor":23,"turns":6},{"damage":29,"enemies":"Gremlin Leader","floor":25,"turns":8},{"damage":18,"enemies":"Shelled Parasite and Fungi","floor":28,"turns":5},{"damage":5,"enemies":"Centurion and Healer","floor":29,"turns":8},{"damage":12,"enemies":"Snake Plant","floor":31,"turns":5},{"damage":7,"enemies":"Champ","floor":33,"turns":11},{"damage":37,"enemies":"3 Darklings","floor":35,"turns":7},{"damage":1,"enemies":"3 Shapes","floor":38,"turns":9},{"damage":58,"enemies":"Nemesis","floor":40,"turns":9},{"damage":47,"enemies":"Transient","floor":41,"turns":5},{"damage":43,"enemies":"Sphere and 2 Shapes","floor":46,"turns":6},{"damage":10,"enemies":"Spire Growth","floor":47,"turns":7},{"damage":5,"enemies":"4 Shapes","floor":48,"turns":5},{"damage":45,"enemies":"Donu and Deca","floor":50,"turns":15}],"seed_played":"-4775039885474305605","potions_obtained":[{"floor":4,"key":"FearPotion"},{"floor":6,"key":"Energy Potion"},{"floor":10,"key":"DuplicationPotion"},{"floor":16,"key":"HeartOfIron"},{"floor":20,"key":"CultistPotion"},{"floor":22,"key":"BlessingOfTheForge"},{"floor":23,"key":"SpeedPotion"},{"floor":28,"key":"BloodPotion"},{"floor":38,"key":"DuplicationPotion"},{"floor":41,"key":"FearPotion"},{"floor":48,"key":"ElixirPotion"}],"is_trial":false,"path_per_floor":["M","?","$","M","$","E","R","M","T","M","?","?","$","M","R","B",null,"M","T","?","$","M","E","R","E","T","R","M","M","R","M","R","B",null,"M","?","?","M","$","E","M","R","T","$","R","M","M","M","R","B",null],"character_chosen":"IRONCLAD","items_purchased":["Barricade","Good Instincts","Metallicize","ClockworkSouvenir","Art of War","EssenceOfSteel"],"campfire_rested":0,"item_purchase_floors":[3,13,21,39,39,44],"current_hp_per_floor":[78,78,78,75,75,66,66,64,64,63,68,71,71,77,77,63,85,85,85,85,85,65,62,62,39,39,51,39,40,55,49,64,63,85,54,43,43,48,63,28,45,63,63,78,85,48,44,45,63,24],"gold":102,"neow_bonus":"HUNDRED_GOLD","is_daily":false,"chose_seed":false,"campfire_upgraded":9,"win_rate":0.0,"timestamp":1609118399,"path_taken":["M","?","$","?","$","E","R","M","T","M","?","?","?","M","R","BOSS","M","?","?","$","?","E","R","E","T","R","M","M","R","M","R","BOSS","M","?","?","M","$","E","M","R","T","$","R","M","?","M","R","BOSS"],"items_purchased_type":["Card","Card","Card","Relic","Relic","Potion"],"build_version":"2020-12-22","purchased_purges":1,"victory":true,"max_hp_per_floor":[80,80,80,80,80,80,80,80,80,80,85,85,85,85,85,85,85,85,85,85,85,85,85,85,85,85,85,85,85,85,85,85,85,85,85,85,85,85,85,85,85,85,85,85,85,85,85,85,85,85],"card_choices":[{"not_picked":["Iron Wave","Heavy Blade"],"picked":"Cleave","floor":1},{"not_picked":["Flex","Brutality"],"picked":"Shockwave","floor":4},{"not_picked":["Burning Pact","Armaments"],"picked":"Body Slam","floor":6},{"not_picked":["Headbutt","Uppercut"],"picked":"Ghostly Armor","floor":8},{"not_picked":["Hemokinesis","Disarm"],"picked":"Ghostly Armor","floor":10},{"not_picked":["Spot Weakness","Combust"],"picked":"Shrug It Off","floor":12},{"not_picked":["Sentinel","Flame Barrier"],"picked":"Iron Wave","floor":14},{"not_picked":["Barricade","Exhume"],"picked":"Juggernaut","floor":16},{"not_picked":["Wild Strike","Carnage+1"],"picked":"Battle Trance","floor":18},{"not_picked":["Sentinel","Blood for Blood","Anger"],"picked":"SKIP","floor":22},{"not_picked":["Body Slam","Rampage"],"picked":"Sever Soul","floor":23},{"not_picked":["Wild Strike+1","Heavy Blade"],"picked":"Double Tap","floor":25},{"not_picked":["Heavy Blade","Twin Strike"],"picked":"True Grit","floor":28},{"not_picked":["Clash","Warcry+1"],"picked":"True Grit","floor":29},{"not_picked":["Cleave","Heavy Blade+1"],"picked":"Armaments","floor":31},{"not_picked":["Combust","Cleave"],"picked":"Ghostly Armor+1","floor":35},{"not_picked":["Rage+1","Perfected Strike"],"picked":"Shrug It Off+1","floor":38},{"not_picked":["Spot Weakness","Anger+1"],"picked":"Flame Barrier","floor":40},{"not_picked":["Clash+1","Sever Soul","Anger+1"],"picked":"SKIP","floor":41},{"not_picked":["Combust+1","Thunderclap"],"picked":"Iron Wave","floor":46},{"not_picked":["Sever Soul+1","Thunderclap+1","Carnage"],"picked":"SKIP","floor":47},{"not_picked":["True Grit","Rampage+1","Combust+1"],"picked":"SKIP","floor":48}],"player_experience":77957,"relics_obtained":[{"floor":6,"key":"Gambling Chip"},{"floor":9,"key":"Bottled Flame"},{"floor":12,"key":"Odd Mushroom"},{"floor":19,"key":"Bronze Scales"},{"floor":23,"key":"Lizard Tail"},{"floor":25,"key":"MealTicket"},{"floor":26,"key":"Eternal Feather"},{"floor":40,"key":"Regal Pillow"},{"floor":43,"key":"Red Skull"}],"event_choices":[{"damage_healed":0,"gold_gain":0,"player_choice":"Rummage","damage_taken":0,"relics_obtained":["WarpedTongs"],"max_hp_gain":0,"max_hp_loss":0,"event_name":"Accursed Blacksmith","floor":2,"gold_loss":0,"cards_obtained":["Pain"]},{"damage_healed":0,"gold_gain":0,"player_choice":"Donut","damage_taken":0,"max_hp_gain":5,"max_hp_loss":0,"event_name":"Big Fish","floor":11,"gold_loss":0},{"damage_healed":0,"gold_gain":0,"player_choice":"Fought Mushrooms","damage_taken":0,"max_hp_gain":0,"max_hp_loss":0,"event_name":"Mushrooms","floor":12,"gold_loss":0},{"damage_healed":0,"gold_gain":0,"player_choice":"Got Potions","damage_taken":0,"max_hp_gain":0,"max_hp_loss":0,"event_name":"Lab","floor":20,"gold_loss":0},{"damage_healed":0,"gold_gain":0,"player_choice":"Embrace Madness","damage_taken":11,"max_hp_gain":0,"max_hp_loss":0,"event_name":"Winding Halls","floor":36,"gold_loss":0,"cards_obtained":["Madness","Madness"]},{"damage_healed":0,"gold_gain":0,"player_choice":"Bought 0 Potions","damage_taken":0,"max_hp_gain":0,"max_hp_loss":0,"event_name":"The Woman in Blue","floor":37,"gold_loss":0}],"is_beta":false,"boss_relics":[{"not_picked":["Coffee Dripper","Ectoplasm"],"picked":"Philosopher\u0027s Stone"},{"not_picked":["Snecko Eye","Fusion Hammer"],"picked":"Runic Cube"}],"items_purged_floors":[5],"is_endless":false,"potions_floor_spawned":[4,6,10,16,22,23,28,38,41,48],"ascension_level":2}}