{"host":"f6tqpspb2ou2a4h5","time":1609146996,"event":{"mods":["2.2 Compatiblity","Ascension Unlocker","BaseMod","Colored Map","DeckTracker","Hermit","Highlight Path","KOR Keyword Fix","Keyboard Shortcuts","Minty Spire (QoL Compilation)","Permanent Neow","Quick Restart","Random Character Button","StSLib","SuperFastMode","The Poker Player","everything is the same but u backflip on backflip"],"gold_per_floor":[111,36,36,111,22,22,46,80,80,93,93,93,107,140,140,269,269,282,282,305,74,173,173,213,213,213,257,257,272,272,187,187,310,310,345,257,257,275,291,291,326,326,351,351,389,25,25,56,56,56],"floor_reached":51,"playtime":3062,"items_purged":["Strike_B","Strike_B","Strike_B","Strike_B"],"score":1025,"play_id":"b72ad6bc-c399-4816-929f-8915d759d665","local_time":"20201228181636","is_ascension_mode":true,"campfire_choices":[{"data":"Fusion","floor":6.0,"key":"SMITH"},{"floor":12.0,"key":"REST"},{"floor":15.0,"key":"REST"},{"data":"Sunder","floor":23.0,"key":"SMITH"},{"data":"Defragment","floor":25.0,"key":"SMITH"},{"data":"Chill","floor":28.0,"key":"SMITH"},{"data":"Rainbow","floor":30.0,"key":"SMITH"},{"data":"Skim","floor":32.0,"key":"SMITH"},{"data":"Seek","floor":40.0,"key":"SMITH"},{"data":"Mind Blast","floor":42.0,"key":"SMITH"},{"data":"Zap","floor":44.0,"key":"SMITH"},{"data":"Secret Weapon","floor":47,"key":"SMITH"},{"data":"Rip and Tear","floor":49,"key":"SMITH"}],"circlet_count":0,"master_deck":["Defend_B","Defend_B","Defend_B","Defend_B","Zap+1","Dualcast","Fusion+1","Flash of Steel","Sunder+1","Cold Snap","Streamline","Chill+1","Rainbow+1","Leap+1","BootSequence","Seek+1","Gash","Skim+1","Defragment+1","Gash+1","Compile Driver+1","Electrodynamics+1","CurseOfTheBell","Reinforced Body+1","Mind Blast+1","Coolheaded+1","FTL+1","Gash","Secret Weapon+1","Hello World+1","Rip and Tear+1"],"relics":["Cracked Core","Lizard Tail","Golden Idol","PreservedInsect","White Beast Statue","Bird Faced Urn","SacredBark","Incense Burner","Mercury Hourglass","Frozen Egg 2","The Courier","Calling Bell","MawBank","Matryoshka","TungstenRod","Du-Vu Doll","Juzu Bracelet","Nunchaku","Omamori","Whetstone"],"acts_visited":["Exordium","TheCity","TheBeyond"],"potions_floor_usage":[45,48,50,50,50],"damage_taken":[{"damage":1.0,"enemies":"Cultist","floor":1.0,"turns":3.0},{"damage":8.0,"enemies":"Jaw Worm","floor":7.0,"turns":4.0},{"damage":28.0,"enemies":"Gremlin Nob","floor":8.0,"turns":4.0},{"damage":7.0,"enemies":"2 Louse","floor":10.0,"turns":2.0},{"damage":0.0,"enemies":"Blue Slaver","floor":13.0,"turns":1.0},{"damage":11.0,"enemies":"3 Sentries","floor":14.0,"turns":6.0},{"damage":37.0,"enemies":"Hexaghost","floor":16.0,"turns":10.0},{"damage":13.0,"enemies":"Spheric Guardian","floor":18.0,"turns":4.0},{"damage":0.0,"enemies":"2 Thieves","floor":20.0,"turns":4.0},{"damage":41.0,"enemies":"Gremlin Leader","floor":24.0,"turns":8.0},{"damage":0.0,"enemies":"Slavers","floor":27.0,"turns":4.0},{"damage":0.0,"enemies":"Centurion and Healer","floor":29.0,"turns":5.0},{"damage":26.0,"enemies":"Automaton","floor":33.0,"turns":10.0},{"damage":3.0,"enemies":"3 Darklings","floor":35.0,"turns":5.0},{"damage":10.0,"enemies":"Orb Walker","floor":38.0,"turns":4.0},{"damage":5.0,"enemies":"3 Darklings","floor":39.0,"turns":5.0},{"damage":16.0,"enemies":"Reptomancer","floor":41.0,"turns":5.0},{"damage":36,"enemies":"Nemesis","floor":45,"turns":5},{"damage":5,"enemies":"Reptomancer","floor":48,"turns":5},{"damage":0,"enemies":"Awakened One","floor":50,"turns":13}],"seed_played":"-2915829569281409512","potions_obtained":[{"floor":8.0,"key":"PowerPotion"},{"floor":10.0,"key":"Fire Potion"},{"floor":13.0,"key":"SkillPotion"},{"floor":14.0,"key":"PotionOfCapacity"},{"floor":16.0,"key":"Regen Potion"},{"floor":18.0,"key":"BlessingOfTheForge"},{"floor":20.0,"key":"Energy Potion"},{"floor":24.0,"key":"Block Potion"},{"floor":27.0,"key":"Block Potion"},{"floor":33.0,"key":"FearPotion"},{"floor":35.0,"key":"FairyPotion"},{"floor":38.0,"key":"AttackPotion"},{"floor":39.0,"key":"Block Potion"},{"floor":41.0,"key":"LiquidMemories"},{"floor":45,"key":"FocusPotion"},{"floor":48,"key":"SteroidPotion"}],"is_trial":false,"path_per_floor":["M","$","?","?","$","R","M","E","T","M","?","R","M","E","R","B",null,"M","?","M","$","?","R","E","R","T","E","R","M","R","?","R","B",null,"M","$","?","M","M","R","E","R","T","R","E","$","R","E","R","B",null],"character_chosen":"DEFECT","items_purchased":["Flash of Steel","Gash","Skim","Dexterity Potion","Secret Weapon","Hello World+1"],"campfire_rested":2,"item_purchase_floors":[5,21,21,46,46,46],"current_hp_per_floor":[67,67,63,52,52,52,44,16,16,9,6,24,24,13,31,31,55,42,42,42,42,42,42,46,46,46,48,48,50,50,50,50,26,54,55,55,51,45,44,44,32,32,32,32,39,39,39,38,38,44],"gold":56,"neow_bonus":"ONE_RARE_RELIC","is_daily":false,"chose_seed":false,"campfire_upgraded":11,"win_rate":0.0,"timestamp":1609146996,"path_taken":["M","?","?","?","$","R","M","E","T","M","?","R","M","E","R","BOSS","M","?","M","$","?","R","E","R","T","E","R","M","R","?","R","BOSS","M","$","?","M","M","R","E","R","T","R","E","$","R","E","R","BOSS"],"items_purchased_type":["Card","Card","Card","Potion","Card","Card"],"build_version":"2020-12-22","purchased_purges":4,"victory":true,"max_hp_per_floor":[68,68,63,63,63,63,63,63,63,63,63,63,63,63,63,63,63,63,63,63,63,63,63,63,63,63,63,63,63,63,63,63,63,63,63,63,63,63,63,63,63,63,63,63,63,63,63,63,63,63],"card_choices":[{"not_picked":["Conserve Battery","Beam Cell"],"picked":"Fusion","floor":1.0},{"not_picked":["Rebound","Sweeping Beam"],"picked":"Sunder","floor":7.0},{"not_picked":["Hello World","Tempest"],"picked":"Cold Snap","floor":8.0},{"not_picked":["Darkness","Leap"],"picked":"Streamline","floor":10.0},{"not_picked":["Steam","Hologram"],"picked":"Chill","floor":13.0},{"not_picked":["Scrape","Tempest","Streamline"],"picked":"SKIP","floor":14.0},{"not_picked":["Fission","Seek"],"picked":"Rainbow","floor":16.0},{"not_picked":["Tempest","Turbo"],"picked":"Leap+1","floor":18.0},{"not_picked":["Go for the Eyes","Scrape"],"picked":"Seek","floor":20.0},{"not_picked":["White Noise","Rebound+1"],"picked":"Defragment","floor":24.0},{"not_picked":["Stack+1","Leap+1"],"picked":"Gash+1","floor":27.0},{"not_picked":["Barrage","Streamline"],"picked":"Compile Driver","floor":29.0},{"not_picked":["Thunder Strike","All For One"],"picked":"Electrodynamics+1","floor":33.0},{"not_picked":["Sweeping Beam+1","Static Discharge+1"],"picked":"Reinforced Body+1","floor":35.0},{"not_picked":["Blind","Discovery"],"picked":"Mind Blast","floor":37.0},{"not_picked":["Cold Snap","Go for the Eyes","Scrape"],"picked":"SKIP","floor":38.0},{"not_picked":["Sweeping Beam+1","Stack"],"picked":"Coolheaded+1","floor":39.0},{"not_picked":["Ball Lightning+1","Auto Shields"],"picked":"FTL","floor":41.0},{"not_picked":["Chaos+1","Tempest+1"],"picked":"Gash","floor":45},{"not_picked":["Stack","Steam"],"picked":"Rip and Tear","floor":48}],"player_experience":75564,"relics_obtained":[{"floor":8.0,"key":"PreservedInsect"},{"floor":9.0,"key":"White Beast Statue"},{"floor":14.0,"key":"Bird Faced Urn"},{"floor":24.0,"key":"Incense Burner"},{"floor":26.0,"key":"Mercury Hourglass"},{"floor":27.0,"key":"Frozen Egg 2"},{"floor":34.0,"key":"MawBank"},{"floor":34.0,"key":"Matryoshka"},{"floor":34.0,"key":"TungstenRod"},{"floor":41.0,"key":"Du-Vu Doll"},{"floor":43.0,"key":"Juzu Bracelet"},{"floor":43.0,"key":"Nunchaku"},{"floor":45,"key":"Omamori"},{"floor":48,"key":"Whetstone"}],"event_choices":[{"damage_healed":0.0,"max_hp_gain":0.0,"max_hp_loss":5.0,"gold_gain":0.0,"event_name":"Golden Idol","player_choice":"Lose Max HP","floor":3.0,"gold_loss":0.0,"damage_taken":0.0,"relics_obtained":["Golden Idol"]},{"damage_healed":0.0,"max_hp_gain":0.0,"max_hp_loss":0.0,"gold_gain":75.0,"event_name":"World of Goop","player_choice":"Gather Gold","floor":4.0,"gold_loss":0.0,"damage_taken":11.0},{"damage_healed":0.0,"max_hp_gain":0.0,"max_hp_loss":0.0,"gold_gain":0.0,"event_name":"Scrap Ooze","player_choice":"Fled","floor":11.0,"gold_loss":0.0,"damage_taken":3.0},{"damage_healed":0.0,"max_hp_gain":0.0,"max_hp_loss":0.0,"gold_gain":0.0,"event_name":"The Library","player_choice":"Read","floor":19.0,"gold_loss":0.0,"damage_taken":0.0,"cards_obtained":["BootSequence"]},{"damage_healed":0.0,"max_hp_gain":0.0,"max_hp_loss":0.0,"gold_gain":99.0,"event_name":"Nest","player_choice":"Stole From Cult","floor":22.0,"gold_loss":0.0,"damage_taken":0.0},{"damage_healed":0.0,"max_hp_gain":0.0,"max_hp_loss":0.0,"gold_gain":0.0,"event_name":"Addict","player_choice":"Obtained Relic","floor":31.0,"gold_loss":85.0,"damage_taken":0.0,"relics_obtained":["The Courier"]},{"damage_healed":0.0,"max_hp_gain":0.0,"max_hp_loss":0.0,"gold_gain":0.0,"event_name":"SensoryStone","player_choice":"Memory 2","floor":37.0,"gold_loss":0.0,"damage_taken":5.0}],"is_beta":false,"boss_relics":[{"not_picked":["Philosopher\u0027s Stone","Runic Dome"],"picked":"SacredBark"},{"not_picked":["Snecko Eye","Fusion Hammer"],"picked":"Calling Bell"}],"items_purged_floors":[2,21,36,46],"is_endless":false,"potions_floor_spawned":[8,10,13,14,16,18,20,24,27,29,33,35,38,39,41,45,48],"ascension_level":5}}