{"host":"7nu0fnckee4tlfez","time":1609189157,"event":{"mods":["2.2 Compatiblity","AchievementEnabler","Astrologer","BaseMod","CapriCore","Colored Map","Downfall","Hermit","Lobotomy","Marisa£¨Ùöéë¡¡Øª×âÞÞ£©","Minty Spire (QoL Compilation)","Quick Restart","StSLib","SuperFastMode","The Cursed","The Hierophant","The Immortal"],"gold_per_floor":[99,132,132,132,144,144,168,118,150,100,158,169,2,83,95,195,195,145,157,157,157,189,139,163,163,113,148,158,168,168,186,199,303,303,253,353,367,367,44,44,44,29,40,40,40,40,54,74,90,90,90],"floor_reached":52,"playtime":2035,"items_purged":[],"score":823,"play_id":"43aab8b9-4fef-41cd-a671-7086c5cdc758","local_time":"20201229055917","is_ascension_mode":false,"campfire_choices":[{"data":"Slimebound:Split","floor":1.0,"key":"SMITH"},{"data":"Slimebound:CorrosiveSpit","floor":8.0,"key":"SMITH"},{"data":"Slimebound:MegaLick","floor":10.0,"key":"SMITH"},{"data":"Slimebound:MassFeed","floor":18.0,"key":"SMITH"},{"data":"Slimebound:ComboTackle","floor":23.0,"key":"SMITH"},{"data":"Slimebound:SlimeTap","floor":26.0,"key":"SMITH"},{"floor":35.0,"key":"RECALL"},{"data":"Slimebound:Split","floor":40.0,"key":"SMITH"},{"data":"Slimebound:RallyTheTroops","floor":44.0,"key":"SMITH"}],"circlet_count":0,"master_deck":["Slimebound:Strike_Slimebound","Slimebound:Tackle","Slimebound:Defend_Slimebound","Slimebound:Defend_Slimebound","Slimebound:Defend_Slimebound","Slimebound:Defend_Slimebound","Slimebound:Split+1","Slimebound:CorrosiveSpit+1","Slimebound:SlimeTap+1","Slimebound:GrowthPunch","Slimebound:LeechEnergy","Slimebound:SlimeTap","Slimebound:MegaLick+1","Slimebound:RejuvenatingLick","Slimebound:LivingWall","Slimebound:ComboTackle+1","Slimebound:MassFeed+1","Slimebound:SlimeTap","Slimebound:SlimeSpikes+1","Slimebound:SplitAcid+1","Slimebound:LeechEnergy+1","Slimebound:RallyTheTroops+1","Slimebound:Chomp","Slimebound:SlimeSpikes","TheCursedMod:Dregs","Slimebound:Split+1","Slimebound:SlimeBarrage+1","Slimebound:RainOfGoop","Slimebound:SlimeTap","hexamod:Haunted","Slimebound:Teamwork","Wraith","Parasite","Slimebound:SplitMire+1"],"relics":["Slimebound:AbsorbEndCombat","downfall:HeartsMalice","Matryoshka","Slimebound:GreedOozeRelic","Boot","TungstenRod","Orichalcum","Pear","White Beast Statue","Cursed Key","downfall:RedIOU","FossilizedHelix","Regal Pillow","Strawberry","Empty Cage","downfall:GremlinSack","Sundial","CaptainsWheel"],"acts_visited":["Exordium","TheCity","TheBeyond"],"potions_floor_usage":[50,50,50],"damage_taken":[{"damage":0.0,"enemies":"3 Sentries","floor":2.0,"turns":1.0},{"damage":0.0,"enemies":"Jaw Worm","floor":4.0,"turns":1.0},{"damage":13.0,"enemies":"Cultist","floor":5.0,"turns":4.0},{"damage":20.0,"enemies":"Gremlin Nob","floor":9.0,"turns":3.0},{"damage":17.0,"enemies":"Lagavulin Event","floor":11.0,"turns":5.0},{"damage":6.0,"enemies":"Small Slimes","floor":12.0,"turns":2.0},{"damage":0.0,"enemies":"downfall:FleeingMerchant","floor":13.0,"turns":4.0},{"damage":6.0,"enemies":"Exordium Thugs","floor":15.0,"turns":3.0},{"damage":17.0,"enemies":"downfall:CharBossIronclad","floor":16.0,"turns":7.0},{"damage":6.0,"enemies":"Chosen","floor":19.0,"turns":3.0},{"damage":13.0,"enemies":"Gremlin Leader","floor":22.0,"turns":5.0},{"damage":0.0,"enemies":"Spheric Guardian","floor":25.0,"turns":1.0},{"damage":40.0,"enemies":"Book of Stabbing","floor":27.0,"turns":5.0},{"damage":8.0,"enemies":"Centurion and Healer","floor":28.0,"turns":4.0},{"damage":11.0,"enemies":"Snake Plant","floor":29.0,"turns":3.0},{"damage":6.0,"enemies":"Cultist and Chosen","floor":31.0,"turns":2.0},{"damage":11.0,"enemies":"Centurion and Healer","floor":32.0,"turns":3.0},{"damage":34.0,"enemies":"downfall:CharBossSilent","floor":33.0,"turns":6.0},{"damage":6.0,"enemies":"downfall:CharBossSilent","floor":36.0,"turns":2.0},{"damage":14.0,"enemies":"3 Shapes","floor":37.0,"turns":3.0},{"damage":2.0,"enemies":"downfall:FleeingMerchant","floor":39.0,"turns":4.0},{"damage":11.0,"enemies":"downfall:FleeingMerchant","floor":42.0,"turns":4.0},{"damage":12.0,"enemies":"3 Darklings","floor":43.0,"turns":3.0},{"damage":19.0,"enemies":"Writhing Mass","floor":47.0,"turns":4.0},{"damage":48.0,"enemies":"Transient","floor":48.0,"turns":5.0},{"damage":15.0,"enemies":"Maw","floor":49.0,"turns":6.0},{"damage":25,"enemies":"downfall:CharBossDefect","floor":50,"turns":4}],"seed_played":"1257893014932099678","potions_obtained":[{"floor":2.0,"key":"SmokeBomb"},{"floor":9.0,"key":"Swift Potion"},{"floor":12.0,"key":"Weak Potion"},{"floor":15.0,"key":"FearPotion"},{"floor":16.0,"key":"CultistPotion"},{"floor":19.0,"key":"hexamod:EctoCoolerPotion"},{"floor":22.0,"key":"FearPotion"},{"floor":27.0,"key":"Fire Potion"},{"floor":28.0,"key":"SkillPotion"},{"floor":31.0,"key":"Strength Potion"},{"floor":32.0,"key":"DuplicationPotion"},{"floor":33.0,"key":"Weak Potion"},{"floor":36.0,"key":"PowerPotion"},{"floor":37.0,"key":"ColorlessPotion"},{"floor":43.0,"key":"FearPotion"},{"floor":48.0,"key":"SkillPotion"}],"is_trial":false,"path_per_floor":["R","E","?","M","M","?","T","R","E","R","?","M","$","T","M","B",null,"R","M","?","?","E","R","T","M","R","E","M","M","?","M","M","B",null,"R","?","M","?","$","R","T","$","M","R","?","?","M","M","M","B",null,null],"character_chosen":"SLIMEBOUND","items_purchased":["Omamori","Slimebound:SlimeTap","Sundial"],"campfire_rested":0,"item_purchase_floors":[13,39,39],"current_hp_per_floor":[60,60,60,60,56,56,56,56,48,48,43,49,49,59,69,67,70,70,74,61,61,68,68,68,68,68,49,63,70,70,82,90,72,90,90,94,92,92,90,90,90,83,95,95,95,95,91,62,79,84,84],"gold":90,"neow_bonus":"THREE_ENEMY_KILL","is_daily":false,"chose_seed":false,"campfire_upgraded":8,"win_rate":0.0,"timestamp":1609189157,"path_taken":["R","E","?","M","?","?","T","R","E","R","?","?","$","?","M","BOSS","R","?","?","?","E","R","T","M","R","E","M","M","?","M","M","BOSS","R","?","?","?","$","R","T","$","M","R","?","?","?","M","M","BOSS"],"items_purchased_type":["Relic","Card","Relic"],"build_version":"2020-12-22","purchased_purges":0,"victory":true,"max_hp_per_floor":[60,60,60,60,60,60,60,60,60,60,60,60,60,70,70,70,70,70,74,79,79,79,79,79,79,79,86,90,90,90,90,90,90,90,90,94,98,98,98,98,98,98,98,98,98,98,98,98,98,98,98],"card_choices":[{"not_picked":["Slimebound:SlimeBarrage","Slimebound:LeechingTouch"],"picked":"Slimebound:SlimeTap","floor":2.0},{"not_picked":["Slimebound:Prepare","Slimebound:ItLooksTasty"],"picked":"Slimebound:LeechEnergy","floor":4.0},{"not_picked":["Slimebound:FlameTackle","Slimebound:SplitMire"],"picked":"Slimebound:SlimeTap","floor":5.0},{"not_picked":["Slimebound:PressTheAttack","Slimebound:ItLooksTasty"],"picked":"Slimebound:MegaLick","floor":9.0},{"not_picked":["Slimebound:GrowthPunch","Slimebound:SplitAcid"],"picked":"Slimebound:RejuvenatingLick","floor":11.0},{"not_picked":["Slimebound:SplitBruiser","Slimebound:SlimeBrawl"],"picked":"Slimebound:LivingWall","floor":12.0},{"not_picked":["Slimebound:Dissolve","Slimebound:HauntingLick"],"picked":"Slimebound:ComboTackle","floor":15.0},{"not_picked":["Slimebound:RallyTheTroops","Slimebound:SlimeSlap"],"picked":"Slimebound:MassFeed","floor":16.0},{"not_picked":["Slimebound:GoopTackle+1","Slimebound:LeechingTouch"],"picked":"Slimebound:SlimeTap","floor":19.0},{"not_picked":["Slimebound:SplitAcid","Slimebound:Replication"],"picked":"Slimebound:SlimeSpikes+1","floor":22.0},{"not_picked":["Slimebound:Dissolve","Slimebound:SlimeSpikes","Slimebound:ViciousTackle"],"picked":"SKIP","floor":27.0},{"not_picked":["Slimebound:SamplingLick+1","Slimebound:RainOfGoop"],"picked":"Slimebound:SplitAcid+1","floor":28.0},{"not_picked":["Slimebound:SlimeBrawl","Slimebound:FinishingTackle","Slimebound:BestDefense"],"picked":"SKIP","floor":29.0},{"not_picked":["Slimebound:SlimeSpikes","Slimebound:SplitBruiser"],"picked":"Slimebound:LeechEnergy+1","floor":31.0},{"not_picked":["Slimebound:LeechingTouch","Slimebound:FormOfPuddle","Slimebound:ForwardTackle"],"picked":"SKIP","floor":32.0},{"not_picked":["Slimebound:HauntingLick","Slimebound:SplitLeeching+1"],"picked":"Slimebound:SlimeBarrage+1","floor":36.0},{"not_picked":["Slimebound:Chomp","Slimebound:PressTheAttack"],"picked":"Slimebound:RainOfGoop","floor":37.0},{"not_picked":["Slimebound:GoopTackle","Slimebound:DisruptingSlam+1"],"picked":"Slimebound:Teamwork","floor":43.0},{"not_picked":["Slimebound:ComboTackle","Slimebound:SlimeBrawl","Slimebound:ViciousTackle"],"picked":"SKIP","floor":47.0},{"not_picked":["Slimebound:ComboTackle","Slimebound:SlimeBrawl","Slimebound:ViciousTackle"],"picked":"SKIP","floor":47.0},{"not_picked":["Slimebound:SpikyOuterGoop","Slimebound:BestDefense","Slimebound:RollThrough"],"picked":"SKIP","floor":48.0},{"not_picked":["Slimebound:ComboTackle+1","Slimebound:AcidTongue+1"],"picked":"Slimebound:SplitMire+1","floor":49.0}],"player_experience":89056,"relics_obtained":[{"floor":2.0,"key":"Matryoshka"},{"floor":7.0,"key":"Boot"},{"floor":9.0,"key":"TungstenRod"},{"floor":11.0,"key":"Orichalcum"},{"floor":14.0,"key":"Pear"},{"floor":14.0,"key":"White Beast Statue"},{"floor":22.0,"key":"FossilizedHelix"},{"floor":24.0,"key":"Regal Pillow"},{"floor":27.0,"key":"Strawberry"},{"floor":36.0,"key":"downfall:GremlinSack"},{"floor":41.0,"key":"CaptainsWheel"}],"event_choices":[{"damage_healed":0.0,"max_hp_gain":0.0,"max_hp_loss":0.0,"gold_gain":0.0,"cards_transformed":["Slimebound:Strike_Slimebound"],"event_name":"Transmorgrifier","player_choice":"Transformed","floor":3.0,"gold_loss":0.0,"damage_taken":0.0,"cards_obtained":["Slimebound:GrowthPunch"]},{"cards_removed":["expansioncontent:DefensiveStance"],"damage_healed":0.0,"max_hp_gain":0.0,"max_hp_loss":0.0,"gold_gain":0.0,"event_name":"Falling","player_choice":"Removed Power","floor":38.0,"gold_loss":0.0,"damage_taken":0.0},{"damage_healed":0.0,"max_hp_gain":0.0,"max_hp_loss":0.0,"gold_gain":0.0,"event_name":"OrinTheCat","player_choice":"Ignored","floor":45.0,"gold_loss":0.0,"damage_taken":0.0}],"is_beta":false,"boss_relics":[{"not_picked":["Slimebound:TarBlob","Runic Dome"],"picked":"Cursed Key"},{"not_picked":["Black Star","Coffee Dripper"],"picked":"Empty Cage"}],"items_purged_floors":[],"is_endless":false,"potions_floor_spawned":[2,9,12,15,16,19,22,25,27,28,29,31,32,33,36,37,43,47,48,49],"ascension_level":0}}