{"host":"ormi09wwzv7sq47a","time":1609181528,"event":{"mods":["2.2 Compatiblity","AchievementEnabler","Act Like it!","BaseMod","Bestiary","Better Altar","Better Note","Better Sensory Stone","Better Skull","Better Third Choice","Better Vampires","BetterRewards","Block Reminder","Card Forge","Colored Map","Colored Powertips","Curses Come First","DeckTracker","Downfall","Highlight Path","Minty Spire (QoL Compilation)","Permanent Neow","Quick Restart","Rare Cards Sparkle","Relic Stats","Shop Mod","StSLib","The Jungle","The Servant 0.9.4"],"gold_per_floor":[112,112,123,44,63,63,82,107,107,157,170,197,214,33,33,106,106,122,135,135,153,25,25,42,42,69,69,94,114,114,124,124,200,200,218,93,103,103,403,403,419,439,439,80,194,194,224,237,237,237,237,237,79,110,110,110,110],"floor_reached":55,"playtime":6216,"items_purged":["Guardian:Strike_Guardian","Guardian:Strike_Guardian","Writhe"],"score":1747,"play_id":"af1ac135-22c2-4bb1-80b5-10dc0077de05","local_time":"20201228155208","is_ascension_mode":true,"campfire_choices":[{"data":"Guardian:CurlUp","floor":6.0,"key":"SMITH"},{"data":"Guardian:PrismaticBeam","floor":15.0,"key":"SMITH"},{"data":"Guardian:Planning","floor":23.0,"key":"SMITH"},{"data":"Guardian:FuturePlans","floor":27.0,"key":"SMITH"},{"data":"Guardian:ShieldSpikes","floor":32.0,"key":"SMITH"},{"data":"Guardian:ArmoredProtocol","floor":40.0,"key":"SMITH"},{"data":"Guardian:AncientConstruct","floor":46,"key":"SMITH"},{"floor":49,"key":"RECALL"},{"data":"Guardian:PrismaticBarrier","floor":52,"key":"SMITH"}],"circlet_count":0,"master_deck":["AscendersBane","Guardian:Strike_Guardian","Guardian:Strike_Guardian","Guardian:Defend_Guardian","Guardian:Defend_Guardian","Guardian:Defend_Guardian+1","Guardian:CurlUp+1","Guardian:TwinSlam","Guardian:ArmoredProtocol+1","Guardian:BronzeArmor","Guardian:PrismaticBeam+1","Guardian:FuturePlans+1","Guardian:GemFinder","Guardian:CrystalBeam","Guardian:Planning+1","Guardian:VentSteam","Guardian:GemFire","Guardian:AncientConstruct+1","CurseOfTheBell","Guardian:GuardianWhirl+1","Guardian:ShieldCharger+1","Guardian:Repulse+1","Guardian:ShieldSpikes+1","expansioncontent:CaCaw+1","expansioncontent:Collect+1","Guardian:ConstructionForm+1","Guardian:SpikerProtocol+1","Good Instincts","Guardian:PrismaticBarrier+1","Guardian:WalkerClaw+1"],"relics":["Guardian:ModeShifterPlus","Hammer of Thor","Seething Fire","Anvil of the Gods","Kunai","Unceasing Top","Blue Candle","Medical Kit","War Paint","Guardian:PickAxe","Mummified Hand","Bag of Marbles","Torii","Calling Bell","PreservedInsect","Frozen Egg 2","CaptainsWheel","Guardian:StasisCodex","Nilry\u0027s Codex","Strawberry","Anchor","Shuriken","Mercury Hourglass","Sundial","Guardian:StasisUpgradeRelic","Guardian:PocketSentry"],"acts_visited":["Exordium","TheCity","TheBeyond","TheEnding"],"potions_floor_usage":[55],"damage_taken":[{"damage":4.0,"enemies":"Small Slimes","floor":1.0,"turns":5.0},{"damage":0.0,"enemies":"2 Louse","floor":3.0,"turns":3.0},{"damage":2.0,"enemies":"Cultist","floor":5.0,"turns":5.0},{"damage":1.0,"enemies":"Looter","floor":7.0,"turns":4.0},{"damage":15.0,"enemies":"Gremlin Nob","floor":8.0,"turns":5.0},{"damage":5.0,"enemies":"3 Louse","floor":11.0,"turns":3.0},{"damage":1.0,"enemies":"Lagavulin","floor":12.0,"turns":6.0},{"damage":0.0,"enemies":"Large Slime","floor":13.0,"turns":5.0},{"damage":21.0,"enemies":"The Guardian","floor":16.0,"turns":7.0},{"damage":1.0,"enemies":"Shell Parasite","floor":18.0,"turns":2.0},{"damage":0.0,"enemies":"Spheric Guardian","floor":19.0,"turns":3.0},{"damage":1.0,"enemies":"Shelled Parasite and Fungi","floor":21.0,"turns":3.0},{"damage":1.0,"enemies":"Centurion and Healer","floor":24.0,"turns":4.0},{"damage":1.0,"enemies":"Slavers","floor":28.0,"turns":1.0},{"damage":0.0,"enemies":"Snecko","floor":29.0,"turns":3.0},{"damage":12.0,"enemies":"3 Cultists","floor":31.0,"turns":5.0},{"damage":19.0,"enemies":"Collector","floor":33.0,"turns":9.0},{"damage":1.0,"enemies":"3 Shapes","floor":35.0,"turns":2.0},{"damage":22.0,"enemies":"3 Darklings","floor":37.0,"turns":5.0},{"damage":0.0,"enemies":"Transient","floor":41.0,"turns":5.0},{"damage":0.0,"enemies":"Maw","floor":42.0,"turns":4.0},{"damage":0,"enemies":"Nemesis","floor":47,"turns":7},{"damage":0,"enemies":"Jaw Worm Horde","floor":48,"turns":2},{"damage":32,"enemies":"Time Eater","floor":50,"turns":11},{"damage":20,"enemies":"Shield and Spear","floor":54,"turns":3},{"damage":93,"enemies":"The Heart","floor":55,"turns":6}],"seed_played":"-6541164914973040954","potions_obtained":[{"floor":3.0,"key":"Guardian:AcceleratePotion"},{"floor":7.0,"key":"Dexterity Potion"},{"floor":8.0,"key":"SkillPotion"},{"floor":12.0,"key":"EssenceOfSteel"},{"floor":13.0,"key":"FearPotion"},{"floor":18.0,"key":"Guardian:DefensiveModePotion"},{"floor":21.0,"key":"LiquidBronze"},{"floor":28.0,"key":"Energy Potion"},{"floor":37.0,"key":"Strength Potion"},{"floor":45,"key":"FairyPotion"}],"is_trial":false,"path_per_floor":["M","?","M","$","M","R","M","E","T","?","M","E","M","$","R","B",null,"M","M","?","M","$","R","M","?","T","R","E","M","?","M","R","B",null,"M","$","M","?","?","R","M","M","T","$","?","R","E","M","R","B",null,"R","$","E","B"],"character_chosen":"GUARDIAN","items_purchased":["Kunai","Guardian:ArmoredProtocol","Blue Candle","Medical Kit","Guardian:PrismaticBeam","Guardian:GemFire","Guardian:Repulse+1","Guardian:Gem_Fragmented","Shuriken","Guardian:SpikerProtocol+1","Guardian:StasisUpgradeRelic"],"campfire_rested":0,"item_purchase_floors":[0,0,0,0,4,14,22,22,44,44,53],"current_hp_per_floor":[54,54,54,54,52,52,51,36,36,29,24,23,23,23,23,2,55,54,54,54,53,53,53,52,31,38,38,37,37,37,25,25,6,61,60,60,38,38,38,38,38,38,38,38,38,38,38,38,38,6,61,61,61,41,0,0,0],"gold":110,"neow_bonus":"","is_daily":false,"chose_seed":false,"campfire_upgraded":8,"win_rate":0.0,"timestamp":1609181528,"path_taken":["M","?","M","$","M","R","M","E","T","?","?","E","M","$","R","BOSS","M","M","?","M","$","R","M","?","T","R","E","M","?","M","R","BOSS","M","$","M","?","?","R","?","M","T","$","?","R","E","?","R","BOSS","R","$","E","BOSS"],"items_purchased_type":["Relic","Card","Relic","Relic","Card","Card","Card","Card","Relic","Card","Relic"],"build_version":"2020-12-22","purchased_purges":3,"victory":false,"max_hp_per_floor":[72,72,72,72,72,72,72,72,72,72,72,72,72,72,72,72,72,72,72,72,72,72,72,72,72,79,79,79,79,79,79,79,79,79,79,79,79,79,79,79,79,79,79,79,79,79,79,79,79,79,79,79,79,79,79,79,79],"relic_stats":{"Torii":48,"counters":[162,727],"Blue Candle":[6],"PreservedInsect":499,"War Paint":["Guardian:Defend_Guardian","Guardian:Defend_Guardian"],"Medical Kit":[1],"Mercury Hourglass":[72],"Mummified Hand":[182],"Shuriken":[1],"Sundial":[2],"Kunai":[22],"obtain_stats":[{"Calipers":30,"Gremlin Horn":26,"Nilry\u0027s Codex":25,"Vajra":31,"Hammer of Thor":0,"Ginger":0,"Sling":0,"Guardian:PickAxe":14,"Blood Vial":23,"Lizard Tail":0,"Centennial Puzzle":29,"HornCleat":22,"Sundial":30,"DollysMirror":31,"Strawberry":10,"Prayer Wheel":17,"Kunai":53,"Girya":10,"MerchantsRug":21,"Happy Flower":54,"Astrolabe":17,"Dead Branch":0,"Blue Candle":0,"Guardian:ModeShifter":0,"Oddly Smooth Stone":37,"Eternal Feather":9,"Pen Nib":44,"Guardian:PocketSentry":6,"War Paint":9,"Akabeko":0,"OrangePellets":0,"Bottled Flame":26,"Shuriken":26,"Anvil of the Gods":0,"Pandora\u0027s Box":34,"Black Star":34,"Unceasing Top":7,"Pocketwatch":7,"Darkstone Periapt":17,"Guardian:StasisSlotReductionRelic":17,"Lantern":29,"Guardian:ModeShifterPlus":34,"Torii":12,"Guardian:StasisCodex":54,"Incense Burner":7,"Bag of Preparation":21,"Ancient Tea Set":26,"Smiling Mask":30,"Dream Catcher":14,"Nunchaku":0,"Mummified Hand":8,"Tiny Chest":25,"InkBottle":47,"Golden Idol":13,"PreservedInsect":17,"Omamori":46,"Seething Fire":0,"Orichalcum":43,"Frozen Egg 2":9,"Medical Kit":0,"White Beast Statue":21,"Mercury Hourglass":45,"Calling Bell":17,"Peace Pipe":0,"Guardian:StasisUpgradeRelic":53,"CaptainsWheel":9,"Anchor":9,"betterThird:SlimedRelic":2,"Turnip":0,"Bag of Marbles":48,"Art of War":48,"Bottled Lightning":26,"Membership Card":21,"hexamod:BolsterEngine":13,"FossilizedHelix":38,"Toy Ornithopter":44},{"Calipers":124,"Gremlin Horn":52,"Nilry\u0027s Codex":149,"Vajra":30,"Hammer of Thor":0,"Ginger":39,"Sling":39,"Guardian:PickAxe":24,"Blood Vial":51,"Lizard Tail":17,"Centennial Puzzle":53,"HornCleat":50,"Sundial":12,"DollysMirror":99,"Strawberry":90,"Prayer Wheel":25,"Kunai":109,"Girya":80,"MerchantsRug":96,"Happy Flower":110,"Astrolabe":47,"Dead Branch":111,"Blue Candle":136,"Guardian:ModeShifter":0,"Oddly Smooth Stone":32,"Eternal Feather":44,"Pen Nib":35,"Guardian:PocketSentry":44,"War Paint":69,"Akabeko":84,"OrangePellets":111,"Bottled Flame":123,"Shuriken":97,"Anvil of the Gods":0,"Pandora\u0027s Box":14,"Black Star":100,"Unceasing Top":69,"Pocketwatch":116,"Darkstone Periapt":25,"Guardian:StasisSlotReductionRelic":7,"Lantern":29,"Guardian:ModeShifterPlus":55,"Torii":143,"Guardian:StasisCodex":65,"Incense Burner":4,"Bag of Preparation":96,"Ancient Tea Set":28,"Smiling Mask":99,"Dream Catcher":6,"Nunchaku":66,"Mummified Hand":141,"Tiny Chest":123,"InkBottle":37,"Golden Idol":5,"PreservedInsect":25,"Omamori":106,"Seething Fire":0,"Orichalcum":34,"Frozen Egg 2":89,"Medical Kit":66,"White Beast Statue":96,"Mercury Hourglass":157,"Calling Bell":25,"Peace Pipe":76,"Guardian:StasisUpgradeRelic":109,"CaptainsWheel":4,"Anchor":21,"betterThird:SlimedRelic":40,"Turnip":66,"Bag of Marbles":63,"Art of War":133,"Bottled Lightning":10,"Membership Card":96,"hexamod:BolsterEngine":45,"FossilizedHelix":58,"Toy Ornithopter":105},{"Calipers":565,"Gremlin Horn":274,"Nilry\u0027s Codex":664,"Vajra":154,"Hammer of Thor":0,"Ginger":211,"Sling":211,"Guardian:PickAxe":121,"Blood Vial":270,"Lizard Tail":91,"Centennial Puzzle":277,"HornCleat":266,"Sundial":61,"DollysMirror":485,"Strawberry":460,"Prayer Wheel":130,"Kunai":521,"Girya":426,"MerchantsRug":476,"Happy Flower":525,"Astrolabe":259,"Dead Branch":532,"Blue Candle":609,"Guardian:ModeShifter":0,"Oddly Smooth Stone":167,"Eternal Feather":237,"Pen Nib":184,"Guardian:PocketSentry":237,"War Paint":367,"Akabeko":446,"OrangePellets":532,"Bottled Flame":561,"Shuriken":479,"Anvil of the Gods":0,"Pandora\u0027s Box":75,"Black Star":490,"Unceasing Top":367,"Pocketwatch":545,"Darkstone Periapt":130,"Guardian:StasisSlotReductionRelic":38,"Lantern":150,"Guardian:ModeShifterPlus":288,"Torii":640,"Guardian:StasisCodex":340,"Incense Burner":18,"Bag of Preparation":476,"Ancient Tea Set":145,"Smiling Mask":485,"Dream Catcher":28,"Nunchaku":349,"Mummified Hand":631,"Tiny Chest":561,"InkBottle":196,"Golden Idol":22,"PreservedInsect":130,"Omamori":510,"Seething Fire":0,"Orichalcum":177,"Frozen Egg 2":456,"Medical Kit":349,"White Beast Statue":476,"Mercury Hourglass":698,"Calling Bell":130,"Peace Pipe":412,"Guardian:StasisUpgradeRelic":521,"CaptainsWheel":18,"Anchor":107,"betterThird:SlimedRelic":214,"Turnip":349,"Bag of Marbles":326,"Art of War":591,"Bottled Lightning":50,"Membership Card":476,"hexamod:BolsterEngine":240,"FossilizedHelix":296,"Toy Ornithopter":504}],"Unceasing Top":[32]},"card_choices":[{"not_picked":["Guardian:DecasProtection","Guardian:Gem_Crimson"],"picked":"Guardian:BronzeArmor","floor":1.0},{"not_picked":["Guardian:Gem_Cyan","Guardian:RollAttack"],"picked":"Guardian:Gem_Crimson","floor":3.0},{"not_picked":["Guardian:PrimingBeam","Guardian:ShieldCharger"],"picked":"Guardian:Gem_Cyan","floor":5.0},{"not_picked":["Guardian:Planning","Guardian:SentryBeam"],"picked":"Guardian:FuturePlans","floor":7.0},{"not_picked":["Guardian:PiercingHide","Guardian:Gem_Lightblue"],"picked":"Guardian:GemFinder","floor":8.0},{"not_picked":["Guardian:ChargeCore","Guardian:Recover"],"picked":"Guardian:CrystalBeam","floor":11.0},{"not_picked":["Guardian:Gem_Red","Guardian:Gem_Lightblue"],"picked":"Guardian:Gem_Green","floor":12.0},{"not_picked":["Guardian:Harden","Guardian:WalkerClaw"],"picked":"Guardian:Planning","floor":12.0},{"not_picked":["Guardian:Gem_Green","Guardian:Gem_Lightblue"],"picked":"Guardian:Gem_Red","floor":13.0},{"not_picked":["Guardian:CrystalBeam","Guardian:TimeSifter"],"picked":"Guardian:VentSteam","floor":13.0},{"not_picked":["Guardian:Gem_Red","Guardian:Gem_Green"],"picked":"Guardian:Gem_Cyan","floor":16.0},{"not_picked":["Guardian:FastForward","Guardian:CompilePackage"],"picked":"Guardian:AncientConstruct","floor":16.0},{"not_picked":["Guardian:Gem_Green","Guardian:Gem_Lightblue"],"picked":"Guardian:Gem_Red","floor":18.0},{"not_picked":["Guardian:DonusPower","Guardian:WalkerClaw"],"picked":"Guardian:GuardianWhirl+1","floor":18.0},{"not_picked":["Guardian:TemporalShield","Guardian:Gem_Red","Guardian:Reroute"],"picked":"SKIP","floor":19.0},{"not_picked":["Guardian:Recover","Guardian:Gem_Green"],"picked":"Guardian:ShieldCharger+1","floor":21.0},{"not_picked":["Guardian:Gem_Red","Guardian:Gem_Lightblue"],"picked":"Guardian:Gem_Cyan","floor":21.0},{"not_picked":["Guardian:TemporalStrike","Guardian:BronzeOrb","Guardian:Reroute"],"picked":"SKIP","floor":24.0},{"not_picked":["Guardian:Recover","Guardian:Repulse+1"],"picked":"Guardian:ShieldSpikes","floor":28.0},{"not_picked":["Guardian:VentSteam+1","Guardian:RollAttack"],"picked":"Guardian:Gem_White","floor":29.0},{"not_picked":["Blind","expansioncontent:DashGenerateEvil"],"picked":"expansioncontent:CaCaw+1","floor":30.0},{"not_picked":["Jack Of All Trades","expansioncontent:Hexaburn"],"picked":"expansioncontent:Collect+1","floor":30.0},{"not_picked":["Guardian:Preprogram","Guardian:Recover","Guardian:TemporalShield"],"picked":"SKIP","floor":31.0},{"not_picked":["Guardian:GemFinder+1","Guardian:CompilePackage"],"picked":"Guardian:ConstructionForm+1","floor":33.0},{"not_picked":["Guardian:Gem_Cyan","Guardian:TemporalStrike","Guardian:Reroute"],"picked":"SKIP","floor":35.0},{"not_picked":["Guardian:MultiBeam","Guardian:Recover"],"picked":"Guardian:Gem_Yellow","floor":37.0},{"not_picked":["Guardian:TemporalStrike","Guardian:Gem_Green","Guardian:ShieldCharger"],"picked":"SKIP","floor":41.0},{"not_picked":["Guardian:Gem_Purple","Guardian:Suspension","Guardian:Gem_Cyan"],"picked":"SKIP","floor":42.0},{"not_picked":["Transmutation","The Bomb"],"picked":"Good Instincts","floor":45},{"not_picked":["Guardian:Planning+1","Guardian:Gem_Red"],"picked":"Guardian:PrismaticBarrier","floor":47},{"not_picked":["Guardian:DonusPower","Guardian:SpikerProtocol+1"],"picked":"Guardian:WalkerClaw+1","floor":48},{"not_picked":["Guardian:ShieldCharger","Guardian:PrimingBeam","Guardian:Suspension+1"],"picked":"SKIP","floor":54}],"player_experience":816231,"relics_obtained":[{"floor":8.0,"key":"Mummified Hand"},{"floor":9.0,"key":"Bag of Marbles"},{"floor":12.0,"key":"Torii"},{"floor":17.0,"key":"PreservedInsect"},{"floor":17.0,"key":"Frozen Egg 2"},{"floor":17.0,"key":"CaptainsWheel"},{"floor":25.0,"key":"Nilry\u0027s Codex"},{"floor":26.0,"key":"Strawberry"},{"floor":28.0,"key":"Anchor"},{"floor":45,"key":"Mercury Hourglass"},{"floor":47,"key":"Sundial"},{"floor":54,"key":"Guardian:PocketSentry"}],"event_choices":[{"damage_healed":0.0,"max_hp_gain":0.0,"max_hp_loss":0.0,"gold_gain":50.0,"event_name":"FaceTrader","player_choice":"Touch","floor":10.0,"gold_loss":0.0,"damage_taken":7.0},{"damage_healed":0.0,"max_hp_gain":0.0,"max_hp_loss":0.0,"gold_gain":0.0,"event_name":"The Mausoleum","player_choice":"Opened","floor":20.0,"gold_loss":0.0,"damage_taken":0.0,"relics_obtained":["Guardian:StasisCodex"],"cards_obtained":["Writhe"]},{"damage_healed":0.0,"max_hp_gain":0.0,"max_hp_loss":0.0,"gold_gain":0.0,"event_name":"Cursed Tome","player_choice":"Obtained Book","floor":25.0,"gold_loss":0.0,"damage_taken":21.0},{"damage_healed":0.0,"max_hp_gain":0.0,"max_hp_loss":0.0,"gold_gain":2.0,"event_name":"betterStone:BetterStone","player_choice":"1","floor":30.0,"gold_loss":0.0,"damage_taken":0.0},{"cards_removed":["Guardian:Defend_Guardian"],"damage_healed":0.0,"max_hp_gain":0.0,"max_hp_loss":0.0,"gold_gain":0.0,"event_name":"Falling","player_choice":"Removed Skill","floor":38.0,"gold_loss":0.0,"damage_taken":0.0},{"damage_healed":0.0,"max_hp_gain":0.0,"max_hp_loss":0.0,"gold_gain":300.0,"event_name":"Wheel of Change","player_choice":"Gold","floor":39.0,"gold_loss":0.0,"damage_taken":0.0},{"damage_healed":0,"gold_gain":0,"player_choice":"Random: Red","damage_taken":0,"max_hp_gain":0,"max_hp_loss":0,"event_name":"betterThird:BetterPortal","floor":45,"gold_loss":0}],"is_beta":false,"boss_relics":[{"not_picked":["Runic Pyramid","Pandora\u0027s Box"],"picked":"Calling Bell"},{"not_picked":["Guardian:StasisSlotReductionRelic","Black Star"],"picked":"Guardian:ModeShifterPlus"}],"items_purged_floors":[0,14,36],"is_endless":false,"potions_floor_spawned":[3,7,8,12,13,18,21,24,28,31,37,41,48,54],"killed_by":"The Heart","ascension_level":16}}