{"host":"873t0y8ybyo38pfq","time":1609162255,"event":{"mods":["BaseMod","Bestiary","Colored Map","Colored Powertips","Highlight Path","Minty Spire (QoL Compilation)","Quick Restart","RNG Fix","Rare Cards Sparkle","Relic Stats","StSLib"],"gold_per_floor":[116,116,126,126,51,51,84,119,188,149,149,168,168,185,185,257,257,274,274,274,274,5,5,5],"floor_reached":23,"playtime":540,"items_purged":["Strike_G","Strike_G"],"score":440,"play_id":"8ea91c3d-c87d-4fe3-bed3-1f857b773c4b","local_time":"20201228083055","is_ascension_mode":true,"campfire_choices":[{"data":"Predator","floor":6,"key":"SMITH"},{"floor":11,"key":"REST"},{"data":"Noxious Fumes","floor":13,"key":"SMITH"},{"data":"Neutralize","floor":15,"key":"SMITH"}],"circlet_count":0,"master_deck":["AscendersBane","Strike_G","Strike_G","Defend_G","Defend_G","Defend_G","Defend_G","Defend_G","Survivor","Neutralize+1","Backstab","Predator+1","PiercingWail","Noxious Fumes+1","Slice","Venomology","Blur","RitualDagger","Crippling Poison","Ghostly","Ghostly","Ghostly"],"relics":["Ring of the Snake","NeowsBlessing","StrikeDummy","WingedGreaves","Juzu Bracelet","InkBottle","SacredBark","Lantern"],"acts_visited":["Exordium","TheCity"],"potions_floor_usage":[8,16,18,18,18,23,23],"damage_taken":[{"damage":0,"enemies":"2 Louse","floor":1,"turns":1},{"damage":0,"enemies":"Jaw Worm","floor":3,"turns":1},{"damage":0,"enemies":"Lagavulin","floor":7,"turns":1},{"damage":30,"enemies":"3 Sentries","floor":8,"turns":6},{"damage":1,"enemies":"Small Slimes","floor":12,"turns":3},{"damage":0,"enemies":"Looter","floor":14,"turns":2},{"damage":8,"enemies":"The Guardian","floor":16,"turns":10},{"damage":4,"enemies":"2 Thieves","floor":18,"turns":5},{"damage":35,"enemies":"Gremlin Leader","floor":23,"turns":9}],"seed_played":"-3195450329855731382","potions_obtained":[{"floor":1,"key":"Fire Potion"},{"floor":8,"key":"SkillPotion"},{"floor":16,"key":"EntropicBrew"}],"is_trial":false,"path_per_floor":["M","?","M","?","$","R","E","E","T","?","R","M","R","M","R","B",null,"M","?","?","?","$","E"],"character_chosen":"THE_SILENT","items_purchased":["Lantern"],"campfire_rested":1,"item_purchase_floors":[22],"current_hp_per_floor":[59,59,59,48,48,48,48,18,18,18,37,36,36,36,36,28,57,53,47,47,33,33,0,0],"gold":5,"neow_bonus":"THREE_ENEMY_KILL","is_daily":false,"chose_seed":false,"campfire_upgraded":3,"win_rate":0.0,"timestamp":1609162255,"path_taken":["M","?","M","?","$","R","E","E","T","?","R","M","R","M","R","BOSS","M","?","?","?","$","E"],"items_purchased_type":["Relic"],"build_version":"2020-12-22","purchased_purges":2,"victory":false,"max_hp_per_floor":[66,66,66,66,66,66,66,66,66,66,66,66,66,66,66,66,66,66,66,66,33,33,33,33],"relic_stats":{"counters":[9,38],"Juzu Bracelet":2,"obtain_stats":[{"Lantern":22,"NeowsBlessing":0,"SacredBark":17,"WingedGreaves":7,"Juzu Bracelet":8,"StrikeDummy":4,"InkBottle":9,"Ring of the Snake":0},{"Lantern":8,"NeowsBlessing":0,"SacredBark":7,"WingedGreaves":3,"Juzu Bracelet":4,"StrikeDummy":2,"InkBottle":4,"Ring of the Snake":0},{"Lantern":29,"NeowsBlessing":0,"SacredBark":24,"WingedGreaves":3,"Juzu Bracelet":9,"StrikeDummy":2,"InkBottle":9,"Ring of the Snake":0}],"InkBottle":[8],"Ring of the Snake":[18]},"card_choices":[{"not_picked":["Concentrate","Bane","Cloak And Dagger"],"picked":"SKIP","floor":1},{"not_picked":["Flying Knee","Slice"],"picked":"Predator","floor":3},{"not_picked":["Cloak And Dagger","Choke","Poisoned Stab"],"picked":"SKIP","floor":7},{"not_picked":["Riddle With Holes","Night Terror"],"picked":"PiercingWail","floor":8},{"not_picked":["Backstab","Endless Agony"],"picked":"Noxious Fumes","floor":12},{"not_picked":["Quick Slash","Concentrate"],"picked":"Slice","floor":14},{"not_picked":["Storm of Steel","Bullet Time"],"picked":"Venomology","floor":16},{"not_picked":["PiercingWail","Bane"],"picked":"Blur","floor":18}],"player_experience":1378761,"relics_obtained":[{"floor":7,"key":"WingedGreaves"},{"floor":8,"key":"Juzu Bracelet"},{"floor":9,"key":"InkBottle"}],"event_choices":[{"damage_healed":0,"gold_gain":0,"cards_transformed":["Strike_G"],"player_choice":"Change","damage_taken":0,"max_hp_gain":0,"max_hp_loss":0,"event_name":"Living Wall","floor":2,"gold_loss":0,"cards_obtained":["Backstab"]},{"damage_healed":0,"gold_gain":0,"player_choice":"Success","damage_taken":11,"relics_obtained":["StrikeDummy"],"max_hp_gain":0,"max_hp_loss":0,"event_name":"Scrap Ooze","floor":4,"gold_loss":0},{"damage_healed":0,"gold_gain":0,"player_choice":"Left Gold","damage_taken":0,"max_hp_gain":0,"max_hp_loss":0,"event_name":"World of Goop","floor":10,"gold_loss":39},{"damage_healed":0,"gold_gain":0,"player_choice":"Joined the Cult","damage_taken":6,"max_hp_gain":0,"max_hp_loss":0,"event_name":"Nest","floor":19,"gold_loss":0,"cards_obtained":["RitualDagger"]},{"damage_healed":0,"gold_gain":0,"player_choice":"Read","damage_taken":0,"max_hp_gain":0,"max_hp_loss":0,"event_name":"The Library","floor":20,"gold_loss":0,"cards_obtained":["Crippling Poison"]},{"damage_healed":0,"gold_gain":0,"player_choice":"Became a Ghost","damage_taken":0,"max_hp_gain":0,"max_hp_loss":33,"event_name":"Ghosts","floor":21,"gold_loss":0,"cards_obtained":["Ghostly","Ghostly","Ghostly"]}],"is_beta":false,"boss_relics":[{"not_picked":["Sozu","Coffee Dripper"],"picked":"SacredBark"}],"items_purged_floors":[5,22],"is_endless":false,"potions_floor_spawned":[1,8,16],"killed_by":"Gremlin Leader","ascension_level":20}}