{"host":"2nhpogk5xa0u9xre","time":1609123338,"event":{"mods":["Aspiration","BaseMod","Colored Powertips","Googly Eyes","Hubris","Infinite Spire","Minty Spire (QoL Compilation)","Rare Cards Sparkle","Replay The Spire","StSLib","The Construct","The Hayseed","The Hierophant","The Runesmith","everything is the same but u backflip on backflip"],"gold_per_floor":[114,131,131,142,154,154,166,199,199,199,211,275,308,328,328,431,431,451,462,479,497,102,102,115,142,142,169,9,21,21,21,21,33,33,136,136,150,161,161,161,174,206,206,224,224,224,224,224,243,256,256,256,256],"floor_reached":52,"playtime":2482,"items_purged":[],"score":545,"play_id":"ec2458ab-b58a-4cbe-8dfa-26dda70463b5","local_time":"20201227214218","is_ascension_mode":false,"campfire_choices":[{"data":"construct:Enhance","floor":6,"key":"SMITH"},{"data":"construct:Failsafe","floor":10,"key":"SMITH"},{"floor":15,"key":"REST"},{"data":"construct:FlameCore","floor":23,"key":"SMITH"},{"floor":32,"key":"REST"},{"floor":34,"key":"REST"},{"floor":43,"key":"REST"},{"floor":47,"key":"REST"},{"floor":51,"key":"REST"}],"circlet_count":0,"master_deck":["construct:Strike_Gold","construct:Strike_Gold","construct:Strike_Gold","construct:Defend_Gold","construct:Defend_Gold","construct:Defend_Gold+1","construct:AttackMode+1","construct:Forcefield+1","construct:MetalShell+1","construct:OneWayMirror+1","construct:Tumble","construct:Failsafe+1","construct:Enhance+1","construct:FocusedBeam","construct:Boost","construct:SyphonStrike","construct:GatlingGun","construct:Synchronize+1","construct:ModeShift","construct:Boost","construct:VentSteam+1","construct:ClockworkEgg+1","construct:FlameCore+1","construct:FlakBarrage","construct:Zapper+1","construct:ScopeCore","construct:Boost+1","construct:SyphonStrike+1","construct:SiegeForm","construct:SweepLaser","construct:MemoryTap","construct:BatteryAcid+1","construct:ForceCore+1","construct:ForceCore+1","construct:CripplingShot+1","construct:CriticalHit+1"],"relics":["Astrolabe","Boot","Happy Flower","hubris:MysteriousPyramids","Pet Ghost","construct:MasterCore","aspiration:PoetsPen_weak","Gremlin Food","construct:RocketBooster","aspiration:Lifesprig","infinitespire:Bottled Soul","Empty Cage","Pocketwatch","hubris:DisguiseKit"],"acts_visited":["Exordium","TheCity","TheBeyond"],"potions_floor_usage":[8,16,16,18,27,29,35,37,42,50],"damage_taken":[{"damage":0,"enemies":"Jaw Worm","floor":1,"turns":5},{"damage":0,"enemies":"Small Slimes","floor":2,"turns":5},{"damage":0,"enemies":"2 Louse","floor":4,"turns":3},{"damage":0,"enemies":"Looter","floor":5,"turns":3},{"damage":2,"enemies":"2 Fungi Beasts","floor":7,"turns":5},{"damage":28,"enemies":"3 Sentries","floor":8,"turns":12},{"damage":0,"enemies":"Exordium Wildlife","floor":11,"turns":3},{"damage":21,"enemies":"Lagavulin Event","floor":12,"turns":4},{"damage":24,"enemies":"Lagavulin","floor":13,"turns":4},{"damage":0,"enemies":"Blue Slaver","floor":14,"turns":3},{"damage":31,"enemies":"The Guardian","floor":16,"turns":8},{"damage":8,"enemies":"2 Thieves","floor":18,"turns":4},{"damage":0,"enemies":"Shell Parasite","floor":19,"turns":2},{"damage":0,"enemies":"Cultist and Chosen","floor":20,"turns":4},{"damage":17,"enemies":"Snake Plant","floor":21,"turns":4},{"damage":24,"enemies":"Centurion and Healer","floor":24,"turns":6},{"damage":6,"enemies":"Book of Stabbing","floor":27,"turns":3},{"damage":8,"enemies":"Cultist and Chosen","floor":29,"turns":5},{"damage":13,"enemies":"Snake Plant","floor":33,"turns":2},{"damage":34,"enemies":"hubris:MusketHawk","floor":35,"turns":6},{"damage":28,"enemies":"3 Shapes","floor":37,"turns":3},{"damage":18,"enemies":"3 Darklings","floor":38,"turns":5},{"damage":30,"enemies":"Writhing Mass","floor":41,"turns":4},{"damage":59,"enemies":"Nemesis","floor":42,"turns":5},{"damage":4,"enemies":"Spire Growth","floor":44,"turns":2},{"damage":19,"enemies":"3 Darklings","floor":49,"turns":3},{"damage":24,"enemies":"4 Shapes","floor":50,"turns":3},{"damage":71,"enemies":"Replay:Hell Engine","floor":52,"turns":4}],"seed_played":"-1766150084897533537","potions_obtained":[{"floor":1,"key":"Regen Potion"},{"floor":7,"key":"Explosive Potion"},{"floor":8,"key":"Elixir"},{"floor":12,"key":"Swift Potion"},{"floor":13,"key":"Toxic Potion"},{"floor":16,"key":"LiquidMemories"},{"floor":19,"key":"FairyPotion"},{"floor":27,"key":"infinitespire:BlackPotion"},{"floor":33,"key":"ColorlessPotion"},{"floor":35,"key":"AttackPotion"},{"floor":37,"key":"FairyPotion"},{"floor":38,"key":"Elixir"},{"floor":41,"key":"DistilledChaos"},{"floor":49,"key":"Explosive Potion"}],"is_trial":false,"path_per_floor":["M","M","?","M","M","R","M","E","T","R","M","?","E","M","R","B",null,"M","M","M","M","$","R","M","?","T","E","$","M","PTL","PTL","R","M","R","B",null,"M","M","?","?","M","E","R","M","T","?","R","?","M","M","R","B"],"character_chosen":"THE_CONSTRUCT_MOD","items_purchased":["construct:FlameCore","construct:FlakBarrage","Gremlin Food","construct:Zapper","construct:ScopeCore","construct:SiegeForm"],"campfire_rested":6,"item_purchase_floors":[22,22,22,22,22,28],"current_hp_per_floor":[85,85,78,78,78,78,76,63,63,63,63,42,18,18,43,12,85,77,77,77,60,60,60,36,36,36,30,30,22,22,22,47,34,59,25,85,57,39,39,39,9,25,50,46,46,46,71,80,61,37,62,0,0],"gold":256,"neow_bonus":"BOSS_RELIC","is_daily":false,"chose_seed":false,"campfire_upgraded":3,"win_rate":0.0,"timestamp":1609123338,"path_taken":["M","M","?","M","M","R","M","E","T","R","M","?","E","M","R","BOSS","M","M","M","M","$","R","M","?","T","E","$","M","PTL","PTL","R","M","R","BOSS","M","M","?","?","M","E","R","M","T","?","R","?","M","M","R","BOSS"],"items_purchased_type":["Card","Card","Relic","Card","Card","Card"],"build_version":"2020-12-22","purchased_purges":0,"victory":false,"max_hp_per_floor":[85,85,85,85,85,85,85,85,85,85,85,85,85,85,85,85,85,85,85,85,85,85,85,85,85,85,85,85,85,85,85,85,85,85,85,85,85,85,85,85,85,85,85,85,85,85,85,85,85,85,85,85,85],"card_choices":[{"not_picked":["construct:Anticipate","construct:VentSteam"],"picked":"construct:Tumble","floor":1},{"not_picked":["construct:ShiftStrike","construct:Stasis"],"picked":"construct:Failsafe","floor":2},{"not_picked":["construct:Hazardproof","construct:Forcefield"],"picked":"construct:Enhance","floor":4},{"not_picked":["construct:SweepLaser","construct:SuppressiveFire"],"picked":"construct:FocusedBeam","floor":5},{"not_picked":["construct:Reinforce","construct:ShiftGuard"],"picked":"construct:Boost","floor":7},{"not_picked":["construct:Anticipate","construct:Reinforce"],"picked":"construct:SyphonStrike","floor":8},{"not_picked":["construct:VentSteam","construct:Disrupt","construct:Anticipate"],"picked":"SKIP","floor":11},{"not_picked":["construct:Backup","construct:HeavyBolt"],"picked":"construct:GatlingGun","floor":12},{"not_picked":["construct:SuppressiveFire","construct:ClusterMines"],"picked":"construct:Synchronize","floor":13},{"not_picked":["construct:Disrupt","construct:ClusterMines","construct:FierceBash"],"picked":"SKIP","floor":14},{"not_picked":["construct:Anticipate","construct:ScrapCannon"],"picked":"construct:ModeShift","floor":18},{"not_picked":["construct:Reinforce+1","construct:ModeShift"],"picked":"construct:Boost","floor":19},{"not_picked":["construct:Forcefield","construct:ScrapCannon"],"picked":"construct:VentSteam+1","floor":20},{"not_picked":["construct:QuickAttack","construct:ShiftStrike"],"picked":"construct:ClockworkEgg","floor":21},{"not_picked":["construct:SaveState+1","construct:ChargeShot"],"picked":"construct:Boost","floor":24},{"not_picked":["construct:Anticipate","construct:Versatility"],"picked":"construct:SyphonStrike","floor":25},{"not_picked":["construct:SaveState","construct:VentSteam","construct:HeavyBolt"],"picked":"SKIP","floor":27},{"not_picked":["construct:Disrupt+1","construct:Backup","construct:ModeShift"],"picked":"SKIP","floor":29},{"not_picked":["construct:Forcefield","construct:ModeShift+1"],"picked":"construct:SweepLaser","floor":33},{"not_picked":["construct:HammerDown","construct:MassProduction"],"picked":"construct:MemoryTap","floor":35},{"not_picked":["construct:Versatility","construct:VentSteam","construct:SaveState"],"picked":"SKIP","floor":37},{"not_picked":["construct:Accumulate","construct:ChargeShot"],"picked":"construct:BatteryAcid+1","floor":38},{"not_picked":["construct:Hazardproof+1","construct:Antimatter+1"],"picked":"construct:ForceCore+1","floor":41},{"not_picked":["construct:ModeShift+1","construct:VentSteam"],"picked":"construct:ForceCore+1","floor":42},{"not_picked":["construct:Overcharge+1","construct:Construct_Overclock+1"],"picked":"construct:CripplingShot+1","floor":44},{"not_picked":["construct:Backfire+1","construct:ClusterMines+1","Warcry"],"picked":"construct:CriticalHit+1","floor":49},{"not_picked":["construct:VentSteam+1","construct:LongRangeLance","construct:SyphonStrike","ReplayTheSpireMod:Corrosion Curse"],"picked":"SKIP","floor":50}],"player_experience":196265,"relics_obtained":[{"floor":8,"key":"Happy Flower"},{"floor":9,"key":"hubris:MysteriousPyramids"},{"floor":12,"key":"Pet Ghost"},{"floor":13,"key":"construct:MasterCore"},{"floor":25,"key":"construct:RocketBooster"},{"floor":26,"key":"aspiration:Lifesprig"},{"floor":27,"key":"infinitespire:Bottled Soul"},{"floor":42,"key":"Pocketwatch"},{"floor":45,"key":"hubris:DisguiseKit"}],"event_choices":[{"damage_healed":0,"gold_gain":0,"player_choice":"Success","damage_taken":7,"relics_obtained":["Boot"],"max_hp_gain":0,"max_hp_loss":0,"event_name":"Scrap Ooze","floor":3,"gold_loss":0},{"damage_healed":0,"gold_gain":30,"player_choice":"Searched \u00273\u0027 times","damage_taken":0,"max_hp_gain":0,"max_hp_loss":0,"event_name":"Dead Adventurer","floor":12,"gold_loss":0}],"is_beta":false,"boss_relics":[{"not_picked":["Kintsugi","aspiration:DefectSkillbook"],"picked":"aspiration:PoetsPen_weak"},{"not_picked":["hubris:RunicObelisk","SacredBark"],"picked":"Empty Cage"}],"items_purged_floors":[],"is_endless":false,"potions_floor_spawned":[1,7,8,12,13,16,19,27,33,35,37,38,41,49],"killed_by":"Replay:Hell Engine","ascension_level":0}}