{"host":"rolltorest","time":1609120582,"event":{"mods":["BaseMod","Downfall","Minty Spire (QoL Compilation)","StSLib"],"gold_per_floor":[99,29,179,179,52,52,76,103,103,120,45,63,163,163,178,279,279,279,26,37,50,63,63,63,63,79,91,91,111,96,126,138,240,240,165,178,259,85,101,101,151,179,195,206,240,253,178,190,201,201,201,228,10,10,10],"floor_reached":56,"playtime":3531,"items_purged":["Slimebound:Icky","champ:Strike"],"score":1304,"play_id":"ad7166be-f520-47d7-9385-9c296ea8ba4e","local_time":"20201227175622","is_ascension_mode":false,"campfire_choices":[{"floor":1,"key":"RECALL"},{"data":"champ:BerserkerStyle","floor":6,"key":"SMITH"},{"data":"champ:FanOfKnives","floor":11,"key":"SMITH"},{"data":"champ:CheapShot","floor":18,"key":"SMITH"},{"data":"champ:CalledShot","floor":23,"key":"SMITH"},{"data":"champ:PerfectedStrike","floor":25,"key":"SMITH"},{"data":"champ:IronFortress","floor":28,"key":"SMITH"},{"data":"champ:GladiatorsShout","floor":35,"key":"SMITH"},{"data":"champ:RapidStrikes","floor":47,"key":"SMITH"},{"data":"champ:PerfectForm","floor":54,"key":"SMITH"}],"circlet_count":0,"master_deck":["champ:Defend","champ:Defend","champ:Defend","champ:Defend","champ:Execute","champ:Taunt+1","champ:Backstep","champ:Duel","champ:BerserkerStyle+1","champ:RisingSlash","champ:PerfectedStrike+1","champ:CrookedStrike+1","champ:FanOfKnives+1","champ:BringItOn","champ:GladiatorsShout+1","champ:FlashCut","champ:CheapShot+1","champ:CalledShot+1","champ:IronFortress+1","champ:FaceSlap+1","champ:SteelEdge","Master of Strategy","champ:BringItOn","Parasite","champ:AdrenalArmor+1","champ:RapidStrikes+1","champ:GladiatorsShout+1","champ:PerfectForm+1"],"relics":["champ:ChampionCrown","downfall:HeartsMalice","Pen Nib","Mummified Hand","downfall:HeartBlessingRed","Busted Crown","Meat on the Bone","Shuriken","Vajra","Sozu","downfall:HeartBlessingGreen","champ:FightingForDummies","PreservedInsect","hexamod:BolsterEngine","downfall:HeartBlessingBlue","Lizard Tail","Toolbox"],"acts_visited":["Exordium","TheCity","TheBeyond","TheEnding"],"potions_floor_usage":[32,55,55],"damage_taken":[{"damage":0,"enemies":"downfall:FleeingMerchant","floor":2,"turns":1},{"damage":0,"enemies":"Cultist","floor":4,"turns":1},{"damage":0,"enemies":"downfall:FleeingMerchant","floor":5,"turns":1},{"damage":23,"enemies":"Lagavulin","floor":8,"turns":8},{"damage":0,"enemies":"2 Louse","floor":10,"turns":2},{"damage":3,"enemies":"Small Slimes","floor":12,"turns":2},{"damage":40,"enemies":"downfall:Heads","floor":13,"turns":7},{"damage":0,"enemies":"3 Louse","floor":15,"turns":1},{"damage":23,"enemies":"downfall:Watcher","floor":16,"turns":8},{"damage":13,"enemies":"downfall:FleeingMerchant","floor":19,"turns":5},{"damage":5,"enemies":"Spheric Guardian","floor":20,"turns":3},{"damage":2,"enemies":"Chosen","floor":21,"turns":4},{"damage":16,"enemies":"Centurion and Healer","floor":22,"turns":6},{"damage":5,"enemies":"Cultist and Chosen","floor":26,"turns":3},{"damage":5,"enemies":"Sentry and Sphere","floor":27,"turns":3},{"damage":5,"enemies":"Snecko","floor":29,"turns":3},{"damage":16,"enemies":"downfall:FleeingMerchant","floor":30,"turns":5},{"damage":18,"enemies":"Slavers","floor":31,"turns":5},{"damage":8,"enemies":"3 Cultists","floor":32,"turns":3},{"damage":36,"enemies":"downfall:Ironclad","floor":33,"turns":8},{"damage":5,"enemies":"3 Darklings","floor":36,"turns":4},{"damage":0,"enemies":"downfall:FleeingMerchant","floor":37,"turns":1},{"damage":3,"enemies":"Orb Walker","floor":39,"turns":2},{"damage":29,"enemies":"Nemesis","floor":42,"turns":8},{"damage":3,"enemies":"Sphere and 2 Shapes","floor":43,"turns":3},{"damage":3,"enemies":"Writhing Mass","floor":44,"turns":5},{"damage":23,"enemies":"Giant Head","floor":45,"turns":6},{"damage":23,"enemies":"Transient","floor":46,"turns":5},{"damage":18,"enemies":"Sphere and 2 Shapes","floor":48,"turns":6},{"damage":20,"enemies":"Jaw Worm Horde","floor":49,"turns":3},{"damage":39,"enemies":"downfall:Silent","floor":50,"turns":5},{"damage":25,"enemies":"downfall:CharBossMerchant","floor":52,"turns":5},{"damage":86,"enemies":"downfall:NeowBoss","floor":55,"turns":21}],"seed_played":"2804092425209512166","potions_obtained":[{"floor":8,"key":"sneckomod:MuddlingPotion"},{"floor":15,"key":"GamblersBrew"},{"floor":16,"key":"SmokeBomb"},{"floor":26,"key":"GamblersBrew"},{"floor":27,"key":"Fruit Juice"},{"floor":32,"key":"Swift Potion"}],"is_trial":false,"path_per_floor":["R","$","?","M","$","R","T","E","?","M","R","M","?","?","M","B",null,"R","$","M","M","M","R","T","R","M","M","R","M","$","E","M","B",null,"R","M","?","$","M","?","T","E","M","M","E","M","R","M","M","B",null,"E","$","R","B",null],"character_chosen":"THE_CHAMP","items_purchased":["champ:Duel","champ:PerfectedStrike","Meat on the Bone","champ:FightingForDummies","Master of Strategy","champ:PerfectForm","Toolbox"],"campfire_rested":0,"item_purchase_floors":[2,5,19,37,38,53,53],"current_hp_per_floor":[90,90,90,90,90,90,90,74,74,74,74,74,41,41,41,23,90,90,90,90,90,84,84,84,84,84,84,84,84,84,66,68,57,95,95,95,95,95,94,94,94,73,73,70,70,65,75,71,70,60,105,95,95,95,63],"gold":10,"neow_bonus":"THREE_ENEMY_KILL","is_daily":false,"chose_seed":false,"campfire_upgraded":9,"win_rate":0.0,"timestamp":1609120582,"path_taken":["R","$","?","M","$","R","T","E","?","?","R","M","?","?","M","BOSS","R","$","M","M","?","R","T","R","M","M","R","M","$","E","M","BOSS","R","M","?","$","M","?","T","E","M","?","E","M","R","M","M","BOSS","E","$","R","BOSS"],"items_purchased_type":["Card","Card","Relic","Relic","Card","Card","Relic"],"build_version":"2020-12-18","purchased_purges":2,"victory":true,"max_hp_per_floor":[90,90,90,90,90,90,90,90,90,90,90,90,90,90,90,90,90,90,90,90,90,90,90,90,90,90,90,90,90,90,90,95,95,95,95,95,95,95,95,95,95,95,95,95,95,95,105,105,105,105,105,105,105,105,105],"card_choices":[{"not_picked":["champ:RapidStrikes","champ:HeartStrike"],"picked":"champ:Backstep","floor":2},{"not_picked":["champ:CalledShot","champ:IronFortress"],"picked":"champ:BerserkerStyle","floor":4},{"not_picked":["champ:Haymaker","champ:PerfectedStrike"],"picked":"champ:RisingSlash","floor":5},{"not_picked":["champ:GutPunch","champ:RisingSlash"],"picked":"champ:CrookedStrike","floor":8},{"not_picked":["champ:Backstep","champ:FocusedBerserking"],"picked":"champ:FanOfKnives","floor":10},{"not_picked":["champ:PreciseThrust","champ:EnragedBash"],"picked":"champ:BringItOn","floor":12},{"not_picked":["champ:Circumvent","champ:RecklessLeap"],"picked":"champ:FlashCut","floor":13},{"not_picked":["champ:BerserkersShout","champ:Backstep","champ:EndlessRage"],"picked":"SKIP","floor":15},{"not_picked":["champ:ShieldSlam","champ:StrikeOfGenius"],"picked":"champ:CheapShot","floor":16},{"not_picked":[],"picked":"champ:CalledShot","floor":19},{"not_picked":[],"picked":"champ:IronFortress","floor":20},{"not_picked":["champ:CalledShot"],"picked":"SKIP","floor":21},{"not_picked":[],"picked":"champ:FaceSlap+1","floor":22},{"not_picked":["champ:Riposte"],"picked":"SKIP","floor":26},{"not_picked":["champ:GladiatorsShout"],"picked":"SKIP","floor":27},{"not_picked":["champ:HeartStrike+1"],"picked":"SKIP","floor":29},{"not_picked":["champ:GutPunch"],"picked":"SKIP","floor":30},{"not_picked":["champ:FlashCut+1"],"picked":"SKIP","floor":31},{"not_picked":["champ:FaceSlap"],"picked":"SKIP","floor":32},{"not_picked":[],"picked":"champ:SteelEdge","floor":33},{"not_picked":["champ:Lariat"],"picked":"SKIP","floor":36},{"not_picked":["champ:StrikeOfGenius"],"picked":"SKIP","floor":37},{"not_picked":["champ:Backstep"],"picked":"SKIP","floor":39},{"not_picked":["champ:BerserkerStyle+1"],"picked":"SKIP","floor":42},{"not_picked":["champ:FocusedGladiator+1"],"picked":"SKIP","floor":43},{"not_picked":[],"picked":"champ:AdrenalArmor+1","floor":44},{"not_picked":["champ:Circumvent"],"picked":"SKIP","floor":45},{"not_picked":[],"picked":"champ:RapidStrikes","floor":46},{"not_picked":[],"picked":"champ:GladiatorsShout+1","floor":48},{"not_picked":["champ:RapidStrikes+1"],"picked":"SKIP","floor":49},{"not_picked":["champ:DefensiveShout+1"],"picked":"SKIP","floor":52}],"player_experience":1829514,"relics_obtained":[{"floor":7,"key":"Pen Nib"},{"floor":8,"key":"Mummified Hand"},{"floor":24,"key":"Shuriken"},{"floor":31,"key":"Vajra"},{"floor":42,"key":"PreservedInsect"},{"floor":45,"key":"hexamod:BolsterEngine"},{"floor":52,"key":"Lizard Tail"}],"event_choices":[{"damage_healed":0,"gold_gain":0,"player_choice":"Forge","damage_taken":0,"max_hp_gain":0,"max_hp_loss":0,"event_name":"Accursed Blacksmith","floor":14,"gold_loss":0,"cards_upgraded":["champ:CrookedStrike"]},{"damage_healed":0,"gold_gain":0,"cards_transformed":["champ:Strike"],"player_choice":"Transformed","damage_taken":0,"max_hp_gain":0,"max_hp_loss":0,"event_name":"Transmorgrifier","floor":40,"gold_loss":0,"cards_obtained":["champ:BringItOn"]}],"is_beta":true,"boss_relics":[{"not_picked":["Velvet Choker","Tiny House"],"picked":"Busted Crown"},{"not_picked":["Astrolabe","Fusion Hammer"],"picked":"Sozu"}],"items_purged_floors":[5,37],"is_endless":false,"potions_floor_spawned":[8,15,16,26,27,31,32,36,42,44,46,48,52],"ascension_level":0}}