{"host":"1hzg86ju9fvxh562","time":1609160021,"event":{"mods":["AchievementEnabler","Act Like it!","AlwaysNeverKeys","BaseMod","Bestiary","Better Altar","Better Match","Better Note","Better Sensory Stone","Better Skull","Better Third Choice","Colored Map","Colored Powertips","Curses Come First","Displayed Cursed Tome","Filter the Spire","Highlight Path","Keyboard Shortcuts","Minty Spire (QoL Compilation)","Rare Cards Sparkle","Relic Sorter","Relic Stats","Spicy Shops","StSLib","everything is the same but u backflip on backflip","slay the spire mod where everything is the same but ironclad has a cowboy hat"],"gold_per_floor":[117,137,137,97,113,113,142,142,142,157,183,197,227,246,246,351,351,365,365,382,382,450,450,484,534,534,534,544,569,569,604,604,703,703,734,757,785,862,892,932,1047,1078,1113,242,267,317,317,44,44,44],"floor_reached":51,"playtime":5770,"items_purged":["Crippling Poison","Survivor"],"score":1281,"play_id":"d55226d4-e2eb-4c26-af32-43fd3d4652ee","local_time":"20201228105341","is_ascension_mode":true,"campfire_choices":[{"data":"Whirlwind","floor":6.0,"key":"SMITH"},{"floor":8.0,"key":"REST"},{"floor":15.0,"key":"REST"},{"data":"Well Laid Plans","floor":23.0,"key":"SMITH"},{"data":"Cloak And Dagger","floor":27.0,"key":"SMITH"},{"data":"Blade Dance","floor":30.0,"key":"SMITH"},{"floor":32.0,"key":"REST"},{"data":"Storm of Steel","floor":47.0,"key":"SMITH"},{"floor":49.0,"key":"REST"}],"circlet_count":0,"master_deck":["AscendersBane","Strike_G+1","Strike_G+1","Defend_G+1","Defend_G+1","Defend_G+1","Defend_G+1","Defend_G+1","Neutralize","Well Laid Plans+1","Blade Dance+1","Quick Slash","Whirlwind+1","Backstab+1","Flying Knee+1","Cloak And Dagger+1","Footwork+1","Wraith Form v2+1","All Out Attack+1","After Image+1","Prepared+1","Blur+1","Leg Sweep","Corpse Explosion","Accuracy+1","Phantasmal Killer","Storm of Steel+1","CurseOfTheBell","Blade Dance+1","Adrenaline","Blade Dance+1","Calculated Gamble","Acrobatics","Footwork+1","Dodge and Roll","Wraith Form v2+1"],"relics":["Ring of the Snake","Lantern","Question Card","Bag of Preparation","Pear","Frozen Egg 2","SsserpentHead","Paper Crane","Nloth\u0027s Gift","Whetstone","Toy Ornithopter","Shovel","Calling Bell","MawBank","StrikeDummy","The Specimen","Nunchaku","TungstenRod","Boot","OrangePellets","TwistedFunnel","Ancient Tea Set","Sundial","Ninja Scroll","Oddly Smooth Stone"],"acts_visited":["Exordium","TheCity","TheBeyond"],"potions_floor_usage":[50,50],"damage_taken":[{"damage":7.0,"enemies":"Jaw Worm","floor":1.0,"turns":6.0},{"damage":0.0,"enemies":"2 Louse","floor":2.0,"turns":4.0},{"damage":0.0,"enemies":"Cultist","floor":5.0,"turns":3.0},{"damage":8.0,"enemies":"Gremlin Nob","floor":7.0,"turns":3.0},{"damage":4.0,"enemies":"2 Fungi Beasts","floor":10.0,"turns":2.0},{"damage":36.0,"enemies":"Lagavulin","floor":11.0,"turns":7.0},{"damage":0.0,"enemies":"3 Louse","floor":12.0,"turns":3.0},{"damage":14.0,"enemies":"Gremlin Nob","floor":13.0,"turns":4.0},{"damage":4.0,"enemies":"Exordium Thugs","floor":14.0,"turns":3.0},{"damage":8.0,"enemies":"The Guardian","floor":16.0,"turns":15.0},{"damage":0.0,"enemies":"Chosen","floor":18.0,"turns":5.0},{"damage":3.0,"enemies":"Shell Parasite","floor":20.0,"turns":8.0},{"damage":8.0,"enemies":"Sentry and Sphere","floor":22.0,"turns":5.0},{"damage":18.0,"enemies":"Book of Stabbing","floor":24.0,"turns":11.0},{"damage":0.0,"enemies":"Centurion and Healer","floor":28.0,"turns":7.0},{"damage":0.0,"enemies":"Gremlin Leader","floor":29.0,"turns":8.0},{"damage":4.0,"enemies":"Book of Stabbing","floor":31.0,"turns":7.0},{"damage":58.0,"enemies":"Collector","floor":33.0,"turns":8.0},{"damage":3.0,"enemies":"3 Darklings","floor":35.0,"turns":4.0},{"damage":0.0,"enemies":"3 Shapes","floor":36.0,"turns":2.0},{"damage":6.0,"enemies":"Jaw Worm Horde","floor":37.0,"turns":3.0},{"damage":40.0,"enemies":"Spire Growth","floor":38.0,"turns":6.0},{"damage":0.0,"enemies":"Writhing Mass","floor":39.0,"turns":8.0},{"damage":12.0,"enemies":"Reptomancer","floor":40.0,"turns":5.0},{"damage":0.0,"enemies":"2 Orb Walkers","floor":41.0,"turns":4.0},{"damage":0.0,"enemies":"Sphere and 2 Shapes","floor":42.0,"turns":3.0},{"damage":3.0,"enemies":"Giant Head","floor":45.0,"turns":10.0},{"damage":37,"enemies":"Time Eater","floor":50,"turns":13}],"seed_played":"-3228660130784336061","potions_obtained":[{"floor":2.0,"key":"FearPotion"},{"floor":4.0,"key":"Swift Potion"},{"floor":4.0,"key":"GamblersBrew"},{"floor":10.0,"key":"FairyPotion"},{"floor":11.0,"key":"PowerPotion"},{"floor":13.0,"key":"ColorlessPotion"},{"floor":16.0,"key":"LiquidMemories"},{"floor":24.0,"key":"Block Potion"},{"floor":33.0,"key":"Block Potion"},{"floor":36.0,"key":"Ancient Potion"},{"floor":38.0,"key":"DuplicationPotion"}],"is_trial":false,"path_per_floor":["M","M","?","?","M","R","E","R","T","M","E","M","E","M","R","B",null,"M","?","M","?","M","R","E","?","T","R","M","E","R","E","R","B",null,"M","M","M","M","M","E","?","M","T","$","E","?","R","$","R","B",null],"character_chosen":"THE_SILENT","items_purchased":["OrangePellets","TwistedFunnel","Ancient Tea Set","Sundial","Dodge and Roll","Wraith Form v2+1","Oddly Smooth Stone"],"campfire_rested":4,"item_purchase_floors":[44,44,44,44,44,48,48],"current_hp_per_floor":[56,56,39,39,39,39,31,52,52,48,22,22,8,4,28,20,65,65,65,62,62,54,54,36,36,36,36,36,36,36,32,56,3,61,58,58,52,17,17,5,5,5,5,5,2,2,2,2,24,22],"gold":44,"neow_bonus":"THREE_CARDS","is_daily":false,"chose_seed":false,"campfire_upgraded":5,"win_rate":0.0,"timestamp":1609160021,"path_taken":["M","M","?","?","?","R","E","R","T","M","E","M","E","M","R","BOSS","M","?","M","?","?","R","E","?","T","R","M","E","R","E","R","BOSS","M","M","M","?","M","E","?","M","T","$","E","?","R","?","R","BOSS"],"items_purchased_type":["Relic","Relic","Relic","Relic","Card","Card","Relic"],"build_version":"2020-12-22","purchased_purges":2,"victory":true,"max_hp_per_floor":[70,70,70,70,70,70,70,70,70,70,80,80,80,80,80,80,80,80,80,80,80,80,80,80,80,80,80,80,80,80,80,80,80,80,80,80,80,80,80,80,80,80,80,80,80,76,76,76,76,76],"relic_stats":{"counters":[28,167],"Bag of Preparation":[46],"Whetstone":["Flying Knee","Backstab"],"Question Card":24,"MawBank":120,"Boot":[16],"SsserpentHead":300,"OrangePellets":[5],"Nunchaku":[9],"Shovel":0,"Sundial":[2],"Nloth\u0027s Gift":6,"obtain_stats":[{"TwistedFunnel":44,"Lantern":3,"Bag of Preparation":9,"Whetstone":26,"Boot":43,"Ancient Tea Set":44,"SsserpentHead":21,"Nunchaku":40,"Shovel":31,"Sundial":44,"Ninja Scroll":45,"Ring of the Snake":0,"Pear":11,"The Specimen":34,"Astrolabe":17,"Oddly Smooth Stone":48,"Frozen Egg 2":13,"Paper Crane":24,"Question Card":7,"MawBank":34,"Calling Bell":34,"OrangePellets":44,"Nloth\u0027s Gift":25,"StrikeDummy":34,"Toy Ornithopter":29,"TungstenRod":41},{"TwistedFunnel":26,"Lantern":2,"Bag of Preparation":4,"Whetstone":14,"Boot":26,"Ancient Tea Set":26,"SsserpentHead":12,"Nunchaku":24,"Shovel":17,"Sundial":26,"Ninja Scroll":27,"Ring of the Snake":0,"Pear":6,"The Specimen":18,"Astrolabe":10,"Oddly Smooth Stone":27,"Frozen Egg 2":8,"Paper Crane":14,"Question Card":4,"MawBank":18,"Calling Bell":18,"OrangePellets":26,"Nloth\u0027s Gift":14,"StrikeDummy":18,"Toy Ornithopter":16,"TungstenRod":25},{"TwistedFunnel":144,"Lantern":10,"Bag of Preparation":16,"Whetstone":79,"Boot":144,"Ancient Tea Set":144,"SsserpentHead":63,"Nunchaku":137,"Shovel":101,"Sundial":144,"Ninja Scroll":154,"Ring of the Snake":0,"Pear":25,"The Specimen":109,"Astrolabe":50,"Oddly Smooth Stone":154,"Frozen Egg 2":32,"Paper Crane":79,"Question Card":16,"MawBank":109,"Calling Bell":109,"OrangePellets":144,"Nloth\u0027s Gift":79,"StrikeDummy":109,"Toy Ornithopter":94,"TungstenRod":141}],"Toy Ornithopter":20,"TungstenRod":7,"Ring of the Snake":[56]},"card_choices":[{"not_picked":["Masterful Stab","Deadly Poison"],"picked":"Well Laid Plans","floor":0.0},{"not_picked":["Flechettes","Deadly Poison"],"picked":"Blade Dance","floor":1.0},{"not_picked":["Deadly Poison","Cloak And Dagger"],"picked":"Quick Slash","floor":2.0},{"not_picked":["Deflect","Bane"],"picked":"Backstab","floor":5.0},{"not_picked":["Skewer","Sucker Punch"],"picked":"Crippling Poison","floor":7.0},{"not_picked":["Sucker Punch","Poisoned Stab","Dagger Spray"],"picked":"Flying Knee","floor":10.0},{"not_picked":["Sucker Punch","Night Terror","All Out Attack","Dagger Throw"],"picked":"SKIP","floor":11.0},{"not_picked":["Skewer","Dodge and Roll","Flechettes"],"picked":"Cloak And Dagger","floor":12.0},{"not_picked":["Bane","Concentrate","Setup"],"picked":"Footwork+1","floor":13.0},{"not_picked":["Distraction","Finisher","Outmaneuver","Caltrops+1"],"picked":"SKIP","floor":14.0},{"not_picked":["Glass Knife","Night Terror","Die Die Die"],"picked":"Wraith Form v2+1","floor":16.0},{"not_picked":["Poisoned Stab","Tactician","Skewer","Deflect"],"picked":"SKIP","floor":18.0},{"not_picked":["Backflip","Deflect","Heel Hook"],"picked":"Blur+1","floor":20.0},{"not_picked":["Outmaneuver","Deflect","Poisoned Stab"],"picked":"Leg Sweep","floor":22.0},{"not_picked":["Expertise","PiercingWail+1","Acrobatics+1"],"picked":"Corpse Explosion","floor":24.0},{"not_picked":["Bane","Dagger Spray","Unload","Dagger Throw+1"],"picked":"SKIP","floor":28.0},{"not_picked":["Adrenaline","Unload","Outmaneuver"],"picked":"Accuracy+1","floor":29.0},{"not_picked":["Crippling Poison","Masterful Stab","Underhanded Strike"],"picked":"Phantasmal Killer","floor":31.0},{"not_picked":["Venomology","Burst","Wraith Form v2+1"],"picked":"Storm of Steel","floor":33.0},{"not_picked":["Catalyst","Setup","Outmaneuver+1","Flying Knee+1"],"picked":"SKIP","floor":35.0},{"not_picked":["Backstab","Backflip+1","Dash+1"],"picked":"Blade Dance+1","floor":36.0},{"not_picked":["Acrobatics+1","Deflect","Underhanded Strike"],"picked":"Adrenaline","floor":37.0},{"not_picked":["Acrobatics","Sucker Punch","All Out Attack","Choke+1"],"picked":"SKIP","floor":38.0},{"not_picked":["Riddle With Holes","Prepared+1","Expertise"],"picked":"Blade Dance+1","floor":39.0},{"not_picked":["Riddle With Holes","Backstab+1","Choke+1"],"picked":"Calculated Gamble","floor":40.0},{"not_picked":["Dodge and Roll+1","Dagger Throw","Die Die Die"],"picked":"Acrobatics","floor":41.0},{"not_picked":["Dagger Spray","Cloak And Dagger","Acrobatics+1"],"picked":"Footwork+1","floor":42.0},{"not_picked":["Dagger Throw+1","Burst","Phantasmal Killer","Bouncing Flask+1"],"picked":"SKIP","floor":45.0}],"player_experience":393833,"relics_obtained":[{"floor":7.0,"key":"Question Card"},{"floor":9.0,"key":"Bag of Preparation"},{"floor":11.0,"key":"Pear"},{"floor":13.0,"key":"Frozen Egg 2"},{"floor":24.0,"key":"Paper Crane"},{"floor":26.0,"key":"Whetstone"},{"floor":29.0,"key":"Toy Ornithopter"},{"floor":31.0,"key":"Shovel"},{"floor":34.0,"key":"MawBank"},{"floor":34.0,"key":"StrikeDummy"},{"floor":34.0,"key":"The Specimen"},{"floor":40.0,"key":"Nunchaku"},{"floor":41.0,"key":"TungstenRod"},{"floor":43.0,"key":"Boot"},{"floor":45.0,"key":"Ninja Scroll"}],"event_choices":[{"damage_healed":0.0,"max_hp_gain":0.0,"max_hp_loss":0.0,"gold_gain":0.0,"event_name":"The Woman in Blue","player_choice":"Bought 3 Potions","floor":4.0,"gold_loss":0.0,"damage_taken":0.0},{"damage_healed":0.0,"max_hp_gain":0.0,"max_hp_loss":7.0,"gold_gain":0.0,"event_name":"betterThird:BetterWriting","player_choice":"Simplicity","floor":19.0,"gold_loss":0.0,"damage_taken":0.0},{"damage_healed":0.0,"max_hp_gain":0.0,"max_hp_loss":0.0,"gold_gain":0.0,"event_name":"FaceTrader","player_choice":"Trade","floor":21.0,"gold_loss":0.0,"damage_taken":0.0,"relics_obtained":["SsserpentHead"]},{"damage_healed":0.0,"max_hp_gain":0.0,"max_hp_loss":0.0,"gold_gain":0.0,"event_name":"N\u0027loth","player_choice":"Traded Relic","floor":25.0,"relics_lost":["Astrolabe"],"gold_loss":0.0,"damage_taken":0.0,"relics_obtained":["Nloth\u0027s Gift"]},{"damage_healed":0.0,"max_hp_gain":0.0,"max_hp_loss":0.0,"gold_gain":0.0,"event_name":"Mysterious Sphere","player_choice":"Fight","floor":41.0,"gold_loss":0.0,"damage_taken":0.0},{"damage_healed":0.0,"max_hp_gain":0.0,"max_hp_loss":4.0,"gold_gain":0.0,"event_name":"Winding Halls","player_choice":"Max HP","floor":46.0,"gold_loss":0.0,"damage_taken":0.0}],"is_beta":false,"boss_relics":[{"not_picked":["Ring of the Serpent","SacredBark"],"picked":"Astrolabe"},{"not_picked":["Runic Dome","Pandora\u0027s Box"],"picked":"Calling Bell"}],"items_purged_floors":[44,44],"is_endless":false,"potions_floor_spawned":[2,10,11,12,13,16,24,29,33,36,37,38,40,41,45],"ascension_level":10}}