{"host":"8dhn6p16jorj0i1s","time":1609192583,"event":{"mods":["BaseMod","Colored Map","DeckTracker","Minty Spire (QoL Compilation)","Permanent Neow","Quick Restart"],"gold_per_floor":[119,119,44,44,58,58,91,91,117,134,148,168,179,179,179,282,282,297,222,182,198,212,241,241,253,253,153,113,142,142,142,142,243,243,261,83,93,0,17,49,60,92,141,141,141,173,191,191,191,191],"floor_reached":51,"playtime":5074,"items_purged":["Defend_G","Survivor","Acrobatics"],"score":900,"play_id":"05b810fd-870d-4417-9bb4-75b26dc646fd","local_time":"20201228225623","is_ascension_mode":true,"campfire_choices":[{"data":"Neutralize","floor":6.0,"key":"SMITH"},{"data":"Venomology","floor":8.0,"key":"SMITH"},{"data":"Deadly Poison","floor":15.0,"key":"SMITH"},{"data":"Venomology","floor":24.0,"key":"SMITH"},{"data":"Noxious Fumes","floor":32.0,"key":"SMITH"},{"data":"Deadly Poison","floor":44,"key":"SMITH"},{"data":"Blade Dance","floor":49,"key":"SMITH"}],"circlet_count":0,"master_deck":["Defend_G+1","Defend_G+1","Defend_G+1","Defend_G+1","Neutralize+1","Venomology+1","Deadly Poison+1","Poisoned Stab","Bane","Deadly Poison+1","Die Die Die","Corpse Explosion","Footwork","Cloak And Dagger+1","Venomology+1","Cloak And Dagger+1","Noxious Fumes+1","PiercingWail","Tools of the Trade","Deflect+1","Blade Dance+1","Deadly Poison+1","Crippling Poison+1","Blade Dance+1","Swift Strike"],"relics":["Ring of the Snake","Lantern","Regal Pillow","Empty Cage","Kunai","Sundial","Bottled Tornado","Eternal Feather","Runic Pyramid","Red Mask","Toxic Egg 2","StrikeDummy","MealTicket","Question Card"],"acts_visited":["Exordium","TheCity","TheBeyond"],"potions_floor_usage":[41,41,41,41,41,42,46,46,47,47,50,50,50],"damage_taken":[{"damage":4.0,"enemies":"2 Louse","floor":1.0,"turns":2.0},{"damage":0.0,"enemies":"Small Slimes","floor":5.0,"turns":4.0},{"damage":31.0,"enemies":"3 Sentries","floor":7.0,"turns":14.0},{"damage":0.0,"enemies":"Jaw Worm","floor":10.0,"turns":3.0},{"damage":0.0,"enemies":"Exordium Wildlife","floor":11.0,"turns":5.0},{"damage":0.0,"enemies":"Exordium Thugs","floor":12.0,"turns":3.0},{"damage":5.0,"enemies":"3 Louse","floor":13.0,"turns":3.0},{"damage":7.0,"enemies":"Hexaghost","floor":16.0,"turns":7.0},{"damage":9.0,"enemies":"Shell Parasite","floor":18.0,"turns":4.0},{"damage":2.0,"enemies":"Spheric Guardian","floor":21.0,"turns":4.0},{"damage":0.0,"enemies":"Snecko","floor":22.0,"turns":3.0},{"damage":1.0,"enemies":"Book of Stabbing","floor":23.0,"turns":8.0},{"damage":0.0,"enemies":"Cultist and Chosen","floor":25.0,"turns":3.0},{"damage":0.0,"enemies":"Slavers","floor":29.0,"turns":3.0},{"damage":22.0,"enemies":"Collector","floor":33.0,"turns":8.0},{"damage":0.0,"enemies":"3 Shapes","floor":35.0,"turns":3.0},{"damage":0.0,"enemies":"Orb Walker","floor":37.0,"turns":4.0},{"damage":20.0,"enemies":"Jaw Worm Horde","floor":39.0,"turns":4.0},{"damage":5.0,"enemies":"Nemesis","floor":40.0,"turns":9.0},{"damage":10,"enemies":"Spire Growth","floor":41,"turns":5},{"damage":20,"enemies":"Giant Head","floor":42,"turns":8},{"damage":26,"enemies":"Reptomancer","floor":46,"turns":6},{"damage":0,"enemies":"Maw","floor":47,"turns":6},{"damage":23,"enemies":"Awakened One","floor":50,"turns":16}],"seed_played":"-5990597324898326481","potions_obtained":[{"floor":1.0,"key":"GamblersBrew"},{"floor":5.0,"key":"SneckoOil"},{"floor":11.0,"key":"SpeedPotion"},{"floor":12.0,"key":"Regen Potion"},{"floor":16.0,"key":"LiquidMemories"},{"floor":22.0,"key":"DistilledChaos"},{"floor":29.0,"key":"BlessingOfTheForge"},{"floor":37.0,"key":"Energy Potion"},{"floor":40.0,"key":"Swift Potion"},{"floor":41,"key":"Fruit Juice"},{"floor":46,"key":"Block Potion"}],"is_trial":false,"path_per_floor":["M","?","$","?","M","R","E","R","T","M","M","M","M","?","R","B",null,"M","?","?","M","M","E","R","M","T","$","$","E","?","T","R","B",null,"M","$","M","?","M","E","M","E","T","R","?","E","M","?","R","B",null],"character_chosen":"THE_SILENT","items_purchased":["Noxious Fumes","Blade Dance"],"campfire_rested":0,"item_purchase_floors":[28,36],"current_hp_per_floor":[66,66,66,52,52,52,21,21,21,21,21,21,28,28,28,21,70,61,61,61,59,59,58,58,58,58,58,58,58,45,45,54,32,75,75,75,75,75,55,50,45,25,25,37,70,44,44,44,59,36],"gold":191,"neow_bonus":"RANDOM_COMMON_RELIC","is_daily":false,"chose_seed":false,"campfire_upgraded":7,"win_rate":0.0,"timestamp":1609192583,"path_taken":["M","?","$","?","M","R","E","R","T","M","M","?","M","?","R","BOSS","M","?","?","M","?","E","R","M","T","?","$","E","?","?","R","BOSS","M","$","M","?","M","E","M","E","T","R","?","E","M","?","R","BOSS"],"items_purchased_type":["Card","Card"],"build_version":"2020-12-22","purchased_purges":3,"victory":true,"max_hp_per_floor":[70,70,70,70,70,70,70,70,70,70,70,70,70,70,70,70,70,70,70,70,70,70,70,70,70,70,70,70,70,75,75,75,75,75,75,75,75,75,75,75,80,80,80,80,70,70,70,70,70,70],"card_choices":[{"not_picked":["Tactician","Heel Hook"],"picked":"Acrobatics","floor":1.0},{"not_picked":["Calculated Gamble","Deflect"],"picked":"Deadly Poison","floor":5.0},{"not_picked":["Dagger Throw","Flying Knee","Acrobatics"],"picked":"SKIP","floor":7.0},{"not_picked":["Skewer","Terror"],"picked":"Poisoned Stab","floor":10.0},{"not_picked":["Backflip","Blade Dance"],"picked":"Bane","floor":11.0},{"not_picked":["Flying Knee","All Out Attack"],"picked":"Deadly Poison","floor":12.0},{"not_picked":["Cloak And Dagger","Doppelganger","Slice"],"picked":"SKIP","floor":13.0},{"not_picked":["Glass Knife","Envenom"],"picked":"Corpse Explosion","floor":16.0},{"not_picked":["Heel Hook+1","Dagger Spray"],"picked":"Footwork","floor":18.0},{"not_picked":["Deflect+1","Acrobatics"],"picked":"Cloak And Dagger+1","floor":21.0},{"not_picked":["Distraction","Dagger Throw+1","Bane"],"picked":"SKIP","floor":22.0},{"not_picked":["Blur","Concentrate"],"picked":"Venomology","floor":23.0},{"not_picked":["PiercingWail+1","Underhanded Strike+1"],"picked":"Cloak And Dagger+1","floor":25.0},{"not_picked":["Deflect","Slice"],"picked":"PiercingWail","floor":29.0},{"not_picked":["Venomology","Doppelganger"],"picked":"Tools of the Trade","floor":33.0},{"not_picked":["Reflex","Dodge and Roll"],"picked":"Deflect+1","floor":35.0},{"not_picked":["Reflex+1","Endless Agony+1","Backflip"],"picked":"SKIP","floor":37.0},{"not_picked":["Cloak And Dagger+1","Die Die Die","Underhanded Strike"],"picked":"SKIP","floor":39.0},{"not_picked":["Bane+1","Finisher+1"],"picked":"Deadly Poison+1","floor":40.0},{"not_picked":["Bouncing Flask+1","Backstab"],"picked":"Crippling Poison+1","floor":41},{"not_picked":["Venomology+1","Flying Knee","Heel Hook"],"picked":"SKIP","floor":42},{"not_picked":["Poisoned Stab","Sucker Punch+1","Bane+1"],"picked":"SKIP","floor":46},{"not_picked":["Skewer","Endless Agony+1","Bane+1"],"picked":"Blade Dance+1","floor":47}],"player_experience":380935,"relics_obtained":[{"floor":7.0,"key":"Regal Pillow"},{"floor":23.0,"key":"Kunai"},{"floor":26.0,"key":"Sundial"},{"floor":29.0,"key":"Bottled Tornado"},{"floor":31.0,"key":"Eternal Feather"},{"floor":40.0,"key":"Toxic Egg 2"},{"floor":42,"key":"StrikeDummy"},{"floor":43,"key":"MealTicket"},{"floor":46,"key":"Question Card"}],"event_choices":[{"damage_healed":0.0,"max_hp_gain":0.0,"max_hp_loss":0.0,"gold_gain":0.0,"cards_transformed":["Strike_G"],"event_name":"Living Wall","player_choice":"Change","floor":2.0,"gold_loss":0.0,"damage_taken":0.0,"cards_obtained":["Venomology"]},{"damage_healed":0.0,"max_hp_gain":0.0,"max_hp_loss":0.0,"gold_gain":0.0,"event_name":"Shining Light","player_choice":"Entered Light","floor":4.0,"gold_loss":0.0,"damage_taken":14.0,"cards_upgraded":["Defend_G","Defend_G"]},{"damage_healed":0.0,"max_hp_gain":0.0,"max_hp_loss":0.0,"gold_gain":0.0,"cards_transformed":["Strike_G"],"event_name":"Transmorgrifier","player_choice":"Transformed","floor":14.0,"gold_loss":0.0,"damage_taken":0.0,"cards_obtained":["Die Die Die"]},{"cards_removed":["Strike_G"],"damage_healed":0.0,"max_hp_gain":0.0,"max_hp_loss":0.0,"gold_gain":0.0,"event_name":"Beggar","player_choice":"Gave Gold","floor":19.0,"gold_loss":75.0,"damage_taken":0.0},{"damage_healed":0.0,"max_hp_gain":0.0,"max_hp_loss":0.0,"gold_gain":0.0,"event_name":"Designer","player_choice":"Upgraded Two","floor":20.0,"gold_loss":40.0,"damage_taken":0.0,"cards_upgraded":["Defend_G","Defend_G"]},{"damage_healed":0.0,"max_hp_gain":5.0,"max_hp_loss":0.0,"gold_gain":0.0,"event_name":"Forgotten Altar","player_choice":"Shed Blood","floor":30.0,"gold_loss":0.0,"damage_taken":18.0},{"damage_healed":0.0,"max_hp_gain":0.0,"max_hp_loss":0.0,"gold_gain":0.0,"event_name":"Tomb of Lord Red Mask","player_choice":"Paid","floor":38.0,"gold_loss":93.0,"damage_taken":0.0,"relics_obtained":["Red Mask"]},{"damage_healed":70,"gold_gain":0,"player_choice":"Heal","damage_taken":0,"max_hp_gain":0,"max_hp_loss":10,"event_name":"The Moai Head","floor":45,"gold_loss":0},{"damage_healed":0,"gold_gain":0,"player_choice":"1 cards matched","damage_taken":0,"max_hp_gain":0,"max_hp_loss":0,"event_name":"Match and Keep!","floor":48,"gold_loss":0,"cards_obtained":["Swift Strike"]}],"is_beta":false,"boss_relics":[{"not_picked":["Snecko Eye","Black Star"],"picked":"Empty Cage"},{"not_picked":["Velvet Choker","Sozu"],"picked":"Runic Pyramid"}],"items_purged_floors":[3,27,36],"is_endless":false,"potions_floor_spawned":[1,5,11,12,16,22,25,29,37,40,41,46],"ascension_level":4}}