{"host":"31s8hzukbhz1k6i6","time":1609186377,"event":{"mods":["BaseMod","Colored Map","Minty Spire (QoL Compilation)","Relic Stats","UnlockEverythingMod"],"gold_per_floor":[110,110,110,7,19,45,45,62,89,14,14,49,62,93,93,194,194,214,129,142,142,157,157,172,172,172,206,218,230,259,297,309,423,435,459,471,496,518,580,592,635,145,145,145,145,179,189,205,205,205,205,205,14,42,42],"floor_reached":56,"playtime":2672,"items_purged":["Strike_G","Poisoned Stab"],"score":2145,"play_id":"01aaada5-1d5d-4df7-873c-0df9fc921303","local_time":"20201228121257","is_ascension_mode":true,"campfire_choices":[{"data":"Catalyst","floor":7.0,"key":"SMITH"},{"data":"Crippling Poison","floor":15.0,"key":"SMITH"},{"data":"Footwork","floor":23.0,"key":"SMITH"},{"data":"Noxious Fumes","floor":25.0,"key":"SMITH"},{"data":"Footwork","floor":29.0,"key":"SMITH"},{"data":"Adrenaline","floor":32.0,"key":"SMITH"},{"floor":40.0,"key":"RECALL"},{"data":"Deflect","floor":44.0,"key":"SMITH"},{"data":"1","floor":49,"key":"LIFT"},{"data":"2","floor":52,"key":"LIFT"}],"circlet_count":0,"master_deck":["AscendersBane","Defend_G","Defend_G","Defend_G","Defend_G+1","Defend_G","Survivor","Neutralize+1","Backflip","Poisoned Stab","Crippling Poison+1","Catalyst+1","Footwork+1","Adrenaline+1","Crippling Poison+1","Doppelganger+1","Corpse Explosion+1","Prepared+1","Bouncing Flask+1","Flechettes+1","Noxious Fumes+1","Footwork+1","Deflect+1","Outmaneuver+1","Adrenaline+1","Dodge and Roll+1","Calculated Gamble+1","Acrobatics+1","Backflip+1","Deflect+1","Adrenaline+1","Thinking Ahead+1","Thinking Ahead+1","Deep Breath+1","Blur+1","Acrobatics+1","PiercingWail+1","Finesse+1","Leg Sweep+1","Calculated Gamble+1"],"relics":["Ring of the Snake","NeowsBlessing","Bag of Preparation","PreservedInsect","The Courier","War Paint","Astrolabe","Boot","Mummified Hand","MawBank","Toxic Egg 2","Coffee Dripper","Girya","HornCleat","DollysMirror","Question Card","Oddly Smooth Stone","Calipers"],"acts_visited":["Exordium","TheCity","TheBeyond","TheEnding"],"potions_floor_usage":[55,55,55],"damage_taken":[{"damage":0.0,"enemies":"Jaw Worm","floor":1.0,"turns":1.0},{"damage":0.0,"enemies":"2 Louse","floor":5.0,"turns":1.0},{"damage":0.0,"enemies":"Lagavulin","floor":6.0,"turns":1.0},{"damage":3.0,"enemies":"Small Slimes","floor":8.0,"turns":3.0},{"damage":0.0,"enemies":"Gremlin Nob","floor":12.0,"turns":3.0},{"damage":6.0,"enemies":"Exordium Wildlife","floor":13.0,"turns":4.0},{"damage":1.0,"enemies":"Lagavulin","floor":14.0,"turns":5.0},{"damage":0.0,"enemies":"The Guardian","floor":16.0,"turns":5.0},{"damage":14.0,"enemies":"2 Thieves","floor":18.0,"turns":2.0},{"damage":0.0,"enemies":"3 Byrds","floor":20.0,"turns":3.0},{"damage":8.0,"enemies":"Snecko","floor":22.0,"turns":3.0},{"damage":0.0,"enemies":"Centurion and Healer","floor":24.0,"turns":6.0},{"damage":0.0,"enemies":"Gremlin Leader","floor":27.0,"turns":3.0},{"damage":0.0,"enemies":"3 Cultists","floor":30.0,"turns":2.0},{"damage":3.0,"enemies":"Slavers","floor":31.0,"turns":4.0},{"damage":0.0,"enemies":"Automaton","floor":33.0,"turns":6.0},{"damage":0.0,"enemies":"Orb Walker","floor":35.0,"turns":2.0},{"damage":0.0,"enemies":"3 Shapes","floor":37.0,"turns":2.0},{"damage":0.0,"enemies":"Transient","floor":38.0,"turns":5.0},{"damage":0.0,"enemies":"Mind Bloom Boss Battle","floor":39.0,"turns":3.0},{"damage":0.0,"enemies":"Reptomancer","floor":41.0,"turns":4.0},{"damage":0.0,"enemies":"Nemesis","floor":46.0,"turns":5.0},{"damage":0,"enemies":"Spire Growth","floor":47,"turns":3},{"damage":0,"enemies":"Maw","floor":48,"turns":4},{"damage":38,"enemies":"Time Eater","floor":50,"turns":8},{"damage":0,"enemies":"Shield and Spear","floor":54,"turns":4},{"damage":1,"enemies":"The Heart","floor":55,"turns":13}],"seed_played":"-8717950997878552473","potions_obtained":[{"floor":1.0,"key":"AttackPotion"},{"floor":8.0,"key":"SmokeBomb"},{"floor":13.0,"key":"Explosive Potion"},{"floor":22.0,"key":"FearPotion"},{"floor":24.0,"key":"DistilledChaos"},{"floor":30.0,"key":"GhostInAJar"},{"floor":33.0,"key":"LiquidMemories"},{"floor":39.0,"key":"Explosive Potion"}],"is_trial":false,"path_per_floor":["M","?","?","$","M","E","R","M","T","$","?","E","M","E","R","B",null,"M","?","M","?","M","R","M","R","T","E","?","R","M","E","R","B",null,"M","?","M","M","?","R","E","$","T","R","?","E","M","M","R","B",null,"R","$","E","B",null],"character_chosen":"THE_SILENT","items_purchased":["Backflip","Poisoned Stab","Acrobatics+1","Backflip+1","Deflect+1","DollysMirror","Question Card","Finesse+1","Leg Sweep+1","Calculated Gamble+1"],"campfire_rested":0,"item_purchase_floors":[4,4,42,42,42,42,42,53,53,53],"current_hp_per_floor":[63,56,42,42,42,42,42,39,39,39,44,44,38,37,37,37,66,52,52,52,52,44,44,44,44,44,44,44,44,44,41,41,41,67,67,67,67,67,67,67,67,67,67,67,57,57,57,57,57,19,61,61,61,61,60],"gold":42,"neow_bonus":"THREE_ENEMY_KILL","is_daily":false,"chose_seed":false,"campfire_upgraded":7,"win_rate":0.0,"timestamp":1609186377,"path_taken":["M","?","?","$","M","E","R","M","T","?","?","E","M","E","R","BOSS","M","?","M","?","M","R","M","R","T","E","?","R","?","E","R","BOSS","M","?","M","?","?","R","E","$","T","R","?","E","M","M","R","BOSS","R","$","E","BOSS"],"items_purchased_type":["Card","Card","Card","Card","Card","Relic","Relic","Card","Card","Card"],"build_version":"2020-12-22","purchased_purges":2,"victory":true,"max_hp_per_floor":[70,70,70,70,70,70,70,70,70,70,75,75,75,75,75,75,75,75,75,75,75,75,75,75,75,75,75,75,75,75,75,75,75,75,75,75,75,75,75,75,75,75,75,75,75,75,75,75,75,75,75,75,75,75,75],"relic_stats":{"counters":[27,105],"Mummified Hand":[49],"Astrolabe":["Corpse Explosion","Grand Finale","Prepared"],"PreservedInsect":338,"Bag of Preparation":[48],"War Paint":["Defend_G","Crippling Poison"],"Boot":[56],"MawBank":180,"Question Card":8,"obtain_stats":[{"Girya":39,"Calipers":54,"NeowsBlessing":0,"Astrolabe":17,"Oddly Smooth Stone":46,"PreservedInsect":9,"The Courier":12,"Bag of Preparation":6,"War Paint":14,"Boot":19,"MawBank":27,"Question Card":42,"HornCleat":41,"Mummified Hand":26,"DollysMirror":42,"Coffee Dripper":34,"Toxic Egg 2":31,"Ring of the Snake":0},{"Girya":20,"Calipers":26,"NeowsBlessing":0,"Astrolabe":8,"Oddly Smooth Stone":22,"PreservedInsect":4,"The Courier":5,"Bag of Preparation":3,"War Paint":7,"Boot":9,"MawBank":13,"Question Card":21,"HornCleat":21,"Mummified Hand":12,"DollysMirror":21,"Coffee Dripper":16,"Toxic Egg 2":15,"Ring of the Snake":0},{"Girya":64,"Calipers":92,"NeowsBlessing":0,"Astrolabe":23,"Oddly Smooth Stone":73,"PreservedInsect":6,"The Courier":9,"Bag of Preparation":3,"War Paint":18,"Boot":25,"MawBank":40,"Question Card":68,"HornCleat":68,"Mummified Hand":37,"DollysMirror":68,"Coffee Dripper":52,"Toxic Egg 2":46,"Ring of the Snake":0}],"Ring of the Snake":[54]},"card_choices":[{"not_picked":["Escape Plan","Tactician"],"picked":"Poisoned Stab","floor":1.0},{"not_picked":["Deflect","Concentrate"],"picked":"Crippling Poison","floor":5.0},{"not_picked":["Reflex","Quick Slash"],"picked":"Catalyst","floor":6.0},{"not_picked":["Poisoned Stab","Flying Knee","Quick Slash"],"picked":"SKIP","floor":8.0},{"not_picked":["Terror","Quick Slash"],"picked":"Footwork","floor":12.0},{"not_picked":["Acrobatics","Prepared"],"picked":"Adrenaline","floor":13.0},{"not_picked":["Reflex","Backstab"],"picked":"Crippling Poison","floor":14.0},{"not_picked":["Die Die Die","Storm of Steel"],"picked":"Doppelganger","floor":16.0},{"not_picked":["Deadly Poison","Bane+1"],"picked":"Bouncing Flask+1","floor":18.0},{"not_picked":["Infinite Blades","Blade Dance","Quick Slash"],"picked":"SKIP","floor":20.0},{"not_picked":["Deadly Poison","Sucker Punch"],"picked":"Flechettes+1","floor":22.0},{"not_picked":["Eviscerate+1","Dagger Throw"],"picked":"Noxious Fumes","floor":24.0},{"not_picked":["Masterful Stab","Bouncing Flask"],"picked":"Footwork","floor":27.0},{"not_picked":["Dash","Corpse Explosion"],"picked":"Deflect","floor":30.0},{"not_picked":["Bouncing Flask+1","Flying Knee+1"],"picked":"Outmaneuver+1","floor":31.0},{"not_picked":["After Image","Grand Finale"],"picked":"Adrenaline+1","floor":33.0},{"not_picked":["Flying Knee","Infinite Blades+1","Flechettes"],"picked":"SKIP","floor":35.0},{"not_picked":["Sucker Punch+1","Cloak And Dagger+1","Riddle With Holes+1"],"picked":"SKIP","floor":37.0},{"not_picked":["Predator","Leg Sweep+1"],"picked":"Dodge and Roll+1","floor":38.0},{"not_picked":["Underhanded Strike+1","Flying Knee"],"picked":"Calculated Gamble+1","floor":39.0},{"not_picked":["Deadly Poison+1","Concentrate+1","Slice"],"picked":"SKIP","floor":41.0},{"not_picked":["Forethought+1","Dark Shackles+1","HandOfGreed"],"picked":"Thinking Ahead+1","floor":45.0},{"not_picked":["Panacea+1","Jack Of All Trades+1","Forethought+1"],"picked":"Thinking Ahead+1","floor":45.0},{"not_picked":["Swift Strike","Apotheosis+1","Violence+1"],"picked":"Deep Breath+1","floor":45.0},{"not_picked":["Slice","Deadly Poison+1","Heel Hook+1"],"picked":"Blur+1","floor":46},{"not_picked":["Predator+1","Outmaneuver+1","Cloak And Dagger+1"],"picked":"Acrobatics+1","floor":47},{"not_picked":["Flying Knee","Cloak And Dagger+1","Dagger Spray+1"],"picked":"PiercingWail+1","floor":48},{"not_picked":["Blade Dance+1","Skewer","Quick Slash","Cloak And Dagger+1"],"picked":"SKIP","floor":54}],"player_experience":51268,"relics_obtained":[{"floor":6.0,"key":"Bag of Preparation"},{"floor":9.0,"key":"PreservedInsect"},{"floor":12.0,"key":"The Courier"},{"floor":14.0,"key":"War Paint"},{"floor":26.0,"key":"Mummified Hand"},{"floor":27.0,"key":"MawBank"},{"floor":31.0,"key":"Toxic Egg 2"},{"floor":39.0,"key":"Girya"},{"floor":41.0,"key":"HornCleat"},{"floor":46,"key":"Oddly Smooth Stone"},{"floor":54,"key":"Calipers"}],"event_choices":[{"cards_removed":["Strike_G"],"damage_healed":0.0,"max_hp_gain":0.0,"max_hp_loss":0.0,"gold_gain":0.0,"event_name":"Golden Wing","player_choice":"Card Removal","floor":2.0,"gold_loss":0.0,"damage_taken":7.0},{"damage_healed":0.0,"max_hp_gain":0.0,"max_hp_loss":0.0,"gold_gain":0.0,"event_name":"Shining Light","player_choice":"Entered Light","floor":3.0,"gold_loss":0.0,"damage_taken":14.0,"cards_upgraded":["Strike_G","Neutralize"]},{"damage_healed":0.0,"max_hp_gain":5.0,"max_hp_loss":0.0,"gold_gain":0.0,"event_name":"Big Fish","player_choice":"Donut","floor":11.0,"gold_loss":0.0,"damage_taken":0.0},{"damage_healed":0.0,"max_hp_gain":0.0,"max_hp_loss":0.0,"gold_gain":0.0,"event_name":"Addict","player_choice":"Obtained Relic","floor":19.0,"gold_loss":85.0,"damage_taken":0.0,"relics_obtained":["Boot"]},{"damage_healed":0.0,"max_hp_gain":0.0,"max_hp_loss":0.0,"gold_gain":0.0,"event_name":"Vampires","player_choice":"Ignored","floor":21.0,"gold_loss":0.0,"damage_taken":0.0},{"damage_healed":0.0,"max_hp_gain":0.0,"max_hp_loss":0.0,"gold_gain":0.0,"event_name":"Accursed Blacksmith","player_choice":"Forge","floor":28.0,"gold_loss":0.0,"damage_taken":0.0,"cards_upgraded":["Doppelganger"]},{"cards_removed":["Grand Finale"],"damage_healed":0.0,"max_hp_gain":0.0,"max_hp_loss":0.0,"gold_gain":0.0,"event_name":"Purifier","player_choice":"Purged","floor":36.0,"gold_loss":0.0,"damage_taken":0.0},{"damage_healed":0.0,"max_hp_gain":0.0,"max_hp_loss":0.0,"gold_gain":0.0,"event_name":"MindBloom","player_choice":"Fight","floor":39.0,"gold_loss":0.0,"damage_taken":0.0},{"damage_healed":0.0,"max_hp_gain":0.0,"max_hp_loss":0.0,"gold_gain":0.0,"event_name":"SensoryStone","player_choice":"Memory 3","floor":45.0,"gold_loss":0.0,"damage_taken":10.0}],"is_beta":false,"boss_relics":[{"not_picked":["SlaversCollar","Philosopher\u0027s Stone"],"picked":"Astrolabe"},{"not_picked":["Snecko Eye","Fusion Hammer"],"picked":"Coffee Dripper"}],"items_purged_floors":[10,42],"is_endless":false,"potions_floor_spawned":[1,8,13,22,24,30,33,38,39,46],"ascension_level":10}}