{"host":"KYO","time":1609154917,"event":{"mods":["BaseMod","BetterRewards","Minty Spire (QoL Compilation)","Remove Card Discount Mod","Shop Mod","StSLib","SuperFastMode","[IsaacMod]ÒÔÈö¼âËþ","noobMod"],"gold_per_floor":[115,115,135,174,63,63,104,60,107,155,155,199,223,523,523,646,646,685,709,709,709,723,764,764,817,870,884,909,909,909,948,948,1044,1060,1079,1079,1094,789,789,833,1133,1174,1253,1253,1268,834,847,847,847,847,847,847,847,432,461,461],"floor_reached":57,"playtime":2636,"items_purged":["Defend_P","Strike_P","Defend_P","Strike_P","Strike_P","Defend_P","Strike_P","Defend_P","BettingIsNotGood"],"score":3533,"play_id":"b4695e1d-0fdc-4bc2-8045-a752e3410af7","local_time":"20201228192837","is_ascension_mode":true,"campfire_choices":[{"data":"Eruption","floor":6.0,"key":"SMITH"},{"data":"Vigilance","floor":15.0,"key":"SMITH"},{"data":"Vault","floor":24,"key":"SMITH"},{"floor":30,"key":"RECALL"},{"data":"FlurryOfBlows","floor":32,"key":"SMITH"},{"data":"MentalFortress","floor":49,"key":"SMITH"},{"data":"Wallop","floor":53,"key":"SMITH"}],"circlet_count":0,"master_deck":["AscendersBane","Eruption+1","Vigilance+1","FlurryOfBlows+1","Vault+1","Madness","Madness","Prostrate","MentalFortress+1","Wallop+1","MentalFortress"],"relics":["PureWater","HushsDoor","ice","Void","TheAbacus","BookofShadows","Membership Card","SatanicBible","Oddly Smooth Stone","Pen Nib","MerchantsRug","DoctorsRemote","Bronze Scales","Lantern","Bag of Marbles","BelialBook","Busted Crown","GuppysTail","GuppysHairball","BFFS","PreservedInsect","Singing Bowl","Calipers","InkBottle","OrangePellets","GoldenEye"],"acts_visited":["Exordium","TheCity","TheBeyond","TheEnding"],"potions_floor_usage":[56],"damage_taken":[{"damage":0.0,"enemies":"2 Louse","floor":1.0,"turns":1.0},{"damage":0.0,"enemies":"Jaw Worm","floor":3.0,"turns":3.0},{"damage":0.0,"enemies":"Cultist","floor":4.0,"turns":3.0},{"damage":0.0,"enemies":"Gremlin Nob","floor":7.0,"turns":3.0},{"damage":0.0,"enemies":"3 Sentries","floor":10.0,"turns":4.0},{"damage":3.0,"enemies":"Gremlin Nob","floor":12.0,"turns":2.0},{"damage":0.0,"enemies":"Blue Slaver","floor":13.0,"turns":1.0},{"damage":29.0,"enemies":"Hexaghost","floor":16.0,"turns":5.0},{"damage":0.0,"enemies":"Gremlin Leader","floor":18.0,"turns":3.0},{"damage":0.0,"enemies":"Spheric Guardian","floor":19.0,"turns":1.0},{"damage":0,"enemies":"3 Byrds","floor":22,"turns":4},{"damage":0,"enemies":"Slavers","floor":23,"turns":3},{"damage":0,"enemies":"Book of Stabbing","floor":25,"turns":4},{"damage":0,"enemies":"Snake Plant","floor":27,"turns":2},{"damage":0,"enemies":"Centurion and Healer","floor":28,"turns":1},{"damage":0,"enemies":"Gremlin Leader","floor":31,"turns":4},{"damage":0,"enemies":"Collector","floor":33,"turns":2},{"damage":0,"enemies":"Orb Walker","floor":35,"turns":1},{"damage":0,"enemies":"3 Darklings","floor":37,"turns":1},{"damage":0,"enemies":"Giant Head","floor":40,"turns":4},{"damage":7,"enemies":"Nemesis","floor":42,"turns":3},{"damage":8,"enemies":"Maw","floor":45,"turns":4},{"damage":0,"enemies":"Jaw Worm Horde","floor":47,"turns":2},{"damage":30,"enemies":"Awakened One","floor":50,"turns":11},{"damage":0,"enemies":"Time Eater","floor":51,"turns":8},{"damage":0,"enemies":"Shield and Spear","floor":55,"turns":4},{"damage":59,"enemies":"The Heart","floor":56,"turns":8}],"seed_played":"821073923564126624","potions_obtained":[{"floor":4.0,"key":"BottledMiracle"},{"floor":7.0,"key":"SpeedPotion"},{"floor":12.0,"key":"DuplicationPotion"},{"floor":16.0,"key":"Energy Potion"},{"floor":31,"key":"StancePotion"},{"floor":37,"key":"Strength Potion"},{"floor":44,"key":"Ambrosia"}],"is_trial":false,"path_per_floor":["M","?","M","M","$","R","E","$","T","E","?","E","M","?","R","B",null,"M","M","?","?","M","E","R","E","T","M","M","?","R","E","R","B",null,"M","?","M","$","?","E","?","E","T","?","M","$","M","?","R","B","B",null,"R","$","E","B",null],"character_chosen":"WATCHER","items_purchased":["TheAbacus","BookofShadows","Strawberry","Membership Card","SatanicBible","Oddly Smooth Stone","FlurryOfBlows","MerchantsRug","GuppysTail","GuppysHairball","BFFS","SalivaCoin","Bottled Tornado","PillsDrop","Damocles","Prostrate","MentalFortress","Toolbox","Calipers","InkBottle","OrangePellets","MentalFortress"],"campfire_rested":0,"item_purchase_floors":[0,0,0,0,0,5,5,8,34,34,38,38,38,46,46,46,46,46,54,54,54,54],"current_hp_per_floor":[86,86,86,86,86,86,86,86,86,86,86,83,86,86,86,57,79,79,79,86,86,86,86,86,86,86,86,86,86,86,86,86,86,66,66,54,54,54,54,54,54,47,47,47,41,41,43,43,43,13,65,67,67,67,69,10],"gold":461,"neow_bonus":"","is_daily":false,"chose_seed":false,"campfire_upgraded":6,"win_rate":0.0,"timestamp":1609154917,"path_taken":["M","?","M","M","$","R","E","?","T","E","?","E","M","?","R","BOSS","M","M","?","?","M","E","R","E","T","M","M","?","R","E","R","BOSS","M","?","M","$","?","E","?","E","T","?","M","$","M","?","R","BOSS","BOSS","R","$","E","BOSS"],"items_purchased_type":["Relic","Relic","Relic","Relic","Relic","Relic","Card","Relic","Relic","Relic","Relic","Relic","Relic","Relic","Relic","Card","Card","Relic","Relic","Relic","Relic","Card"],"build_version":"2020-12-18","purchased_purges":9,"victory":true,"max_hp_per_floor":[93,86,86,86,86,86,86,86,86,86,86,86,86,86,86,86,86,86,86,86,86,86,86,86,86,86,86,86,86,86,86,86,86,66,66,66,66,66,66,66,66,66,66,66,68,68,65,65,65,65,68,68,68,68,73,141],"card_choices":[{"not_picked":[],"picked":"BettingIsNotGood","floor":0.0},{"not_picked":["Crescendo","Protect"],"picked":"Bomb","floor":1.0},{"not_picked":["Protect","ThirdEye"],"picked":"FlurryOfBlows","floor":3.0},{"not_picked":["Protect","Fasting2","EmptyFist"],"picked":"SKIP","floor":4.0},{"not_picked":["EmptyMind","BowlingBash","Meditate"],"picked":"SKIP","floor":7.0},{"not_picked":["Swivel","Evaluate","Study"],"picked":"SKIP","floor":10.0},{"not_picked":["FearNoEvil","ReachHeaven","SignatureMove"],"picked":"SKIP","floor":12.0},{"not_picked":["FearNoEvil","ReachHeaven","SignatureMove"],"picked":"SKIP","floor":12.0},{"not_picked":["ForeignInfluence","SignatureMove","PathToVictory"],"picked":"SKIP","floor":13.0},{"not_picked":["DeusExMachina","ConjureBlade"],"picked":"Vault","floor":16.0},{"not_picked":["ReachHeaven","SashWhip","Indignation"],"picked":"SKIP","floor":18.0},{"not_picked":["FlyingSleeves","EmptyBody","BowlingBash"],"picked":"SKIP","floor":19.0},{"not_picked":["LikeWater","Wallop","ClearTheMind"],"picked":"SKIP","floor":22},{"not_picked":["PathToVictory+1","Weave","Nirvana"],"picked":"SKIP","floor":23},{"not_picked":["FlyingSleeves+1","Evaluate","FearNoEvil"],"picked":"SKIP","floor":25},{"not_picked":["Omniscience","Meditate","SashWhip+1"],"picked":"SKIP","floor":27},{"not_picked":["FearNoEvil","FlyingSleeves","BowlingBash"],"picked":"SKIP","floor":28},{"not_picked":["FollowUp","SpiritShield","Protect"],"picked":"SKIP","floor":31},{"not_picked":["DevaForm","ConjureBlade"],"picked":"Devotion","floor":33},{"not_picked":["ThirdEye"],"picked":"SKIP","floor":35},{"not_picked":["ThirdEye"],"picked":"SKIP","floor":35},{"not_picked":["ReachHeaven"],"picked":"SKIP","floor":37},{"not_picked":["ClearTheMind"],"picked":"SKIP","floor":40},{"not_picked":["SandsOfTime"],"picked":"SKIP","floor":42},{"not_picked":["Vengeance"],"picked":"Singing Bowl","floor":45},{"not_picked":["Evaluate+1"],"picked":"Singing Bowl","floor":47},{"not_picked":["Vengeance"],"picked":"Singing Bowl","floor":55}],"player_experience":557043,"relics_obtained":[{"floor":7.0,"key":"Pen Nib"},{"floor":10.0,"key":"DoctorsRemote"},{"floor":12.0,"key":"Dream Catcher"},{"floor":18.0,"key":"Bronze Scales"},{"floor":23,"key":"Lantern"},{"floor":25,"key":"Juzu Bracelet"},{"floor":26,"key":"Bag of Marbles"},{"floor":31,"key":"BelialBook"},{"floor":40,"key":"PreservedInsect"},{"floor":42,"key":"Art of War"},{"floor":43,"key":"Singing Bowl"},{"floor":55,"key":"GoldenEye"}],"event_choices":[{"damage_healed":0.0,"max_hp_gain":0.0,"max_hp_loss":7.0,"gold_gain":0.0,"event_name":"Golden Idol","player_choice":"Lose Max HP","floor":2.0,"gold_loss":0.0,"damage_taken":0.0,"relics_obtained":["Golden Idol"]},{"damage_healed":0.0,"max_hp_gain":0.0,"max_hp_loss":0.0,"gold_gain":0.0,"event_name":"The Cleric","player_choice":"Leave","floor":11.0,"gold_loss":0.0,"damage_taken":0.0},{"damage_healed":7.0,"max_hp_gain":0.0,"max_hp_loss":0.0,"gold_gain":0.0,"event_name":"Wheel of Change","player_choice":"Full Heal","floor":20.0,"gold_loss":0.0,"damage_taken":0.0},{"damage_healed":0,"gold_gain":0,"player_choice":"Ignored","damage_taken":0,"max_hp_gain":0,"max_hp_loss":0,"event_name":"Cursed Tome","floor":21,"gold_loss":0},{"damage_healed":0,"gold_gain":0,"player_choice":"Ignored","damage_taken":0,"max_hp_gain":0,"max_hp_loss":0,"event_name":"Beggar","floor":29,"gold_loss":0},{"damage_healed":0,"gold_gain":0,"player_choice":"Embrace Madness","damage_taken":12,"max_hp_gain":0,"max_hp_loss":0,"event_name":"Winding Halls","floor":36,"gold_loss":0,"cards_obtained":["Madness","Madness"]},{"cards_removed":["Devotion"],"damage_healed":0,"gold_gain":0,"player_choice":"Removed Power","damage_taken":0,"max_hp_gain":0,"max_hp_loss":0,"event_name":"Falling","floor":39,"gold_loss":0},{"damage_healed":0,"gold_gain":0,"player_choice":"Got Potions","damage_taken":0,"max_hp_gain":0,"max_hp_loss":0,"event_name":"Lab","floor":44,"gold_loss":0},{"damage_healed":0,"gold_gain":0,"cards_transformed":["FlurryOfBlows"],"player_choice":"Transformed","damage_taken":0,"max_hp_gain":0,"max_hp_loss":0,"event_name":"Transmorgrifier","floor":48,"gold_loss":0,"cards_obtained":["Wallop"]}],"is_beta":true,"boss_relics":[{"not_picked":["SacredBark","Runic Dome"],"picked":"ChampionBelt"},{"not_picked":[]},{"not_picked":["Tiny House","Fusion Hammer"],"picked":"Busted Crown"},{"not_picked":[]}],"items_purged_floors":[0,0,0,0,5,5,5,5,38],"is_endless":false,"potions_floor_spawned":[4,7,12,16,22,25,31,37,42,45],"ascension_level":20}}