{"host":"qwv9nni2x0umspiu","time":1609136918,"event":{"mods":["BaseMod","Downfall","Minty Spire (QoL Compilation)","Replay The Spire","StSLib","The Hierophant","Wandering Minibosses"],"gold_per_floor":[114,125,138,138,12,12,41,54,77,77,68,78,78,90,90,90,90],"floor_reached":16,"playtime":502,"items_purged":["hierophant:Strike_Hierophant"],"score":208,"play_id":"14bcdd84-8f56-4678-b02a-859aacd22b52","local_time":"20201227222838","is_ascension_mode":true,"campfire_choices":[{"data":"hierophant:Punish","floor":6,"key":"SMITH"},{"data":"hierophant:Upheaval","floor":10,"key":"SMITH"},{"data":"hierophant:SealAway","floor":13,"key":"SMITH"}],"circlet_count":0,"master_deck":["AscendersBane","hierophant:Strike_Hierophant","hierophant:Strike_Hierophant","hierophant:Strike_Hierophant","hierophant:Punish+1","hierophant:Defend_Hierophant","hierophant:Defend_Hierophant","hierophant:Defend_Hierophant","hierophant:Defend_Hierophant","hierophant:ChurchCoffers+1","hierophant:Upheaval+1","hierophant:Smite","hierophant:Zeal+1","hierophant:SealAway+1","hierophant:Shelter"],"relics":["hierophant:PropheticMaskRelic","PreservedInsect","Art of War"],"acts_visited":["Exordium"],"potions_floor_usage":[8],"damage_taken":[{"damage":2,"enemies":"Cultist","floor":1,"turns":4},{"damage":9,"enemies":"Jaw Worm","floor":2,"turns":3},{"damage":0,"enemies":"2 Louse","floor":3,"turns":1},{"damage":8,"enemies":"Gremlin Nob","floor":7,"turns":3},{"damage":6,"enemies":"Exordium Wildlife","floor":8,"turns":2},{"damage":1,"enemies":"Looter","floor":11,"turns":2},{"damage":1,"enemies":"2 Fungi Beasts","floor":12,"turns":2},{"damage":0,"enemies":"Gremlin Gang","floor":14,"turns":2},{"damage":44,"enemies":"Hexaghost","floor":16,"turns":9}],"seed_played":"-672403797278029723","potions_obtained":[{"floor":1,"key":"Regen Potion"},{"floor":2,"key":"Strength Potion"},{"floor":7,"key":"Ancient Potion"}],"is_trial":false,"path_per_floor":["M","M","M","?","$","R","E","M","T","R","M","M","R","M","R","B"],"character_chosen":"HIEROPHANT","items_purchased":["hierophant:Zeal"],"campfire_rested":0,"item_purchase_floors":[5],"current_hp_per_floor":[66,57,57,57,57,57,49,43,43,43,42,41,41,41,63,19,19],"gold":90,"neow_bonus":"UPGRADE_CARD","is_daily":false,"chose_seed":false,"campfire_upgraded":3,"win_rate":0.0,"timestamp":1609136918,"path_taken":["M","M","M","?","$","R","E","?","T","R","M","M","R","M","R","BOSS"],"items_purchased_type":["Card"],"build_version":"2020-12-22","purchased_purges":1,"victory":false,"max_hp_per_floor":[75,75,75,75,75,75,75,75,75,75,75,75,75,75,75,75,75],"card_choices":[{"not_picked":["hierophant:DisplayOfPower","hierophant:PassingBell"],"picked":"hierophant:Upheaval","floor":1},{"not_picked":["hierophant:CoinFling","hierophant:Sermon","hierophant:SecretStash"],"picked":"SKIP","floor":2},{"not_picked":["hierophant:RepressedViolence","hierophant:DivineIntervention"],"picked":"hierophant:Smite","floor":3},{"not_picked":["hierophant:HolyVerse","hierophant:CoinFling","hierophant:Doubloon"],"picked":"SKIP","floor":7},{"not_picked":["hierophant:DisplayOfPower","hierophant:Flagellation","hierophant:Bribe"],"picked":"SKIP","floor":8},{"not_picked":["hierophant:Prophecy","hierophant:Zeal"],"picked":"hierophant:SealAway","floor":11},{"not_picked":["hierophant:OrnateBuckler","hierophant:Empathy","hierophant:PassingBell"],"picked":"SKIP","floor":12},{"not_picked":["hierophant:CursedGold","hierophant:HolyVerse"],"picked":"hierophant:Shelter","floor":14}],"player_experience":1319520,"relics_obtained":[{"floor":7,"key":"Art of War"}],"event_choices":[{"damage_healed":0,"gold_gain":0,"player_choice":"Gave Potion","damage_taken":0,"relics_obtained":["PreservedInsect"],"max_hp_gain":0,"max_hp_loss":0,"event_name":"WeMeetAgain","floor":4,"gold_loss":0}],"is_beta":false,"boss_relics":[],"items_purged_floors":[5],"is_endless":false,"potions_floor_spawned":[1,2,7],"killed_by":"Hexaghost","ascension_level":20}}