{"host":"h5acbxt0wmjo1kpm","time":1609153288,"event":{"mods":["2.2 Compatiblity","Act Like it!","AlwaysNeverKeys","Aspiration","Bartender","BaseMod","Better Third Choice","Colored Map","Elementarium","Gensokyo","GifTheSpireLib","Hallownest","Marisa????????","Minty Spire (QoL Compilation)","Permanent Neow","Potionbrewer","Relic Filter","Replay The Spire","Robot Space Explorer","RumiaBox-????????","Shade Mod","Spicy Shops","StSLib","Strawberry Spire","The Blackbeard","The Dragon Tamer","The Forsaken","The Gatherer","The Problem Sleuth","The Servant 0.9.4","Wandering Minibosses","vexMod"],"gold_per_floor":[116,116,46,21,36,71,71,111,111,120,2,2,2,16,16,96,96,121,121,130,130,139,169,239,278,278,308,337,366,375,397,397,397,397],"floor_reached":33,"playtime":2212,"items_purged":["Clumsy"],"score":481,"play_id":"ca7f25d3-2333-453c-83f9-f487e53291db","local_time":"20201228030128","is_ascension_mode":true,"campfire_choices":[{"floor":7.0,"key":"REST"},{"data":"Streamline","floor":13.0,"key":"SMITH"},{"data":"Cloak And Dagger","floor":32,"key":"SMITH"}],"circlet_count":0,"master_deck":["AscendersBane","Strike_B+1","Strike_B+1","Defend_B","Defend_B","Defend_B","Defend_B","Zap","Dualcast","Streamline+1","Blade Dance","Deflect+1","Self Repair+1","strawberrySpire:AnotherWinter","Night Terror","Writhe","BasicCrystalCard","Tools of the Trade","A Thousand Cuts","Dagger Throw","Electrodynamics","Cloak And Dagger+1"],"relics":["Cracked Core","aspiration:Nostalgia","m_TsuchinokoRing","Gensokyo:OccultBall","vexMod:BarristanHead","Simple Rune","CeramicFish","Iron Hammer","Gensokyo:NagashiBinaDoll","Prayer Wheel","Gensokyo:RedStar","Geode","Eternal Feather","Pantograph","Replay:WaspNest","strawberrySpire:PoopsieRoll"],"acts_visited":["Gensokyo:Gensokyo","Gensokyo:Gensokyoer"],"potions_floor_usage":[33],"damage_taken":[{"damage":1.0,"enemies":"Gensokyo:3_Fairies","floor":1.0,"turns":4.0},{"damage":20.0,"enemies":"Gensokyo:2_Kodama","floor":5.0,"turns":7.0},{"damage":31.0,"enemies":"Gensokyo:Aya","floor":6.0,"turns":4.0},{"damage":5.0,"enemies":"Gensokyo:Mamizou","floor":8.0,"turns":5.0},{"damage":0.0,"enemies":"Gensokyo:Python","floor":14.0,"turns":1.0},{"damage":12.0,"enemies":"Gensokyo:Kokoro","floor":16.0,"turns":10.0},{"damage":2.0,"enemies":"Gensokyo:2_Gloops","floor":18.0,"turns":4.0},{"damage":40,"enemies":"Gensokyo:Reisen","floor":23,"turns":14},{"damage":28,"enemies":"Gensokyo:Koishi","floor":25,"turns":9},{"damage":1,"enemies":"Gensokyo:CosmicMonolith","floor":27,"turns":3},{"damage":16,"enemies":"Gensokyo:Chomper_and_Gloop","floor":28,"turns":3},{"damage":19,"enemies":"Gensokyo:Reisen","floor":29,"turns":13},{"damage":25,"enemies":"Gensokyo:Wraith","floor":31,"turns":5},{"damage":50,"enemies":"Gensokyo:Eternal_Rivals","floor":33,"turns":6}],"seed_played":"1610992176520234870","potions_obtained":[{"floor":6.0,"key":"Weak Potion"},{"floor":14.0,"key":"DuplicationPotion"},{"floor":27,"key":"PotionOfCapacity"}],"is_trial":false,"path_per_floor":["M","?","?","$","M","E","R","E","T","?","$","?","R","M","R_BF","B",null,"M","?","?","$","?","E","T","E","T","M","M","E","?","M","R","B"],"character_chosen":"DEFECT","items_purchased":["Streamline","Self Repair+1"],"campfire_rested":1,"item_purchase_floors":[4,11],"current_hp_per_floor":[63,63,63,63,43,12,33,28,28,28,28,35,35,35,56,54,67,71,71,62,62,62,62,62,44,44,53,47,68,68,43,55,0,0],"gold":397,"neow_bonus":"NOSTALGIA","is_daily":false,"chose_seed":false,"campfire_upgraded":2,"win_rate":0.0,"timestamp":1609153288,"path_taken":["M","?","?","?","M","E","R","E","T","?","$","?","R","M","R_BF","BOSS","M","?","?","$","?","E","?","E","T","?","M","E","?","M","R","BOSS"],"items_purchased_type":["Card","Card"],"build_version":"2020-12-22","purchased_purges":1,"victory":false,"max_hp_per_floor":[71,71,71,71,71,71,71,71,71,71,71,71,71,71,71,71,71,71,71,71,71,71,71,71,71,71,71,71,71,71,71,71,36,36],"card_choices":[{"not_picked":["Outmaneuver","Flying Knee"],"picked":"Deflect","floor":1.0},{"not_picked":["Distraction","Streamline"],"picked":"FTL","floor":5.0},{"not_picked":["Streamline","Gash"],"picked":"Blade Dance","floor":6.0},{"not_picked":["Flying Knee","strawberrySpire:NeonFlight"],"picked":"Deflect","floor":8.0},{"not_picked":["strawberrySpire:Disconnect","Masterful Stab","Prepared"],"picked":"SKIP","floor":14.0},{"not_picked":["strawberrySpire:Gammacceleration","strawberrySpire:AnotherWinter"],"picked":"ReplayTheSpireMod:Fabricate Wheel","floor":16.0},{"not_picked":["Stack+1","Steam","strawberrySpire:DataDump"],"picked":"SKIP","floor":18.0},{"not_picked":["strawberrySpire:Adapter","Turbo","Steam"],"picked":"SKIP","floor":18.0},{"not_picked":["Hologram","Barrage","Streamline"],"picked":"SKIP","floor":23},{"not_picked":["Beam Cell","Dagger Spray"],"picked":"BasicCrystalCard","floor":25},{"not_picked":["Stack","Dagger Throw"],"picked":"Tools of the Trade","floor":27},{"not_picked":["Redo","Deflect"],"picked":"A Thousand Cuts","floor":27},{"not_picked":["Cold Snap+1","strawberrySpire:Adapter"],"picked":"Dagger Throw","floor":28},{"not_picked":["strawberrySpire:NeonFlight","Ball Lightning","Go for the Eyes"],"picked":"SKIP","floor":28},{"not_picked":["Beam Cell","Prepared","Lockon+1"],"picked":"SKIP","floor":29},{"not_picked":["strawberrySpire:Disconnect+1","Well Laid Plans"],"picked":"Cloak And Dagger","floor":31},{"not_picked":["Reprogram","Dagger Spray","Outmaneuver"],"picked":"SKIP","floor":31}],"player_experience":1971033,"relics_obtained":[{"floor":6.0,"key":"Simple Rune"},{"floor":8.0,"key":"CeramicFish"},{"floor":9.0,"key":"Iron Hammer"},{"floor":16.0,"key":"Gensokyo:OccultBall"},{"floor":23,"key":"Geode"},{"floor":24,"key":"Eternal Feather"},{"floor":25,"key":"Gensokyo:OccultBall"},{"floor":25,"key":"Pantograph"},{"floor":26,"key":"Replay:WaspNest"},{"floor":29,"key":"strawberrySpire:PoopsieRoll"}],"event_choices":[],"is_beta":false,"boss_relics":[{"not_picked":["strawberrySpire:RottenAvocado","Busted Crown","Replay:Bronze Core"]}],"items_purged_floors":[11],"is_endless":false,"potions_floor_spawned":[6,14,27],"killed_by":"Gensokyo:Eternal_Rivals","ascension_level":15}}