{"host":"k5dhp0bkccqfauyu","time":1609166630,"event":{"mods":["BaseMod","Better Note","Better Skull","Better Vampires","Colored Map","Colored Powertips","DeckTracker","Minty Spire (QoL Compilation)","Permanent Neow","StSLib","SuperFastMode"],"gold_per_floor":[113,133,149,169,11,37,37,65,146,146,165,184,215,230,230,332,332,348,348,358,376,15,15,45,45,69,69,81,106,6,26,26,127,127,138,138,148,160,3,3,45,68,150,169,206,206,226,261,261,261,261,261,87,121,121],"floor_reached":56,"playtime":2559,"items_purged":["Strike_B","Strike_B","Zap"],"score":1509,"play_id":"ea3ded17-eb79-4d95-88ba-9b495e19bbed","local_time":"20201229014350","is_ascension_mode":true,"campfire_choices":[{"data":"Buffer","floor":7,"key":"SMITH"},{"data":"Creative AI","floor":10,"key":"SMITH"},{"data":"Loop","floor":15,"key":"SMITH"},{"data":"Turbo","floor":23,"key":"SMITH"},{"data":"Amplify","floor":27,"key":"SMITH"},{"data":"Defragment","floor":32,"key":"SMITH"},{"data":"Hologram","floor":40,"key":"SMITH"},{"data":"Coolheaded","floor":46,"key":"SMITH"},{"floor":49,"key":"RECALL"},{"data":"Amplify","floor":52,"key":"SMITH"}],"circlet_count":0,"master_deck":["Defend_B","Defend_B+1","Defend_B","Dualcast","Creative AI+1","Streamline","Undo+1","Cold Snap","Buffer+1","Turbo+1","Doom and Gloom","Loop+1","Capacitor","Coolheaded+1","Reboot","Amplify+1","Creative AI+1","Barrage+1","Sweeping Beam+1","Hologram+1","Leap+1","Defragment+1","Amplify+1","Conserve Battery+1","Heatsinks+1","Turbo","Hologram+1","Fusion+1","Conserve Battery+1","Turbo+1","Compile Driver+1"],"relics":["Cracked Core","War Paint","Ginger","InkBottle","Centennial Puzzle","Coffee Dripper","Gambling Chip","Girya","Bronze Scales","Incense Burner","Empty Cage","Runic Capacitor","CeramicFish","DataDisk","StoneCalendar","Sundial"],"acts_visited":["Exordium","TheCity","TheBeyond","TheEnding"],"potions_floor_usage":[4,14,16,21,24,24,29,41,50,55,55,55],"damage_taken":[{"damage":8,"enemies":"2 Louse","floor":1,"turns":3},{"damage":0,"enemies":"Small Slimes","floor":2,"turns":3},{"damage":1,"enemies":"Cultist","floor":3,"turns":3},{"damage":8,"enemies":"Gremlin Gang","floor":4,"turns":2},{"damage":6,"enemies":"Gremlin Nob","floor":6,"turns":4},{"damage":9,"enemies":"3 Sentries","floor":8,"turns":8},{"damage":0,"enemies":"Blue Slaver","floor":11,"turns":4},{"damage":0,"enemies":"3 Louse","floor":12,"turns":3},{"damage":0,"enemies":"Lagavulin","floor":13,"turns":6},{"damage":22,"enemies":"Gremlin Gang","floor":14,"turns":5},{"damage":0,"enemies":"The Guardian","floor":16,"turns":7},{"damage":3,"enemies":"3 Byrds","floor":18,"turns":7},{"damage":5,"enemies":"Shell Parasite","floor":20,"turns":5},{"damage":11,"enemies":"Snecko","floor":21,"turns":6},{"damage":26,"enemies":"Slavers","floor":24,"turns":4},{"damage":0,"enemies":"3 Cultists","floor":28,"turns":4},{"damage":0,"enemies":"Book of Stabbing","floor":29,"turns":7},{"damage":0,"enemies":"Chosen and Byrds","floor":31,"turns":6},{"damage":9,"enemies":"Champ","floor":33,"turns":13},{"damage":20,"enemies":"3 Shapes","floor":35,"turns":5},{"damage":0,"enemies":"Orb Walker","floor":37,"turns":4},{"damage":1,"enemies":"Maw","floor":38,"turns":7},{"damage":19,"enemies":"Reptomancer","floor":41,"turns":6},{"damage":5,"enemies":"3 Darklings","floor":42,"turns":4},{"damage":0,"enemies":"Jaw Worm Horde","floor":44,"turns":5},{"damage":0,"enemies":"Giant Head","floor":45,"turns":8},{"damage":5,"enemies":"Sphere and 2 Shapes","floor":47,"turns":7},{"damage":0,"enemies":"Nemesis","floor":48,"turns":7},{"damage":17,"enemies":"Awakened One","floor":50,"turns":9},{"damage":0,"enemies":"Shield and Spear","floor":54,"turns":4},{"damage":46,"enemies":"The Heart","floor":55,"turns":12}],"seed_played":"-860272625593302188","potions_obtained":[{"floor":1,"key":"Explosive Potion"},{"floor":4,"key":"Fruit Juice"},{"floor":12,"key":"SkillPotion"},{"floor":14,"key":"DuplicationPotion"},{"floor":16,"key":"BlessingOfTheForge"},{"floor":20,"key":"SpeedPotion"},{"floor":21,"key":"AttackPotion"},{"floor":28,"key":"Swift Potion"},{"floor":38,"key":"ColorlessPotion"},{"floor":41,"key":"Strength Potion"},{"floor":42,"key":"Fire Potion"},{"floor":47,"key":"SpeedPotion"},{"floor":54,"key":"Dexterity Potion"}],"is_trial":false,"path_per_floor":["M","M","M","M","$","E","R","E","T","R","M","M","E","M","R","B",null,"M","?","M","M","$","R","E","?","T","R","M","E","$","M","R","B",null,"M","?","M","M","$","R","E","M","T","M","E","R","M","E","R","B",null,"R","$","E","B",null],"character_chosen":"DEFECT","items_purchased":["Turbo","Doom and Gloom","Gambling Chip","Hologram","Runic Capacitor","FocusPotion"],"campfire_rested":0,"item_purchase_floors":[5,5,22,22,39,53],"current_hp_per_floor":[60,60,59,51,51,45,45,36,36,36,36,36,36,14,14,14,68,65,65,60,54,54,54,28,28,28,28,28,28,28,28,28,19,73,53,83,83,82,82,82,63,58,58,58,58,58,53,53,53,36,83,83,83,83,37],"gold":121,"neow_bonus":"THREE_RARE_CARDS","is_daily":false,"chose_seed":false,"campfire_upgraded":9,"win_rate":0.0,"timestamp":1609166630,"path_taken":["M","M","M","M","$","E","R","E","T","R","M","M","E","M","R","BOSS","M","?","?","?","$","R","E","?","T","R","M","E","$","M","R","BOSS","M","?","?","M","$","R","E","M","T","M","E","R","M","E","R","BOSS","R","$","E","BOSS"],"items_purchased_type":["Card","Card","Relic","Card","Relic","Potion"],"build_version":"2020-12-22","purchased_purges":3,"victory":true,"max_hp_per_floor":[68,68,68,68,68,68,68,68,68,68,68,68,68,68,68,68,68,68,68,68,73,73,73,73,73,73,73,73,73,73,73,73,73,73,73,83,83,83,83,83,83,83,83,83,83,83,83,83,83,83,83,83,83,83,83],"card_choices":[{"not_picked":["Echo Form","Biased Cognition"],"picked":"Creative AI","floor":0},{"not_picked":["Lockon","Leap"],"picked":"Streamline","floor":1},{"not_picked":["Go for the Eyes","Hologram"],"picked":"Undo","floor":2},{"not_picked":["Darkness","Gash","Cold Snap"],"picked":"SKIP","floor":3},{"not_picked":["Darkness","Gash"],"picked":"Cold Snap","floor":3},{"not_picked":["Hologram","Conserve Battery"],"picked":"Buffer","floor":4},{"not_picked":["Sweeping Beam","Barrage"],"picked":"Loop","floor":6},{"not_picked":["Darkness","Sweeping Beam"],"picked":"Capacitor","floor":8},{"not_picked":["Melter","Double Energy"],"picked":"Coolheaded","floor":11},{"not_picked":["Loop","Steam","Sunder"],"picked":"SKIP","floor":12},{"not_picked":["Melter","Stack"],"picked":"Reboot","floor":13},{"not_picked":["Conserve Battery","Darkness","Scrape"],"picked":"SKIP","floor":14},{"not_picked":["Rainbow","All For One"],"picked":"Amplify","floor":16},{"not_picked":["Aggregate","Go for the Eyes","Stack"],"picked":"SKIP","floor":18},{"not_picked":["Barrage+1","Reprogram","Coolheaded"],"picked":"SKIP","floor":20},{"not_picked":["Reprogram","Coolheaded"],"picked":"Barrage+1","floor":20},{"not_picked":["Cold Snap+1","Rebound+1"],"picked":"Sweeping Beam+1","floor":21},{"not_picked":["Redo","Coolheaded+1"],"picked":"Biased Cognition","floor":24},{"not_picked":["Stack","Gash"],"picked":"Leap+1","floor":28},{"not_picked":["Reinforced Body","Leap+1"],"picked":"Defragment","floor":29},{"not_picked":["Beam Cell","Leap+1","Go for the Eyes"],"picked":"SKIP","floor":31},{"not_picked":["All For One","Multi-Cast"],"picked":"Amplify","floor":33},{"not_picked":["Steam+1","Sweeping Beam+1","Scrape"],"picked":"SKIP","floor":35},{"not_picked":["Gash","Rip and Tear"],"picked":"Conserve Battery+1","floor":37},{"not_picked":["Coolheaded+1","Ball Lightning"],"picked":"Heatsinks+1","floor":38},{"not_picked":["Redo","Meteor Strike"],"picked":"Turbo","floor":41},{"not_picked":["Reinforced Body+1","Ball Lightning+1"],"picked":"Hologram+1","floor":42},{"not_picked":["Steam Power","Heatsinks","Chill"],"picked":"SKIP","floor":44},{"not_picked":["Cold Snap+1","Steam+1"],"picked":"Fusion+1","floor":45},{"not_picked":["Gash+1","BootSequence"],"picked":"Conserve Battery+1","floor":47},{"not_picked":["Hologram","Stack+1"],"picked":"Turbo+1","floor":48},{"not_picked":["Turbo+1","Stack"],"picked":"Compile Driver+1","floor":54}],"player_experience":1853133,"relics_obtained":[{"floor":6,"key":"War Paint"},{"floor":8,"key":"Ginger"},{"floor":9,"key":"InkBottle"},{"floor":13,"key":"Centennial Puzzle"},{"floor":24,"key":"Girya"},{"floor":26,"key":"Bronze Scales"},{"floor":29,"key":"Incense Burner"},{"floor":41,"key":"CeramicFish"},{"floor":45,"key":"DataDisk"},{"floor":48,"key":"StoneCalendar"},{"floor":54,"key":"Sundial"}],"event_choices":[{"damage_healed":0,"gold_gain":0,"player_choice":"Copied","damage_taken":0,"max_hp_gain":0,"max_hp_loss":0,"event_name":"Duplicator","floor":19,"gold_loss":0,"cards_obtained":["Creative AI"]},{"cards_removed":["Strike_B"],"damage_healed":0,"gold_gain":0,"player_choice":"Card Removal","damage_taken":0,"max_hp_gain":0,"max_hp_loss":0,"event_name":"Wheel of Change","floor":25,"gold_loss":0},{"cards_removed":["Biased Cognition"],"damage_healed":20,"gold_gain":0,"player_choice":"Offered Rare","damage_taken":0,"max_hp_gain":10,"max_hp_loss":0,"event_name":"Bonfire Elementals","floor":36,"gold_loss":0}],"is_beta":false,"boss_relics":[{"not_picked":["Inserter","Cursed Key"],"picked":"Coffee Dripper"},{"not_picked":["Velvet Choker","Tiny House"],"picked":"Empty Cage"}],"items_purged_floors":[5,30,53],"is_endless":false,"potions_floor_spawned":[1,4,12,14,16,20,21,28,38,41,42,47,54],"ascension_level":1}}