{"host":"qm4rv4rkpk76sbxu","time":1609199338,"event":{"mods":["BaseMod","Bestiary","Block Reminder","DeckTracker","Filter the Spire","Keyboard Shortcuts","Minty Spire (QoL Compilation)","MonsterHotkey","Potion Indicator Mod","Quick Restart","Random Character Button","Relic Stats","Slay-I","StSLib","ojb\u0027s Better Paths Mod"],"gold_per_floor":[113,113,130,130,149,149,190,206,231,231,211,251,266,291,291,385,385,400,76,90,5,5,39,39,79,105,146,167,167,217,8,8,104,104,124,124,424,99,99,99,124,124,151,151,190,221,255,280,292,304,316,328,340,20,56,56,56],"floor_reached":56,"playtime":8524,"items_purged":["Strike_B","Strike_B"],"score":1988,"play_id":"90284527-ee00-4cc2-83f9-ae79ff037c0d","local_time":"20201229004858","is_ascension_mode":true,"campfire_choices":[{"floor":6.0,"key":"DIG"},{"floor":10.0,"key":"DIG"},{"floor":15.0,"key":"DIG"},{"floor":24.0,"key":"DIG"},{"floor":29.0,"key":"DIG"},{"floor":32.0,"key":"DIG"},{"floor":40.0,"key":"DIG"},{"floor":42.0,"key":"DIG"},{"floor":49.0,"key":"RECALL"},{"floor":53.0,"key":"DIG"}],"circlet_count":0,"master_deck":["AscendersBane","Strike_B","Defend_B+1","Defend_B","Defend_B","Defend_B","Zap","Dualcast+1","Ball Lightning","Cold Snap","Conserve Battery","Ball Lightning","Core Surge+1","Fission+1","Stack+1","Self Repair","Necronomicurse","Biased Cognition+1","Self Repair","Undo+1","Cold Snap+1","Thunder Strike","BootSequence+1","Electrodynamics","Panacea+1","PanicButton+1","Trip+1","Hologram+1","Force Field+1","Undo+1","White Noise+1","Recycle+1","Stack+1","Secret Technique+1","Hologram+1"],"relics":["Cracked Core","Shovel","Golden Idol","Vajra","Bronze Scales","PreservedInsect","Anchor","War Paint","Toxic Egg 2","Fusion Hammer","Membership Card","Juzu Bracelet","Centennial Puzzle","Necronomicon","Nunchaku","DataDisk","Omamori","Potion Belt","Toy Ornithopter","MealTicket","Smiling Mask","Black Star","Sling","Pantograph","Blood Vial","Oddly Smooth Stone","Calipers","Bag of Marbles","Peace Pipe","Happy Flower","MawBank","Letter Opener","Du-Vu Doll","Bird Faced Urn","Whetstone"],"acts_visited":["Exordium","TheCity","TheBeyond","TheEnding"],"potions_floor_usage":[56,56,56,56],"damage_taken":[{"damage":2.0,"enemies":"Small Slimes","floor":1.0,"turns":5.0},{"damage":0.0,"enemies":"Cultist","floor":3.0,"turns":3.0},{"damage":1.0,"enemies":"2 Louse","floor":5.0,"turns":2.0},{"damage":21.0,"enemies":"3 Sentries","floor":7.0,"turns":9.0},{"damage":6.0,"enemies":"Looter","floor":8.0,"turns":3.0},{"damage":10.0,"enemies":"Lagavulin","floor":12.0,"turns":4.0},{"damage":0.0,"enemies":"Exordium Thugs","floor":13.0,"turns":3.0},{"damage":0.0,"enemies":"Blue Slaver","floor":14.0,"turns":3.0},{"damage":4.0,"enemies":"Hexaghost","floor":16.0,"turns":8.0},{"damage":4.0,"enemies":"Shell Parasite","floor":18.0,"turns":5.0},{"damage":15.0,"enemies":"Chosen","floor":20.0,"turns":4.0},{"damage":26.0,"enemies":"Gremlin Leader","floor":23.0,"turns":5.0},{"damage":7.0,"enemies":"Slavers","floor":25.0,"turns":3.0},{"damage":2.0,"enemies":"Book of Stabbing","floor":27.0,"turns":4.0},{"damage":7.0,"enemies":"Sentry and Sphere","floor":28.0,"turns":5.0},{"damage":57.0,"enemies":"Collector","floor":33.0,"turns":10.0},{"damage":14.0,"enemies":"3 Darklings","floor":35.0,"turns":6.0},{"damage":0.0,"enemies":"3 Shapes","floor":41.0,"turns":4.0},{"damage":1.0,"enemies":"Giant Head","floor":45.0,"turns":5.0},{"damage":0.0,"enemies":"Mind Bloom Boss Battle","floor":46.0,"turns":7.0},{"damage":6.0,"enemies":"Reptomancer","floor":47.0,"turns":5.0},{"damage":0.0,"enemies":"Sphere and 2 Shapes","floor":48.0,"turns":4.0},{"damage":38.0,"enemies":"Donu and Deca","floor":50.0,"turns":8.0},{"damage":50.0,"enemies":"Time Eater","floor":51.0,"turns":11.0},{"damage":44.0,"enemies":"Shield and Spear","floor":55.0,"turns":7.0},{"damage":97,"enemies":"The Heart","floor":56,"turns":8}],"seed_played":"-5904273431005738729","potions_obtained":[{"floor":3.0,"key":"PowerPotion"},{"floor":5.0,"key":"Dexterity Potion"},{"floor":7.0,"key":"SkillPotion"},{"floor":8.0,"key":"BlessingOfTheForge"},{"floor":11.0,"key":"Fruit Juice"},{"floor":14.0,"key":"SkillPotion"},{"floor":18.0,"key":"DuplicationPotion"},{"floor":23.0,"key":"ColorlessPotion"},{"floor":27.0,"key":"GamblersBrew"},{"floor":41.0,"key":"SpeedPotion"},{"floor":46.0,"key":"Dexterity Potion"},{"floor":47.0,"key":"Energy Potion"},{"floor":55.0,"key":"FearPotion"}],"is_trial":false,"path_per_floor":["M","?","M","?","M","R","E","M","T","R","?","E","M","M","R","B",null,"M","$","M","?","?","E","R","E","T","E","M","R","?","$","R","B",null,"M","?","?","$","?","R","M","R","T","?","E","?","E","M","R","B","B",null,"R","$","E","B"],"character_chosen":"DEFECT","items_purchased":["Membership Card","Juzu Bracelet","Regen Potion","Swift Potion","Block Potion","Fruit Juice","Thunder Strike","BootSequence+1","BlessingOfTheForge","PowerPotion","DistilledChaos","Sling","Pantograph","Stack+1","Secret Technique+1","Du-Vu Doll"],"campfire_rested":0,"item_purchase_floors":[19,19,19,31,31,31,31,31,38,38,38,38,38,54,54,54],"current_hp_per_floor":[44,44,44,44,43,43,22,16,16,16,21,11,11,11,11,7,54,50,50,49,49,28,9,9,9,9,21,33,33,33,48,48,15,56,56,46,46,61,61,61,74,74,74,74,74,74,74,74,74,50,43,66,66,74,37,0,0],"gold":56,"neow_bonus":"ONE_RARE_RELIC","is_daily":false,"chose_seed":false,"campfire_upgraded":0,"win_rate":0.0,"timestamp":1609199338,"path_taken":["M","?","?","?","M","R","E","M","T","R","?","E","M","M","R","BOSS","M","$","M","?","?","E","R","E","T","E","M","R","?","?","R","BOSS","M","?","?","$","?","R","M","R","T","?","E","?","E","M","R","BOSS","BOSS","R","$","E","BOSS"],"items_purchased_type":["Relic","Relic","Potion","Potion","Potion","Potion","Card","Card","Potion","Potion","Potion","Relic","Relic","Card","Card","Relic"],"build_version":"2020-12-22","purchased_purges":2,"victory":false,"max_hp_per_floor":[71,71,71,64,64,64,64,64,64,64,69,69,69,69,69,69,69,69,69,69,69,69,69,69,69,69,69,69,69,69,69,69,69,69,69,69,69,69,69,69,74,74,74,74,74,74,74,74,74,74,74,74,74,74,74,74,74],"relic_stats":{"Happy Flower":[12],"counters":[26,141],"Golden Idol":180,"PreservedInsect":437,"Juzu Bracelet":2,"Letter Opener":[50],"Whetstone":["Cold Snap","Core Surge"],"War Paint":["Dualcast","Defend_B"],"Smiling Mask":0,"MawBank":84,"Blood Vial":6,"Peace Pipe":0,"Centennial Puzzle":[36],"Nunchaku":[12],"Shovel":9,"Bronze Scales":[462],"Pantograph":47,"Bird Faced Urn":[10],"MealTicket":38,"Necronomicon":[11],"Black Star":3,"obtain_stats":[{"Calipers":45,"Vajra":6,"Juzu Bracelet":19,"Whetstone":55,"Smiling Mask":32,"Sling":38,"Blood Vial":40,"Centennial Puzzle":21,"Nunchaku":23,"Shovel":0,"Pantograph":38,"MealTicket":29,"Fusion Hammer":17,"Necronomicon":22,"Toxic Egg 2":15,"Cracked Core":0,"Potion Belt":26,"Happy Flower":47,"Golden Idol":4,"Oddly Smooth Stone":42,"PreservedInsect":9,"Omamori":25,"Letter Opener":53,"War Paint":12,"MawBank":47,"Peace Pipe":46,"Du-Vu Doll":54,"Anchor":10,"DataDisk":24,"Bronze Scales":7,"Bird Faced Urn":55,"Black Star":34,"Bag of Marbles":45,"Membership Card":19,"Toy Ornithopter":27},{"Calipers":19,"Vajra":3,"Juzu Bracelet":10,"Whetstone":25,"Smiling Mask":15,"Sling":17,"Blood Vial":17,"Centennial Puzzle":11,"Nunchaku":12,"Shovel":0,"Pantograph":17,"MealTicket":15,"Fusion Hammer":9,"Necronomicon":11,"Toxic Egg 2":8,"Cracked Core":0,"Potion Belt":13,"Happy Flower":21,"Golden Idol":2,"Oddly Smooth Stone":18,"PreservedInsect":5,"Omamori":13,"Letter Opener":24,"War Paint":6,"MawBank":21,"Peace Pipe":20,"Du-Vu Doll":24,"Anchor":5,"DataDisk":12,"Bronze Scales":4,"Bird Faced Urn":25,"Black Star":16,"Bag of Marbles":19,"Membership Card":10,"Toy Ornithopter":14},{"Calipers":91,"Vajra":10,"Juzu Bracelet":45,"Whetstone":133,"Smiling Mask":66,"Sling":82,"Blood Vial":82,"Centennial Puzzle":49,"Nunchaku":54,"Shovel":0,"Pantograph":82,"MealTicket":66,"Fusion Hammer":40,"Necronomicon":49,"Toxic Egg 2":32,"Cracked Core":0,"Potion Belt":57,"Happy Flower":103,"Golden Idol":8,"Oddly Smooth Stone":86,"PreservedInsect":22,"Omamori":57,"Letter Opener":126,"War Paint":26,"MawBank":103,"Peace Pipe":98,"Du-Vu Doll":126,"Anchor":22,"DataDisk":54,"Bronze Scales":19,"Bird Faced Urn":133,"Black Star":76,"Bag of Marbles":91,"Membership Card":45,"Toy Ornithopter":61}],"Toy Ornithopter":40},"card_choices":[{"not_picked":["Compile Driver","Steam"],"picked":"Ball Lightning","floor":1.0},{"not_picked":["Barrage","Consume"],"picked":"Cold Snap","floor":3.0},{"not_picked":["Consume","Reprogram","Storm"],"picked":"SKIP","floor":5.0},{"not_picked":["Leap","Recycle"],"picked":"Conserve Battery","floor":7.0},{"not_picked":["Steam Power","Leap"],"picked":"Ball Lightning","floor":8.0},{"not_picked":["Gash","Rebound","Storm"],"picked":"SKIP","floor":12.0},{"not_picked":["Sweeping Beam","Aggregate"],"picked":"Core Surge","floor":13.0},{"not_picked":["Sweeping Beam","Rebound","Recycle"],"picked":"SKIP","floor":14.0},{"not_picked":["Multi-Cast+1","Hyperbeam"],"picked":"Fission+1","floor":16.0},{"not_picked":["Turbo+1","Compile Driver"],"picked":"Stack+1","floor":18.0},{"not_picked":["Undo+1","Steam+1"],"picked":"Self Repair","floor":20.0},{"not_picked":["Hello World","Steam+1"],"picked":"Biased Cognition","floor":23.0},{"not_picked":["Scrape","Sweeping Beam"],"picked":"Self Repair","floor":25.0},{"not_picked":["All For One","Sweeping Beam"],"picked":"Undo+1","floor":27.0},{"not_picked":["Beam Cell","Go for the Eyes"],"picked":"Cold Snap","floor":28.0},{"not_picked":["Seek+1","Creative AI"],"picked":"Electrodynamics","floor":33.0},{"not_picked":["Hello World","Steam+1","Cold Snap"],"picked":"SKIP","floor":35.0},{"not_picked":["Forethought+1","Secret Weapon+1"],"picked":"Panacea+1","floor":36.0},{"not_picked":["Deep Breath+1","Mind Blast"],"picked":"PanicButton+1","floor":36.0},{"not_picked":["Swift Strike","Panache"],"picked":"Trip+1","floor":36.0},{"not_picked":["Compile Driver","Go for the Eyes+1"],"picked":"Hologram+1","floor":41.0},{"not_picked":["Steam+1","Consume+1"],"picked":"Force Field+1","floor":45.0},{"not_picked":["Gash+1","Beam Cell"],"picked":"Undo+1","floor":46.0},{"not_picked":["Steam+1","Streamline"],"picked":"White Noise+1","floor":47.0},{"not_picked":["Melter","Ball Lightning"],"picked":"Recycle+1","floor":48.0},{"not_picked":["Gash","Barrage"],"picked":"Hologram+1","floor":55.0}],"player_experience":1151275,"relics_obtained":[{"floor":6.0,"key":"Vajra"},{"floor":7.0,"key":"Bronze Scales"},{"floor":9.0,"key":"PreservedInsect"},{"floor":10.0,"key":"Anchor"},{"floor":12.0,"key":"War Paint"},{"floor":15.0,"key":"Toxic Egg 2"},{"floor":22.0,"key":"Necronomicon"},{"floor":23.0,"key":"Nunchaku"},{"floor":24.0,"key":"DataDisk"},{"floor":25.0,"key":"Omamori"},{"floor":26.0,"key":"Potion Belt"},{"floor":27.0,"key":"Toy Ornithopter"},{"floor":29.0,"key":"MealTicket"},{"floor":32.0,"key":"Smiling Mask"},{"floor":40.0,"key":"Blood Vial"},{"floor":42.0,"key":"Oddly Smooth Stone"},{"floor":45.0,"key":"Calipers"},{"floor":45.0,"key":"Bag of Marbles"},{"floor":46.0,"key":"Peace Pipe"},{"floor":47.0,"key":"Happy Flower"},{"floor":47.0,"key":"MawBank"},{"floor":53.0,"key":"Letter Opener"},{"floor":55.0,"key":"Bird Faced Urn"},{"floor":55.0,"key":"Whetstone"}],"event_choices":[{"cards_removed":["Strike_B"],"damage_healed":0.0,"max_hp_gain":0.0,"max_hp_loss":0.0,"gold_gain":0.0,"event_name":"Purifier","player_choice":"Purged","floor":2.0,"gold_loss":0.0,"damage_taken":0.0},{"damage_healed":0.0,"max_hp_gain":0.0,"max_hp_loss":7.0,"gold_gain":0.0,"event_name":"Golden Idol","player_choice":"Lose Max HP","floor":4.0,"gold_loss":0.0,"damage_taken":0.0,"relics_obtained":["Golden Idol"]},{"damage_healed":0.0,"max_hp_gain":0.0,"max_hp_loss":0.0,"gold_gain":0.0,"event_name":"The Woman in Blue","player_choice":"Bought 1 Potion","floor":11.0,"gold_loss":0.0,"damage_taken":0.0},{"damage_healed":0.0,"max_hp_gain":0.0,"max_hp_loss":0.0,"gold_gain":0.0,"event_name":"Addict","player_choice":"Obtained Relic","floor":21.0,"gold_loss":85.0,"damage_taken":0.0,"relics_obtained":["Centennial Puzzle"]},{"damage_healed":0.0,"max_hp_gain":0.0,"max_hp_loss":0.0,"gold_gain":0.0,"event_name":"Cursed Tome","player_choice":"Obtained Book","floor":22.0,"gold_loss":0.0,"damage_taken":21.0},{"damage_healed":0.0,"max_hp_gain":0.0,"max_hp_loss":0.0,"gold_gain":50.0,"event_name":"Nest","player_choice":"Stole From Cult","floor":30.0,"gold_loss":0.0,"damage_taken":0.0},{"damage_healed":0.0,"max_hp_gain":0.0,"max_hp_loss":0.0,"gold_gain":0.0,"event_name":"SensoryStone","player_choice":"Memory 3","floor":36.0,"gold_loss":0.0,"damage_taken":10.0},{"damage_healed":0.0,"max_hp_gain":0.0,"max_hp_loss":0.0,"gold_gain":300.0,"event_name":"Wheel of Change","player_choice":"Gold","floor":37.0,"gold_loss":0.0,"damage_taken":0.0},{"damage_healed":0.0,"max_hp_gain":0.0,"max_hp_loss":0.0,"gold_gain":0.0,"event_name":"Tomb of Lord Red Mask","player_choice":"Ignored","floor":39.0,"gold_loss":0.0,"damage_taken":0.0},{"damage_healed":0.0,"max_hp_gain":0.0,"max_hp_loss":0.0,"gold_gain":0.0,"event_name":"Upgrade Shrine","player_choice":"Upgraded","floor":44.0,"gold_loss":0.0,"damage_taken":0.0,"cards_upgraded":["Biased Cognition"]},{"damage_healed":0.0,"max_hp_gain":0.0,"max_hp_loss":0.0,"gold_gain":0.0,"event_name":"MindBloom","player_choice":"Fight","floor":46.0,"gold_loss":0.0,"damage_taken":0.0}],"is_beta":false,"boss_relics":[{"not_picked":["Tiny House","Inserter"],"picked":"Fusion Hammer"},{"not_picked":["FrozenCore","Cursed Key"],"picked":"Black Star"}],"items_purged_floors":[19,54],"is_endless":false,"potions_floor_spawned":[3,5,7,8,14,18,23,27,41,46,47,55],"killed_by":"The Heart","ascension_level":20}}