{"host":"mj8akmyfd5lo602f","time":1609167964,"event":{"mods":["2.2 Compatiblity","Act Like it!","BaseMod","Bestiary","BshForSts","Colored Map","Colored Powertips","Downfall","Highlight Path","Minty Spire (QoL Compilation)","Permanent Neow","Relic Stats","StSLib","The Servant 0.9.4"],"gold_per_floor":[99,112,127,127,141,141,164,182,208,221,236,236,86,114,126,126,126,126],"floor_reached":16,"playtime":777,"items_purged":[],"score":114,"play_id":"28515ef2-75a5-4aad-846e-1ac71b3713ab","local_time":"20201228150604","is_ascension_mode":false,"campfire_choices":[{"floor":1.0,"key":"RECALL"},{"data":"champ:Shatter","floor":6,"key":"SMITH"},{"data":"champ:Backstep","floor":13,"key":"SMITH"}],"circlet_count":0,"master_deck":["champ:Strike","champ:Strike","champ:Strike","champ:Strike","champ:Defend+1","champ:Defend+1","champ:Defend","champ:Defend","champ:Execute","champ:Taunt+1","champ:GutPunch","champ:Encircle","champ:Shatter+1","champ:Backstep+1","champ:TornadoPunch","champ:AdrenalArmor"],"relics":["champ:ChampionCrown","downfall:BrokenWingStatue","War Paint","champ:SpectersHand","downfall:HeartBlessingRed","downfall:HeartBlessingBlue","champ:SignatureFinisher"],"acts_visited":["Exordium"],"potions_floor_usage":[9,14,16],"damage_taken":[{"damage":6,"enemies":"Jaw Worm","floor":2,"turns":5},{"damage":10,"enemies":"2 Louse","floor":3,"turns":3},{"damage":11,"enemies":"Small Slimes","floor":5,"turns":3},{"damage":13,"enemies":"Exordium Wildlife","floor":8,"turns":3},{"damage":47,"enemies":"3 Sentries","floor":9,"turns":9},{"damage":6,"enemies":"Lots of Slimes","floor":10,"turns":3},{"damage":10,"enemies":"2 Fungi Beasts","floor":11,"turns":3},{"damage":36,"enemies":"Gremlin Nob","floor":14,"turns":4},{"damage":9,"enemies":"Exordium Wildlife","floor":15,"turns":2},{"damage":67,"enemies":"downfall:Silent","floor":16,"turns":7}],"seed_played":"4153542886568785350","potions_obtained":[{"floor":8,"key":"AttackPotion"},{"floor":11,"key":"ColorlessPotion"},{"floor":15,"key":"champ:CounterPotion"}],"is_trial":false,"path_per_floor":["R","M","M","?","M","R","T","M","E","M","M","?","R","E","M","B"],"character_chosen":"THE_CHAMP","items_purchased":[],"campfire_rested":0,"item_purchase_floors":[],"current_hp_per_floor":[90,89,89,89,88,88,88,87,61,58,50,50,60,40,40,0,0,0],"gold":126,"neow_bonus":"UPGRADE_CARD","is_daily":false,"chose_seed":false,"campfire_upgraded":2,"win_rate":0.0,"timestamp":1609167964,"path_taken":["R","M","M","?","M","R","T","M","E","M","M","?","R","E","M","BOSS"],"items_purchased_type":[],"build_version":"2020-12-22","purchased_purges":0,"victory":false,"max_hp_per_floor":[90,90,90,90,90,90,90,90,90,90,90,90,100,100,100,100,100,100],"relic_stats":{"counters":[10,42],"War Paint":["champ:Defend","champ:Defend"],"obtain_stats":[{"downfall:BrokenWingStatue":4,"downfall:HeartBlessingRed":13,"downfall:HeartBlessingBlue":13,"champ:ChampionCrown":0,"champ:SignatureFinisher":14,"War Paint":9,"champ:SpectersHand":12},{"downfall:BrokenWingStatue":2,"downfall:HeartBlessingRed":7,"downfall:HeartBlessingBlue":7,"champ:ChampionCrown":0,"champ:SignatureFinisher":8,"War Paint":5,"champ:SpectersHand":7},{"downfall:BrokenWingStatue":8,"downfall:HeartBlessingRed":29,"downfall:HeartBlessingBlue":29,"champ:ChampionCrown":0,"champ:SignatureFinisher":33,"War Paint":23,"champ:SpectersHand":29}]},"card_choices":[{"not_picked":["champ:GladiatorsShout","champ:EnGarde"],"picked":"champ:GutPunch","floor":2},{"not_picked":["champ:FlashCut","champ:RageSigil"],"picked":"champ:Encircle","floor":3},{"not_picked":["champ:RageSigil","champ:GladiatorsShout"],"picked":"champ:Shatter","floor":5},{"not_picked":["champ:HeartStrike","champ:ShieldSigil"],"picked":"champ:Backstep","floor":8},{"not_picked":["champ:CrookedStrike","champ:EnGarde"],"picked":"champ:TornadoPunch","floor":9},{"not_picked":["champ:Circumvent","champ:EnchantCrown"],"picked":"champ:AdrenalArmor","floor":10},{"not_picked":["champ:RecklessLeap","champ:CrookedStrike","champ:BringItOn"],"picked":"SKIP","floor":11},{"not_picked":["champ:FlashCut","champ:RageSigil","champ:Riposte"],"picked":"SKIP","floor":14},{"not_picked":["champ:Circumvent","champ:RageSigil","champ:ShieldWall"],"picked":"SKIP","floor":15}],"player_experience":464373,"relics_obtained":[{"floor":9,"key":"War Paint"},{"floor":14,"key":"champ:SignatureFinisher"}],"event_choices":[],"is_beta":false,"boss_relics":[],"items_purged_floors":[],"is_endless":false,"potions_floor_spawned":[8,11,15],"killed_by":"downfall:Silent","ascension_level":0}}