{"host":"kh6fvhxn285ncg0o","time":1609167732,"event":{"mods":["Act Like it!","BaseMod","Colored Map","Friendly Minions","Keyboard Shortcuts","Minty Spire (QoL Compilation)","Quick Restart","Relic Stats","StSLib","SuperFastMode"],"gold_per_floor":[115,115,74,74,74,105,115,143,212,239,255,255,282,302,302,381,381,401,601,615,615,635,666,666,699,699,731,731,731],"floor_reached":28,"playtime":638,"items_purged":[],"score":638,"play_id":"abaa5a71-2961-4ef6-a931-a10a86b0930f","local_time":"20201229000212","is_ascension_mode":true,"campfire_choices":[{"data":"Body Slam","floor":12.0,"key":"SMITH"},{"data":"Second Wind","floor":15.0,"key":"SMITH"},{"data":"Offering","floor":24.0,"key":"SMITH"}],"circlet_count":0,"master_deck":["AscendersBane","Strike_R","Strike_R","Strike_R","Strike_R+1","Defend_R+1","Defend_R","Defend_R","Defend_R","Bash","Evolve","Corruption","Headbutt","Second Wind+1","Body Slam+1","Flame Barrier","Offering+1","Ghostly","Ghostly","Ghostly","Barricade+1"],"relics":["Burning Blood","NeowsBlessing","Toy Ornithopter","PreservedInsect","Frozen Egg 2","Omamori","Coffee Dripper","Juzu Bracelet","MealTicket","Orichalcum","Bag of Marbles"],"acts_visited":["Exordium","TheCity"],"potions_floor_usage":[27],"damage_taken":[{"damage":1.0,"enemies":"Small Slimes","floor":1.0,"turns":2.0},{"damage":0.0,"enemies":"3 Sentries","floor":6.0,"turns":2.0},{"damage":0.0,"enemies":"Jaw Worm","floor":7.0,"turns":1.0},{"damage":29.0,"enemies":"Lagavulin","floor":8.0,"turns":8.0},{"damage":15.0,"enemies":"3 Sentries","floor":10.0,"turns":8.0},{"damage":0.0,"enemies":"2 Louse","floor":11.0,"turns":2.0},{"damage":7.0,"enemies":"Looter","floor":14.0,"turns":4.0},{"damage":24.0,"enemies":"Slime Boss","floor":16.0,"turns":6.0},{"damage":30.0,"enemies":"Spheric Guardian","floor":18.0,"turns":6.0},{"damage":7.0,"enemies":"3 Byrds","floor":20.0,"turns":5.0},{"damage":33.0,"enemies":"Shelled Parasite and Fungi","floor":22.0,"turns":10.0},{"damage":4.0,"enemies":"Book of Stabbing","floor":23.0,"turns":5.0},{"damage":3.0,"enemies":"Slavers","floor":25.0,"turns":6.0},{"damage":29,"enemies":"Book of Stabbing","floor":27,"turns":5},{"damage":14,"enemies":"3 Cultists","floor":28,"turns":6}],"seed_played":"-7848331605890450353","potions_obtained":[{"floor":6.0,"key":"Dexterity Potion"},{"floor":8.0,"key":"LiquidMemories"},{"floor":11.0,"key":"Swift Potion"},{"floor":14.0,"key":"BloodPotion"},{"floor":20.0,"key":"Energy Potion"}],"is_trial":false,"path_per_floor":["M","?","$","?","?","E","M","E","T","E","M","R","T","M","R","B",null,"M","?","M","?","M","E","R","E","T","E","M"],"character_chosen":"IRONCLAD","items_purchased":["Evolve"],"campfire_rested":0,"item_purchase_floors":[3],"current_hp_per_floor":[73,50,50,55,55,61,67,49,49,40,46,46,46,45,45,32,68,44,44,43,40,13,15,15,23,23,13,0,0],"gold":731,"neow_bonus":"THREE_ENEMY_KILL","is_daily":false,"chose_seed":false,"campfire_upgraded":3,"win_rate":0.0,"timestamp":1609167732,"path_taken":["M","?","?","?","?","E","M","E","T","E","M","R","?","M","R","BOSS","M","?","?","?","M","E","R","E","T","E","M"],"items_purchased_type":["Card"],"build_version":"2020-12-22","purchased_purges":0,"victory":false,"max_hp_per_floor":[75,75,75,80,80,80,80,80,80,80,80,80,80,80,80,80,80,80,80,80,40,40,40,40,40,40,40,40,40],"relic_stats":{"counters":[15,76],"MealTicket":0,"PreservedInsect":159,"Juzu Bracelet":0,"Orichalcum":[18],"obtain_stats":[{"NeowsBlessing":0,"MealTicket":25,"PreservedInsect":8,"Omamori":10,"Coffee Dripper":17,"Juzu Bracelet":23,"Bag of Marbles":27,"Frozen Egg 2":9,"Orichalcum":26,"Burning Blood":0,"Toy Ornithopter":6},{"NeowsBlessing":0,"MealTicket":13,"PreservedInsect":4,"Omamori":5,"Coffee Dripper":8,"Juzu Bracelet":12,"Bag of Marbles":14,"Frozen Egg 2":4,"Orichalcum":13,"Burning Blood":0,"Toy Ornithopter":2},{"NeowsBlessing":0,"MealTicket":65,"PreservedInsect":13,"Omamori":21,"Coffee Dripper":33,"Juzu Bracelet":59,"Bag of Marbles":70,"Frozen Egg 2":13,"Orichalcum":65,"Burning Blood":0,"Toy Ornithopter":4}],"Burning Blood":84,"Toy Ornithopter":20},"card_choices":[{"not_picked":["Entrench","Rampage"],"picked":"Corruption","floor":6.0},{"not_picked":["Sword Boomerang","Blood for Blood"],"picked":"Headbutt","floor":7.0},{"not_picked":["Havoc","Uppercut"],"picked":"Second Wind","floor":8.0},{"not_picked":["Cleave","Uppercut"],"picked":"Body Slam","floor":10.0},{"not_picked":["Thunderclap","Iron Wave","Spot Weakness"],"picked":"SKIP","floor":11.0},{"not_picked":["Blood for Blood","Headbutt"],"picked":"Flame Barrier","floor":14.0},{"not_picked":["Corruption+1","Immolate"],"picked":"Offering","floor":16.0},{"not_picked":["Flame Barrier","Clothesline","True Grit"],"picked":"SKIP","floor":18.0},{"not_picked":["Havoc","Inflame+1","True Grit"],"picked":"SKIP","floor":20.0},{"not_picked":["Anger","Pommel Strike","Body Slam"],"picked":"SKIP","floor":22.0},{"not_picked":["Havoc","Perfected Strike","Rampage"],"picked":"SKIP","floor":23.0},{"not_picked":["Whirlwind+1","Infernal Blade","Brutality+1"],"picked":"SKIP","floor":25.0},{"not_picked":["Headbutt+1","Fire Breathing+1"],"picked":"Barricade+1","floor":27}],"player_experience":3292434,"relics_obtained":[{"floor":6.0,"key":"Toy Ornithopter"},{"floor":8.0,"key":"PreservedInsect"},{"floor":9.0,"key":"Frozen Egg 2"},{"floor":10.0,"key":"Omamori"},{"floor":23.0,"key":"Juzu Bracelet"},{"floor":25.0,"key":"MealTicket"},{"floor":26.0,"key":"Orichalcum"},{"floor":27,"key":"Bag of Marbles"}],"event_choices":[{"damage_healed":0.0,"max_hp_gain":0.0,"max_hp_loss":0.0,"gold_gain":0.0,"event_name":"Shining Light","player_choice":"Entered Light","floor":2.0,"gold_loss":0.0,"damage_taken":23.0,"cards_upgraded":["Strike_R","Defend_R"]},{"damage_healed":0.0,"max_hp_gain":5.0,"max_hp_loss":0.0,"gold_gain":0.0,"event_name":"Big Fish","player_choice":"Donut","floor":4.0,"gold_loss":0.0,"damage_taken":0.0},{"cards_removed":["Strike_R"],"damage_healed":0.0,"max_hp_gain":0.0,"max_hp_loss":0.0,"gold_gain":0.0,"event_name":"Living Wall","player_choice":"Forget","floor":5.0,"gold_loss":0.0,"damage_taken":0.0},{"damage_healed":0.0,"max_hp_gain":0.0,"max_hp_loss":0.0,"gold_gain":200.0,"event_name":"Wheel of Change","player_choice":"Gold","floor":19.0,"gold_loss":0.0,"damage_taken":0.0},{"damage_healed":0.0,"max_hp_gain":0.0,"max_hp_loss":40.0,"gold_gain":0.0,"event_name":"Ghosts","player_choice":"Became a Ghost","floor":21.0,"gold_loss":0.0,"damage_taken":0.0,"cards_obtained":["Ghostly","Ghostly","Ghostly"]}],"is_beta":false,"boss_relics":[{"not_picked":["Busted Crown","Cursed Key"],"picked":"Coffee Dripper"}],"items_purged_floors":[],"is_endless":false,"potions_floor_spawned":[6,8,11,14,20],"killed_by":"3 Cultists","ascension_level":20}}