{"host":"6t1lyqu4vs0bu9t8","time":1609142076,"event":{"mods":["AchievementEnabler","BaseMod","Colored Map","Keyboard Shortcuts","Minty Spire (QoL Compilation)","Permanent Neow","Quick Restart","Rare Cards Sparkle","StSLib","SuperFastMode","everything is the same but u backflip on backflip"],"gold_per_floor":[119,136,61,61,61,104,122,122,169,169,183,183,108,124,124,124,124],"floor_reached":16,"playtime":232,"items_purged":["Strike_P"],"score":238,"play_id":"f4c5c436-c085-450c-b753-749d0300a639","local_time":"20201228165436","is_ascension_mode":true,"campfire_choices":[{"data":"Eruption","floor":10.0,"key":"SMITH"},{"data":"PathToVictory","floor":12.0,"key":"SMITH"},{"data":"InnerPeace","floor":15.0,"key":"SMITH"}],"circlet_count":0,"master_deck":["AscendersBane","Strike_P","Defend_P","Defend_P","Defend_P","Defend_P","Eruption+1","Vigilance","PathToVictory+1","InnerPeace+1","FearNoEvil","Tantrum","WheelKick"],"relics":["PureWater","NeowsBlessing","Golden Idol","Bag of Preparation","MealTicket"],"acts_visited":["Exordium"],"potions_floor_usage":[16,16],"damage_taken":[{"damage":0.0,"enemies":"Cultist","floor":1.0,"turns":1.0},{"damage":0.0,"enemies":"Jaw Worm","floor":2.0,"turns":1.0},{"damage":0.0,"enemies":"Lagavulin","floor":6.0,"turns":2.0},{"damage":0.0,"enemies":"Small Slimes","floor":7.0,"turns":3.0},{"damage":0.0,"enemies":"3 Louse","floor":11.0,"turns":3.0},{"damage":9.0,"enemies":"Large Slime","floor":14.0,"turns":5.0},{"damage":41,"enemies":"The Guardian","floor":16,"turns":5}],"seed_played":"9190680595983857868","potions_obtained":[{"floor":6.0,"key":"AttackPotion"},{"floor":7.0,"key":"FearPotion"},{"floor":14.0,"key":"Fire Potion"}],"is_trial":false,"path_per_floor":["M","M","?","?","$","E","M","?","T","R","M","R","$","M","R","B"],"character_chosen":"WATCHER","items_purchased":[],"campfire_rested":0,"item_purchase_floors":[],"current_hp_per_floor":[61,61,61,38,38,38,38,31,31,31,31,31,46,37,37,0,0],"gold":124,"neow_bonus":"THREE_ENEMY_KILL","is_daily":false,"chose_seed":false,"campfire_upgraded":3,"win_rate":0.0,"timestamp":1609142076,"path_taken":["M","?","?","?","$","E","M","?","T","R","M","R","$","M","R","BOSS"],"items_purchased_type":[],"build_version":"2020-12-22","purchased_purges":1,"victory":false,"max_hp_per_floor":[68,68,68,68,68,68,68,68,68,68,68,68,68,68,68,68,68],"card_choices":[{"not_picked":["Halt","FlyingSleeves"],"picked":"PathToVictory","floor":1.0},{"not_picked":["ForeignInfluence","ThirdEye"],"picked":"InnerPeace","floor":2.0},{"not_picked":["SignatureMove","SandsOfTime"],"picked":"FearNoEvil","floor":6.0},{"not_picked":["Prostrate","SashWhip"],"picked":"Tantrum","floor":7.0},{"not_picked":["Collect","FlyingSleeves","Prostrate"],"picked":"SKIP","floor":11.0},{"not_picked":["Evaluate","ForeignInfluence"],"picked":"WheelKick","floor":14.0}],"player_experience":426842,"relics_obtained":[{"floor":6.0,"key":"Bag of Preparation"},{"floor":9.0,"key":"MealTicket"}],"event_choices":[{"cards_removed":["Strike_P"],"damage_healed":0.0,"max_hp_gain":0.0,"max_hp_loss":0.0,"gold_gain":0.0,"event_name":"The Cleric","player_choice":"Card Removal","floor":3.0,"gold_loss":75.0,"damage_taken":0.0},{"damage_healed":0.0,"max_hp_gain":0.0,"max_hp_loss":0.0,"gold_gain":0.0,"event_name":"Golden Idol","player_choice":"Take Damage","floor":4.0,"gold_loss":0.0,"damage_taken":23.0,"relics_obtained":["Golden Idol"]},{"cards_removed":["Strike_P"],"damage_healed":0.0,"max_hp_gain":0.0,"max_hp_loss":0.0,"gold_gain":0.0,"event_name":"Golden Wing","player_choice":"Card Removal","floor":8.0,"gold_loss":0.0,"damage_taken":7.0}],"is_beta":false,"boss_relics":[],"items_purged_floors":[13],"is_endless":false,"potions_floor_spawned":[6,7,14],"killed_by":"The Guardian","ascension_level":18}}