{"host":"bydnmyvf669xu6ab","time":1609197980,"event":{"mods":["Aspiration","BaseMod","Better Note","BetterRewards","Colored Map","Colored Powertips","Minty Spire (QoL Compilation)","Rare Cards Sparkle","Relic Stats","Shop Mod","StSLib","SuperFastMode","Virulent Crown"],"gold_per_floor":[110,126,145,145,145,145,173,183,210,67,67,67,117,128,128,232,232,246,246,22,26,45,45,77,77,77,91,111,130,130,130,130,234,234,253,268,195,195,195,195,195],"floor_reached":40,"playtime":2162,"items_purged":["Injury"],"score":636,"play_id":"424cfa68-9dae-4957-ad49-9e00f1b7e4e3","local_time":"20201228152620","is_ascension_mode":true,"campfire_choices":[{"data":"Armaments","floor":6,"key":"SMITH"},{"floor":12,"key":"RECALL"},{"data":"Bash","floor":15,"key":"SMITH"},{"data":"Barricade","floor":23,"key":"SMITH"},{"data":"Entrench","floor":25,"key":"SMITH"},{"data":"Juggernaut","floor":32,"key":"SMITH"}],"circlet_count":0,"master_deck":["Strike_R","Strike_R","Strike_R","Strike_R","Strike_R","Defend_R","Defend_R","Defend_R","Defend_R","Bash+1","Bandage Up","Armaments+1","Pommel Strike","Entrench+1","Iron Wave","Limit Break+1","Body Slam","Power Through+1","Juggernaut+1","CurseOfTheBell","True Grit+1","Barricade+1","Body Slam+1","Rage+1","Flex+1","Cleave","Impervious+1","Heavy Blade","Metallicize"],"relics":["Burning Blood","Question Card","Toxic Egg 2","HornCleat","Boot","Anchor","Lantern","aspiration:Lifesprig","Calling Bell","Strawberry","Shuriken","Gambling Chip","Bag of Marbles","Bottled Flame","Busted Crown","Pen Nib"],"acts_visited":["Exordium","TheCity","TheBeyond"],"potions_floor_usage":[16,40,40],"damage_taken":[{"damage":8,"enemies":"2 Louse","floor":1,"turns":4},{"damage":10,"enemies":"Small Slimes","floor":2,"turns":4},{"damage":8,"enemies":"Jaw Worm","floor":3,"turns":3},{"damage":8,"enemies":"Gremlin Nob","floor":7,"turns":5},{"damage":12,"enemies":"Blue Slaver","floor":8,"turns":4},{"damage":0,"enemies":"Looter","floor":14,"turns":2},{"damage":47,"enemies":"Hexaghost","floor":16,"turns":15},{"damage":18,"enemies":"Spheric Guardian","floor":18,"turns":5},{"damage":0,"enemies":"2 Thieves","floor":21,"turns":4},{"damage":0,"enemies":"Cultist and Chosen","floor":22,"turns":8},{"damage":38,"enemies":"Book of Stabbing","floor":24,"turns":6},{"damage":0,"enemies":"Centurion and Healer","floor":27,"turns":7},{"damage":0,"enemies":"Snake Plant","floor":28,"turns":2},{"damage":0,"enemies":"Snecko","floor":29,"turns":6},{"damage":0,"enemies":"Champ","floor":33,"turns":10},{"damage":4,"enemies":"3 Shapes","floor":35,"turns":8},{"damage":0,"enemies":"Orb Walker","floor":36,"turns":3},{"damage":104,"enemies":"Giant Head","floor":40,"turns":11}],"seed_played":"-8797343297652971887","potions_obtained":[{"floor":1,"key":"Dexterity Potion"},{"floor":7,"key":"PowerPotion"},{"floor":14,"key":"LiquidMemories"},{"floor":16,"key":"PowerPotion"},{"floor":18,"key":"LiquidBronze"}],"is_trial":false,"path_per_floor":["M","M","M","?","?","R","E","M","T","$","$","R","T","M","R","B",null,"M","?","$","M","M","R","E","R","T","M","M","M","?","$","R","B",null,"M","M","$","?","?","E"],"character_chosen":"IRONCLAD","items_purchased":["Bandage Up","Question Card","Armaments","Lantern","Bag of Marbles","Metallicize"],"campfire_rested":0,"item_purchase_floors":[0,0,0,10,20,37],"current_hp_per_floor":[69,69,71,71,46,46,50,50,50,50,50,50,50,60,60,23,87,75,75,75,85,87,87,55,55,55,67,73,79,79,79,79,87,87,87,87,87,87,87,0,0],"gold":195,"neow_bonus":"","is_daily":false,"chose_seed":false,"campfire_upgraded":5,"win_rate":0.0,"timestamp":1609197980,"path_taken":["M","M","M","?","?","R","E","M","T","?","$","R","?","?","R","BOSS","M","?","$","M","M","R","E","R","T","M","M","M","?","?","R","BOSS","M","M","$","?","?","E"],"items_purchased_type":["Card","Relic","Card","Relic","Relic","Card"],"build_version":"2020-12-22","purchased_purges":1,"victory":false,"max_hp_per_floor":[80,80,80,80,80,80,80,80,80,80,80,80,80,80,80,80,87,87,87,87,87,87,87,87,87,87,87,87,87,87,87,87,87,87,87,87,87,87,87,87,87],"relic_stats":{"Busted Crown":18,"counters":[1107,5635],"Shuriken":[6],"Gambling Chip":[30],"Pen Nib":[1],"Question Card":18,"Boot":[12],"obtain_stats":[{"Ice Cream":49,"Calipers":10,"Tiny House":34,"Gremlin Horn":29,"Whetstone":19,"Ginger":24,"Boot":9,"Old Coin":43,"Blood Vial":4,"HornCleat":10,"DollysMirror":0,"Strawberry":10,"MealTicket":19,"Philosopher\u0027s Stone":17,"Fusion Hammer":17,"Kunai":31,"Toxic Egg 2":19,"aspiration:DSix":10,"Pear":7,"Happy Flower":22,"Blue Candle":44,"Oddly Smooth Stone":10,"Eternal Feather":44,"Pen Nib":9,"Charon\u0027s Ashes":37,"aspiration:SeaSaltIceCream":25,"Letter Opener":40,"War Paint":26,"aspiration:HiddenCompartment":9,"Question Card":19,"SlaversCollar":17,"Bottled Flame":24,"Shuriken":30,"Bird Faced Urn":22,"Bronze Scales":28,"MutagenicStrength":30,"Mark of Pain":34,"Black Star":17,"Nloth\u0027s Gift":20,"aspiration:HatOfInfinitePower":12,"Unceasing Top":5,"Meat on the Bone":24,"Regal Pillow":0,"Lantern":24,"aspiration:Lifesprig":13,"Singing Bowl":26,"Enchiridion":19,"Black Blood":17,"Magic Flower":0,"Mango":45,"Bag of Preparation":38,"Incense Burner":38,"Juzu Bracelet":40,"Cursed Key":17,"Ancient Tea Set":26,"Burning Blood":0,"ClockworkSouvenir":19,"Nunchaku":0,"Dream Catcher":9,"Shovel":38,"Mummified Hand":31,"aspiration:AnachronicSnailShell":12,"Pantograph":26,"Gambling Chip":17,"Toolbox":0,"WingedGreaves":36,"Red Skull":0,"InkBottle":11,"Paper Frog":45,"Potion Belt":38,"Self Forming Clay":26,"The Courier":12,"PreservedInsect":0,"aspiration:HummingbirdHeart":9,"Omamori":0,"aspiration:SecretTechniqueScroll":17,"MawBank":8,"Calling Bell":17,"Strange Spoon":0,"Anchor":0,"Busted Crown":17,"Orrery":0,"Turnip":38,"Bag of Marbles":20,"Champion Belt":24,"Membership Card":38,"Bottled Lightning":14,"aspiration:RitualDagger":17,"TungstenRod":42,"FossilizedHelix":10},{"Ice Cream":978,"Calipers":937,"Tiny House":1020,"Gremlin Horn":968,"Whetstone":964,"Ginger":1051,"Boot":983,"Old Coin":975,"Blood Vial":1032,"HornCleat":983,"DollysMirror":979,"Strawberry":983,"MealTicket":1003,"Philosopher\u0027s Stone":1013,"Fusion Hammer":1049,"Kunai":970,"Toxic Egg 2":942,"aspiration:DSix":1067,"Pear":983,"Happy Flower":1051,"Blue Candle":976,"Oddly Smooth Stone":1010,"Eternal Feather":976,"Pen Nib":936,"Charon\u0027s Ashes":1056,"aspiration:SeaSaltIceCream":1017,"Letter Opener":1058,"War Paint":1070,"aspiration:HiddenCompartment":1009,"Question Card":1014,"SlaversCollar":985,"Bottled Flame":1100,"Shuriken":1019,"Bird Faced Urn":951,"Bronze Scales":1017,"MutagenicStrength":1087,"Mark of Pain":971,"Black Star":963,"Nloth\u0027s Gift":986,"aspiration:HatOfInfinitePower":1011,"Unceasing Top":945,"Meat on the Bone":966,"Regal Pillow":956,"Lantern":1051,"aspiration:Lifesprig":1094,"Singing Bowl":1017,"Enchiridion":951,"Black Blood":1002,"Magic Flower":1073,"Mango":1060,"Bag of Preparation":973,"Incense Burner":973,"Juzu Bracelet":974,"Cursed Key":941,"Ancient Tea Set":953,"Burning Blood":0,"ClockworkSouvenir":964,"Nunchaku":979,"Dream Catcher":1033,"Shovel":973,"Mummified Hand":970,"aspiration:AnachronicSnailShell":949,"Pantograph":1051,"Gambling Chip":1096,"Toolbox":943,"WingedGreaves":1022,"Red Skull":1029,"InkBottle":1067,"Paper Frog":976,"Potion Belt":1022,"Self Forming Clay":966,"The Courier":961,"PreservedInsect":1043,"aspiration:HummingbirdHeart":960,"Omamori":979,"aspiration:SecretTechniqueScroll":950,"MawBank":960,"Calling Bell":1096,"Strange Spoon":956,"Anchor":992,"Busted Crown":1081,"Orrery":1007,"Turnip":973,"Bag of Marbles":1097,"Champion Belt":952,"Membership Card":973,"Bottled Lightning":1048,"aspiration:RitualDagger":1068,"TungstenRod":975,"FossilizedHelix":999},{"Ice Cream":4914,"Calipers":4722,"Tiny House":5142,"Gremlin Horn":4863,"Whetstone":4842,"Ginger":5310,"Boot":4940,"Old Coin":4895,"Blood Vial":5197,"HornCleat":4940,"DollysMirror":4922,"Strawberry":4940,"MealTicket":5053,"Philosopher\u0027s Stone":5111,"Fusion Hammer":5300,"Kunai":4872,"Toxic Egg 2":4738,"aspiration:DSix":5389,"Pear":4940,"Happy Flower":5310,"Blue Candle":4903,"Oddly Smooth Stone":5090,"Eternal Feather":4903,"Pen Nib":4716,"Charon\u0027s Ashes":5339,"aspiration:SeaSaltIceCream":5129,"Letter Opener":5349,"War Paint":5411,"aspiration:HiddenCompartment":5083,"Question Card":5113,"SlaversCollar":4957,"Bottled Flame":5588,"Shuriken":5135,"Bird Faced Urn":4777,"Bronze Scales":5129,"MutagenicStrength":5515,"Mark of Pain":4879,"Black Star":4835,"Nloth\u0027s Gift":4962,"aspiration:HatOfInfinitePower":5094,"Unceasing Top":4749,"Meat on the Bone":4851,"Regal Pillow":4807,"Lantern":5310,"aspiration:Lifesprig":5548,"Singing Bowl":5129,"Enchiridion":4777,"Black Blood":5048,"Magic Flower":5436,"Mango":5360,"Bag of Preparation":4886,"Incense Burner":4886,"Juzu Bracelet":4891,"Cursed Key":4734,"Ancient Tea Set":4790,"Burning Blood":0,"ClockworkSouvenir":4842,"Nunchaku":4922,"Dream Catcher":5203,"Shovel":4886,"Mummified Hand":4872,"aspiration:AnachronicSnailShell":4761,"Pantograph":5310,"Gambling Chip":5565,"Toolbox":4741,"WingedGreaves":5152,"Red Skull":5186,"InkBottle":5389,"Paper Frog":4903,"Potion Belt":5152,"Self Forming Clay":4851,"The Courier":4824,"PreservedInsect":5276,"aspiration:HummingbirdHeart":4819,"Omamori":4922,"aspiration:SecretTechniqueScroll":4773,"MawBank":4819,"Calling Bell":5565,"Strange Spoon":4807,"Anchor":5001,"Busted Crown":5473,"Orrery":5076,"Turnip":4886,"Bag of Marbles":5570,"Champion Belt":4786,"Membership Card":4886,"Bottled Lightning":5292,"aspiration:RitualDagger":5400,"TungstenRod":4895,"FossilizedHelix":5030}],"Burning Blood":86},"card_choices":[{"not_picked":["True Grit","Power Through","Cleave"],"picked":"Pommel Strike","floor":1},{"not_picked":["Power Through","Headbutt","Evolve"],"picked":"Entrench","floor":2},{"not_picked":["Clash","Thunderclap","Searing Blow"],"picked":"Iron Wave","floor":3},{"not_picked":["Headbutt","Heavy Blade","Rage+1"],"picked":"Limit Break+1","floor":7},{"not_picked":["Dark Embrace","Havoc+1","Ghostly Armor+1"],"picked":"Body Slam","floor":8},{"not_picked":["Disarm+1","Shrug It Off+1","Armaments+1"],"picked":"Power Through+1","floor":14},{"not_picked":["Brutality","Exhume+1","Impervious+1"],"picked":"Juggernaut","floor":16},{"not_picked":["Sword Boomerang","Fire Breathing","Burning Pact+1"],"picked":"True Grit+1","floor":18},{"not_picked":["Rampage+1","Dual Wield+1","Combust+1"],"picked":"Body Slam+1","floor":21},{"not_picked":["Sword Boomerang","Infernal Blade+1","Pommel Strike"],"picked":"Rage+1","floor":22},{"not_picked":["Twin Strike+1","Heavy Blade","Warcry+1"],"picked":"Flex+1","floor":24},{"not_picked":["Reckless Charge","Sever Soul","Uppercut","Searing Blow+1"],"picked":"SKIP","floor":27},{"not_picked":["Hemokinesis","Twin Strike","Warcry+1"],"picked":"Cleave","floor":28},{"not_picked":["Burning Pact+1","Clothesline","Dark Embrace","Pommel Strike"],"picked":"SKIP","floor":29},{"not_picked":["Fiend Fire","Juggernaut","Immolate"],"picked":"Impervious+1","floor":33},{"not_picked":["Sword Boomerang"],"picked":"Heavy Blade","floor":35},{"not_picked":["Shockwave+1","Dark Embrace"],"picked":"SKIP","floor":36}],"player_experience":2071946,"relics_obtained":[{"floor":7,"key":"Boot"},{"floor":9,"key":"Anchor"},{"floor":13,"key":"aspiration:Lifesprig"},{"floor":17,"key":"Strawberry"},{"floor":17,"key":"Shuriken"},{"floor":17,"key":"Gambling Chip"},{"floor":24,"key":"Bottled Flame"}],"event_choices":[{"damage_healed":0,"gold_gain":0,"player_choice":"Success","damage_taken":25,"relics_obtained":["HornCleat"],"max_hp_gain":0,"max_hp_loss":0,"event_name":"Scrap Ooze","floor":5,"gold_loss":0},{"cards_removed":["Limit Break"],"damage_healed":0,"gold_gain":0,"player_choice":"Take \u0026 Give","damage_taken":0,"max_hp_gain":0,"max_hp_loss":0,"event_name":"betterNote:BetterNote","floor":19,"gold_loss":0,"cards_obtained":["Barricade"]},{"damage_healed":0,"gold_gain":0,"player_choice":"Ignored","damage_taken":0,"max_hp_gain":0,"max_hp_loss":0,"event_name":"Vampires","floor":30,"gold_loss":0},{"damage_healed":0,"gold_gain":0,"player_choice":"Gave Potion","damage_taken":0,"relics_obtained":["Pen Nib"],"max_hp_gain":0,"max_hp_loss":0,"event_name":"WeMeetAgain","floor":39,"gold_loss":0}],"is_beta":false,"boss_relics":[{"not_picked":["Coffee Dripper","aspiration:DefectSkillbook"],"picked":"Calling Bell"},{"not_picked":["Fusion Hammer","Cursed Key"],"picked":"Busted Crown"}],"items_purged_floors":[20],"is_endless":false,"potions_floor_spawned":[1,7,14,16,18,24,28,33,35],"killed_by":"Giant Head","ascension_level":1}}