{"host":"i0m9g0siyue4991n","time":1609124440,"event":{"mods":["ATMod(阿瑾Mod)","Act Like it!","BaseMod","BetterRewards","CapriCore","Challenge The Spire","Custom Start","Decade(王小明)","Friendly Minions","Gensokyo","Minty Spire (QoL Compilation)","Quick Restart","Reimu（博丽灵梦）","RumiaBox-露米娅的神秘盒子","StSLib","The Animator","The Immortal","TheWitcher"],"gold_per_floor":[129,129,171,185,199,199,287,287,314,336,411,429,429,453,453,332,332],"floor_reached":16,"playtime":720,"items_purged":[],"score":110,"play_id":"9ad85f5f-bc5c-4259-8a6d-d428ceba1921","local_time":"20201228110040","is_ascension_mode":true,"campfire_choices":[{"data":"AT_FamilyPortrait","floor":6,"key":"SMITH"},{"data":"SnafuTest:SignYrden","floor":8,"key":"SMITH"},{"floor":15,"key":"REST"}],"circlet_count":0,"master_deck":["SnafuTest:DefaultCommonAttack","SnafuTest:BountyHunt","SnafuTest:DefaultCommonSkill+1","SnafuTest:DefaultCommonSkill","SnafuTest:DefaultCommonSkill","SnafuTest:SignYrden+1","AT_FamilyPortrait+1","SnafuTest:SignIgni","SnafuTest:AncestralRitual","SnafuTest:BlueWhale"],"relics":["SnafuTest:UnstableMutagenRelic","AT_ATBox","Dead Branch","Bag of Marbles","SSSystem"],"acts_visited":["Exordium"],"potions_floor_usage":[5,7,12,16,16,16],"damage_taken":[{"damage":12,"enemies":"2 Louse","floor":1,"turns":3},{"damage":0,"enemies":"Small Slimes","floor":3,"turns":2},{"damage":6,"enemies":"Cultist","floor":4,"turns":5},{"damage":17,"enemies":"Looter","floor":5,"turns":3},{"damage":4,"enemies":"Exordium Thugs","floor":7,"turns":3},{"damage":0,"enemies":"2 Fungi Beasts","floor":10,"turns":2},{"damage":0,"enemies":"Blue Slaver","floor":12,"turns":3},{"damage":0,"enemies":"Looter","floor":14,"turns":1},{"damage":33,"enemies":"Slime Boss","floor":16,"turns":9}],"seed_played":"-4641881674580317988","potions_obtained":[{"floor":4,"key":"LiquidMemories"},{"floor":5,"key":"Fruit Juice"},{"floor":7,"key":"SpeedPotion"},{"floor":14,"key":"Dexterity Potion"}],"is_trial":false,"path_per_floor":["M","?","M","M","M","R","M","R","T","M","?","M","?","M","R","B"],"character_chosen":"THE_WITCHER","items_purchased":[],"campfire_rested":1,"item_purchase_floors":[],"current_hp_per_floor":[42,35,35,33,21,21,17,17,17,17,6,6,6,6,30,0,0],"gold":332,"neow_bonus":"ONE_RARE_RELIC","is_daily":false,"chose_seed":false,"campfire_upgraded":2,"win_rate":0.0,"timestamp":1609124440,"path_taken":["M","?","M","M","M","R","M","R","T","M","?","M","?","M","R","BOSS"],"items_purchased_type":[],"build_version":"2020-12-22","purchased_purges":0,"victory":false,"max_hp_per_floor":[75,75,75,75,80,80,80,80,80,80,80,80,80,80,80,80,80],"card_choices":[{"not_picked":["SnafuTest:PowerMartialMagical","SnafuTest:UndefeatedNarcissism","SnafuTest:Portal"],"picked":"SKIP","floor":1},{"not_picked":["SnafuTest:SignAxii","SnafuTest:SignYrden"],"picked":"SnafuTest:SignIgni","floor":3},{"not_picked":["SnafuTest:Meditation","SnafuTest:GetPaid"],"picked":"SnafuTest:AncestralRitual","floor":4},{"not_picked":["SnafuTest:PowerTrialOfGrasses","SnafuTest:CalculatingAmbition","SnafuTest:SneakKill"],"picked":"SKIP","floor":5},{"not_picked":["SnafuTest:CalculatingAmbition","SnafuTest:DesperateRemediation","SnafuTest:UndefeatedNarcissism"],"picked":"SKIP","floor":7},{"not_picked":["SnafuTest:SmashingSlash","SnafuTest:MCSuccubusSeduction","SnafuTest:BombMoonDust"],"picked":"SKIP","floor":10},{"not_picked":["SnafuTest:PowerCounterAttack","SnafuTest:SwordDance"],"picked":"SnafuTest:BlueWhale","floor":12},{"not_picked":["SnafuTest:ShoulderSlam","SnafuTest:SpellChainLightning","SnafuTest:PowerAlwaysAWay"],"picked":"SKIP","floor":14}],"player_experience":605030,"relics_obtained":[{"floor":9,"key":"Bag of Marbles"}],"event_choices":[{"cards_removed":["SnafuTest:DefaultCommonAttack"],"damage_healed":0,"gold_gain":0,"player_choice":"Card Removal","damage_taken":7,"max_hp_gain":0,"max_hp_loss":0,"event_name":"Golden Wing","floor":2,"gold_loss":0},{"damage_healed":0,"gold_gain":75,"player_choice":"Gather Gold","damage_taken":11,"max_hp_gain":0,"max_hp_loss":0,"event_name":"World of Goop","floor":11,"gold_loss":0},{"cards_removed":["SnafuTest:DefaultCommonAttack"],"damage_healed":0,"gold_gain":0,"player_choice":"Forget","damage_taken":0,"max_hp_gain":0,"max_hp_loss":0,"event_name":"Living Wall","floor":13,"gold_loss":0}],"is_beta":false,"boss_relics":[],"items_purged_floors":[],"is_endless":false,"potions_floor_spawned":[4,5,7,14],"killed_by":"Slime Boss","ascension_level":3}}