{"host":"pl1fbpkom0aq337f","time":1609170457,"event":{"mods":["AchievementEnabler","BaseMod","Colored Map","Minty Spire (QoL Compilation)"],"gold_per_floor":[114,114,114,114,114,114,145,160,210,234,234,268,112,130,155,165,176,176,247,247,261,261,272,284,304,304,335,335,368,368,368,368],"floor_reached":31,"playtime":1145,"items_purged":["Strike_P"],"score":736,"play_id":"9a86253e-b3e7-41f4-814e-71f72e4790fb","local_time":"20201228164737","is_ascension_mode":true,"campfire_choices":[{"data":"FearNoEvil","floor":6,"key":"SMITH"},{"floor":11,"key":"REST"},{"data":"CrushJoints","floor":18,"key":"SMITH"},{"data":"Adaptation","floor":26,"key":"SMITH"}],"circlet_count":0,"master_deck":["AscendersBane","Strike_P+1","Defend_P","Defend_P","Defend_P+1","Defend_P","Eruption+1","Vigilance","FearNoEvil+1","BowlingBash","MentalFortress","EmptyFist","InnerPeace","FlurryOfBlows","CrushJoints+1","Scrawl","DeceiveReality","Adaptation+1","Wallop"],"relics":["PureWater","NeowsBlessing","Oddly Smooth Stone","Nunchaku","Ancient Tea Set","Toy Ornithopter","Akabeko","Art of War","Calling Bell","MealTicket","Sundial","Incense Burner","StoneCalendar","Unceasing Top","Molten Egg 2"],"acts_visited":["Exordium","TheCity"],"potions_floor_usage":[15,19,29],"damage_taken":[{"damage":0,"enemies":"Jaw Worm","floor":1,"turns":1},{"damage":0,"enemies":"Lagavulin","floor":7,"turns":1},{"damage":0,"enemies":"Small Slimes","floor":8,"turns":1},{"damage":11,"enemies":"3 Sentries","floor":12,"turns":9},{"damage":0,"enemies":"2 Louse","floor":14,"turns":1},{"damage":4,"enemies":"Lagavulin","floor":15,"turns":4},{"damage":0,"enemies":"Gremlin Gang","floor":16,"turns":2},{"damage":0,"enemies":"Blue Slaver","floor":17,"turns":3},{"damage":0,"enemies":"Slime Boss","floor":19,"turns":6},{"damage":3,"enemies":"Chosen","floor":21,"turns":3},{"damage":2,"enemies":"Spheric Guardian","floor":23,"turns":4},{"damage":3,"enemies":"Centurion and Healer","floor":24,"turns":9},{"damage":0,"enemies":"Snake Plant","floor":25,"turns":3},{"damage":29,"enemies":"Book of Stabbing","floor":27,"turns":4},{"damage":39,"enemies":"Gremlin Leader","floor":29,"turns":3},{"damage":20,"enemies":"Shelled Parasite and Fungi","floor":31,"turns":2}],"seed_played":"-9179404738531866628","potions_obtained":[{"floor":7,"key":"Dexterity Potion"},{"floor":14,"key":"GamblersBrew"},{"floor":15,"key":"Weak Potion"},{"floor":19,"key":"FairyPotion"},{"floor":23,"key":"PowerPotion"}],"is_trial":false,"path_per_floor":["M","?","?","$","?","R","E","M","T","T","R","E","$","M","E","M","M","R","B",null,"M","?","M","M","M","R","E","?","E","T","M"],"character_chosen":"WATCHER","items_purchased":["InnerPeace"],"campfire_rested":1,"item_purchase_floors":[13],"current_hp_per_floor":[61,61,56,56,36,36,36,36,36,36,56,45,45,45,46,46,46,46,51,64,61,61,59,56,56,56,27,27,20,20,0,0],"gold":368,"neow_bonus":"THREE_ENEMY_KILL","is_daily":false,"chose_seed":false,"campfire_upgraded":3,"win_rate":0.0,"timestamp":1609170457,"path_taken":["M","?","?","?","?","R","E","M","T","T","R","E","$","M","E","M","?","R","BOSS","M","?","M","M","?","R","E","?","E","T","M"],"items_purchased_type":["Card"],"build_version":"2020-12-22","purchased_purges":1,"victory":false,"max_hp_per_floor":[68,68,68,68,68,68,68,68,68,68,68,68,68,68,68,68,68,68,68,68,68,68,68,68,68,68,68,68,68,68,68,68],"card_choices":[{"not_picked":["BowlingBash","Pray"],"picked":"FearNoEvil","floor":1},{"not_picked":["ThirdEye","JustLucky"],"picked":"BowlingBash","floor":7},{"not_picked":["Halt","CutThroughFate"],"picked":"MentalFortress","floor":8},{"not_picked":["Study","Brilliance"],"picked":"EmptyFist","floor":12},{"not_picked":["Wallop","Indignation"],"picked":"FlurryOfBlows","floor":14},{"not_picked":["FlyingSleeves","Collect"],"picked":"CrushJoints","floor":15},{"not_picked":["FollowUp","DeceiveReality","CutThroughFate"],"picked":"SKIP","floor":16},{"not_picked":["Pray","ThirdEye","CrushJoints"],"picked":"SKIP","floor":17},{"not_picked":["Ragnarok","DeusExMachina"],"picked":"Scrawl","floor":19},{"not_picked":["Nirvana","FollowUp","Evaluate"],"picked":"SKIP","floor":21},{"not_picked":["Sanctity+1","Nirvana"],"picked":"Adaptation","floor":23},{"not_picked":["CrushJoints","Weave","SashWhip+1"],"picked":"SKIP","floor":24},{"not_picked":["Collect","Swivel","CutThroughFate"],"picked":"SKIP","floor":25},{"not_picked":["ReachHeaven","EmptyFist","Establishment"],"picked":"SKIP","floor":27},{"not_picked":["BowlingBash","EmptyFist"],"picked":"Wallop","floor":29}],"player_experience":410146,"relics_obtained":[{"floor":7,"key":"Nunchaku"},{"floor":9,"key":"Ancient Tea Set"},{"floor":10,"key":"Toy Ornithopter"},{"floor":12,"key":"Akabeko"},{"floor":15,"key":"Art of War"},{"floor":20,"key":"MealTicket"},{"floor":20,"key":"Sundial"},{"floor":20,"key":"Incense Burner"},{"floor":27,"key":"StoneCalendar"},{"floor":29,"key":"Unceasing Top"},{"floor":30,"key":"Molten Egg 2"}],"event_choices":[{"damage_healed":0,"gold_gain":0,"player_choice":"Grow","damage_taken":0,"max_hp_gain":0,"max_hp_loss":0,"event_name":"Living Wall","floor":2,"gold_loss":0,"cards_upgraded":["Eruption"]},{"damage_healed":0,"gold_gain":0,"player_choice":"Success","damage_taken":5,"relics_obtained":["Oddly Smooth Stone"],"max_hp_gain":0,"max_hp_loss":0,"event_name":"Scrap Ooze","floor":3,"gold_loss":0},{"damage_healed":0,"gold_gain":0,"player_choice":"Entered Light","damage_taken":20,"max_hp_gain":0,"max_hp_loss":0,"event_name":"Shining Light","floor":5,"gold_loss":0,"cards_upgraded":["Defend_P","Strike_P"]},{"damage_healed":0,"gold_gain":0,"cards_transformed":["Strike_P"],"player_choice":"Transformed","damage_taken":0,"max_hp_gain":0,"max_hp_loss":0,"event_name":"Transmorgrifier","floor":22,"gold_loss":0,"cards_obtained":["DeceiveReality"]},{"cards_removed":["Strike_P"],"damage_healed":0,"gold_gain":0,"player_choice":"Purged","damage_taken":0,"max_hp_gain":0,"max_hp_loss":0,"event_name":"Purifier","floor":28,"gold_loss":0}],"is_beta":false,"boss_relics":[{"not_picked":["Empty Cage","Tiny House"],"picked":"Calling Bell"}],"items_purged_floors":[13],"is_endless":false,"potions_floor_spawned":[7,14,15,16,19,23],"killed_by":"Shelled Parasite and Fungi","ascension_level":20}}