{"host":"f6tqpspb2ou2a4h5","time":1609149311,"event":{"mods":["2.2 Compatiblity","Ascension Unlocker","BaseMod","Colored Map","DeckTracker","Hermit","Highlight Path","KOR Keyword Fix","Keyboard Shortcuts","Minty Spire (QoL Compilation)","Permanent Neow","Quick Restart","Random Character Button","StSLib","SuperFastMode","The Poker Player","everything is the same but u backflip on backflip"],"gold_per_floor":[99,49,49,49,49,49,49,49,49,49,49,49,49,49,49,49,49],"floor_reached":16,"playtime":1668,"items_purged":[],"score":156,"play_id":"80263d68-1714-4675-8d06-d0063968de58","local_time":"20201228185511","is_ascension_mode":true,"campfire_choices":[{"data":"Consume","floor":7.0,"key":"SMITH"},{"floor":12,"key":"REST"},{"floor":15,"key":"REST"}],"circlet_count":0,"master_deck":["Strike_B","Strike_B","Defend_B","Defend_B","Defend_B","Defend_B","Zap","Dualcast","Melter","Conserve Battery","Consume+1","White Noise","Biased Cognition","Sweeping Beam","Defragment"],"relics":["Ectoplasm","InkBottle","Orichalcum","Blood Vial","Unceasing Top"],"acts_visited":["Exordium"],"potions_floor_usage":[11,16,16],"damage_taken":[{"damage":6.0,"enemies":"2 Louse","floor":1.0,"turns":2.0},{"damage":4.0,"enemies":"Small Slimes","floor":3.0,"turns":4.0},{"damage":0.0,"enemies":"Cultist","floor":5.0,"turns":3.0},{"damage":8.0,"enemies":"3 Louse","floor":6.0,"turns":3.0},{"damage":25,"enemies":"3 Sentries","floor":8,"turns":8},{"damage":7,"enemies":"Lagavulin","floor":11,"turns":7},{"damage":25,"enemies":"3 Sentries","floor":13,"turns":9},{"damage":11,"enemies":"Exordium Wildlife","floor":14,"turns":3},{"damage":25,"enemies":"The Guardian","floor":16,"turns":8}],"seed_played":"-4457961129128407666","potions_obtained":[{"floor":1.0,"key":"GamblersBrew"},{"floor":5.0,"key":"GamblersBrew"},{"floor":8,"key":"PotionOfCapacity"},{"floor":14,"key":"FocusPotion"}],"is_trial":false,"path_per_floor":["M","?","M","?","M","M","R","E","T","$","E","R","E","M","R","B"],"character_chosen":"DEFECT","items_purchased":[],"campfire_rested":2,"item_purchase_floors":[],"current_hp_per_floor":[62,62,58,51,51,43,43,18,18,18,11,33,10,1,23,0,0],"gold":49,"neow_bonus":"BOSS_RELIC","is_daily":false,"chose_seed":false,"campfire_upgraded":1,"win_rate":0.0,"timestamp":1609149311,"path_taken":["M","?","M","?","M","M","R","E","T","$","E","R","E","M","R","BOSS"],"items_purchased_type":[],"build_version":"2020-12-22","purchased_purges":0,"victory":false,"max_hp_per_floor":[75,75,75,75,75,75,75,75,75,75,75,75,75,75,75,75,75],"card_choices":[{"not_picked":["Capacitor","Go for the Eyes"],"picked":"Melter","floor":1.0},{"not_picked":["Leap","Turbo","Auto Shields"],"picked":"SKIP","floor":3.0},{"not_picked":["Tempest","Loop"],"picked":"Conserve Battery","floor":5.0},{"not_picked":["Sweeping Beam","Conserve Battery"],"picked":"Consume","floor":6.0},{"not_picked":["Lockon","Self Repair"],"picked":"White Noise","floor":8},{"not_picked":["Undo","Steam"],"picked":"Biased Cognition","floor":11},{"not_picked":["Conserve Battery","Hologram"],"picked":"Sweeping Beam","floor":13},{"not_picked":["Coolheaded","Cold Snap"],"picked":"Defragment","floor":14}],"player_experience":78626,"relics_obtained":[{"floor":8,"key":"InkBottle"},{"floor":9,"key":"Orichalcum"},{"floor":11,"key":"Blood Vial"},{"floor":13,"key":"Unceasing Top"}],"event_choices":[{"cards_removed":["Strike_B"],"damage_healed":0.0,"max_hp_gain":0.0,"max_hp_loss":0.0,"gold_gain":0.0,"event_name":"The Cleric","player_choice":"Card Removal","floor":2.0,"gold_loss":50.0,"damage_taken":0.0},{"cards_removed":["Strike_B"],"damage_healed":0.0,"max_hp_gain":0.0,"max_hp_loss":0.0,"gold_gain":0.0,"event_name":"Golden Wing","player_choice":"Card Removal","floor":4.0,"gold_loss":0.0,"damage_taken":7.0}],"is_beta":false,"boss_relics":[],"items_purged_floors":[],"is_endless":false,"potions_floor_spawned":[1,5,8,14],"killed_by":"The Guardian","ascension_level":6}}