{"host":"709gjpjg43u3i5a8","time":1609145798,"event":{"mods":["Act Like it!","BaseMod","Colored Map","Colored Powertips","Downfall","Duelist Mod","Gensokyo","GifTheSpireLib","Hallownest","Hermit","Hubris","Infinite Spire","Koishi","Marisa????????","Minty Spire (QoL Compilation)","Remilia??????","Shop Mod","StSLib","Td1madao Mod","The Administrix","The Animator","The Bug Knight","The Construct","The Cursed","The Disciple","The Hierophant","The Jungle","The Necromancer","The Poker Player","The Runesmith","The Servant 0.9.4"],"gold_per_floor":[119,133,150,150,35,70,89,124,150,167,17,47,47,58,58,160,160,179,134,144,144,144,144,182,182,209,209,209,209,252,311,311,411,411,435,456,456,9,36,36,36,58,92,119,138,179,54,69,69,69,69],"floor_reached":50,"playtime":3915,"items_purged":[],"score":554,"play_id":"d5c27610-e066-4e1b-a425-45cb19b63fee","local_time":"20201228015638","is_ascension_mode":true,"campfire_choices":[{"data":"HollowMod:MothsMistake","floor":15,"key":"SMITH"},{"data":"HollowMod:Weaversong","floor":23,"key":"SMITH"},{"data":"HollowMod:Weaversong","floor":25,"key":"SMITH"},{"data":"HollowMod:MawleksShell","floor":27,"key":"SMITH"},{"data":"HollowMod:BrokenVessel","floor":32,"key":"SMITH"},{"data":"HollowMod:FocusHealStart","floor":40,"key":"SMITH"},{"floor":49,"key":"RECALL"}],"circlet_count":0,"master_deck":["HollowMod:NailStrikeStart+1","HollowMod:NailStrikeStart+1","HollowMod:NailStrikeStart","HollowMod:NailStrikeStart+1","HollowMod:QuickDashStart","HollowMod:QuickDashStart","HollowMod:QuickDashStart","HollowMod:QuickDashStart","HollowMod:FocusHealStart+1","HollowMod:PogoStrike","HollowMod:SoulStrike","HollowMod:DashSlash+1","HollowMod:MothsMistake+1","HollowMod:BrokenVessel+1","HollowMod:PureNailStrike+1","HollowMod:InfectedAttack+1","HollowMod:Weaversong+1","HollowMod:MonarchWings","HollowMod:Weaversong+1","HollowMod:InfectedCysts+1","HollowMod:MawleksShell+1","HollowMod:InfectedAttack+1","HollowMod:CloakDash+1","HollowMod:MothsMistake+1","HollowMod:LifebloodCocoon+1","HollowMod:VengefulSpirit+1","HollowMod:NewLittleFool+1","HollowMod:DesolateDive+1","hubris:Sloth","HollowMod:DashSlash+1","HollowMod:SoulVessel+1"],"relics":["HollowMod:VesselMask","NeowsBlessing","Odd Mushroom","Molten Egg 2","Whetstone","HollowMod:StagPassRelic","Centennial Puzzle","Hallownest:DreamNailRelic","Coffee Dripper","Hallownest:WatcherSealRelic","CeramicFish","PreservedInsect","Cursed Key","infinitespire:WardingShard","hubris:Icosahedron","Pantograph","hubris:Backtick","HollowMod:IsmasTear","Lee\u0027s Waffle","infinitespire:Golems Mask","hubris:HerbalPaste","Pen Nib","hubris:TenFootPole","Hallownest:SoulVesselRelic"],"acts_visited":["Exordium","Hallownest:Greenpath","Hallownest:CityofTears"],"potions_floor_usage":[8,31,31,35,42,48,50],"damage_taken":[{"damage":0,"enemies":"Hallownest:2_MossCreeps","floor":1,"turns":1},{"damage":0,"enemies":"Hallownest:monsterHuskWarrior","floor":2,"turns":1},{"damage":0,"enemies":"2_ Uuma","floor":3,"turns":1},{"damage":4,"enemies":"Hallownest:eliteVengeflyKing","floor":6,"turns":7},{"damage":8,"enemies":"Hallownest:Guard_and_Warrior","floor":7,"turns":6},{"damage":7,"enemies":"Hallownest:eliteCrystalGuardian","floor":8,"turns":5},{"damage":37,"enemies":"Hallownest:1_Ooma_and_2_Uuma","floor":10,"turns":5},{"damage":6,"enemies":"Hallownest:eliteVengeflyKing","floor":12,"turns":7},{"damage":3,"enemies":"Hallownest:Wandering_and_Horned","floor":14,"turns":5},{"damage":38,"enemies":"Hallownest:BossFalseKnight","floor":16,"turns":7},{"damage":15,"enemies":"Hallownest:2_Mistakes","floor":18,"turns":5},{"damage":18,"enemies":"Hallownest:Guard_and_Sentry","floor":20,"turns":4},{"damage":15,"enemies":"Hallownest:Nosk","floor":24,"turns":6},{"damage":34,"enemies":"Hallownest:eliteSoulWarrior","floor":30,"turns":3},{"damage":0,"enemies":"Hallownest:Glutton_and_Coward","floor":31,"turns":3},{"damage":40,"enemies":"Hallownest:BossSoulMaster","floor":33,"turns":6},{"damage":27,"enemies":"Hallownest:2_Littles","floor":35,"turns":4},{"damage":17,"enemies":"Hallownest:3_Siblings","floor":36,"turns":5},{"damage":11,"enemies":"Hallownest:2_Great","floor":39,"turns":2},{"damage":43,"enemies":"Hallownest:2_Wandering_and_1_Horned","floor":42,"turns":4},{"damage":23,"enemies":"Hallownest:Shield_Sturdy","floor":44,"turns":5},{"damage":2,"enemies":"Hallownest:2_Great","floor":45,"turns":4},{"damage":2,"enemies":"Hallownest:StalkingDevout","floor":46,"turns":3},{"damage":34,"enemies":"Hallownest:2_Wandering_and_1_Horned","floor":48,"turns":4},{"damage":69,"enemies":"Hallownest:BossGreyPrinceZote","floor":50,"turns":7}],"seed_played":"-6221170388454224247","potions_obtained":[{"floor":6,"key":"champ:CounterPotion"},{"floor":7,"key":"Block Potion"},{"floor":8,"key":"Swift Potion"},{"floor":12,"key":"SteroidPotion"},{"floor":16,"key":"SkillPotion"},{"floor":24,"key":"Fire Potion"},{"floor":31,"key":"Ancient Potion"},{"floor":36,"key":"Weak Potion"},{"floor":45,"key":"AttackPotion"}],"is_trial":false,"path_per_floor":["M","M","M","?","?","E","M","E","T","M","?","E","?","M","R","B",null,"M","?","M","?","?","R","E","R","T","R","AVR","?","E","M","R","B",null,"M","M","?","$","M","R","AVR","M","T","M","M","E","?","M","R","B"],"character_chosen":"THE_BUGKNIGHT","items_purchased":["Lee\u0027s Waffle","infinitespire:Golems Mask"],"campfire_rested":0,"item_purchase_floors":[38,38],"current_hp_per_floor":[75,75,75,75,75,74,72,71,71,40,40,46,46,49,49,17,75,66,66,48,48,48,48,43,43,43,43,43,43,15,21,21,12,75,54,43,43,82,71,71,71,40,40,29,39,49,49,27,27,0,0],"gold":69,"neow_bonus":"THREE_ENEMY_KILL","is_daily":false,"chose_seed":false,"campfire_upgraded":6,"win_rate":0.0,"timestamp":1609145798,"path_taken":["M","M","M","?","?","E","?","E","T","?","?","E","?","?","R","BOSS","M","?","M","?","?","R","E","R","T","R","AVR","?","E","M","R","BOSS","M","M","?","$","M","R","AVR","M","T","?","M","E","?","M","R","BOSS"],"items_purchased_type":["Relic","Relic"],"build_version":"2020-12-22","purchased_purges":0,"victory":false,"max_hp_per_floor":[75,75,75,75,75,75,75,75,75,75,75,75,75,75,75,75,75,75,75,75,75,75,75,75,75,75,75,75,75,75,75,75,75,75,75,75,75,82,82,82,82,82,82,82,82,82,82,82,82,82,82],"card_choices":[{"not_picked":["HollowMod:Grubsong","HollowMod:SiblingsSouls"],"picked":"HollowMod:SoulStrike","floor":1},{"not_picked":["HollowMod:TaintedHusks","HollowMod:CloakDash"],"picked":"HollowMod:DashSlash","floor":2},{"not_picked":["HollowMod:NewLittleFool","HollowMod:NewJinnsSoul"],"picked":"HollowMod:MothsMistake","floor":3},{"not_picked":["HollowMod:InfectedAttack+1","HollowMod:MantisMark"],"picked":"HollowMod:BrokenVessel","floor":6},{"not_picked":["HollowMod:HeavyBlow+1","HollowMod:ChannelNail"],"picked":"HollowMod:PureNailStrike+1","floor":7},{"not_picked":["HollowMod:SharpenedShadows","HollowMod:LifebloodCore","HollowMod:ShapeofUnn"],"picked":"SKIP","floor":8},{"not_picked":["HollowMod:SoulVessel","HollowMod:HeavyBlow+1"],"picked":"HollowMod:InfectedAttack+1","floor":10},{"not_picked":["HollowMod:SiblingsSouls","HollowMod:SoulShaman"],"picked":"HollowMod:Weaversong","floor":12},{"not_picked":["HollowMod:PerfectDash","HollowMod:CycloneSlash+1"],"picked":"HollowMod:MonarchWings","floor":14},{"not_picked":["HollowMod:LordofShades","HollowMod:theNailsmith"],"picked":"HollowMod:Weaversong","floor":16},{"not_picked":["HollowMod:VengefulVoid+1","HollowMod:SoulSplash"],"picked":"HollowMod:InfectedCysts+1","floor":18},{"not_picked":["HollowMod:CycloneSlash+1","HollowMod:VengefulVoid+1"],"picked":"HollowMod:MawleksShell","floor":20},{"not_picked":["HollowMod:GoodIntentions+1","HollowMod:HeavyBlow+1"],"picked":"HollowMod:InfectedAttack+1","floor":24},{"not_picked":["HollowMod:InfectedAttack+1","HollowMod:PureNailStrike+1"],"picked":"HollowMod:CloakDash+1","floor":30},{"not_picked":["HollowMod:InfectedAttack+1","HollowMod:GrimmsGift"],"picked":"HollowMod:MothsMistake+1","floor":31},{"not_picked":["HollowMod:QuirrelsAssistance+1","HollowMod:VengefulVoid+1"],"picked":"HollowMod:LifebloodCocoon+1","floor":35},{"not_picked":["HollowMod:MawleksShell","HollowMod:CornifersMapStart"],"picked":"HollowMod:VengefulSpirit+1","floor":36},{"not_picked":["HollowMod:SoulSplash+1","HollowMod:SiblingsShadow+1"],"picked":"HollowMod:NewLittleFool+1","floor":39},{"not_picked":["HollowMod:SharpenedNail+1","HollowMod:CycloneSlash+1"],"picked":"HollowMod:DesolateDive+1","floor":42},{"not_picked":["HollowMod:CloakDash","HollowMod:MantisMark"],"picked":"HollowMod:DashSlash+1","floor":44},{"not_picked":["HollowMod:VengefulVoid+1","HollowMod:CrystalDash+1","HollowMod:TaintedHusks"],"picked":"SKIP","floor":45},{"not_picked":["HollowMod:SharpenedShadows+1","HollowMod:BaldurShell"],"picked":"HollowMod:SoulVessel+1","floor":46},{"not_picked":["HollowMod:ShadowDash+1","HollowMod:NewInfectedGuardian","HollowMod:InfectedCysts+1"],"picked":"SKIP","floor":48}],"player_experience":403933,"relics_obtained":[{"floor":6,"key":"Molten Egg 2"},{"floor":8,"key":"Whetstone"},{"floor":12,"key":"Centennial Puzzle"},{"floor":24,"key":"CeramicFish"},{"floor":26,"key":"PreservedInsect"},{"floor":30,"key":"Pantograph"},{"floor":43,"key":"Pen Nib"},{"floor":46,"key":"hubris:TenFootPole"}],"event_choices":[],"is_beta":false,"boss_relics":[{"not_picked":["hubris:CrackedHourglass","Sozu"],"picked":"Coffee Dripper"},{"not_picked":["HollowMod:KingsSoulRelic","hubris:GrandSneckoEye"],"picked":"hubris:Backtick"}],"items_purged_floors":[],"is_endless":false,"potions_floor_spawned":[6,7,8,12,16,24,30,31,36,45],"killed_by":"Hallownest:BossGreyPrinceZote","ascension_level":1}}