{"host":"rvgqag7mtxu5qaaz","time":1609115539,"event":{"mods":["AchievementEnabler","BaseMod","Downfall","Hermit","Hubris","Minty Spire (QoL Compilation)","Replay The Spire","StSLib","SuperFastMode","The Animator","The Construct","The Cursed","The Disciple","The Necromancer"],"gold_per_floor":[114,124,135,135,149,175,175,194,247,258,4,14,89,264,264,264,264],"floor_reached":16,"playtime":1065,"items_purged":[],"score":104,"play_id":"a847b081-a1cf-46fe-a0c5-e13b616dabe6","local_time":"20201227193219","is_ascension_mode":false,"campfire_choices":[{"floor":7,"key":"REST"},{"floor":15,"key":"REST"}],"circlet_count":0,"master_deck":["Strike_P","Strike_P","Strike_P","Strike_P","Defend_P","Defend_P","Defend_P","Defend_P","Eruption","Vigilance","EmptyMind","ForeignInfluence","CutThroughFate","CutThroughFate","Replay:Anticipation","DeusExMachina"],"relics":["PureWater","hubris:Zylophone","Omamori","Bag of Marbles","Iron Hammer"],"acts_visited":["Exordium"],"potions_floor_usage":[5,5,6,16,16],"damage_taken":[{"damage":13,"enemies":"Small Slimes","floor":1,"turns":9},{"damage":3,"enemies":"Cultist","floor":2,"turns":3},{"damage":13,"enemies":"Jaw Worm","floor":3,"turns":5},{"damage":10,"enemies":"3 Louse","floor":5,"turns":3},{"damage":20,"enemies":"Gremlin Nob","floor":6,"turns":4},{"damage":12,"enemies":"Exordium Thugs","floor":8,"turns":4},{"damage":6,"enemies":"Large Slime","floor":10,"turns":3},{"damage":0,"enemies":"Blue Slaver","floor":12,"turns":2},{"damage":81,"enemies":"The Guardian","floor":16,"turns":11}],"seed_played":"3605343813539631544","potions_obtained":[{"floor":1,"key":"Guardian:BlockOnCardUsePotion"},{"floor":3,"key":"EntropicBrew"},{"floor":12,"key":"BlessingOfTheForge"}],"is_trial":false,"path_per_floor":["M","M","M","?","M","E","R","M","T","M","$","M","?","?","R","B"],"character_chosen":"WATCHER","items_purchased":["Iron Hammer"],"campfire_rested":2,"item_purchase_floors":[11],"current_hp_per_floor":[59,56,43,43,33,13,34,22,22,16,16,16,5,5,26,0,0],"gold":264,"neow_bonus":"RANDOM_EVENT","is_daily":false,"chose_seed":false,"campfire_upgraded":0,"win_rate":0.0,"timestamp":1609115539,"path_taken":["M","M","M","?","M","E","R","M","T","M","?","?","?","?","R","BOSS"],"items_purchased_type":["Relic"],"build_version":"2020-12-22","purchased_purges":0,"victory":false,"max_hp_per_floor":[72,72,72,72,72,72,72,72,72,72,72,72,72,72,72,72,72],"card_choices":[{"not_picked":["ReachHeaven","TalkToTheHand"],"picked":"EmptyMind","floor":1},{"not_picked":["FlyingSleeves","SignatureMove"],"picked":"ForeignInfluence","floor":2},{"not_picked":["BowlingBash","WaveOfTheHand"],"picked":"CutThroughFate","floor":3},{"not_picked":["Replay:BluntJabs","PathToVictory"],"picked":"CutThroughFate","floor":5},{"not_picked":["Sanctity","Consecrate"],"picked":"Replay:Anticipation","floor":6},{"not_picked":["Replay:DivineShield","FollowUp"],"picked":"DeusExMachina","floor":8},{"not_picked":["Halt","Conclude","SashWhip"],"picked":"SKIP","floor":10},{"not_picked":["SashWhip","TalkToTheHand","ReachHeaven"],"picked":"SKIP","floor":12}],"player_experience":325360,"relics_obtained":[{"floor":6,"key":"Omamori"},{"floor":9,"key":"Bag of Marbles"}],"event_choices":[{"damage_healed":0,"gold_gain":0,"player_choice":"Box","damage_taken":0,"relics_obtained":["hubris:Zylophone"],"max_hp_gain":0,"max_hp_loss":0,"event_name":"Big Fish","floor":0,"gold_loss":0,"cards_obtained":["Regret"]},{"cards_removed":["Regret"],"damage_healed":0,"gold_gain":0,"player_choice":"Removed Curses","damage_taken":0,"max_hp_gain":0,"max_hp_loss":0,"event_name":"Fountain of Cleansing","floor":4,"gold_loss":0},{"damage_healed":0,"gold_gain":75,"player_choice":"Gather Gold","damage_taken":11,"max_hp_gain":0,"max_hp_loss":0,"event_name":"World of Goop","floor":13,"gold_loss":0},{"damage_healed":0,"gold_gain":175,"player_choice":"AGREE","damage_taken":0,"max_hp_gain":0,"max_hp_loss":0,"event_name":"Liars Game","floor":14,"gold_loss":0,"cards_obtained":["Doubt"]}],"is_beta":false,"boss_relics":[],"items_purged_floors":[],"is_endless":false,"potions_floor_spawned":[1,3,12],"killed_by":"The Guardian","ascension_level":0}}