{"host":"girf3bnli6r7x4ah","time":1609131274,"event":{"mods":["2.2 Compatiblity","AchievementEnabler","BaseMod","Colored Map","DeckTracker","Highlight Path","Minty Spire (QoL Compilation)","Random Character Button","Rare Cards Sparkle"],"gold_per_floor":[116,116,116,191,204,234,234,295,295,295,295,312,341,355,355,456,456,471,471,471,481,481,511,511,541,541,541,29,63,14,28,28,131,131,143,68,118,118,118,118,118],"floor_reached":40,"playtime":3500,"items_purged":[],"score":545,"play_id":"09e2119a-ac90-459c-9f7c-2b7c8c021892","local_time":"20201228055434","is_ascension_mode":true,"campfire_choices":[{"data":"Turbo","floor":7.0,"key":"SMITH"},{"floor":11.0,"key":"REST"},{"floor":15.0,"key":"REST"},{"floor":24.0,"key":"REST"},{"floor":32.0,"key":"REST"}],"circlet_count":0,"master_deck":["Defend_B","Defend_B","Defend_B","Defend_B","Zap","Dualcast","Turbo+1","Sweeping Beam","Redo","Fusion","Coolheaded","All For One","Cold Snap","Streamline","Hello World+1","Amplify","Sweeping Beam+1","Bite","Bite","Bite","Bite","Bite","Turbo+1","Apotheosis","All For One","Defragment+1","Biased Cognition","Go for the Eyes+1","White Noise","Beam Cell+1"],"relics":["FrozenCore","NeowsBlessing","Toy Ornithopter","Pantograph","Nunchaku","StoneCalendar","Centennial Puzzle","Matryoshka","Happy Flower","Gremlin Horn","Bag of Marbles","Philosopher\u0027s Stone","Girya"],"acts_visited":["Exordium","TheCity","TheBeyond"],"potions_floor_usage":[40],"damage_taken":[{"damage":0.0,"enemies":"Cultist","floor":1.0,"turns":1.0},{"damage":0.0,"enemies":"Jaw Worm","floor":5.0,"turns":1.0},{"damage":0.0,"enemies":"Gremlin Nob","floor":6.0,"turns":1.0},{"damage":35.0,"enemies":"3 Sentries","floor":8.0,"turns":7.0},{"damage":5.0,"enemies":"Small Slimes","floor":12.0,"turns":3.0},{"damage":27.0,"enemies":"3 Sentries","floor":13.0,"turns":5.0},{"damage":17.0,"enemies":"Exordium Thugs","floor":14.0,"turns":4.0},{"damage":46.0,"enemies":"The Guardian","floor":16.0,"turns":13.0},{"damage":12.0,"enemies":"Spheric Guardian","floor":18.0,"turns":6.0},{"damage":18.0,"enemies":"Chosen","floor":21.0,"turns":5.0},{"damage":49.0,"enemies":"Slavers","floor":23.0,"turns":9.0},{"damage":45.0,"enemies":"Gremlin Leader","floor":25.0,"turns":7.0},{"damage":27.0,"enemies":"Slavers","floor":29.0,"turns":3.0},{"damage":0.0,"enemies":"Snake Plant","floor":31.0,"turns":4.0},{"damage":29.0,"enemies":"Champ","floor":33.0,"turns":10.0},{"damage":7.0,"enemies":"Orb Walker","floor":35.0,"turns":3.0},{"damage":8.0,"enemies":"Mind Bloom Boss Battle","floor":37.0,"turns":4.0},{"damage":59,"enemies":"Reptomancer","floor":40,"turns":3}],"seed_played":"-754864748942585212","potions_obtained":[{"floor":5.0,"key":"FocusPotion"},{"floor":6.0,"key":"Regen Potion"},{"floor":8.0,"key":"Regen Potion"},{"floor":18.0,"key":"FearPotion"},{"floor":23.0,"key":"Regen Potion"},{"floor":37.0,"key":"BlessingOfTheForge"}],"is_trial":false,"path_per_floor":["M","$","?","?","M","E","R","?","T","?","R","M","E","M","R","B",null,"M","?","?","M","?","E","R","E","T","?","$","E","$","M","R","B",null,"M","$","?","?","?","E"],"character_chosen":"DEFECT","items_purchased":["Apotheosis","Gremlin Horn","All For One","ColorlessPotion","White Noise"],"campfire_rested":4,"item_purchase_floors":[28,28,28,30,36],"current_hp_per_floor":[75,75,75,64,64,64,64,49,49,49,71,66,61,44,66,29,75,63,63,63,45,45,19,34,25,25,25,25,3,3,15,30,37,52,52,52,50,50,50,0,0],"gold":118,"neow_bonus":"THREE_ENEMY_KILL","is_daily":false,"chose_seed":false,"campfire_upgraded":1,"win_rate":0.0,"timestamp":1609131274,"path_taken":["M","?","?","?","?","E","R","?","T","?","R","?","E","M","R","BOSS","M","?","?","?","?","E","R","E","T","?","$","E","$","M","R","BOSS","M","$","?","?","?","E"],"items_purchased_type":["Card","Relic","Card","Potion","Card"],"build_version":"2020-12-22","purchased_purges":0,"victory":false,"max_hp_per_floor":[75,75,75,75,75,75,75,75,75,75,75,75,75,75,75,75,75,75,75,75,75,52,52,52,52,52,52,52,52,52,52,52,52,52,52,52,52,52,52,52,52],"card_choices":[{"not_picked":["Leap","Redo"],"picked":"Turbo","floor":1.0},{"not_picked":["Stack","Consume"],"picked":"Sweeping Beam","floor":5.0},{"not_picked":["Barrage","Force Field"],"picked":"Redo","floor":6.0},{"not_picked":["Barrage","Force Field"],"picked":"Fusion","floor":8.0},{"not_picked":["Consume","Coolheaded"],"picked":"Cold Snap","floor":12.0},{"not_picked":["Stack","Steam"],"picked":"Streamline","floor":13.0},{"not_picked":["Ball Lightning","Hologram"],"picked":"Hello World","floor":14.0},{"not_picked":["Meteor Strike","Reboot"],"picked":"Amplify","floor":16.0},{"not_picked":["Coolheaded+1","Redo"],"picked":"Sweeping Beam+1","floor":18.0},{"not_picked":["Consume","Leap"],"picked":"Turbo","floor":21.0},{"not_picked":["Barrage","Aggregate+1"],"picked":"Turbo+1","floor":23.0},{"not_picked":["Sweeping Beam","Gash","Steam"],"picked":"SKIP","floor":25.0},{"not_picked":["Barrage+1","Gash"],"picked":"Defragment+1","floor":29.0},{"not_picked":["Rebound","Heatsinks","Reprogram"],"picked":"SKIP","floor":31.0},{"not_picked":["Amplify","Meteor Strike"],"picked":"Biased Cognition","floor":33.0},{"not_picked":["Glacier","Scrape"],"picked":"Go for the Eyes+1","floor":35.0},{"not_picked":["Go for the Eyes","Steam+1"],"picked":"Beam Cell+1","floor":37.0}],"player_experience":119830,"relics_obtained":[{"floor":6.0,"key":"Toy Ornithopter"},{"floor":13.0,"key":"Nunchaku"},{"floor":23.0,"key":"StoneCalendar"},{"floor":25.0,"key":"Centennial Puzzle"},{"floor":26.0,"key":"Matryoshka"},{"floor":29.0,"key":"Bag of Marbles"},{"floor":37.0,"key":"Girya"}],"event_choices":[{"damage_healed":0.0,"max_hp_gain":0.0,"max_hp_loss":0.0,"gold_gain":0.0,"event_name":"The Cleric","player_choice":"Leave","floor":3.0,"gold_loss":0.0,"damage_taken":0.0},{"damage_healed":0.0,"max_hp_gain":0.0,"max_hp_loss":0.0,"gold_gain":75.0,"event_name":"World of Goop","player_choice":"Gather Gold","floor":4.0,"gold_loss":0.0,"damage_taken":11.0},{"damage_healed":0.0,"max_hp_gain":0.0,"max_hp_loss":0.0,"gold_gain":0.0,"event_name":"Dead Adventurer","player_choice":"Searched \u00273\u0027 times","floor":8.0,"gold_loss":0.0,"damage_taken":0.0,"relics_obtained":["Pantograph"]},{"damage_healed":0.0,"max_hp_gain":0.0,"max_hp_loss":0.0,"gold_gain":0.0,"event_name":"Match and Keep!","player_choice":"2 cards matched","floor":10.0,"gold_loss":0.0,"damage_taken":0.0,"cards_obtained":["Coolheaded","All For One"]},{"damage_healed":0.0,"max_hp_gain":0.0,"max_hp_loss":0.0,"gold_gain":0.0,"event_name":"Beggar","player_choice":"Ignored","floor":19.0,"gold_loss":0.0,"damage_taken":0.0},{"damage_healed":0.0,"max_hp_gain":0.0,"max_hp_loss":0.0,"gold_gain":0.0,"event_name":"Upgrade Shrine","player_choice":"Upgraded","floor":20.0,"gold_loss":0.0,"damage_taken":0.0,"cards_upgraded":["Hello World"]},{"damage_healed":0.0,"max_hp_gain":0.0,"max_hp_loss":23.0,"gold_gain":0.0,"event_name":"Vampires","player_choice":"Became a vampire","floor":22.0,"gold_loss":0.0,"damage_taken":0.0,"cards_obtained":["Bite","Bite","Bite","Bite","Bite"]},{"damage_healed":0.0,"max_hp_gain":0.0,"max_hp_loss":0.0,"gold_gain":0.0,"event_name":"The Mausoleum","player_choice":"Opened","floor":27.0,"gold_loss":0.0,"damage_taken":0.0,"relics_obtained":["Happy Flower"]},{"damage_healed":0.0,"max_hp_gain":0.0,"max_hp_loss":0.0,"gold_gain":0.0,"event_name":"MindBloom","player_choice":"Fight","floor":37.0,"gold_loss":0.0,"damage_taken":0.0},{"cards_removed":["Turbo"],"damage_healed":0.0,"max_hp_gain":0.0,"max_hp_loss":0.0,"gold_gain":0.0,"event_name":"Falling","player_choice":"Removed Skill","floor":38.0,"gold_loss":0.0,"damage_taken":0.0},{"damage_healed":0.0,"max_hp_gain":0.0,"max_hp_loss":0.0,"gold_gain":0.0,"event_name":"SensoryStone","player_choice":"Memory 1","floor":39.0,"gold_loss":0.0,"damage_taken":0.0}],"is_beta":false,"boss_relics":[{"not_picked":["Sozu","Fusion Hammer"],"picked":"FrozenCore"},{"not_picked":["Cursed Key","Velvet Choker"],"picked":"Philosopher\u0027s Stone"}],"items_purged_floors":[],"is_endless":false,"potions_floor_spawned":[5,6,8,18,23,37],"killed_by":"Reptomancer","ascension_level":1}}