{"host":"pr6x8hyknev46vut","time":1609142935,"event":{"mods":["Aspiration","BaseMod","CCEM","Colored Map","Downfall","Googly Eyes","Hermit","Highlight Path","Minty Spire (QoL Compilation)","Permanent Neow","Replay The Spire","Shop Mod","StSLib","The Bug Knight","The Construct","The Cursed","The Disciple","The Necromancer","The Runesmith","The Servant 0.9.4"],"gold_per_floor":[111,9,19,19,36,69,69,87,87,87,87,160,232,232,232,232,232],"floor_reached":16,"playtime":677,"items_purged":[],"score":98,"play_id":"9ec0dfe4-dc3d-4f35-885b-db9cd7d3ceb2","local_time":"20201228090855","is_ascension_mode":false,"campfire_choices":[{"floor":7,"key":"REST"},{"data":"hermit:GoldenBullet","floor":15,"key":"SMITH"}],"circlet_count":0,"master_deck":["hermit:Strike_Hermit+1","hermit:Strike_Hermit","hermit:Strike_Hermit","hermit:Strike_Hermit","hermit:Defend_Hermit","hermit:Defend_Hermit","hermit:Defend_Hermit","hermit:Defend_Hermit","hermit:Snapshot","hermit:Covet","hermit:EternalForm","hermit:Manifest","hermit:Quickdraw","hermit:Coalescence","hermit:GoldenBullet+1","hermit:TrackingShot","hermit:Headshot","hermit:FullyLoaded","Parasite","ReplayTheSpireMod:Splinters","hermit:Dive","hermit:Spite"],"relics":["hermit:Momento","Juzu Bracelet","Runesmith:Nanobots","Mummified Hand","CCEMRelics:FestiveHat"],"acts_visited":["Exordium"],"potions_floor_usage":[16],"damage_taken":[{"damage":0,"enemies":"Cultist","floor":1,"turns":4},{"damage":0,"enemies":"2 Louse","floor":3,"turns":4},{"damage":1,"enemies":"Small Slimes","floor":5,"turns":4},{"damage":39,"enemies":"3 Sentries","floor":6,"turns":12},{"damage":7,"enemies":"Looter","floor":8,"turns":3},{"damage":89,"enemies":"Fading Forest","floor":16,"turns":10}],"seed_played":"3723190747534513376","potions_obtained":[{"floor":6,"key":"construct:ShiftPotion"},{"floor":8,"key":"Elixir"},{"floor":14,"key":"Adrenaline Potion"},{"floor":14,"key":"Ancient Potion"},{"floor":14,"key":"SkillPotion"}],"is_trial":false,"path_per_floor":["M","$","M","$","M","E","R","M","T","?","?","T","?","?","R","B"],"character_chosen":"HERMIT","items_purchased":["hermit:Quickdraw","hermit:Coalescence"],"campfire_rested":1,"item_purchase_floors":[2,2],"current_hp_per_floor":[75,75,75,75,74,35,57,50,50,50,68,68,68,68,68,0,0],"gold":232,"neow_bonus":"ONE_RANDOM_RARE_CARD","is_daily":false,"chose_seed":false,"campfire_upgraded":1,"win_rate":0.0,"timestamp":1609142935,"path_taken":["M","?","M","$","M","E","R","M","T","?","?","?","?","?","R","BOSS"],"items_purchased_type":["Card","Card"],"build_version":"2020-12-22","purchased_purges":0,"victory":false,"max_hp_per_floor":[75,75,75,75,75,75,75,75,75,75,75,75,75,75,75,75,75],"card_choices":[{"not_picked":["hermit:Headshot","hermit:Vantage"],"picked":"hermit:Manifest","floor":1},{"not_picked":["hermit:SprayPray","hermit:Ricochet"],"picked":"hermit:GoldenBullet","floor":3},{"not_picked":["hermit:CalledShot","hermit:Quickdraw"],"picked":"hermit:TrackingShot","floor":5},{"not_picked":["hermit:Snipe","hermit:TrackingShot"],"picked":"hermit:Headshot","floor":6},{"not_picked":["hermit:Misfire","hermit:CalledShot"],"picked":"hermit:FullyLoaded","floor":8},{"not_picked":["hermit:Roulette","hermit:Manifest"],"picked":"hermit:Dive","floor":13},{"not_picked":["hermit:Coalescence","hermit:BlackWind"],"picked":"hermit:Spite","floor":13}],"player_experience":44057,"relics_obtained":[{"floor":6,"key":"Juzu Bracelet"},{"floor":9,"key":"Runesmith:Nanobots"},{"floor":12,"key":"Mummified Hand"},{"floor":13,"key":"CCEMRelics:FestiveHat"}],"event_choices":[{"damage_healed":18,"gold_gain":0,"player_choice":"Healed and dodged fight","damage_taken":0,"max_hp_gain":0,"max_hp_loss":0,"event_name":"Mushrooms","floor":11,"gold_loss":0,"cards_obtained":["Parasite"]},{"damage_healed":0,"gold_gain":0,"player_choice":"Got Potions","damage_taken":0,"max_hp_gain":0,"max_hp_loss":0,"event_name":"Lab","floor":14,"gold_loss":0}],"is_beta":false,"boss_relics":[],"items_purged_floors":[],"is_endless":false,"potions_floor_spawned":[6,8],"killed_by":"Fading Forest","ascension_level":0}}