{"host":"jm9833yuloeli2yd","time":1609117625,"event":{"mods":["AchievementEnabler","BaseMod","Better Altar","Better Match","Better Note","Better Sensory Stone","Better Skull","Better Third Choice","Better Vampires","BetterRewards","Colored Map","Colored Powertips","DeckTracker","Marked Mod","Minty Spire (QoL Compilation)","Permanent Neow","Quick Restart","StSLib","SuperFastMode"],"gold_per_floor":[114,128,144,40,40,73,73,141,194,227,243,243,62,80,80,154,154,166,181,192,192,210,210,210],"floor_reached":23,"playtime":975,"items_purged":["Strike_B","Pain"],"score":426,"play_id":"f9185586-c7b8-4b0f-aabe-b72e769b238c","local_time":"20201227200705","is_ascension_mode":true,"campfire_choices":[{"data":"Defragment","floor":7,"key":"SMITH"},{"floor":12,"key":"REST"},{"data":"Defragment","floor":15,"key":"SMITH"}],"circlet_count":0,"master_deck":["AscendersBane","Strike_B","Strike_B","Strike_B","Defend_B","Defend_B","Defend_B","Defend_B","Zap","Dualcast","Defragment+1","Sweeping Beam","Cold Snap","Cold Snap","Loop","Go for the Eyes","Defragment+1","Multi-Cast","Chill","Defragment+1","Glacier+1"],"relics":["Cracked Core","WarpedTongs","Singing Bowl","Oddly Smooth Stone","Strawberry","Torii","Nuclear Battery"],"acts_visited":["Exordium","TheCity"],"potions_floor_usage":[2,6,8,10,16,19,20,23,23],"damage_taken":[{"damage":12,"enemies":"2 Louse","floor":1,"turns":3},{"damage":2,"enemies":"Cultist","floor":2,"turns":4},{"damage":2,"enemies":"Small Slimes","floor":3,"turns":3},{"damage":19,"enemies":"Gremlin Nob","floor":6,"turns":4},{"damage":16,"enemies":"3 Sentries","floor":8,"turns":7},{"damage":21,"enemies":"Lagavulin","floor":10,"turns":6},{"damage":0,"enemies":"2 Fungi Beasts","floor":11,"turns":3},{"damage":8,"enemies":"3 Louse","floor":14,"turns":4},{"damage":2,"enemies":"Hexaghost","floor":16,"turns":9},{"damage":9,"enemies":"3 Byrds","floor":18,"turns":7},{"damage":6,"enemies":"Chosen","floor":19,"turns":6},{"damage":17,"enemies":"Shelled Parasite and Fungi","floor":20,"turns":7},{"damage":1,"enemies":"3 Cultists","floor":22,"turns":6},{"damage":73,"enemies":"Gremlin Leader","floor":23,"turns":10}],"seed_played":"-1536411119569637272","potions_obtained":[{"floor":0,"key":"Regen Potion"},{"floor":0,"key":"ColorlessPotion"},{"floor":2,"key":"BlessingOfTheForge"},{"floor":8,"key":"FearPotion"},{"floor":14,"key":"LiquidBronze"},{"floor":16,"key":"Fruit Juice"},{"floor":19,"key":"Weak Potion"},{"floor":22,"key":"GamblersBrew"}],"is_trial":false,"path_per_floor":["M","M","M","$","?","E","R","E","T","E","M","R","$","M","R","B",null,"M","M","M","?","M","E"],"character_chosen":"DEFECT","items_purchased":["Cold Snap","DuplicationPotion"],"campfire_rested":1,"item_purchase_floors":[4,13],"current_hp_per_floor":[52,62,60,60,60,41,41,27,34,13,13,37,37,31,31,29,69,60,61,44,44,43,0,0],"gold":210,"neow_bonus":"THREE_SMALL_POTIONS","is_daily":false,"chose_seed":false,"campfire_upgraded":2,"win_rate":0.0,"timestamp":1609117625,"path_taken":["M","M","M","$","?","E","R","E","T","E","M","R","$","M","R","BOSS","M","?","M","?","M","E"],"items_purchased_type":["Card","Potion"],"build_version":"2020-12-22","purchased_purges":2,"victory":false,"max_hp_per_floor":[71,71,71,71,71,71,71,73,80,80,80,80,80,82,82,82,82,82,89,89,89,89,89,89],"card_choices":[{"not_picked":["Hello World","Steam"],"picked":"Defragment","floor":1},{"not_picked":["Heatsinks","Turbo"],"picked":"Sweeping Beam","floor":2},{"not_picked":["Hologram","Leap"],"picked":"Cold Snap","floor":3},{"not_picked":["Storm","Redo"],"picked":"Loop","floor":6},{"not_picked":["Streamline","Meteor Strike","Rebound"],"picked":"Singing Bowl","floor":8},{"not_picked":["Steam","Leap"],"picked":"Go for the Eyes","floor":10},{"not_picked":["Blizzard","Turbo"],"picked":"Defragment","floor":11},{"not_picked":["Gash","Rip and Tear","Conserve Battery"],"picked":"Singing Bowl","floor":14},{"not_picked":["Machine Learning","All For One"],"picked":"Multi-Cast","floor":16},{"not_picked":["Rebound","Rip and Tear"],"picked":"Chill","floor":18},{"not_picked":["Redo","Go for the Eyes","Melter"],"picked":"Singing Bowl","floor":19},{"not_picked":["Redo","Double Energy"],"picked":"Defragment+1","floor":20},{"not_picked":["Streamline","Cold Snap"],"picked":"Glacier+1","floor":22}],"player_experience":1162703,"relics_obtained":[{"floor":6,"key":"Singing Bowl"},{"floor":8,"key":"Oddly Smooth Stone"},{"floor":9,"key":"Strawberry"},{"floor":10,"key":"Torii"}],"event_choices":[{"damage_healed":0,"gold_gain":0,"player_choice":"Rummage","damage_taken":0,"relics_obtained":["WarpedTongs"],"max_hp_gain":0,"max_hp_loss":0,"event_name":"Accursed Blacksmith","floor":5,"gold_loss":0,"cards_obtained":["Pain"]},{"damage_healed":0,"gold_gain":0,"player_choice":"Adaptability","damage_taken":0,"max_hp_gain":0,"max_hp_loss":0,"event_name":"betterThird:BetterWriting","floor":21,"gold_loss":0}],"is_beta":false,"boss_relics":[{"not_picked":["Snecko Eye","Black Star"],"picked":"Nuclear Battery"}],"items_purged_floors":[4,13],"is_endless":false,"potions_floor_spawned":[2,8,14,16,19,22],"killed_by":"Gremlin Leader","ascension_level":20}}