{"host":"0z6l31g9ps0v9zzp","time":1609123612,"event":{"mods":["Act Like it!","BaseMod","CapriCore","Gensokyo","Minty Spire (QoL Compilation)","StSLib","Yakumo Yukari mod"],"gold_per_floor":[132,29,29,48,48,48,48,79,128,128,292,292,321,421,421,421,421],"floor_reached":16,"playtime":576,"items_purged":[],"score":106,"play_id":"db004964-ec5f-4a39-9a08-cb22fde0a840","local_time":"20201228104652","daily_mods":["Heirloom","Flight"],"is_ascension_mode":false,"campfire_choices":[{"data":"RuleDissolution_purple","floor":6,"key":"SMITH"},{"data":"Observe_purple_1","floor":7,"key":"SMITH"},{"data":"GluttonyofRealm_purpleEX","floor":12,"key":"SMITH"},{"data":"RuleDissolution_purple+1","floor":15,"key":"PURGE"}],"circlet_count":0,"master_deck":["AT_purpleEX","AT_purpleEX","AT_purpleEX","Defend_purpleEX","Defend_purpleEX","Defend_purpleEX","Defend_purpleEX","Observe_purple_1+1","GluttonyofRealm_purpleEX+1"],"relics":["Boundary_crack","Memoryfragments_purpleEX","Prayer Wheel","Gensokyo:Justice","HornCleat","Toxic Egg 2","Oddly Smooth Stone","Peace Pipe","Vajra"],"acts_visited":["Gensokyo:Gensokyo"],"potions_floor_usage":[16,16],"damage_taken":[{"damage":5,"enemies":"Gensokyo:2_Kodama","floor":1,"turns":5},{"damage":19,"enemies":"Gensokyo:3_Fairies","floor":4,"turns":5},{"damage":17,"enemies":"Gensokyo:Cirno","floor":8,"turns":5},{"damage":0,"enemies":"Gensokyo:Gryphon","floor":11,"turns":4},{"damage":23,"enemies":"Gensokyo:Aya","floor":13,"turns":5},{"damage":27,"enemies":"Gensokyo:Yukari","floor":16,"turns":14}],"seed_played":"-1140082033543098431","potions_obtained":[{"floor":1,"key":"Swift Potion"},{"floor":13,"key":"EssenceOfSteel"}],"is_trial":true,"path_per_floor":["M","COS","?","M","T","R","R","E","T","?","M","R","E","?","R","B"],"character_chosen":"Youkari","items_purchased":[],"campfire_rested":0,"item_purchase_floors":[],"current_hp_per_floor":[67,67,67,51,51,51,51,37,37,37,43,43,27,27,27,0,0],"gold":421,"neow_bonus":"","is_daily":false,"chose_seed":false,"campfire_upgraded":3,"win_rate":0.0,"timestamp":1609123612,"path_taken":["M","COS","?","M","?","R","R","E","T","?","?","R","E","?","R","BOSS"],"items_purchased_type":[],"build_version":"2020-12-22","purchased_purges":0,"victory":false,"max_hp_per_floor":[70,70,70,70,70,70,70,70,70,70,73,73,77,77,77,77,77],"card_choices":[{"not_picked":["MonsterNeedle_purple","SfantasyHide_purple"],"picked":"RuleDissolution_purple","floor":1},{"not_picked":["StateErode_purple","ExistenceContinue_purple","MeetDecomposer_purple"],"picked":"SKIP","floor":1},{"not_picked":["Realm_recovery_purpleEX","Mirror_FormAndEmptin_purple","Shallow_ocean_purpleEX"],"picked":"SKIP","floor":4},{"not_picked":["Boundary_of_Extermination_purpleEX","StateDuplicate_purple","Mirror_FormAndEmptin_purple"],"picked":"SKIP","floor":4},{"not_picked":["Worldmountain_purple","DimensionStaggered_purple+1"],"picked":"GluttonyofRealm_purpleEX","floor":8},{"not_picked":["ExistenceContinue_purple","RuleDissolution_purple+1","Mirror_FormAndEmptin_purple+1"],"picked":"SKIP","floor":11},{"not_picked":["Bait_Toxicbait_purple+1","Line_surface_state_purple+1","PositiveMatter_Antimatter_Universe_purple+1"],"picked":"SKIP","floor":11},{"not_picked":["Realm_recovery_purpleEX+1","Umbrella_purple","MonsterNeedle_purple+1"],"picked":"SKIP","floor":13}],"player_experience":280904,"relics_obtained":[{"floor":5,"key":"HornCleat"},{"floor":8,"key":"Toxic Egg 2"},{"floor":9,"key":"Oddly Smooth Stone"},{"floor":13,"key":"Vajra"}],"event_choices":[],"is_beta":false,"boss_relics":[],"items_purged_floors":[],"is_endless":false,"potions_floor_spawned":[1,13],"killed_by":"Gensokyo:Yukari","ascension_level":0}}