{"host":"wshh0nphwn6jv7vj","time":1609139725,"event":{"mods":["BaseMod","Bestiary","Minty Spire (QoL Compilation)"],"gold_per_floor":[16,26,43,43,58,84,84,122,134,146,146],"floor_reached":10,"playtime":371,"items_purged":[],"score":144,"play_id":"a9a14aac-5415-418c-9880-31bccb1a07b9","local_time":"20201228021525","is_ascension_mode":true,"campfire_choices":[],"circlet_count":0,"master_deck":["AscendersBane","Strike_R","Strike_R","Strike_R","Defend_R","Defend_R","Defend_R","Bash","Rampage","True Grit","Burning Pact","Sword Boomerang","Uppercut","Evolve"],"relics":["Burning Blood","Toy Ornithopter","MawBank","Blue Candle","Bottled Tornado"],"acts_visited":["Exordium"],"potions_floor_usage":[5,6,10],"damage_taken":[{"damage":7,"enemies":"Small Slimes","floor":1,"turns":3},{"damage":1,"enemies":"Cultist","floor":2,"turns":3},{"damage":0,"enemies":"Jaw Worm","floor":3,"turns":5},{"damage":15,"enemies":"Looter","floor":5,"turns":3},{"damage":34,"enemies":"Gremlin Nob","floor":6,"turns":4},{"damage":30,"enemies":"Lagavulin","floor":8,"turns":8},{"damage":21,"enemies":"3 Sentries","floor":10,"turns":4}],"seed_played":"-4591860127215692023","potions_obtained":[{"floor":1,"key":"ElixirPotion"},{"floor":2,"key":"FearPotion"},{"floor":8,"key":"LiquidBronze"}],"is_trial":false,"path_per_floor":["M","M","M","?","M","E","T","E","T","E"],"character_chosen":"IRONCLAD","items_purchased":[],"campfire_rested":0,"item_purchase_floors":[],"current_hp_per_floor":[67,72,75,75,66,38,38,14,14,0,0],"gold":146,"neow_bonus":"REMOVE_TWO","is_daily":false,"chose_seed":false,"campfire_upgraded":0,"win_rate":0.0,"timestamp":1609139725,"path_taken":["M","M","M","?","?","E","?","E","T","E"],"items_purchased_type":[],"build_version":"2020-12-22","purchased_purges":0,"victory":false,"max_hp_per_floor":[75,75,75,75,75,75,75,75,75,75,75],"card_choices":[{"not_picked":["Hemokinesis","Headbutt"],"picked":"Rampage","floor":1},{"not_picked":["Heavy Blade","Iron Wave"],"picked":"True Grit","floor":2},{"not_picked":["Thunderclap","Body Slam"],"picked":"Burning Pact","floor":3},{"not_picked":["Iron Wave","Twin Strike"],"picked":"Sword Boomerang","floor":5},{"not_picked":["Havoc","Sword Boomerang"],"picked":"Uppercut","floor":6},{"not_picked":["Carnage","Reaper"],"picked":"Evolve","floor":8}],"player_experience":1515157,"relics_obtained":[{"floor":6,"key":"Toy Ornithopter"},{"floor":7,"key":"MawBank"},{"floor":8,"key":"Blue Candle"},{"floor":9,"key":"Bottled Tornado"}],"event_choices":[{"cards_removed":["Strike_R"],"damage_healed":0,"gold_gain":0,"player_choice":"Offered Basic","damage_taken":0,"max_hp_gain":0,"max_hp_loss":0,"event_name":"Bonfire Elementals","floor":4,"gold_loss":0}],"is_beta":false,"boss_relics":[],"items_purged_floors":[],"is_endless":false,"potions_floor_spawned":[1,2,8],"killed_by":"3 Sentries","ascension_level":17}}