{"host":"zr590xw2unlz0wv7","time":1609170345,"event":{"mods":["BaseMod","Minty Spire (QoL Compilation)","READ ME - Guardian Mod","StSLib"],"gold_per_floor":[113,38,38,52,2,2,20,20,45,74,91,150,150,161,161,256,256,266,266,295,315,315,315],"floor_reached":22,"playtime":730,"items_purged":["Defend_P"],"score":230,"play_id":"0de30fb2-2851-4d49-9db2-3c41c24b6d05","local_time":"20201228234545","is_ascension_mode":true,"campfire_choices":[{"data":"Eruption","floor":6.0,"key":"SMITH"},{"data":"PathToVictory","floor":8.0,"key":"SMITH"},{"floor":15,"key":"RECALL"}],"circlet_count":0,"master_deck":["Strike_P","Strike_P","Strike_P","Defend_P","Defend_P+1","Defend_P+1","Eruption+1","Vigilance","PathToVictory+1","ReachHeaven","PathToVictory","PathToVictory","Alpha"],"relics":["PureWater","Potion Belt","War Paint","Bag of Preparation","Damaru","Gremlin Horn","SlaversCollar","Red Mask"],"acts_visited":["Exordium","TheCity"],"potions_floor_usage":[14,16,20,21],"damage_taken":[{"damage":0.0,"enemies":"Cultist","floor":1.0,"turns":2.0},{"damage":3.0,"enemies":"Jaw Worm","floor":4.0,"turns":4.0},{"damage":0.0,"enemies":"Small Slimes","floor":7.0,"turns":3.0},{"damage":12,"enemies":"Gremlin Nob","floor":10,"turns":3},{"damage":0,"enemies":"3 Louse","floor":11,"turns":2},{"damage":0,"enemies":"Gremlin Nob","floor":12,"turns":2},{"damage":2,"enemies":"Looter","floor":14,"turns":2},{"damage":27,"enemies":"Hexaghost","floor":16,"turns":5},{"damage":20,"enemies":"2 Thieves","floor":18,"turns":4},{"damage":41,"enemies":"Masked Bandits","floor":20,"turns":5},{"damage":0,"enemies":"Spheric Guardian","floor":21,"turns":2},{"damage":16,"enemies":"Shelled Parasite and Fungi","floor":22,"turns":2}],"seed_played":"-8099689866494926252","potions_obtained":[{"floor":7.0,"key":"SpeedPotion"},{"floor":10,"key":"BottledMiracle"},{"floor":12,"key":"Block Potion"},{"floor":20,"key":"AttackPotion"}],"is_trial":false,"path_per_floor":["M","$","?","M","?","R","M","R","T","E","M","?","?","M","R","B",null,"M","?","?","M","M"],"character_chosen":"WATCHER","items_purchased":[],"campfire_rested":0,"item_purchase_floors":[],"current_hp_per_floor":[72,72,60,57,57,57,57,57,57,45,45,45,50,48,48,21,63,43,43,2,2,0,0],"gold":315,"neow_bonus":"RANDOM_COMMON_RELIC","is_daily":false,"chose_seed":false,"campfire_upgraded":2,"win_rate":0.0,"timestamp":1609170345,"path_taken":["M","$","?","M","?","R","M","R","T","E","M","?","?","M","R","BOSS","M","?","?","M","?"],"items_purchased_type":[],"build_version":"2020-12-22","purchased_purges":1,"victory":false,"max_hp_per_floor":[72,72,72,72,72,72,72,72,72,72,72,72,77,77,77,77,77,77,77,77,77,77,77],"card_choices":[{"not_picked":["FlyingSleeves","EmptyBody","WindmillStrike"],"picked":"SKIP","floor":1.0},{"not_picked":["Consecrate","BowlingBash","ThirdEye"],"picked":"SKIP","floor":4.0},{"not_picked":["Crescendo","EmptyFist"],"picked":"PathToVictory","floor":7.0},{"not_picked":["SpiritShield","EmptyFist"],"picked":"ReachHeaven","floor":10},{"not_picked":["InnerPeace","ClearTheMind"],"picked":"PathToVictory","floor":11},{"not_picked":["Evaluate","BattleHymn"],"picked":"PathToVictory","floor":14},{"not_picked":["Judgement","Establishment"],"picked":"Alpha","floor":16},{"not_picked":["CrushJoints","Swivel","WindmillStrike"],"picked":"SKIP","floor":18},{"not_picked":["Indignation","FlyingSleeves","EmptyBody"],"picked":"SKIP","floor":21}],"player_experience":525611,"relics_obtained":[{"floor":9.0,"key":"Bag of Preparation"},{"floor":10,"key":"Damaru"},{"floor":20,"key":"Red Mask"}],"event_choices":[{"damage_healed":0.0,"max_hp_gain":0.0,"max_hp_loss":0.0,"gold_gain":0.0,"event_name":"Scrap Ooze","player_choice":"Success","floor":3.0,"gold_loss":0.0,"damage_taken":12.0,"relics_obtained":["War Paint"]},{"cards_removed":["Strike_P"],"damage_healed":0.0,"max_hp_gain":0.0,"max_hp_loss":0.0,"gold_gain":0.0,"event_name":"The Cleric","player_choice":"Card Removal","floor":5.0,"gold_loss":50.0,"damage_taken":0.0},{"damage_healed":0,"gold_gain":0,"player_choice":"Searched \u00273\u0027 times","damage_taken":0,"relics_obtained":["Gremlin Horn"],"max_hp_gain":0,"max_hp_loss":0,"event_name":"Dead Adventurer","floor":12,"gold_loss":0},{"damage_healed":0,"gold_gain":0,"player_choice":"Donut","damage_taken":0,"max_hp_gain":5,"max_hp_loss":0,"event_name":"Big Fish","floor":13,"gold_loss":0},{"damage_healed":0,"gold_gain":0,"player_choice":"Ignored","damage_taken":0,"max_hp_gain":0,"max_hp_loss":0,"event_name":"Vampires","floor":19,"gold_loss":0},{"damage_healed":0,"gold_gain":0,"player_choice":"Fought Bandits","damage_taken":0,"max_hp_gain":0,"max_hp_loss":0,"event_name":"Masked Bandits","floor":20,"gold_loss":0}],"is_beta":false,"boss_relics":[{"not_picked":["Black Star","Astrolabe"],"picked":"SlaversCollar"}],"items_purged_floors":[2],"is_endless":false,"potions_floor_spawned":[7,10,12,20],"killed_by":"Shelled Parasite and Fungi","ascension_level":5}}