{"host":"m77rrhbqzv44va4v","time":1609123241,"event":{"mods":["AchievementEnabler","BaseMod","Colored Map","DeckTracker","Keyboard Shortcuts","Minty Spire (QoL Compilation)","StSLib","SuperFastMode","everything is the same but u backflip on backflip"],"gold_per_floor":[118,43,43,118,128,153,207,207,232,252,32,74,74,93,102,102,102],"floor_reached":16,"playtime":242,"items_purged":[],"score":266,"play_id":"68287c2e-1cbe-4054-b0ba-2366c4e16b5b","local_time":"20201228114041","is_ascension_mode":true,"campfire_choices":[{"data":"Blade Dance","floor":8,"key":"SMITH"},{"floor":15,"key":"REST"}],"circlet_count":0,"master_deck":["AscendersBane","Strike_G","Strike_G","Strike_G","Strike_G","Defend_G","Defend_G","Defend_G","Defend_G","Defend_G","Survivor","Neutralize","Slice","Blade Dance+1","Blur","Cloak And Dagger","Master of Strategy","Crippling Poison","Noxious Fumes","Footwork"],"relics":["Ring of the Snake","NeowsBlessing","Letter Opener","Orichalcum","CeramicFish","Dream Catcher","Tiny Chest"],"acts_visited":["Exordium"],"potions_floor_usage":[12,16,16],"damage_taken":[{"damage":0,"enemies":"2 Louse","floor":1,"turns":1},{"damage":0,"enemies":"Small Slimes","floor":5,"turns":1},{"damage":0,"enemies":"Gremlin Nob","floor":6,"turns":1},{"damage":4,"enemies":"Jaw Worm","floor":10,"turns":4},{"damage":9,"enemies":"3 Sentries","floor":12,"turns":7},{"damage":2,"enemies":"3 Louse","floor":14,"turns":3},{"damage":43,"enemies":"Slime Boss","floor":16,"turns":6}],"seed_played":"-8447414460142514045","potions_obtained":[{"floor":5,"key":"Weak Potion"},{"floor":6,"key":"LiquidBronze"},{"floor":12,"key":"FearPotion"}],"is_trial":false,"path_per_floor":["M","?","?","?","M","E","T","R","T","M","$","E","?","M","R","B"],"character_chosen":"THE_SILENT","items_purchased":["Master of Strategy","Crippling Poison"],"campfire_rested":1,"item_purchase_floors":[11,11],"current_hp_per_floor":[59,59,48,37,37,37,37,37,37,33,33,24,24,22,41,0,0],"gold":102,"neow_bonus":"THREE_ENEMY_KILL","is_daily":false,"chose_seed":false,"campfire_upgraded":1,"win_rate":0.0,"timestamp":1609123241,"path_taken":["M","?","?","?","M","E","?","R","T","M","?","E","?","M","R","BOSS"],"items_purchased_type":["Card","Card"],"build_version":"2020-12-22","purchased_purges":0,"victory":false,"max_hp_per_floor":[66,66,66,66,66,66,66,66,66,66,66,66,66,66,66,66,66],"card_choices":[{"not_picked":["Dodge and Roll","Tactician"],"picked":"Slice","floor":1},{"not_picked":["Distraction","Dodge and Roll"],"picked":"Blade Dance","floor":5},{"not_picked":["Expertise","Deflect"],"picked":"Blur","floor":6},{"not_picked":["Heel Hook","Eviscerate"],"picked":"Cloak And Dagger","floor":10},{"not_picked":["Crippling Poison","Dagger Spray"],"picked":"Noxious Fumes","floor":12},{"not_picked":["Acrobatics","Predator","Infinite Blades"],"picked":"SKIP","floor":14},{"not_picked":["Outmaneuver","Predator"],"picked":"Footwork","floor":15}],"player_experience":815485,"relics_obtained":[{"floor":6,"key":"Orichalcum"},{"floor":7,"key":"CeramicFish"},{"floor":9,"key":"Dream Catcher"},{"floor":12,"key":"Tiny Chest"}],"event_choices":[{"cards_removed":["Strike_G"],"damage_healed":0,"gold_gain":0,"player_choice":"Card Removal","damage_taken":0,"max_hp_gain":0,"max_hp_loss":0,"event_name":"The Cleric","floor":2,"gold_loss":75},{"damage_healed":0,"gold_gain":0,"player_choice":"Success","damage_taken":11,"relics_obtained":["Letter Opener"],"max_hp_gain":0,"max_hp_loss":0,"event_name":"Scrap Ooze","floor":3,"gold_loss":0},{"damage_healed":0,"gold_gain":75,"player_choice":"Gather Gold","damage_taken":11,"max_hp_gain":0,"max_hp_loss":0,"event_name":"World of Goop","floor":4,"gold_loss":0},{"damage_healed":0,"gold_gain":0,"player_choice":"Ignored","damage_taken":0,"max_hp_gain":0,"max_hp_loss":0,"event_name":"Liars Game","floor":13,"gold_loss":0}],"is_beta":false,"boss_relics":[],"items_purged_floors":[],"is_endless":false,"potions_floor_spawned":[5,6,10,12],"killed_by":"Slime Boss","ascension_level":20}}