{"host":"5ty8fyb0ngp9gspj","time":1609114287,"event":{"mods":["2.2 Compatiblity","AchievementEnabler","Act Like it!","BaseMod","Colored Map","Downfall","Minty Spire (QoL Compilation)","Rare Cards Sparkle","StSLib"],"gold_per_floor":[99,99,111,122,55,66,66,98,198,198,22,22,22,54,74,179,179,104,116,129,129,44,62,62,91,91,106,56,41,54,54,71,171,171,96,111,111,226,246,246,246,246,271,179,179,279,305,340,265,265,265,292,26,26,26],"floor_reached":56,"playtime":5817,"items_purged":[],"score":1392,"play_id":"83b5c11f-9875-4c31-a040-747363162cfe","local_time":"20201228111127","is_ascension_mode":true,"campfire_choices":[{"data":"hexamod:Float","floor":1,"key":"SMITH"},{"floor":10,"key":"REST"},{"data":"hexamod:SkipABeat","floor":12,"key":"SMITH"},{"data":"hexamod:UnlimitedPower","floor":18,"key":"SMITH"},{"floor":26,"key":"RECALL"},{"data":"hexamod:EmpoweringStance","floor":35,"key":"SMITH"},{"data":"hexamod:TimeWarp","floor":42,"key":"SMITH"},{"data":"Dramatic Entrance","floor":45,"key":"SMITH"},{"floor":49,"key":"REST"},{"data":"1","floor":54,"key":"LIFT"}],"circlet_count":0,"master_deck":["hexamod:Sear","hexamod:Float+1","hexamod:GhostOfSpirePast","hexamod:GhostShield","hexamod:GhostOfSpireFuture","hexamod:FastForward","hexamod:Firestarter","hexamod:SkipABeat+1","hexamod:SkipABeat","hexamod:UnlimitedPower+1","hexamod:Toasty","hexamod:AdvancingGuard","hexamod:Hexaguard","hexamod:GhostflameBarrier+1","hexamod:WildfireWeapon","hexamod:FastForward+1","hexamod:AdvancingGuard","hexamod:BurningTouch+1","hexamod:CrushingStance","hexamod:FastForward","hexamod:TimeOfNeed","hexamod:NightmareGuise","hexamod:TimeWarp+1","hexamod:PhantomFireball","hexamod:GhostflameBarrier","hexamod:HeatShield","hexamod:GhostOfSpirePast","hexamod:NightmareStrike","hexamod:EmpoweringStance+1","hexamod:GhostOfSpirePresent+1","hexamod:GhostOfSpireFuture+1","hexamod:DynamicBlow+1","hexamod:GhostShield+1","hexamod:Rewind+1","Dramatic Entrance+1","hexamod:ApocalypseNow+1","hexamod:BurningTouch+1","hexamod:SpectralAdrenaline+1","hexamod:SpectralSpark+1","hexamod:Rewind+1","hexamod:GhostShield+1","hexamod:NightmareGuise+1"],"relics":["hexamod:SpiritBrand","downfall:ShatteredFragment","Mummified Hand","MealTicket","Ancient Tea Set","Sozu","downfall:HeartBlessingBlue","StoneCalendar","Girya","Pandora\u0027s Box","downfall:HeartBlessingRed","Kunai","hexamod:InflammatoryLetter","Toxic Egg 2","hexamod:TheBrokenSeal","The Courier","downfall:HeartBlessingGreen","Pen Nib"],"acts_visited":["Exordium","TheCity","TheBeyond","TheEnding"],"potions_floor_usage":[55,55,55],"damage_taken":[{"damage":0,"enemies":"Small Slimes","floor":3,"turns":4},{"damage":1,"enemies":"Jaw Worm","floor":4,"turns":3},{"damage":0,"enemies":"downfall:FleeingMerchant","floor":5,"turns":4},{"damage":0,"enemies":"Cultist","floor":6,"turns":3},{"damage":12,"enemies":"Lagavulin","floor":8,"turns":6},{"damage":0,"enemies":"downfall:FleeingMerchant","floor":11,"turns":4},{"damage":0,"enemies":"3 Sentries","floor":14,"turns":5},{"damage":0,"enemies":"3 Louse","floor":15,"turns":3},{"damage":43,"enemies":"downfall:Defect","floor":16,"turns":7},{"damage":0,"enemies":"3 Byrds","floor":19,"turns":4},{"damage":18,"enemies":"Snake Plant","floor":20,"turns":3},{"damage":2,"enemies":"downfall:FleeingMerchant","floor":22,"turns":4},{"damage":15,"enemies":"Shelled Parasite and Fungi","floor":23,"turns":5},{"damage":20,"enemies":"Book of Stabbing","floor":25,"turns":5},{"damage":11,"enemies":"Centurion and Healer","floor":27,"turns":6},{"damage":4,"enemies":"downfall:FleeingMerchant","floor":29,"turns":4},{"damage":6,"enemies":"Snecko","floor":30,"turns":5},{"damage":19,"enemies":"Snake Plant","floor":32,"turns":3},{"damage":11,"enemies":"downfall:Silent","floor":33,"turns":7},{"damage":6,"enemies":"3 Darklings","floor":36,"turns":5},{"damage":10,"enemies":"downfall:FleeingMerchant","floor":38,"turns":3},{"damage":8,"enemies":"Orb Walker","floor":39,"turns":3},{"damage":4,"enemies":"Maw","floor":43,"turns":6},{"damage":0,"enemies":"Spire Growth","floor":47,"turns":3},{"damage":35,"enemies":"Giant Head","floor":48,"turns":9},{"damage":12,"enemies":"downfall:Ironclad","floor":50,"turns":7},{"damage":27,"enemies":"downfall:CharBossMerchant","floor":52,"turns":6},{"damage":17,"enemies":"downfall:NeowBoss","floor":55,"turns":22}],"seed_played":"-4057737417067385629","potions_obtained":[{"floor":8,"key":"EssenceOfSteel"},{"floor":15,"key":"LiquidBronze"},{"floor":16,"key":"BlessingOfTheForge"}],"is_trial":false,"path_per_floor":["R","?","M","M","$","M","T","E","?","R","$","R","T","E","M","B",null,"R","M","M","?","$","M","T","E","R","M","?","$","M","?","M","B",null,"R","M","?","$","M","?","T","R","M","$","R","?","M","E","R","B",null,"E","$","R","B",null],"character_chosen":"THE_SPIRIT","items_purchased":["hexamod:FastForward","hexamod:FirstSeal","hexamod:SkipABeat","hexamod:FourthSeal","hexamod:InflammatoryLetter","Dramatic Entrance","hexamod:SpectralAdrenaline+1","hexamod:SpectralSpark+1","hexamod:Rewind+1","hexamod:GhostShield+1","hexamod:NightmareGuise+1"],"campfire_rested":2,"item_purchase_floors":[5,11,11,22,38,44,53,53,53,53,53],"current_hp_per_floor":[77,56,56,55,55,55,55,43,43,66,77,77,77,77,77,34,77,87,87,69,69,87,79,79,66,66,62,87,87,81,81,62,58,87,87,87,87,77,69,61,61,61,57,72,72,72,79,68,97,85,97,70,85,85,68],"gold":26,"neow_bonus":"TEN_PERCENT_HP_BONUS","is_daily":false,"chose_seed":false,"campfire_upgraded":6,"win_rate":0.0,"timestamp":1609114287,"path_taken":["R","?","M","M","$","M","T","E","?","R","$","R","?","E","M","BOSS","R","M","M","?","$","?","T","E","R","M","?","$","M","?","M","BOSS","R","M","?","$","M","?","T","R","?","$","R","?","M","E","R","BOSS","E","$","R","BOSS"],"items_purchased_type":["Card","Card","Card","Card","Relic","Card","Card","Card","Card","Card","Card"],"build_version":"2020-12-22","purchased_purges":0,"victory":true,"max_hp_per_floor":[77,77,77,77,77,77,77,77,77,77,77,77,77,77,77,77,77,87,87,87,87,87,87,87,87,87,87,87,87,87,87,87,87,87,87,87,87,87,87,87,87,87,87,87,87,87,87,97,97,97,97,97,97,97,97],"card_choices":[{"not_picked":["hexamod:Hexaguard","hexamod:SwordOfDarkness"],"picked":"hexamod:GhostOfSpirePast","floor":3},{"not_picked":["hexamod:SpectersWail","hexamod:RainOfEmbers"],"picked":"hexamod:GhostShield","floor":4},{"not_picked":["hexamod:DynamicBlow","hexamod:ThermalTransfer"],"picked":"hexamod:GhostOfSpireFuture","floor":5},{"not_picked":["hexamod:GhostLash","hexamod:NecessarySacrifice"],"picked":"hexamod:Firestarter","floor":6},{"not_picked":["hexamod:HauntingEcho","hexamod:SuperheatedStrike","hexamod:GhostShield"],"picked":"SKIP","floor":8},{"not_picked":["hexamod:DynamicBlow","hexamod:HeatCrush"],"picked":"hexamod:ThirdSeal","floor":11},{"not_picked":["hexamod:SwordOfDarkness","hexamod:PowerFromBeyond","hexamod:ChargedBarrage"],"picked":"SKIP","floor":14},{"not_picked":["hexamod:RainOfEmbers","hexamod:UnleashSpirits","hexamod:SwordOfDarkness"],"picked":"SKIP","floor":14},{"not_picked":["hexamod:GhostOfSpirePresent","hexamod:StepThrough"],"picked":"hexamod:SkipABeat","floor":15},{"not_picked":["hexamod:ShieldOfDarkness","hexamod:GhostLash"],"picked":"hexamod:Rewind","floor":15},{"not_picked":["hexamod:ApocalypseNow","hexamod:SearingWound"],"picked":"hexamod:UnlimitedPower","floor":16},{"not_picked":["hexamod:EmpoweringStance","hexamod:ParanormalForm"],"picked":"hexamod:Toasty","floor":16},{"not_picked":["hexamod:SpectersWail","hexamod:EtherealExpedition"],"picked":"hexamod:AdvancingGuard","floor":19},{"not_picked":["hexamod:HauntingEcho","hexamod:NightmareStrike+1","hexamod:SwordOfDarkness+1"],"picked":"SKIP","floor":19},{"not_picked":["hexamod:NecessarySacrifice","hexamod:Firestarter+1"],"picked":"hexamod:Hexaguard","floor":20},{"not_picked":["hexamod:Again","hexamod:NightmareGuise+1","hexamod:BurningTouch"],"picked":"SKIP","floor":20},{"not_picked":["hexamod:RainOfEmbers+1","hexamod:NightmareStrike"],"picked":"hexamod:GhostflameBarrier+1","floor":22},{"not_picked":["hexamod:UnleashSpirits","hexamod:Firestarter","hexamod:ShieldOfDarkness"],"picked":"SKIP","floor":22},{"not_picked":["hexamod:GhostOfSpirePast","hexamod:SkipABeat"],"picked":"hexamod:WildfireWeapon","floor":23},{"not_picked":["hexamod:SkipABeat","hexamod:ThermalTransfer","hexamod:BacktrackSmack"],"picked":"SKIP","floor":23},{"not_picked":["hexamod:GhostShield","hexamod:HeatCrush"],"picked":"hexamod:FastForward","floor":25},{"not_picked":["hexamod:PowerFromBeyond","hexamod:PhantomCloak","hexamod:SpectersWail"],"picked":"SKIP","floor":25},{"not_picked":["hexamod:BurningTouch","hexamod:NightmareStrike"],"picked":"hexamod:AdvancingGuard","floor":27},{"not_picked":["hexamod:Incineration+1","hexamod:ShieldOfDarkness"],"picked":"hexamod:BurningTouch+1","floor":27},{"not_picked":["hexamod:NightmareStrike","hexamod:SwordOfDarkness","hexamod:FourthSeal"],"picked":"SKIP","floor":29},{"not_picked":["hexamod:HeatCrush","hexamod:ThermalTransfer"],"picked":"hexamod:CrushingStance","floor":30},{"not_picked":["hexamod:BurningTouch","hexamod:BacktrackSmack+1"],"picked":"hexamod:FastForward","floor":32},{"not_picked":["hexamod:HeatShield","hexamod:SpectralAdrenaline","hexamod:BurningTouch"],"picked":"SKIP","floor":32},{"not_picked":["hexamod:CrushingStance","hexamod:Toasty"],"picked":"hexamod:FifthSeal","floor":33},{"not_picked":["hexamod:WildfireWeapon","hexamod:GiftsFromTheDead"],"picked":"hexamod:TimeOfNeed","floor":33},{"not_picked":["hexamod:AdvancingGuard","hexamod:BurningTouch+1"],"picked":"hexamod:GhostOfSpirePresent+1","floor":36},{"not_picked":["hexamod:Firestarter","hexamod:PowerFromBeyond+1"],"picked":"hexamod:GhostOfSpireFuture+1","floor":36},{"not_picked":["hexamod:Haunt","hexamod:BurningTouch+1"],"picked":"hexamod:DynamicBlow+1","floor":38},{"not_picked":["hexamod:FirstSeal","hexamod:FourthSeal"],"picked":"hexamod:SecondSeal","floor":39},{"not_picked":["hexamod:NightmareStrike","hexamod:ThermalTransfer+1"],"picked":"hexamod:GhostShield+1","floor":39},{"not_picked":["hexamod:Firestarter+1","hexamod:HauntingEcho","hexamod:SpectersWail"],"picked":"SKIP","floor":39},{"not_picked":["hexamod:ParanormalForm","hexamod:HeatCrush"],"picked":"hexamod:Rewind+1","floor":43},{"not_picked":["hexamod:ShieldOfDarkness+1","hexamod:SpectersWail","hexamod:NightmareGuise+1"],"picked":"SKIP","floor":43},{"not_picked":["hexamod:ThirdSeal","hexamod:SecondSeal"],"picked":"hexamod:SixthSeal","floor":47},{"not_picked":["hexamod:SpectersWail","hexamod:BacktrackSmack+1","hexamod:Incineration+1"],"picked":"SKIP","floor":47},{"not_picked":["hexamod:EmpoweredFlame+1","hexamod:SpectersWail+1"],"picked":"hexamod:ApocalypseNow+1","floor":48},{"not_picked":["hexamod:SixthSeal","hexamod:FirstSeal","hexamod:ThirdSeal"],"picked":"SKIP","floor":48},{"not_picked":["hexamod:Incineration+1","hexamod:ThirdSeal"],"picked":"hexamod:BurningTouch+1","floor":52}],"player_experience":326567,"relics_obtained":[{"floor":7,"key":"Mummified Hand"},{"floor":8,"key":"MealTicket"},{"floor":14,"key":"Ancient Tea Set"},{"floor":24,"key":"StoneCalendar"},{"floor":25,"key":"Girya"},{"floor":37,"key":"Kunai"},{"floor":41,"key":"Toxic Egg 2"},{"floor":48,"key":"The Courier"},{"floor":52,"key":"Pen Nib"}],"event_choices":[{"damage_healed":0,"gold_gain":0,"player_choice":"Leave","damage_taken":0,"max_hp_gain":0,"max_hp_loss":0,"event_name":"FaceTrader","floor":21,"gold_loss":0},{"damage_healed":0,"gold_gain":0,"player_choice":"Ignored","damage_taken":0,"max_hp_gain":0,"max_hp_loss":0,"event_name":"Vampires","floor":31,"gold_loss":0}],"is_beta":false,"boss_relics":[{"not_picked":["Calling Bell","sneckomod:SneckoTalon"],"picked":"Sozu"},{"not_picked":["Snecko Eye","Runic Pyramid"],"picked":"Pandora\u0027s Box"}],"items_purged_floors":[],"is_endless":false,"potions_floor_spawned":[8,15,16,19,23,33,47,52],"ascension_level":3}}