{"host":"vhvm1b4sel61ztfv","time":1609189189,"event":{"mods":["BaseMod","BetterRewards","Displayed Cursed Tome","Minty Spire (QoL Compilation)","Replay The Spire","StSLib","The Blue Laboratory"],"gold_per_floor":[141,189,237,303,18,18,18,117,117,117,174,279,123,177,177,482,482,530,530,611,177,225,225,225,225,225,285,285,141,242,144,144,484,484,545,545,604,460,460,460,569,585,585],"floor_reached":42,"playtime":2074,"items_purged":[],"score":824,"play_id":"192640a3-dc58-4410-8f5b-9b9c53f16c2c","local_time":"20201228155949","daily_mods":["Draft","Vintage","Heirloom","Time Dilation","Flight","DeadlyEvents","Lethality","Midas"],"is_ascension_mode":true,"campfire_choices":[{"floor":6.0,"key":"REST"},{"floor":7.0,"key":"REST"},{"floor":10.0,"key":"REST"},{"floor":15.0,"key":"REST"},{"floor":23.0,"key":"REST"},{"floor":24.0,"key":"REST"},{"floor":25.0,"key":"REST"},{"floor":28.0,"key":"REST"},{"floor":32.0,"key":"REST"},{"floor":40,"key":"REST"}],"circlet_count":0,"master_deck":["ClearTheMind+1","ThirdEye","Replay:ManipulateFuture","FlurryOfBlows+1","WaveOfTheHand","Weave","FlurryOfBlows","Crescendo","Wireheading","Protect","EmptyFist","LikeWater","EmptyBody","Swivel+1","ThirdEye+1","Prostrate","Consecrate","Prostrate+1","FlurryOfBlows+1","Halt","DeusExMachina","Prostrate","Consecrate+1","TalkToTheHand","Tantrum","Mayhem","FlurryOfBlows+1","FlurryOfBlows+1"],"relics":["PureWater","Ring of Chaos","replay:Trail_Library","Prayer Wheel","Dream Catcher","Shuriken","MawBank","Replay:Rubber Ducky","Orrery","Pondfish Scales","Tiny Chest","StrikeDummy","Gremlin Food","Replay:Bandana","VioletLotus","PreservedInsect","Quantum Egg","Mummified Hand","Molten Egg 2","Blood Vial","Replay:WaspNest","Damaru","Bottled Tornado","Pocketwatch","Frozen Eye","Counterbalance"],"acts_visited":["Exordium","TheCity","TheBeyond"],"potions_floor_usage":[],"damage_taken":[{"damage":0.0,"enemies":"Small Slimes","floor":1.0,"turns":2.0},{"damage":0.0,"enemies":"Cultist","floor":2.0,"turns":2.0},{"damage":11.0,"enemies":"2 Louse","floor":3.0,"turns":2.0},{"damage":7.0,"enemies":"Gremlin Gang","floor":4.0,"turns":4.0},{"damage":19.0,"enemies":"3 Sentries","floor":8.0,"turns":2.0},{"damage":11.0,"enemies":"3 Louse","floor":11.0,"turns":2.0},{"damage":0.0,"enemies":"Lagavulin","floor":12.0,"turns":3.0},{"damage":0.0,"enemies":"Looter","floor":14.0,"turns":1.0},{"damage":0.0,"enemies":"Fading Forest","floor":16.0,"turns":9.0},{"damage":0.0,"enemies":"Chosen","floor":18.0,"turns":3.0},{"damage":11.0,"enemies":"3 Byrds","floor":20.0,"turns":3.0},{"damage":2.0,"enemies":"Cultist and Chosen","floor":22.0,"turns":3.0},{"damage":0.0,"enemies":"Snecko","floor":27.0,"turns":2.0},{"damage":10.0,"enemies":"Gremlin Leader","floor":30.0,"turns":2.0},{"damage":0.0,"enemies":"Champ","floor":33.0,"turns":4.0},{"damage":28,"enemies":"3 Darklings","floor":35,"turns":2},{"damage":0,"enemies":"Orb Walker","floor":37,"turns":3},{"damage":10,"enemies":"Giant Head","floor":41,"turns":6},{"damage":70,"enemies":"Reptomancer","floor":42,"turns":2}],"seed_played":"3780273820567899295","potions_obtained":[{"floor":8.0,"key":"blueLaboratory:CorrosionFlask"},{"floor":16.0,"key":"AttackPotion"},{"floor":20.0,"key":"blueLaboratory:BottleOfVodka"},{"floor":30.0,"key":"blueLaboratory:NullPotion"},{"floor":35,"key":"Energy Potion"}],"is_trial":true,"path_per_floor":["M","M","M","M","$","R","R","E","T","R","M","E","$","M","R","B",null,"M","?","M","$","M","R","R","R","T","M","R","$","E","$","R","B",null,"M","T","M","$","$","R","E","E"],"character_chosen":"WATCHER","items_purchased":["Orrery","DeusExMachina","Gremlin Food","Mummified Hand","Mayhem","Blood Vial","blueLaboratory:FruitPreserves","Frozen Eye"],"campfire_rested":10,"item_purchase_floors":[5,5,13,21,21,29,31,38],"current_hp_per_floor":[72,72,61,54,54,72,72,53,53,72,61,61,61,61,72,72,72,72,72,61,61,59,72,72,72,72,72,72,72,62,62,72,72,72,44,44,46,46,46,67,59,0,0],"gold":585,"neow_bonus":"","is_daily":false,"chose_seed":false,"campfire_upgraded":0,"win_rate":0.0,"timestamp":1609189189,"path_taken":["M","M","M","M","$","R","R","E","T","R","M","E","$","M","R","BOSS","M","?","M","$","M","R","R","R","T","M","R","$","E","$","R","BOSS","M","?","M","$","$","R","E","E"],"items_purchased_type":["Relic","Card","Relic","Relic","Card","Relic","Potion","Relic"],"build_version":"2020-12-22","purchased_purges":0,"victory":false,"max_hp_per_floor":[72,72,72,72,72,72,72,72,72,72,72,72,72,72,72,72,72,72,72,72,72,72,72,72,72,72,72,72,72,72,72,72,72,72,72,72,72,72,72,72,72,72,72],"card_choices":[{"not_picked":["Replay:AtTheReady","SashWhip"],"picked":"ClearTheMind","floor":0.0},{"not_picked":["Halt","WindmillStrike"],"picked":"ThirdEye","floor":0.0},{"not_picked":["FearNoEvil","SandsOfTime"],"picked":"Replay:ManipulateFuture","floor":0.0},{"not_picked":["Halt","Sanctity"],"picked":"FlurryOfBlows","floor":0.0},{"not_picked":["Fasting2","Replay:ManipulateFuture"],"picked":"WaveOfTheHand","floor":0.0},{"not_picked":["FollowUp","PathToVictory"],"picked":"Weave","floor":0.0},{"not_picked":["PathToVictory","ClearTheMind"],"picked":"FlurryOfBlows","floor":0.0},{"not_picked":["Protect","CrushJoints"],"picked":"Crescendo","floor":0.0},{"not_picked":["JustLucky","Collect"],"picked":"Wireheading","floor":0.0},{"not_picked":["EmptyBody","Prostrate"],"picked":"Protect","floor":0.0},{"not_picked":["ForeignInfluence","ThirdEye"],"picked":"EmptyFist","floor":0.0},{"not_picked":["BattleHymn","Replay:AtTheReady"],"picked":"LikeWater","floor":0.0},{"not_picked":["PathToVictory","Nirvana"],"picked":"EmptyBody","floor":0.0},{"not_picked":["PathToVictory","Protect"],"picked":"Swivel","floor":0.0},{"not_picked":["FollowUp","ClearTheMind"],"picked":"ThirdEye","floor":0.0},{"not_picked":["Replay:Cycle","LessonLearned"],"picked":"Prostrate","floor":5.0},{"not_picked":["Protect","Study"],"picked":"Consecrate","floor":5.0},{"not_picked":["ClearTheMind","SashWhip"],"picked":"Prostrate","floor":5.0},{"not_picked":["EmptyFist","Evaluate"],"picked":"FlurryOfBlows","floor":5.0},{"not_picked":["CrushJoints","ThirdEye"],"picked":"Halt","floor":5.0},{"not_picked":["EmptyBody","PathToVictory"],"picked":"Prostrate","floor":6.0},{"not_picked":["SashWhip","FearNoEvil"],"picked":"Consecrate","floor":7.0},{"not_picked":["ForeignInfluence","EmptyMind","ClearTheMind"],"picked":"SKIP","floor":8.0},{"not_picked":["Judgement","BowlingBash"],"picked":"Tantrum","floor":10.0},{"not_picked":["EmptyMind","WheelKick","Consecrate"],"picked":"SKIP","floor":12.0},{"not_picked":["WindmillStrike+1","Nirvana"],"picked":"FlurryOfBlows+1","floor":23.0},{"not_picked":["CarveReality+1","Crescendo"],"picked":"FlurryOfBlows+1","floor":28.0},{"not_picked":["ReachHeaven+1","FlurryOfBlows+1","CutThroughFate+1"],"picked":"SKIP","floor":30.0},{"not_picked":["EmptyFist+1","Wallop+1","Nirvana"],"picked":"SKIP","floor":41}],"player_experience":87929,"relics_obtained":[{"floor":1.0,"key":"Dream Catcher"},{"floor":2.0,"key":"Shuriken"},{"floor":3.0,"key":"MawBank"},{"floor":4.0,"key":"Replay:Rubber Ducky"},{"floor":8.0,"key":"Pondfish Scales"},{"floor":9.0,"key":"Tiny Chest"},{"floor":12.0,"key":"StrikeDummy"},{"floor":14.0,"key":"Replay:Bandana"},{"floor":18.0,"key":"PreservedInsect"},{"floor":20.0,"key":"Quantum Egg"},{"floor":22.0,"key":"Molten Egg 2"},{"floor":30.0,"key":"Replay:WaspNest"},{"floor":35,"key":"Damaru"},{"floor":36,"key":"Bottled Tornado"},{"floor":37,"key":"Pocketwatch"},{"floor":41,"key":"Counterbalance"}],"event_choices":[{"damage_healed":0.0,"max_hp_gain":0.0,"max_hp_loss":0.0,"gold_gain":0.0,"event_name":"Transmorgrifier","player_choice":"Ignored","floor":19.0,"gold_loss":0.0,"damage_taken":0.0}],"is_beta":false,"boss_relics":[{"not_picked":["Ring of Chaos","Sozu"],"picked":"VioletLotus"},{"not_picked":["Kintsugi","Empty Cage","Snecko Eye"]}],"items_purged_floors":[],"is_endless":true,"potions_floor_spawned":[3,8,16,20,30,35],"killed_by":"Reptomancer","ascension_level":5}}