{"host":"2se5dq1do2gp0x9k","time":1609169684,"event":{"mods":["AchievementEnabler","BaseMod","Block Reminder","Colored Map","Colored Powertips","Minty Spire (QoL Compilation)","Relic Stats","StSLib","SuperFastMode"],"gold_per_floor":[116,116,126,146,156,156,156,156],"floor_reached":7,"playtime":340,"items_purged":[],"score":86,"play_id":"cd292720-0e4e-4dcb-848d-05cc69736988","local_time":"20201228073444","is_ascension_mode":true,"campfire_choices":[{"data":"Anger","floor":6,"key":"SMITH"}],"circlet_count":0,"master_deck":["AscendersBane","Strike_R","Strike_R","Strike_R","Strike_R","Strike_R","Defend_R","Defend_R","Defend_R","Defend_R","Bash","Anger+1","Shrug It Off","Thunderclap","Intimidate"],"relics":["Burning Blood","Unceasing Top","Singing Bowl"],"acts_visited":["Exordium"],"potions_floor_usage":[5,7],"damage_taken":[{"damage":6,"enemies":"Cultist","floor":1,"turns":3},{"damage":12,"enemies":"Jaw Worm","floor":3,"turns":3},{"damage":5,"enemies":"2 Louse","floor":4,"turns":4},{"damage":25,"enemies":"Exordium Thugs","floor":5,"turns":4},{"damage":54,"enemies":"Lagavulin","floor":7,"turns":8}],"seed_played":"-3532139606118804268","potions_obtained":[{"floor":3,"key":"SneckoOil"},{"floor":4,"key":"ColorlessPotion"}],"is_trial":false,"path_per_floor":["M","T","M","M","M","R","E"],"character_chosen":"IRONCLAD","items_purchased":[],"campfire_rested":0,"item_purchase_floors":[],"current_hp_per_floor":[68,68,62,63,44,44,0,0],"gold":156,"neow_bonus":"ONE_RARE_RELIC","is_daily":false,"chose_seed":false,"campfire_upgraded":1,"win_rate":0.0,"timestamp":1609169684,"path_taken":["M","?","M","M","?","R","E"],"items_purchased_type":[],"build_version":"2020-12-22","purchased_purges":0,"victory":false,"max_hp_per_floor":[68,68,68,68,68,68,68,68],"relic_stats":{"Singing Bowl":0,"counters":[5,22],"obtain_stats":[{"Singing Bowl":2,"Burning Blood":0,"Unceasing Top":0},{"Singing Bowl":1,"Burning Blood":0,"Unceasing Top":0},{"Singing Bowl":3,"Burning Blood":0,"Unceasing Top":0}],"Burning Blood":24,"Unceasing Top":[0]},"card_choices":[{"not_picked":["Clothesline","True Grit"],"picked":"Anger","floor":1},{"not_picked":["Sever Soul","Armaments"],"picked":"Shrug It Off","floor":3},{"not_picked":["Armaments","Wild Strike"],"picked":"Thunderclap","floor":4},{"not_picked":["Hemokinesis","Warcry"],"picked":"Intimidate","floor":5}],"player_experience":3629508,"relics_obtained":[{"floor":2,"key":"Singing Bowl"}],"event_choices":[],"is_beta":false,"boss_relics":[],"items_purged_floors":[],"is_endless":false,"potions_floor_spawned":[3,4],"killed_by":"Lagavulin","ascension_level":20}}