{"host":"qc268ltokmxwqyrx","time":1609135242,"event":{"mods":["BaseMod","Colored Map","Colored Powertips","Minty Spire (QoL Compilation)","Relic Stats","Slay the Relics Exporter","StSLib"],"gold_per_floor":[114,129,140,140,158,158,173,199,199,209,209,228,56,97,97,187,187,206,206,206,230,13,13,51,51,51,95,113,128,144,164,164,260,260,283,314,54,69,69,69,102,102,102,117,133,171,171,194,194,194,194,194,194,33,76,76],"floor_reached":57,"playtime":25922,"items_purged":["Injury"],"score":2957,"play_id":"d590493d-435f-4190-be6e-fa2ade90e406","local_time":"20201228000042","is_ascension_mode":true,"campfire_choices":[{"data":"Dagger Spray","floor":6.0,"key":"SMITH"},{"data":"Predator","floor":15.0,"key":"SMITH"},{"data":"Corpse Explosion","floor":23.0,"key":"SMITH"},{"data":"Blade Dance","floor":25.0,"key":"SMITH"},{"data":"Blade Dance","floor":32.0,"key":"SMITH"},{"data":"Malaise","floor":40.0,"key":"SMITH"},{"floor":47.0,"key":"RECALL"},{"data":"After Image","floor":49.0,"key":"SMITH"},{"data":"After Image","floor":53.0,"key":"SMITH"}],"circlet_count":0,"master_deck":["AscendersBane","Defend_G+1","Defend_G+1","Defend_G+1","Defend_G+1","Defend_G+1","Survivor","Neutralize","Dagger Throw","Dagger Spray+1","Quick Slash","Blade Dance+1","Endless Agony","Predator+1","Calculated Gamble","After Image+1","Footwork","After Image+1","Cloak And Dagger","Bite","Bite","Bite","Bite","Bite","Blade Dance+1","Corpse Explosion+1","Crippling Poison","Phantasmal Killer","Cloak And Dagger+1","Terror","Malaise+1","PiercingWail","Purity","Catalyst+1"],"relics":["Ring of the Snake","Thread and Needle","Happy Flower","Gremlin Horn","Golden Idol","Orrery","InkBottle","Cursed Key","Ninja Scroll","Shovel","Coffee Dripper","Dead Branch","Potion Belt","Singing Bowl","Boot","Turnip"],"acts_visited":["Exordium","TheCity","TheBeyond","TheEnding"],"potions_floor_usage":[55,55,56,56,56],"damage_taken":[{"damage":0.0,"enemies":"2 Louse","floor":1.0,"turns":4.0},{"damage":1.0,"enemies":"Jaw Worm","floor":2.0,"turns":3.0},{"damage":0.0,"enemies":"Small Slimes","floor":3.0,"turns":3.0},{"damage":0.0,"enemies":"Red Slaver","floor":5.0,"turns":3.0},{"damage":0.0,"enemies":"Looter","floor":7.0,"turns":3.0},{"damage":7.0,"enemies":"Gremlin Nob","floor":8.0,"turns":3.0},{"damage":0.0,"enemies":"Exordium Wildlife","floor":10.0,"turns":1.0},{"damage":4.0,"enemies":"Blue Slaver","floor":12.0,"turns":3.0},{"damage":0.0,"enemies":"3 Sentries","floor":14.0,"turns":5.0},{"damage":5.0,"enemies":"Slime Boss","floor":16.0,"turns":8.0},{"damage":4.0,"enemies":"Shell Parasite","floor":18.0,"turns":6.0},{"damage":0.0,"enemies":"2 Thieves","floor":21.0,"turns":5.0},{"damage":2.0,"enemies":"Gremlin Leader","floor":24.0,"turns":4.0},{"damage":1.0,"enemies":"Book of Stabbing","floor":27.0,"turns":5.0},{"damage":0.0,"enemies":"Centurion and Healer","floor":28.0,"turns":7.0},{"damage":8.0,"enemies":"Snake Plant","floor":29.0,"turns":6.0},{"damage":0.0,"enemies":"Shelled Parasite and Fungi","floor":30.0,"turns":6.0},{"damage":0.0,"enemies":"Chosen and Byrds","floor":31.0,"turns":3.0},{"damage":19.0,"enemies":"Automaton","floor":33.0,"turns":9.0},{"damage":3.0,"enemies":"3 Darklings","floor":35.0,"turns":5.0},{"damage":0.0,"enemies":"Mind Bloom Boss Battle","floor":36.0,"turns":6.0},{"damage":0.0,"enemies":"Orb Walker","floor":38.0,"turns":4.0},{"damage":0.0,"enemies":"Giant Head","floor":41.0,"turns":3.0},{"damage":0.0,"enemies":"Writhing Mass","floor":44.0,"turns":8.0},{"damage":0.0,"enemies":"Spire Growth","floor":45.0,"turns":4.0},{"damage":19.0,"enemies":"Nemesis","floor":46.0,"turns":8.0},{"damage":0.0,"enemies":"4 Shapes","floor":48.0,"turns":6.0},{"damage":0.0,"enemies":"Awakened One","floor":50.0,"turns":13.0},{"damage":42.0,"enemies":"Time Eater","floor":51.0,"turns":16.0},{"damage":7,"enemies":"Shield and Spear","floor":55,"turns":7},{"damage":54,"enemies":"The Heart","floor":56,"turns":12}],"seed_played":"4039731191037090059","potions_obtained":[{"floor":2.0,"key":"Strength Potion"},{"floor":3.0,"key":"Block Potion"},{"floor":10.0,"key":"DistilledChaos"},{"floor":14.0,"key":"PowerPotion"},{"floor":16.0,"key":"Swift Potion"},{"floor":21.0,"key":"Explosive Potion"},{"floor":24.0,"key":"Dexterity Potion"},{"floor":27.0,"key":"ColorlessPotion"},{"floor":31.0,"key":"Explosive Potion"},{"floor":33.0,"key":"DistilledChaos"},{"floor":44.0,"key":"Energy Potion"},{"floor":45.0,"key":"Weak Potion"},{"floor":46.0,"key":"LiquidMemories"},{"floor":55,"key":"FearPotion"}],"is_trial":false,"path_per_floor":["M","M","M","?","M","R","M","E","T","M","?","M","$","E","R","B",null,"M","?","?","M","$","R","E","R","T","E","M","M","M","M","R","B",null,"M","?","$","M","T","R","E","?","T","M","M","E","R","M","R","B","B",null,"R","$","E","B",null],"character_chosen":"THE_SILENT","items_purchased":["Orrery","Corpse Explosion","Crippling Poison","Potion Belt","Purity","GamblersBrew"],"campfire_rested":0,"item_purchase_floors":[13,22,22,37,37,54],"current_hp_per_floor":[44,43,43,23,23,23,23,16,16,16,16,12,12,12,12,7,47,43,42,42,42,42,42,42,42,42,42,42,39,41,42,42,33,40,42,42,42,42,42,42,44,42,42,44,46,35,35,43,43,50,28,45,45,45,48,10],"gold":76,"neow_bonus":"ONE_RARE_RELIC","is_daily":false,"chose_seed":false,"campfire_upgraded":8,"win_rate":0.0,"timestamp":1609135242,"path_taken":["M","M","M","?","M","R","M","E","T","M","?","M","$","E","R","BOSS","M","?","?","M","$","R","E","R","T","E","M","M","?","M","R","BOSS","M","?","$","M","?","R","E","?","T","M","M","E","R","M","R","BOSS","BOSS","R","$","E","BOSS"],"items_purchased_type":["Relic","Card","Card","Relic","Card","Potion"],"build_version":"2020-12-22","purchased_purges":1,"victory":true,"max_hp_per_floor":[66,66,66,66,66,66,66,66,66,66,60,60,60,60,60,60,60,60,42,42,42,42,42,42,42,42,42,42,42,42,42,42,42,42,42,42,42,42,42,42,44,42,42,44,46,48,48,50,50,50,50,50,50,50,52,52],"relic_stats":{"Happy Flower":[53],"Gremlin Horn":[24,25],"Singing Bowl":12,"counters":[31,179],"Golden Idol":195,"Dead Branch":[319],"Cursed Key":1,"Boot":[156],"Shovel":0,"Turnip":[2],"obtain_stats":[{"Potion Belt":37,"Happy Flower":8,"Gremlin Horn":9,"Singing Bowl":41,"Golden Idol":11,"Dead Branch":36,"Thread and Needle":0,"Cursed Key":17,"Boot":46,"Shovel":27,"Ninja Scroll":24,"Orrery":13,"Turnip":55,"Coffee Dripper":34,"InkBottle":14,"Ring of the Snake":0},{"Potion Belt":21,"Happy Flower":6,"Gremlin Horn":6,"Singing Bowl":23,"Golden Idol":7,"Dead Branch":21,"Thread and Needle":0,"Cursed Key":10,"Boot":26,"Shovel":14,"Ninja Scroll":13,"Orrery":8,"Turnip":30,"Coffee Dripper":19,"InkBottle":9,"Ring of the Snake":0},{"Potion Belt":98,"Happy Flower":19,"Gremlin Horn":19,"Singing Bowl":105,"Golden Idol":20,"Dead Branch":98,"Thread and Needle":0,"Cursed Key":36,"Boot":125,"Shovel":56,"Ninja Scroll":51,"Orrery":23,"Turnip":167,"Coffee Dripper":87,"InkBottle":28,"Ring of the Snake":0}],"InkBottle":[113],"Ring of the Snake":[60]},"card_choices":[{"not_picked":["Acrobatics","Backstab"],"picked":"Dagger Throw","floor":1.0},{"not_picked":["Deflect","Blade Dance"],"picked":"Dagger Spray","floor":2.0},{"not_picked":["Concentrate","Underhanded Strike"],"picked":"Quick Slash","floor":3.0},{"not_picked":["Prepared","Backflip"],"picked":"Blade Dance","floor":5.0},{"not_picked":["Deflect","Dodge and Roll"],"picked":"Endless Agony","floor":7.0},{"not_picked":["Caltrops","Underhanded Strike"],"picked":"Predator","floor":8.0},{"not_picked":["Flying Knee","Heel Hook"],"picked":"Calculated Gamble","floor":10.0},{"not_picked":["Malaise","Expertise","Underhanded Strike"],"picked":"SKIP","floor":12.0},{"not_picked":["Footwork","Tactician"],"picked":"After Image","floor":13.0},{"not_picked":["Crippling Poison","Skewer"],"picked":"Footwork","floor":13.0},{"not_picked":["Cloak And Dagger","Poisoned Stab","Calculated Gamble"],"picked":"SKIP","floor":14.0},{"not_picked":["Unload","Grand Finale"],"picked":"After Image","floor":16.0},{"not_picked":["Poisoned Stab","Quick Slash"],"picked":"Cloak And Dagger","floor":18.0},{"not_picked":["Quick Slash","Dagger Spray"],"picked":"Blade Dance","floor":21.0},{"not_picked":["Bane","All Out Attack+1","Prepared"],"picked":"SKIP","floor":24.0},{"not_picked":["Bane","All Out Attack+1","Prepared"],"picked":"SKIP","floor":24.0},{"not_picked":["Underhanded Strike","All Out Attack","Cloak And Dagger"],"picked":"SKIP","floor":27.0},{"not_picked":["Concentrate","Riddle With Holes"],"picked":"Phantasmal Killer","floor":28.0},{"not_picked":["Endless Agony","Poisoned Stab"],"picked":"Cloak And Dagger+1","floor":29.0},{"not_picked":["Blade Dance","Dash"],"picked":"Terror","floor":30.0},{"not_picked":["Deflect","Backflip","Blade Dance"],"picked":"SKIP","floor":31.0},{"not_picked":["Doppelganger","Burst"],"picked":"Malaise","floor":33.0},{"not_picked":["Slice","Riddle With Holes"],"picked":"PiercingWail","floor":35.0},{"not_picked":["Dagger Throw","Wraith Form v2"],"picked":"Catalyst+1","floor":38.0},{"not_picked":["Distraction","Tactician","Terror"],"picked":"Singing Bowl","floor":41.0},{"not_picked":["Footwork+1","Flying Knee","Dodge and Roll+1"],"picked":"Singing Bowl","floor":44.0},{"not_picked":["Backstab","Backflip","Sucker Punch+1"],"picked":"Singing Bowl","floor":45.0},{"not_picked":["Poisoned Stab","Caltrops+1","Cloak And Dagger"],"picked":"Singing Bowl","floor":46.0},{"not_picked":["Cloak And Dagger","Endless Agony+1","Flechettes"],"picked":"Singing Bowl","floor":48.0},{"not_picked":["Glass Knife","Endless Agony","Dagger Spray"],"picked":"Singing Bowl","floor":55}],"player_experience":1694026,"relics_obtained":[{"floor":8.0,"key":"Happy Flower"},{"floor":9.0,"key":"Gremlin Horn"},{"floor":14.0,"key":"InkBottle"},{"floor":24.0,"key":"Ninja Scroll"},{"floor":27.0,"key":"Shovel"},{"floor":36.0,"key":"Dead Branch"},{"floor":41.0,"key":"Singing Bowl"},{"floor":46.0,"key":"Boot"},{"floor":55,"key":"Turnip"}],"event_choices":[{"damage_healed":0.0,"max_hp_gain":0.0,"max_hp_loss":0.0,"gold_gain":0.0,"event_name":"Shining Light","player_choice":"Entered Light","floor":4.0,"gold_loss":0.0,"damage_taken":20.0,"cards_upgraded":["Strike_G","Defend_G"]},{"damage_healed":0.0,"max_hp_gain":0.0,"max_hp_loss":6.0,"gold_gain":0.0,"event_name":"Golden Idol","player_choice":"Lose Max HP","floor":11.0,"gold_loss":0.0,"damage_taken":0.0,"relics_obtained":["Golden Idol"]},{"damage_healed":0.0,"max_hp_gain":0.0,"max_hp_loss":18.0,"gold_gain":0.0,"event_name":"Vampires","player_choice":"Became a vampire","floor":19.0,"gold_loss":0.0,"damage_taken":0.0,"cards_obtained":["Bite","Bite","Bite","Bite","Bite"]},{"damage_healed":0.0,"max_hp_gain":0.0,"max_hp_loss":0.0,"gold_gain":0.0,"event_name":"Back to Basics","player_choice":"Simplicity","floor":20.0,"gold_loss":0.0,"damage_taken":0.0,"cards_upgraded":["Defend_G","Defend_G","Defend_G","Defend_G"]},{"damage_healed":0.0,"max_hp_gain":0.0,"max_hp_loss":0.0,"gold_gain":0.0,"event_name":"MindBloom","player_choice":"Fight","floor":36.0,"gold_loss":0.0,"damage_taken":0.0},{"damage_healed":0.0,"max_hp_gain":0.0,"max_hp_loss":2.0,"gold_gain":0.0,"event_name":"Winding Halls","player_choice":"Max HP","floor":42.0,"gold_loss":0.0,"damage_taken":0.0}],"is_beta":false,"boss_relics":[{"not_picked":["Fusion Hammer","Astrolabe"],"picked":"Cursed Key"},{"not_picked":["Black Star","Velvet Choker"],"picked":"Coffee Dripper"}],"items_purged_floors":[54],"is_endless":false,"potions_floor_spawned":[2,3,10,14,16,21,24,27,31,33,36,44,45,46,55],"ascension_level":20}}