{"host":"jjunaul04msmo6r1","time":1609118913,"event":{"mods":["BaseMod","Better Third Choice","Booster Modes","Colored Map","Downfall","Minty Spire (QoL Compilation)","Relic Stats","StSLib","UnlockEverythingMod","everything is the same but u backflip on backflip"],"gold_per_floor":[99,113,133,233,249,283,283,299,328,253,287,307,307,319,339,437,437,287,301,318,334,334,334,334,334,334,434,454,315,329,112,132,233,233,233,252,266,266,266,266,266,296,172,24,55,67,82,117,129,129,129,158,18,18,18],"floor_reached":56,"playtime":6851,"items_purged":["Slimebound:Defend_Slimebound","Slimebound:Defend_Slimebound","Slimebound:ServeAndProtect+1","Slimebound:OozeBath+1","Slimebound:Defend_Slimebound"],"score":1283,"play_id":"c769c05b-c141-49e9-9088-58f27380d5cd","local_time":"20201227182833","is_ascension_mode":true,"campfire_choices":[{"data":"Slimebound:Split","floor":1,"key":"SMITH"},{"floor":10,"key":"RECALL"},{"data":"Slimebound:SpikyOuterGoop","floor":18,"key":"SMITH"},{"data":"Slimebound:GrowthPunch","floor":23,"key":"SMITH"},{"data":"Slimebound:Recycling","floor":26,"key":"SMITH"},{"data":"Slimebound:CorrosiveSpit","floor":35,"key":"SMITH"},{"data":"Slimebound:FirmFortitude","floor":40,"key":"SMITH"},{"data":"Slimebound:Strike_Slimebound","floor":54,"key":"SMITH"}],"circlet_count":0,"master_deck":["Slimebound:Strike_Slimebound+1","Slimebound:Split+1","Slimebound:CorrosiveSpit+1","Slimebound:GrowthPunch+1","Slimebound:SplitLeeching","Slimebound:Recycling+1","Slimebound:SpikyOuterGoop+1","Slimebound:LeechEnergy+1","Slimebound:FirmFortitude+1","Slimebound:Overexert","Slimebound:PressTheAttack+1","Slimebound:DuplicatedForm+1","Slimebound:SpikyOuterGoop+1","Slimebound:LeadByExample+1","Slimebound:LevelUp+1"],"relics":["Slimebound:AbsorbEndCombat","Kunai","Meat on the Bone","downfall:HeartBlessingBlue","Slimebound:MaxSlimesRelic","Bag of Marbles","Philosopher\u0027s Stone","downfall:HeartBlessingRed","downfall:HeartBlessingGreen","Matryoshka","Ginger","The Courier","Omamori","Astrolabe","Pear","Akabeko","Guardian:PocketSentry","HornCleat","Frozen Egg 2","Happy Flower","Incense Burner","StrikeDummy","Art of War","Boot"],"acts_visited":["Exordium","TheCity","TheBeyond","TheEnding"],"potions_floor_usage":[20,27,28,43,43,43,55],"damage_taken":[{"damage":13,"enemies":"Jaw Worm","floor":2,"turns":4},{"damage":8,"enemies":"Cultist","floor":3,"turns":3},{"damage":8,"enemies":"2 Louse","floor":5,"turns":2},{"damage":23,"enemies":"Gremlin Nob","floor":6,"turns":4},{"damage":20,"enemies":"Exordium Wildlife","floor":8,"turns":5},{"damage":24,"enemies":"Lagavulin","floor":9,"turns":7},{"damage":31,"enemies":"3 Sentries","floor":11,"turns":8},{"damage":25,"enemies":"3 Louse","floor":12,"turns":4},{"damage":35,"enemies":"Exordium Thugs","floor":14,"turns":3},{"damage":16,"enemies":"3 Louse","floor":15,"turns":3},{"damage":49,"enemies":"downfall:Ironclad","floor":16,"turns":8},{"damage":48,"enemies":"Chosen","floor":19,"turns":5},{"damage":40,"enemies":"3 Cultists","floor":20,"turns":4},{"damage":42,"enemies":"Centurion and Healer","floor":21,"turns":6},{"damage":59,"enemies":"Colosseum Nobs","floor":27,"turns":4},{"damage":82,"enemies":"Chosen and Byrds","floor":28,"turns":7},{"damage":41,"enemies":"downfall:FleeingMerchant","floor":29,"turns":4},{"damage":54,"enemies":"Snecko","floor":30,"turns":6},{"damage":39,"enemies":"downfall:FleeingMerchant","floor":31,"turns":4},{"damage":44,"enemies":"Snake Plant","floor":32,"turns":4},{"damage":83,"enemies":"downfall:Watcher","floor":33,"turns":7},{"damage":69,"enemies":"3 Darklings","floor":36,"turns":4},{"damage":36,"enemies":"Orb Walker","floor":37,"turns":3},{"damage":87,"enemies":"Nemesis","floor":42,"turns":7},{"damage":16,"enemies":"downfall:FleeingMerchant","floor":43,"turns":3},{"damage":63,"enemies":"Reptomancer","floor":45,"turns":5},{"damage":22,"enemies":"Writhing Mass","floor":46,"turns":4},{"damage":16,"enemies":"3 Darklings","floor":47,"turns":4},{"damage":39,"enemies":"Giant Head","floor":48,"turns":5},{"damage":28,"enemies":"Transient","floor":49,"turns":5},{"damage":20,"enemies":"downfall:Defect","floor":50,"turns":5},{"damage":71,"enemies":"downfall:CharBossMerchant","floor":52,"turns":6},{"damage":77,"enemies":"downfall:NeowBoss","floor":55,"turns":13}],"seed_played":"-772722880049648860","potions_obtained":[{"floor":5,"key":"BlessingOfTheForge"},{"floor":11,"key":"PowerPotion"},{"floor":14,"key":"DistilledChaos"},{"floor":20,"key":"SteroidPotion"},{"floor":27,"key":"SkillPotion"},{"floor":32,"key":"EntropicBrew"},{"floor":36,"key":"ColorlessPotion"},{"floor":45,"key":"hexamod:EctoCoolerPotion"},{"floor":49,"key":"Strength Potion"},{"floor":52,"key":"Energy Potion"}],"is_trial":false,"path_per_floor":["R","M","M","?","M","E","T","M","E","R","E","M","T","M","M","B",null,"R","M","M","M","?","R","T","?","R","?","M","$","M","$","M","B",null,"R","M","M","?","T","R","T","E","$","?","E","M","M","E","M","B",null,"E","$","R","B",null],"character_chosen":"SLIMEBOUND","items_purchased":["Slimebound:FirmFortitude","Omamori","Happy Flower","Incense Burner","Slimebound:SpikyOuterGoop+1"],"campfire_rested":0,"item_purchase_floors":[29,31,43,43,44],"current_hp_per_floor":[66,64,66,66,66,57,57,57,57,67,58,65,65,62,66,63,76,76,62,72,76,76,76,76,76,76,72,62,61,55,66,62,59,76,76,59,61,61,71,71,71,56,70,70,78,82,86,86,86,86,86,86,86,86,86],"gold":18,"neow_bonus":"TEN_PERCENT_HP_BONUS","is_daily":false,"chose_seed":false,"campfire_upgraded":7,"win_rate":0.0,"timestamp":1609118913,"path_taken":["R","M","M","?","M","E","T","M","E","R","E","?","?","?","M","BOSS","R","M","M","M","?","R","T","?","R","?","M","$","?","$","M","BOSS","R","M","M","?","?","R","T","E","$","?","E","?","M","E","M","BOSS","E","$","R","BOSS"],"items_purchased_type":["Card","Relic","Relic","Relic","Card"],"build_version":"2020-12-22","purchased_purges":5,"victory":true,"max_hp_per_floor":[66,66,66,66,66,66,66,66,66,76,76,76,76,76,76,76,76,76,76,76,76,76,76,76,76,76,76,76,76,76,76,76,76,76,76,76,76,76,86,86,86,86,86,86,86,86,86,86,86,86,86,86,86,86,86],"relic_stats":{"Happy Flower":[15],"counters":[33,162],"Astrolabe":["Slimebound:ServeAndProtect","Slimebound:PressTheAttack","Slimebound:OozeBath"],"Art of War":[5],"Kunai":[47],"Ginger":[16],"Boot":[0],"obtain_stats":[{"Pear":39,"downfall:HeartBlessingRed":18,"Happy Flower":43,"Astrolabe":34,"downfall:HeartBlessingGreen":18,"The Courier":27,"Omamori":31,"Guardian:PocketSentry":41,"Incense Burner":43,"Ginger":27,"Frozen Egg 2":42,"Boot":52,"Akabeko":39,"Slimebound:MaxSlimesRelic":11,"Matryoshka":24,"HornCleat":41,"downfall:HeartBlessingBlue":10,"Philosopher\u0027s Stone":17,"Slimebound:AbsorbEndCombat":0,"Bag of Marbles":13,"Art of War":48,"Kunai":6,"StrikeDummy":45,"Meat on the Bone":9},{"Pear":23,"downfall:HeartBlessingRed":11,"Happy Flower":25,"Astrolabe":21,"downfall:HeartBlessingGreen":11,"The Courier":15,"Omamori":19,"Guardian:PocketSentry":23,"Incense Burner":25,"Ginger":15,"Frozen Egg 2":24,"Boot":32,"Akabeko":23,"Slimebound:MaxSlimesRelic":7,"Matryoshka":14,"HornCleat":23,"downfall:HeartBlessingBlue":6,"Philosopher\u0027s Stone":11,"Slimebound:AbsorbEndCombat":0,"Bag of Marbles":8,"Art of War":29,"Kunai":4,"StrikeDummy":26,"Meat on the Bone":6},{"Pear":105,"downfall:HeartBlessingRed":49,"Happy Flower":115,"Astrolabe":98,"downfall:HeartBlessingGreen":49,"The Courier":68,"Omamori":88,"Guardian:PocketSentry":105,"Incense Burner":115,"Ginger":68,"Frozen Egg 2":112,"Boot":149,"Akabeko":105,"Slimebound:MaxSlimesRelic":32,"Matryoshka":64,"HornCleat":105,"downfall:HeartBlessingBlue":25,"Philosopher\u0027s Stone":49,"Slimebound:AbsorbEndCombat":0,"Bag of Marbles":36,"Art of War":133,"Kunai":13,"StrikeDummy":120,"Meat on the Bone":25}],"Meat on the Bone":72},"card_choices":[{"not_picked":["Slimebound:DivideAndConquer","Slimebound:SlimeSpikes"],"picked":"Slimebound:ItLooksTasty","floor":2},{"not_picked":["Slimebound:Recollect","Slimebound:LeechingTouch"],"picked":"Slimebound:GrowthPunch","floor":3},{"not_picked":["Slimebound:LeechEnergy","Slimebound:SlimeSpikes","Slimebound:DivideAndConquer"],"picked":"SKIP","floor":5},{"not_picked":["Slimebound:SplitBruiser","Slimebound:LeechEnergy"],"picked":"Slimebound:SplitLeeching","floor":6},{"not_picked":["Slimebound:SlimeSpikes","Slimebound:SplitBruiser","Slimebound:AcidTongue"],"picked":"SKIP","floor":8},{"not_picked":["Slimebound:Recollect","Slimebound:DivideAndConquer","Slimebound:ItLooksTasty"],"picked":"SKIP","floor":9},{"not_picked":["Slimebound:FlameTackle","Slimebound:DivideAndConquer"],"picked":"Slimebound:Recycling","floor":11},{"not_picked":["Slimebound:SplitAcid","Slimebound:SamplingLick","Slimebound:HauntingLick"],"picked":"SKIP","floor":12},{"not_picked":["Slimebound:LeechEnergy","Slimebound:TongueLash"],"picked":"Slimebound:SpikyOuterGoop","floor":14},{"not_picked":["Slimebound:LeechingTouch","Slimebound:ViciousTackle","Slimebound:GrowthPunch"],"picked":"SKIP","floor":15},{"not_picked":["Slimebound:GrowthPunch+1","Slimebound:LeechEnergy","Slimebound:Nibble"],"picked":"SKIP","floor":19},{"not_picked":["Slimebound:ComboTackle","Slimebound:BestDefense+1","Slimebound:Replication+1"],"picked":"SKIP","floor":20},{"not_picked":["Slimebound:ComboTackle","Slimebound:BestDefense+1","Slimebound:Replication+1"],"picked":"SKIP","floor":20},{"not_picked":["Slimebound:LeadByExample","Slimebound:SlimeTap","Slimebound:GoopSpray"],"picked":"SKIP","floor":21},{"not_picked":["Slimebound:SamplingLick","Slimebound:GrowthPunch"],"picked":"Slimebound:LeechEnergy+1","floor":28},{"not_picked":["Slimebound:SamplingLick+1","Slimebound:LeadByExample","Slimebound:ServeAndProtect"],"picked":"SKIP","floor":29},{"not_picked":["Slimebound:LeechEnergy","Slimebound:LivingWall","Slimebound:FlameTackle"],"picked":"SKIP","floor":30},{"not_picked":["Slimebound:FinishingTackle+1","Slimebound:SplitBruiser","Slimebound:LeechEnergy"],"picked":"SKIP","floor":31},{"not_picked":["Slimebound:SplitBruiser","Slimebound:MassRepurpose","Slimebound:DivideAndConquer"],"picked":"SKIP","floor":32},{"not_picked":["Slimebound:DouseInSlime","Slimebound:RallyTheTroops"],"picked":"Slimebound:Overexert","floor":33},{"not_picked":["Slimebound:Schlurp","Slimebound:DivideAndConquer","Slimebound:SplitLeeching"],"picked":"SKIP","floor":36},{"not_picked":["Slimebound:SplitBruiser","Slimebound:SplitLeeching+1","Slimebound:SlimeSpikes+1"],"picked":"SKIP","floor":37},{"not_picked":["Slimebound:HauntingLick","Slimebound:SlimeSpikes+1","Slimebound:PressTheAttack"],"picked":"SKIP","floor":42},{"not_picked":["Slimebound:SplitMire","Slimebound:RainOfGoop"],"picked":"Slimebound:DuplicatedForm+1","floor":43},{"not_picked":["Slimebound:Grow+1","Slimebound:ServeAndProtect"],"picked":"Slimebound:LeadByExample+1","floor":45},{"not_picked":["Slimebound:ComboTackle+1","Slimebound:SlimeSpikes","Slimebound:Grow+1"],"picked":"SKIP","floor":46},{"not_picked":["Slimebound:SamplingLick+1","Slimebound:LeechEnergy+1","Slimebound:GrowthPunch+1"],"picked":"SKIP","floor":47},{"not_picked":["Slimebound:Recollect","Slimebound:Overexert+1","Slimebound:SplitLeeching"],"picked":"SKIP","floor":48},{"not_picked":["Slimebound:Replication+1","Slimebound:ProtectTheBoss+1"],"picked":"Slimebound:LevelUp+1","floor":49},{"not_picked":["Slimebound:Chomp","Slimebound:GoopSpray+1","Slimebound:SlimeSlap"],"picked":"SKIP","floor":52}],"player_experience":447097,"relics_obtained":[{"floor":6,"key":"Kunai"},{"floor":9,"key":"Meat on the Bone"},{"floor":11,"key":"Slimebound:MaxSlimesRelic"},{"floor":13,"key":"Bag of Marbles"},{"floor":24,"key":"Matryoshka"},{"floor":27,"key":"Ginger"},{"floor":27,"key":"The Courier"},{"floor":39,"key":"Pear"},{"floor":39,"key":"Akabeko"},{"floor":41,"key":"Guardian:PocketSentry"},{"floor":41,"key":"HornCleat"},{"floor":42,"key":"Frozen Egg 2"},{"floor":45,"key":"StrikeDummy"},{"floor":48,"key":"Art of War"},{"floor":52,"key":"Boot"}],"event_choices":[{"cards_removed":["Slimebound:ItLooksTasty"],"damage_healed":0,"gold_gain":0,"player_choice":"Elegance","damage_taken":0,"max_hp_gain":0,"max_hp_loss":0,"event_name":"betterThird:BetterWriting","floor":22,"gold_loss":0},{"damage_healed":0,"gold_gain":0,"player_choice":"Ignored","damage_taken":0,"max_hp_gain":0,"max_hp_loss":0,"event_name":"Vampires","floor":25,"gold_loss":0},{"cards_removed":["Slimebound:Strike_Slimebound"],"damage_healed":0,"gold_gain":0,"player_choice":"Removed Attack","damage_taken":0,"max_hp_gain":0,"max_hp_loss":0,"event_name":"Falling","floor":38,"gold_loss":0}],"is_beta":false,"boss_relics":[{"not_picked":["Black Star","Empty Cage"],"picked":"Philosopher\u0027s Stone"},{"not_picked":["Snecko Eye","Pandora\u0027s Box"],"picked":"Astrolabe"}],"items_purged_floors":[29,31,43,44,53],"is_endless":false,"potions_floor_spawned":[5,11,14,16,20,27,32,33,36,37,45,49,52],"ascension_level":1}}