{"host":"nzm1i0l8mrsm8hd2","time":1609152987,"event":{"mods":["Act Like it!","BaseMod","Better Third Choice","Conspire","Gensokyo","Minty Spire (QoL Compilation)","Pale of the Ancients","Quick Restart","RumiaBox-露米娅的神秘盒子","Spicy Shops","StSLib","The Dragon Tamer","Wandering Minibosses"],"gold_per_floor":[119,138,22,22,35,35,35,35,35],"floor_reached":8,"playtime":231,"items_purged":[],"score":92,"play_id":"a998bb4b-d1db-4a43-8dd2-edd277c5e976","local_time":"20201228185627","is_ascension_mode":true,"campfire_choices":[{"data":"Blade Dance","floor":6,"key":"SMITH"}],"circlet_count":0,"master_deck":["AscendersBane","Strike_G","Strike_G","Strike_G","Strike_G","Strike_G","Defend_G","Defend_G","Defend_G","Defend_G","Defend_G","Survivor","Neutralize","Blade Dance+1","Gensokyo:Shovel","Adrenaline+1"],"relics":["Ring of the Snake","NeowsBlessing","Baka","Prayer Wheel","Pear","Omamori"],"acts_visited":["Exordium"],"potions_floor_usage":[],"damage_taken":[{"damage":0,"enemies":"Gensokyo:Gryphon","floor":1,"turns":1},{"damage":0,"enemies":"Gensokyo:2_Kodama","floor":2,"turns":1},{"damage":9,"enemies":"Gensokyo:3_Fairies","floor":5,"turns":3},{"damage":52,"enemies":"Gensokyo:Aya","floor":8,"turns":8}],"seed_played":"-4081960721521417878","potions_obtained":[],"is_trial":false,"path_per_floor":["M","M","COS","?","M","R","?","E"],"character_chosen":"THE_SILENT","items_purchased":[],"campfire_rested":0,"item_purchase_floors":[],"current_hp_per_floor":[59,59,59,55,56,56,46,0,0],"gold":35,"neow_bonus":"THREE_ENEMY_KILL","is_daily":false,"chose_seed":false,"campfire_upgraded":1,"win_rate":0.0,"timestamp":1609152987,"path_taken":["M","M","COS","?","?","R","?","E"],"items_purchased_type":[],"build_version":"2020-12-22","purchased_purges":0,"victory":false,"max_hp_per_floor":[66,66,66,66,66,66,76,76,76],"card_choices":[{"not_picked":["Acrobatics","Backflip"],"picked":"Blade Dance","floor":1},{"not_picked":["Underhanded Strike","Caltrops","Concentrate"],"picked":"SKIP","floor":2},{"not_picked":["Slice+1","Deadly Poison+1"],"picked":"Adrenaline+1","floor":5},{"not_picked":["Prepared","Dagger Spray","conspire:DoublingDagger"],"picked":"SKIP","floor":5},{"not_picked":["Masterful Stab","Tactician","Dagger Throw"],"picked":"SKIP","floor":5}],"player_experience":557893,"relics_obtained":[{"floor":1,"key":"Baka"},{"floor":2,"key":"Prayer Wheel"}],"event_choices":[{"damage_healed":0,"gold_gain":0,"player_choice":"Leave","damage_taken":0,"max_hp_gain":0,"max_hp_loss":0,"event_name":"conspire:Investor","floor":4,"gold_loss":0}],"is_beta":false,"boss_relics":[],"items_purged_floors":[],"is_endless":false,"potions_floor_spawned":[],"killed_by":"Gensokyo:Aya","ascension_level":20}}