{"host":"vd5put2n5b3t1prw","time":1609135951,"event":{"mods":["2.2 Compatiblity","AchievementEnabler","Alarm Clock","BaseMod","Bestiary","Better Altar","Better Match","Better Note","Better Sensory Stone","Better Silent Start","Better Skull","Better Third Choice","Better Vampires","Better-Laid Plans","BetterRewards","Block Reminder","Card Filter","Card Forge","Colored Map","Curses Come First","Custom Start","Downfall","Emptier Cage","Marked Mod","Minty Spire (QoL Compilation)","Quick Restart","Random Character Button","Rare Cards Sparkle","Relic Filter","Relic Stats","Reorder Act Four","Spicy Shops","StSLib","The Marked","Transform Curses","Waifu the Spire"],"gold_per_floor":[113,124,659,759,772,803,803,815,815,831,842,858,870,897,897,996,996,1012,1030,367,367,379,379,56,56,81,81,92,126,136,153,153,249,249,263,313,330,28,39,64,80,80,130,145,178,198,248,398,398,398,398,74,74,102,102],"floor_reached":56,"playtime":4805,"items_purged":["sneckomod:Strike","sneckomod:Strike","Clumsy"],"score":1870,"play_id":"bef3c286-e04c-469b-8497-7eaf834040d1","local_time":"20201228001231","is_ascension_mode":false,"campfire_choices":[{"data":"sneckomod:UnknownRareAttack","floor":7,"key":"SMITH"},{"floor":15,"key":"RECALL"},{"data":"sneckomod:UnknownUncommonPower","floor":23,"key":"SMITH"},{"data":"sneckomod:UnknownUncommonPower","floor":25,"key":"SMITH"},{"floor":32,"key":"REST"},{"floor":42,"key":"REST"},{"floor":49,"key":"REST"},{"floor":53,"key":"REST"}],"circlet_count":0,"master_deck":["sneckomod:Defend+1","sneckomod:Defend+1","sneckomod:Defend+1","sneckomod:Unknown+1","sneckomod:Unknown+1","sneckomod:UnknownRareAttack+1","sneckomod:MorePower+1","sneckomod:ImprovisedAttack+1","sneckomod:Unknown0Cost+1","Madness+1","sneckomod:UnknownBlock+1","sneckomod:UnknownUncommonPower+1","sneckomod:SerpentIdol+1","hexamod:GhostOfSpirePresent+1","theMarked:Opportunist+1","sneckomod:UnknownStrength+1","sneckomod:UnknownVulnerable+1","sneckomod:UnknownUncommonPower+1","sneckomod:ImprovisedAttack+1","sneckomod:UnknownRareSkill+1","sneckomod:UnknownRarePower+1","sneckomod:Unknown1Cost+1","sneckomod:UnknownDexterity+1","sneckomod:UnknownRarePower+1","sneckomod:UnknownBlock+1","Slimebound:SamplingLick+1","Hologram+1","BootSequence+1","sneckomod:UnknownRarePower+1","Blasphemy+1","sneckomod:QuickMove+1","sneckomod:UnknownX+1","Guardian:BronzeOrb+1","Fusion+1","sneckomod:UnknownUncommonPower+1","sneckomod:DiceBlock+1","Demon Form+1","Demon Form+1","sneckomod:UnknownExhaust+1","Terror+1","sneckomod:UnknownRarePower+1","sneckomod:UnknownBlock+1","Reboot+1","sneckomod:UnknownRarePower+1","hexamod:EmpoweringStance+1","Heavy Blade+1","hexamod:TimeOfNeed+1","Distraction+1","theMarked:ReduceFriction+1","sneckomod:UnknownClassGREEN+1","champ:DefensiveStyle+1","Slimebound:HungryTackle+1","Guardian:Clone+1"],"relics":["sneckomod:SneckoSoul","Hammer of Thor","Seething Fire","Anvil of the Gods","Guardian:PocketSentry","StrikeDummy","Art of War","Bronze Scales","OrangePellets","Singing Bowl","Frozen Eye","Mango","sneckomod:LoadedDie","Pen Nib","Membership Card","Toxic Egg 2","Orichalcum","PrismaticShard","Mercury Hourglass","Mummified Hand","War Paint","Orrery","PreservedInsect","Meat on the Bone","Medical Kit","Dream Catcher","Question Card","Whetstone","Astrolabe","Juzu Bracelet","Ginger","StoneCalendar","Sling","HandDrill","Boot","Frozen Egg 2","DollysMirror","Unceasing Top","Gambling Chip","SsserpentHead","Akabeko","Sozu","Torii","Vajra","ClockworkSouvenir","Guardian:GemstoneGun","Anchor","Du-Vu Doll","sneckomod:ConfusingCodex","Letter Opener","hexamod:BolsterEngine","Bag of Preparation"],"acts_visited":["Exordium","TheCity","TheBeyond","TheEnding"],"potions_floor_usage":[55],"damage_taken":[{"damage":0,"enemies":"Small Slimes","floor":1,"turns":2},{"damage":0,"enemies":"Cultist","floor":2,"turns":2},{"damage":0,"enemies":"Jaw Worm","floor":5,"turns":1},{"damage":7,"enemies":"Lagavulin","floor":6,"turns":3},{"damage":0,"enemies":"Looter","floor":8,"turns":1},{"damage":0,"enemies":"Gremlin Gang","floor":10,"turns":4},{"damage":7,"enemies":"Exordium Thugs","floor":11,"turns":2},{"damage":3,"enemies":"Red Slaver","floor":12,"turns":2},{"damage":0,"enemies":"Lots of Slimes","floor":13,"turns":1},{"damage":0,"enemies":"3 Sentries","floor":14,"turns":2},{"damage":2,"enemies":"Slime Boss","floor":16,"turns":6},{"damage":19,"enemies":"Shell Parasite","floor":18,"turns":3},{"damage":0,"enemies":"Spheric Guardian","floor":19,"turns":4},{"damage":6,"enemies":"Snecko","floor":22,"turns":3},{"damage":3,"enemies":"Centurion and Healer","floor":28,"turns":4},{"damage":2,"enemies":"Book of Stabbing","floor":29,"turns":3},{"damage":0,"enemies":"3 Cultists","floor":30,"turns":3},{"damage":6,"enemies":"Cultist and Chosen","floor":31,"turns":5},{"damage":13,"enemies":"Collector","floor":33,"turns":5},{"damage":0,"enemies":"Orb Walker","floor":35,"turns":2},{"damage":0,"enemies":"3 Darklings","floor":37,"turns":2},{"damage":4,"enemies":"Transient","floor":39,"turns":5},{"damage":4,"enemies":"Nemesis","floor":40,"turns":3},{"damage":0,"enemies":"Writhing Mass","floor":41,"turns":3},{"damage":22,"enemies":"4 Shapes","floor":44,"turns":4},{"damage":0,"enemies":"Giant Head","floor":45,"turns":3},{"damage":0,"enemies":"Sphere and 2 Shapes","floor":46,"turns":3},{"damage":121,"enemies":"Awakened One","floor":50,"turns":8},{"damage":2,"enemies":"Shield and Spear","floor":54,"turns":3},{"damage":40,"enemies":"The Heart","floor":55,"turns":6}],"seed_played":"3607248612009727884","potions_obtained":[{"floor":1,"key":"sneckomod:MuddlingPotion"},{"floor":2,"key":"PowerPotion"},{"floor":6,"key":"Swift Potion"},{"floor":11,"key":"Slimebound:ThreeZeroPotion"},{"floor":12,"key":"Regen Potion"}],"is_trial":false,"path_per_floor":["M","M","$","?","M","E","R","M","T","M","M","M","M","E","R","B",null,"M","M","$","?","M","R","$","R","T","?","M","E","M","M","R","B",null,"M","?","M","$","M","E","M","R","T","M","E","M","?","?","R","B",null,"$","R","E","B",null],"character_chosen":"THE_SNECKO","items_purchased":["Guardian:PocketSentry","StrikeDummy","Art of War","Bronze Scales","sneckomod:UnknownRareAttack","OrangePellets","Singing Bowl","Frozen Eye","sneckomod:MorePower","sneckomod:ImprovisedAttack","sneckomod:Unknown0Cost","Mango","sneckomod:LoadedDie","Pen Nib","Membership Card","Toxic Egg 2","Orichalcum","Madness+1","sneckomod:UnknownBlock+1","PrismaticShard","Mercury Hourglass","sneckomod:UnknownUncommonPower","Mummified Hand","sneckomod:SerpentIdol+1","War Paint","Orrery","PreservedInsect","sneckomod:UnknownUncommonPower","Meat on the Bone","sneckomod:ImprovisedAttack","sneckomod:UnknownRareSkill+1","Medical Kit","Juzu Bracelet","Ginger","StoneCalendar","sneckomod:UnknownUncommonPower","Sling","HandDrill","Boot","sneckomod:DiceBlock+1","Frozen Egg 2","DollysMirror","Unceasing Top","Gambling Chip","Torii","Vajra","ClockworkSouvenir","sneckomod:ConfusingCodex","Letter Opener","hexamod:BolsterEngine"],"campfire_rested":4,"item_purchase_floors":[0,0,0,0,0,0,0,0,0,0,0,0,0,0,0,0,0,0,0,0,0,0,0,0,0,0,3,3,3,3,3,3,20,20,20,20,20,20,20,20,24,24,24,24,38,38,38,52,52,52],"current_hp_per_floor":[117,118,120,120,122,117,117,120,120,123,117,114,114,116,116,115,136,134,136,137,137,140,140,140,140,140,140,139,141,142,148,148,136,149,149,146,148,148,150,146,148,157,157,135,159,160,160,160,160,74,160,160,160,160,135],"gold":102,"neow_bonus":"","is_daily":false,"chose_seed":false,"campfire_upgraded":3,"win_rate":0.0,"timestamp":1609135951,"path_taken":["M","M","$","?","M","E","R","M","T","M","M","M","M","E","R","BOSS","M","M","$","?","M","R","$","R","T","?","M","E","M","M","R","BOSS","M","?","M","$","M","E","M","R","T","M","E","M","?","?","R","BOSS","$","R","E","BOSS"],"items_purchased_type":["Relic","Relic","Relic","Relic","Card","Relic","Relic","Relic","Card","Card","Card","Relic","Relic","Relic","Relic","Relic","Relic","Card","Card","Relic","Relic","Card","Relic","Card","Relic","Relic","Relic","Card","Relic","Card","Card","Relic","Relic","Relic","Relic","Card","Relic","Relic","Relic","Card","Relic","Relic","Relic","Relic","Relic","Relic","Relic","Relic","Relic","Relic"],"build_version":"2020-12-22","purchased_purges":3,"victory":true,"max_hp_per_floor":[117,118,120,120,122,124,124,127,127,130,131,131,131,133,133,134,136,136,138,139,139,141,141,141,141,141,141,143,145,146,148,148,149,149,149,149,151,151,153,153,155,157,157,157,159,160,160,160,160,160,160,160,160,162,162],"relic_stats":{"Singing Bowl":56,"Torii":21,"StoneCalendar":[52],"Juzu Bracelet":4,"Bag of Preparation":[38],"Whetstone":["sneckomod:ImprovisedAttack","sneckomod:Strike"],"Ginger":[12],"Boot":[18],"Sozu":3,"SsserpentHead":150,"Dream Catcher":4,"Mummified Hand":[223],"Gambling Chip":[11],"HandDrill":[14],"counters":[53,187],"Astrolabe":["sneckomod:ImprovisedGuard","sneckomod:UnknownUncommonAttack","sneckomod:UnknownClassGUARDIAN","sneckomod:QuickMove","sneckomod:UnknownClassGUARDIAN","sneckomod:UnknownX"],"Pen Nib":[31],"PreservedInsect":1181,"Letter Opener":[873],"Orichalcum":[72],"War Paint":["sneckomod:Defend","sneckomod:Unknown0Cost"],"Medical Kit":[4],"Question Card":49,"Mercury Hourglass":[390],"OrangePellets":[19],"Bronze Scales":[237],"Art of War":[13],"obtain_stats":[{"Calipers":36,"sneckomod:LoadedDie":41,"CeramicFish":42,"Vajra":38,"downfall:HeartBlessingGreen":13,"Hammer of Thor":0,"Whetstone":14,"Ginger":20,"sneckomod:SneckoSoul":0,"Sling":20,"Boot":20,"Sozu":34,"sneckomod:ConfusingCodex":28,"DollysMirror":24,"HandDrill":20,"Toxic Egg 2":0,"Astrolabe":17,"Pen Nib":0,"Guardian:PocketSentry":0,"Letter Opener":52,"War Paint":0,"Question Card":9,"Akabeko":29,"Du-Vu Doll":45,"OrangePellets":0,"Anvil of the Gods":0,"Bird Faced Urn":38,"Bronze Scales":0,"Snecko Eye":34,"StrikeDummy":0,"Unceasing Top":24,"Meat on the Bone":3,"Singing Bowl":0,"Torii":38,"Mango":0,"StoneCalendar":20,"Incense Burner":27,"Juzu Bracelet":20,"Bag of Preparation":54,"Ancient Tea Set":7,"PrismaticShard":0,"ClockworkSouvenir":38,"Frozen Eye":0,"SsserpentHead":27,"Dream Catcher":6,"Mummified Hand":0,"Gambling Chip":24,"Guardian:GemstoneGun":40,"PreservedInsect":3,"Seething Fire":0,"Frozen Egg 2":28,"Orichalcum":0,"MawBank":43,"Medical Kit":3,"Mercury Hourglass":0,"CaptainsWheel":0,"Anchor":43,"Orrery":0,"Art of War":8,"Membership Card":28,"hexamod:BolsterEngine":52},{"Calipers":19,"sneckomod:LoadedDie":21,"CeramicFish":21,"Vajra":44,"downfall:HeartBlessingGreen":8,"Hammer of Thor":0,"Whetstone":33,"Ginger":36,"sneckomod:SneckoSoul":0,"Sling":36,"Boot":36,"Sozu":42,"sneckomod:ConfusingCodex":15,"DollysMirror":37,"HandDrill":36,"Toxic Egg 2":23,"Astrolabe":10,"Pen Nib":23,"Guardian:PocketSentry":23,"Letter Opener":51,"War Paint":23,"Question Card":28,"Akabeko":39,"Du-Vu Doll":49,"OrangePellets":23,"Anvil of the Gods":0,"Bird Faced Urn":20,"Bronze Scales":23,"Snecko Eye":18,"StrikeDummy":23,"Unceasing Top":37,"Meat on the Bone":25,"Singing Bowl":23,"Torii":44,"Mango":23,"StoneCalendar":36,"Incense Burner":14,"Juzu Bracelet":36,"Bag of Preparation":52,"Ancient Tea Set":5,"PrismaticShard":23,"ClockworkSouvenir":44,"Frozen Eye":23,"SsserpentHead":37,"Dream Catcher":27,"Mummified Hand":23,"Gambling Chip":37,"Guardian:GemstoneGun":46,"PreservedInsect":25,"Seething Fire":0,"Frozen Egg 2":15,"Orichalcum":23,"MawBank":22,"Medical Kit":25,"Mercury Hourglass":23,"CaptainsWheel":0,"Anchor":47,"Orrery":23,"Art of War":6,"Membership Card":15,"hexamod:BolsterEngine":51},{"Calipers":78,"sneckomod:LoadedDie":85,"CeramicFish":85,"Vajra":152,"downfall:HeartBlessingGreen":32,"Hammer of Thor":0,"Whetstone":112,"Ginger":125,"sneckomod:SneckoSoul":0,"Sling":125,"Boot":125,"Sozu":148,"sneckomod:ConfusingCodex":58,"DollysMirror":128,"HandDrill":125,"Toxic Egg 2":93,"Astrolabe":38,"Pen Nib":93,"Guardian:PocketSentry":93,"Letter Opener":179,"War Paint":93,"Question Card":102,"Akabeko":135,"Du-Vu Doll":169,"OrangePellets":93,"Anvil of the Gods":0,"Bird Faced Urn":84,"Bronze Scales":93,"Snecko Eye":74,"StrikeDummy":93,"Unceasing Top":128,"Meat on the Bone":97,"Singing Bowl":93,"Torii":152,"Mango":93,"StoneCalendar":125,"Incense Burner":54,"Juzu Bracelet":125,"Bag of Preparation":182,"Ancient Tea Set":13,"PrismaticShard":93,"ClockworkSouvenir":152,"Frozen Eye":93,"SsserpentHead":128,"Dream Catcher":101,"Mummified Hand":93,"Gambling Chip":128,"Guardian:GemstoneGun":160,"PreservedInsect":97,"Seething Fire":0,"Frozen Egg 2":58,"Orichalcum":93,"MawBank":91,"Medical Kit":97,"Mercury Hourglass":93,"CaptainsWheel":0,"Anchor":163,"Orrery":93,"Art of War":25,"Membership Card":58,"hexamod:BolsterEngine":179}],"Unceasing Top":[35],"Meat on the Bone":12},"card_choices":[{"not_picked":["JustLucky","sneckomod:SoulDraw+1","Slimebound:LivingWall+1"],"picked":"Singing Bowl","floor":0},{"not_picked":["Darkness+1","Acrobatics+1"],"picked":"hexamod:GhostOfSpirePresent","floor":0},{"not_picked":["InnerPeace+1","hexamod:ShieldOfDarkness+1"],"picked":"theMarked:Opportunist","floor":0},{"not_picked":["WindmillStrike","Slice","FlyingSleeves"],"picked":"Singing Bowl","floor":0},{"not_picked":["hexamod:GhostShield+1","hexamod:SpectersWail","Slimebound:SelfFormingGoo"],"picked":"Singing Bowl","floor":0},{"not_picked":["sneckomod:UnknownUncommonSkill+1","sneckomod:UnknownRareAttack+1"],"picked":"sneckomod:UnknownStrength+1","floor":1},{"not_picked":["Glass Knife","Slimebound:FinishingTackle","theMarked:Static+1"],"picked":"Singing Bowl","floor":1},{"not_picked":["champ:CrookedStrike","champ:EndlessRage"],"picked":"sneckomod:UnknownVulnerable+1","floor":2},{"not_picked":["theMarked:BanishingStrike","hexamod:SuperheatedStrike","Guardian:Gem_Purple"],"picked":"Singing Bowl","floor":5},{"not_picked":["sneckomod:UnknownVulnerable+1","sneckomod:UnknownUncommonPower+1"],"picked":"sneckomod:UnknownRarePower+1","floor":6},{"not_picked":["Rebound","Rupture"],"picked":"sneckomod:Unknown1Cost+1","floor":6},{"not_picked":["sneckomod:UnknownClassHEXA_GHOST_PURPLE+1","sneckomod:UnknownClassTHE_CHAMP_GRAY+1"],"picked":"sneckomod:UnknownDexterity+1","floor":8},{"not_picked":["Poisoned Stab","Guardian:Planning+1","Slimebound:RollThrough"],"picked":"Singing Bowl","floor":8},{"not_picked":["sneckomod:UnknownBlock+1","sneckomod:UnknownVulnerable+1","sneckomod:UnknownRareSkill+1"],"picked":"sneckomod:UnknownRarePower+1","floor":10},{"not_picked":["Flame Barrier+1","Slimebound:ServeAndProtect+1","Guardian:TemporalStrike","Guardian:Gem_Lightblue"],"picked":"Singing Bowl","floor":10},{"not_picked":["sneckomod:UnknownRareSkill+1","sneckomod:UnknownClassTHE_CHAMP_GRAY+1","sneckomod:Unknown1Cost+1"],"picked":"sneckomod:UnknownBlock+1","floor":11},{"not_picked":["theMarked:SwordAndMagic","theMarked:TwofoldDefense+1","hexamod:SuperheatedStrike"],"picked":"Slimebound:SamplingLick+1","floor":11},{"not_picked":["champ:BerserkersShout+1","Wireheading","Blade Dance+1"],"picked":"Hologram+1","floor":12},{"not_picked":["Guardian:RefractedBeam","expansioncontent:Hexaburn","sneckomod:UnknownBlock+1"],"picked":"BootSequence+1","floor":13},{"not_picked":["champ:DeathBlow","Guardian:FierceBash","sneckomod:UnknownUncommonAttack","hexamod:ShieldOfDarkness+1"],"picked":"Singing Bowl","floor":14},{"not_picked":["sneckomod:UnknownCommonSkill+1","sneckomod:UnknownClassDEFAULT_GRAY_COLOR+1","sneckomod:UnknownExhaust+1"],"picked":"sneckomod:UnknownRarePower+1","floor":16},{"not_picked":["theMarked:MuscleMemory","Guardian:SphericShield+1","hexamod:UnlimitedPower+1"],"picked":"Blasphemy+1","floor":16},{"not_picked":["Guardian:VentSteam+1","theMarked:Indomitable+1","sneckomod:DiceBoulder"],"picked":"Guardian:BronzeOrb+1","floor":18},{"not_picked":["sneckomod:UnknownUncommonAttack+1","sneckomod:UnknownCommonSkill+1","sneckomod:UnknownCommonAttack+1","sneckomod:UnknownClassBLUE+1"],"picked":"Singing Bowl","floor":19},{"not_picked":["sneckomod:UnknownBlock+1","Flex+1","hexamod:SecondSeal"],"picked":"Fusion+1","floor":19},{"not_picked":["champ:Aggression+1","hexamod:ShieldOfDarkness+1","champ:RisingSlash","Slimebound:ComboTackle"],"picked":"Singing Bowl","floor":22},{"not_picked":["hexamod:ThermalTransfer","expansioncontent:DefensiveMode+1","Reflex+1","Guardian:PrismaticBarrier+1"],"picked":"Singing Bowl","floor":28},{"not_picked":["sneckomod:IronFang+1","expansioncontent:ChargeUp+1","Guardian:CrystalBeam","Slimebound:Repurpose+1"],"picked":"Singing Bowl","floor":29},{"not_picked":["sneckomod:Unknown+1","sneckomod:UnknownClassBLUE+1","sneckomod:UnknownVulnerable+1"],"picked":"sneckomod:UnknownExhaust+1","floor":30},{"not_picked":["Bullet Time+1","Slimebound:Dissolve+1","Guardian:ShieldCharger+1"],"picked":"Terror+1","floor":30},{"not_picked":["sneckomod:Unknown1Cost+1","sneckomod:UnknownBlock+1","sneckomod:UnknownEthereal+1"],"picked":"sneckomod:UnknownRarePower+1","floor":31},{"not_picked":["theMarked:HeightenedSenses+1","PathToVictory+1","Guardian:TemporalShield+1"],"picked":"sneckomod:UnknownBlock+1","floor":31},{"not_picked":["hexamod:EmpoweredFlame+1","theMarked:Reabsorb+1","Guardian:VentSteam+1"],"picked":"Reboot+1","floor":32},{"not_picked":["sneckomod:UnknownUncommonPower+1","sneckomod:UnknownUncommonAttack+1","sneckomod:Unknown1Cost+1"],"picked":"sneckomod:UnknownRarePower+1","floor":33},{"not_picked":["hexamod:WildfireWeapon+1","theMarked:ChannelForce+1","Metamorphosis+1"],"picked":"hexamod:EmpoweringStance+1","floor":33},{"not_picked":["MarkedMod:GentlePulse+1","hexamod:Incineration+1","EmptyFist+1"],"picked":"Heavy Blade+1","floor":35},{"not_picked":["Pray+1","Slimebound:PressTheAttack","champ:EndlessRage+1","Entrench+1"],"picked":"Singing Bowl","floor":37},{"not_picked":["sneckomod:UnknownEthereal+1","sneckomod:UnknownClassDEFAULT_GRAY_COLOR+1","sneckomod:UnknownClassTHE_CHAMP_GRAY+1","sneckomod:UnknownWeak+1"],"picked":"Singing Bowl","floor":39},{"not_picked":["sneckomod:DiceBoulder+1","Guardian:Gem_Fragmented","theMarked:ElectricStrings+1"],"picked":"hexamod:TimeOfNeed+1","floor":39},{"not_picked":["champ:IronFortress+1","Cloak And Dagger+1","Guardian:Gem_Cyan"],"picked":"Distraction+1","floor":40},{"not_picked":["Slimebound:GrowthPunch+1","WheelKick","sneckomod:UnknownUncommonAttack+1","champ:DefensiveStyle+1"],"picked":"Singing Bowl","floor":41},{"not_picked":["CrushJoints","Guardian:Gem_Blue","sneckomod:WideSting+1","Iron Wave+1"],"picked":"Singing Bowl","floor":42},{"not_picked":["Cloak And Dagger+1","Body Slam+1","sneckomod:UnknownCommonSkill+1"],"picked":"theMarked:ReduceFriction+1","floor":44},{"not_picked":["Guardian:Gem_Lightblue","Vengeance+1","hexamod:RecurringNightmare+1","Perfected Strike"],"picked":"Singing Bowl","floor":45},{"not_picked":["sneckomod:UnknownClassGUARDIAN+1","sneckomod:UnknownWeak+1","sneckomod:UnknownEthereal+1"],"picked":"sneckomod:UnknownClassGREEN+1","floor":46},{"not_picked":["Slimebound:Dissolve+1","hexamod:GhostShield+1","Guardian:FuturePlans+1"],"picked":"champ:DefensiveStyle+1","floor":46},{"not_picked":["champ:GladiatorsShout+1","Self Repair+1","champ:Riposte+1"],"picked":"Slimebound:HungryTackle+1","floor":49},{"not_picked":["Guardian:Gem_Yellow","Slimebound:AcidTongue+1","WheelKick"],"picked":"Guardian:Clone+1","floor":53},{"not_picked":["FlyingSleeves","Sucker Punch+1","Consecrate","MarkedMod:Acupuncture"],"picked":"Singing Bowl","floor":54}],"player_experience":351255,"relics_obtained":[{"floor":6,"key":"Dream Catcher"},{"floor":9,"key":"Question Card"},{"floor":14,"key":"Whetstone"},{"floor":29,"key":"Akabeko"},{"floor":40,"key":"Guardian:GemstoneGun"},{"floor":43,"key":"Anchor"},{"floor":45,"key":"Du-Vu Doll"},{"floor":54,"key":"Bag of Preparation"}],"event_choices":[{"damage_healed":0,"gold_gain":100,"player_choice":"Pray","damage_taken":0,"max_hp_gain":0,"max_hp_loss":0,"event_name":"Golden Shrine","floor":4,"gold_loss":0},{"cards_removed":["Blasphemy"],"damage_healed":0,"gold_gain":0,"player_choice":"Take \u0026 Give","damage_taken":0,"max_hp_gain":0,"max_hp_loss":0,"event_name":"betterNote:BetterNote","floor":21,"gold_loss":0,"cards_obtained":["Demon Form"]},{"damage_healed":0,"gold_gain":0,"player_choice":"Trade","damage_taken":0,"relics_obtained":["SsserpentHead"],"max_hp_gain":0,"max_hp_loss":0,"event_name":"FaceTrader","floor":27,"gold_loss":0},{"damage_healed":0,"gold_gain":0,"player_choice":"Punched","damage_taken":3,"max_hp_gain":0,"max_hp_loss":0,"event_name":"Designer","floor":36,"gold_loss":0},{"cards_removed":["sneckomod:UnknownClassGUARDIAN"],"damage_healed":0,"gold_gain":0,"player_choice":"Card Removal","damage_taken":0,"max_hp_gain":0,"max_hp_loss":0,"event_name":"Wheel of Change","floor":47,"gold_loss":0},{"damage_healed":0,"gold_gain":100,"player_choice":"Pray","damage_taken":0,"max_hp_gain":0,"max_hp_loss":0,"event_name":"Golden Shrine","floor":48,"gold_loss":0}],"is_beta":false,"boss_relics":[{"not_picked":["Black Star","Tiny House"],"picked":"Astrolabe"},{"not_picked":["Fusion Hammer","Pandora\u0027s Box"],"picked":"Sozu"}],"items_purged_floors":[3,3,24],"is_endless":false,"potions_floor_spawned":[1,2,6,11,12,16,18,29,30,31,35,37,39,46],"ascension_level":0}}