{"host":"f5uumzf5hfexzk8l","time":1609141215,"event":{"mods":["BaseMod","Colored Map","Googly Eyes","Highlight Path","Minty Spire (QoL Compilation)","Permanent Neow","StSLib","SuperFastMode","Unceasing Turn Reminder"],"gold_per_floor":[114,114,64,75,75,75,108,108,108,108,33,51,61,73,73,169,169,182,182,182,197,217,249,120,153,153,183,202,202,202,202,202,303,303,322,322,128,147,147,147,147,147,147,165,0,0,0,0,0,0],"floor_reached":51,"playtime":1406,"items_purged":["Strike_B"],"score":982,"play_id":"1a5c664a-32e8-4766-a0c9-c378d3539aad","local_time":"20201227234015","is_ascension_mode":true,"campfire_choices":[{"data":"Zap","floor":6.0,"key":"SMITH"},{"data":"Hologram","floor":10.0,"key":"SMITH"},{"floor":15.0,"key":"REST"},{"floor":32,"key":"REST"},{"data":"Fission","floor":46,"key":"SMITH"},{"data":"Defragment","floor":49,"key":"SMITH"}],"circlet_count":0,"master_deck":["Defend_B","Defend_B+1","Defend_B","Defend_B","Zap+1","Dualcast","Ball Lightning","Hologram+1","Loop","Defragment+1","Fission+1","Self Repair+1","Seek","Redo+1","Conserve Battery","Go for the Eyes","Fusion+1","Coolheaded+1","Meteor Strike","Defragment+1","Scrape"],"relics":["Cracked Core","Incense Burner","Prayer Wheel","Juzu Bracelet","Bag of Preparation","Nuclear Battery","Eternal Feather","Lantern","Mummified Hand","Bottled Flame","Nilry\u0027s Codex","Philosopher\u0027s Stone","Strange Spoon","Letter Opener","Red Mask"],"acts_visited":["Exordium","TheCity","TheBeyond"],"potions_floor_usage":[],"damage_taken":[{"damage":1.0,"enemies":"Cultist","floor":1.0,"turns":4.0},{"damage":2.0,"enemies":"Jaw Worm","floor":4.0,"turns":3.0},{"damage":12.0,"enemies":"3 Sentries","floor":7.0,"turns":6.0},{"damage":3.0,"enemies":"2 Louse","floor":12.0,"turns":3.0},{"damage":3.0,"enemies":"Exordium Wildlife","floor":13.0,"turns":3.0},{"damage":6.0,"enemies":"Looter","floor":14.0,"turns":3.0},{"damage":15.0,"enemies":"The Guardian","floor":16.0,"turns":8.0},{"damage":0,"enemies":"Spheric Guardian","floor":18,"turns":3},{"damage":6,"enemies":"3 Byrds","floor":21,"turns":5},{"damage":29,"enemies":"Shelled Parasite and Fungi","floor":22,"turns":6},{"damage":4,"enemies":"Book of Stabbing","floor":23,"turns":2},{"damage":48,"enemies":"Slavers","floor":25,"turns":4},{"damage":0,"enemies":"Book of Stabbing","floor":27,"turns":1},{"damage":0,"enemies":"Cultist and Chosen","floor":28,"turns":1},{"damage":0,"enemies":"Champ","floor":33,"turns":5},{"damage":0,"enemies":"3 Darklings","floor":35,"turns":1},{"damage":19,"enemies":"Orb Walker","floor":38,"turns":4},{"damage":0,"enemies":"Writhing Mass","floor":39,"turns":1},{"damage":0,"enemies":"Giant Head","floor":40,"turns":1},{"damage":0,"enemies":"Transient","floor":41,"turns":1},{"damage":0,"enemies":"Spire Growth","floor":42,"turns":1},{"damage":0,"enemies":"4 Shapes","floor":44,"turns":1},{"damage":35,"enemies":"Donu and Deca","floor":50,"turns":9}],"seed_played":"-2809316682753222780","potions_obtained":[{"floor":12.0,"key":"Fire Potion"},{"floor":18,"key":"Regen Potion"},{"floor":23,"key":"EssenceOfSteel"},{"floor":25,"key":"Explosive Potion"}],"is_trial":false,"path_per_floor":["M","T","?","M","?","R","E","?","T","R","$","M","M","M","R","B",null,"M","?","?","M","M","E","$","E","T","E","M","?","$","?","R","B",null,"M","?","$","M","M","E","M","M","T","M","?","R","?","?","R","B",null],"character_chosen":"DEFECT","items_purchased":["Loop","Go for the Eyes","Strange Spoon","Defragment"],"campfire_rested":2,"item_purchase_floors":[11,24,37,37],"current_hp_per_floor":[53,53,53,51,36,36,24,29,29,29,29,26,23,17,41,26,80,80,80,65,69,50,56,56,18,18,18,18,18,18,2,39,49,85,85,85,85,76,76,76,76,76,76,76,76,85,85,75,85,80],"gold":0,"neow_bonus":"ONE_RARE_RELIC","is_daily":false,"chose_seed":false,"campfire_upgraded":4,"win_rate":0.0,"timestamp":1609141215,"path_taken":["M","?","?","M","?","R","E","?","T","R","$","M","M","M","R","BOSS","M","?","?","M","M","E","$","E","T","E","M","?","?","?","R","BOSS","M","?","?","M","M","E","M","M","T","M","?","R","?","?","R","BOSS"],"items_purchased_type":["Card","Card","Relic","Card"],"build_version":"2020-12-22","purchased_purges":1,"victory":true,"max_hp_per_floor":[75,75,75,75,75,75,75,80,80,80,80,80,80,80,80,80,80,80,80,85,85,85,85,85,85,85,85,85,85,85,85,85,85,85,85,85,85,85,85,85,85,85,85,85,85,85,85,85,85,85],"card_choices":[{"not_picked":["Turbo","Tempest"],"picked":"Ball Lightning","floor":1.0},{"not_picked":["Leap","Rebound"],"picked":"Compile Driver","floor":4.0},{"not_picked":["Darkness","White Noise","Beam Cell"],"picked":"SKIP","floor":4.0},{"not_picked":["Thunder Strike","Turbo"],"picked":"Hologram","floor":7.0},{"not_picked":["Tempest","Rebound","Force Field"],"picked":"SKIP","floor":12.0},{"not_picked":["Beam Cell","Defragment","Rebound"],"picked":"SKIP","floor":12.0},{"not_picked":["Beam Cell","Rebound"],"picked":"Defragment","floor":12.0},{"not_picked":["Tempest","Rebound","Force Field"],"picked":"SKIP","floor":12.0},{"not_picked":["Hologram","Rebound","Reprogram"],"picked":"SKIP","floor":13.0},{"not_picked":["Leap","Steam","Storm"],"picked":"SKIP","floor":13.0},{"not_picked":["Buffer","Melter","Sweeping Beam"],"picked":"SKIP","floor":14.0},{"not_picked":["Sunder","Redo","Streamline"],"picked":"SKIP","floor":14.0},{"not_picked":["Buffer","Melter","Sweeping Beam"],"picked":"SKIP","floor":14.0},{"not_picked":["Sunder","Redo","Streamline"],"picked":"SKIP","floor":14.0},{"not_picked":["Meteor Strike","Amplify"],"picked":"Fission","floor":16.0},{"not_picked":["Turbo","Compile Driver"],"picked":"Self Repair+1","floor":18},{"not_picked":["Reinforced Body","Sweeping Beam","Rebound"],"picked":"SKIP","floor":18},{"not_picked":["Double Energy","FTL"],"picked":"Seek","floor":21},{"not_picked":["Steam+1","Gash","Turbo+1"],"picked":"SKIP","floor":21},{"not_picked":["Hologram+1","Sweeping Beam"],"picked":"Redo+1","floor":22},{"not_picked":["Turbo","Redo","Cold Snap"],"picked":"SKIP","floor":22},{"not_picked":["Skim+1","Steam+1","Conserve Battery"],"picked":"SKIP","floor":23},{"not_picked":["Skim+1","Steam+1"],"picked":"Conserve Battery","floor":23},{"not_picked":["Multi-Cast","Melter+1"],"picked":"Fusion+1","floor":25},{"not_picked":["Ball Lightning","FTL"],"picked":"Coolheaded+1","floor":27},{"not_picked":["Doom and Gloom","Turbo+1","Loop"],"picked":"SKIP","floor":28},{"not_picked":["Streamline","Hello World","Go for the Eyes"],"picked":"SKIP","floor":28},{"not_picked":["Buffer","Amplify"],"picked":"Meteor Strike","floor":33},{"not_picked":["Capacitor","Force Field","Steam"],"picked":"SKIP","floor":35},{"not_picked":["Consume+1","Tempest","Reinforced Body+1"],"picked":"SKIP","floor":35},{"not_picked":["Rebound","Coolheaded+1","Tempest+1"],"picked":"SKIP","floor":38},{"not_picked":["Sweeping Beam","Beam Cell+1","Fusion+1"],"picked":"SKIP","floor":38},{"not_picked":["Gash+1","Reinforced Body","Go for the Eyes+1"],"picked":"SKIP","floor":39},{"not_picked":["Leap","Doom and Gloom+1","Scrape+1"],"picked":"SKIP","floor":39},{"not_picked":["Compile Driver+1","Sweeping Beam+1","Streamline"],"picked":"SKIP","floor":40},{"not_picked":["Recycle+1","Chaos","Barrage+1"],"picked":"SKIP","floor":41},{"not_picked":["Gash","Redo","Hologram+1"],"picked":"SKIP","floor":41},{"not_picked":["Steam+1","Capacitor+1","Reprogram+1"],"picked":"SKIP","floor":42},{"not_picked":["Sunder","Compile Driver","Static Discharge+1"],"picked":"SKIP","floor":42},{"not_picked":["Conserve Battery+1","Sweeping Beam+1","Turbo"],"picked":"SKIP","floor":44},{"not_picked":["Reinforced Body","Genetic Algorithm","Coolheaded+1"],"picked":"SKIP","floor":44}],"player_experience":314700,"relics_obtained":[{"floor":2.0,"key":"Prayer Wheel"},{"floor":7.0,"key":"Juzu Bracelet"},{"floor":9.0,"key":"Bag of Preparation"},{"floor":23,"key":"Eternal Feather"},{"floor":25,"key":"Lantern"},{"floor":26,"key":"Mummified Hand"},{"floor":27,"key":"Bottled Flame"},{"floor":31,"key":"Nilry\u0027s Codex"},{"floor":43,"key":"Letter Opener"}],"event_choices":[{"cards_removed":["Strike_B"],"damage_healed":0.0,"max_hp_gain":0.0,"max_hp_loss":0.0,"gold_gain":0.0,"event_name":"The Cleric","player_choice":"Card Removal","floor":3.0,"gold_loss":50.0,"damage_taken":0.0},{"damage_healed":0.0,"max_hp_gain":0.0,"max_hp_loss":0.0,"gold_gain":0.0,"event_name":"Shining Light","player_choice":"Entered Light","floor":5.0,"gold_loss":0.0,"damage_taken":15.0,"cards_upgraded":["Defend_B","Strike_B"]},{"damage_healed":0.0,"max_hp_gain":5.0,"max_hp_loss":0.0,"gold_gain":0.0,"event_name":"Big Fish","player_choice":"Donut","floor":8.0,"gold_loss":0.0,"damage_taken":0.0},{"damage_healed":0,"gold_gain":0,"player_choice":"Bought 0 Potions","damage_taken":0,"max_hp_gain":0,"max_hp_loss":0,"event_name":"The Woman in Blue","floor":19,"gold_loss":0},{"damage_healed":0,"gold_gain":0,"player_choice":"Shed Blood","damage_taken":20,"max_hp_gain":5,"max_hp_loss":0,"event_name":"Forgotten Altar","floor":20,"gold_loss":0},{"damage_healed":0,"gold_gain":0,"player_choice":"Got Potions","damage_taken":0,"max_hp_gain":0,"max_hp_loss":0,"event_name":"Lab","floor":29,"gold_loss":0},{"damage_healed":0,"gold_gain":0,"player_choice":"Obtained Book","damage_taken":16,"max_hp_gain":0,"max_hp_loss":0,"event_name":"Cursed Tome","floor":31,"gold_loss":0},{"damage_healed":0,"gold_gain":0,"player_choice":"Forge","damage_taken":0,"max_hp_gain":0,"max_hp_loss":0,"event_name":"Accursed Blacksmith","floor":36,"gold_loss":0,"cards_upgraded":["Defragment"]},{"damage_healed":0,"gold_gain":0,"player_choice":"Paid","damage_taken":0,"relics_obtained":["Red Mask"],"max_hp_gain":0,"max_hp_loss":0,"event_name":"Tomb of Lord Red Mask","floor":45,"gold_loss":165},{"damage_healed":0,"gold_gain":0,"cards_transformed":["Compile Driver"],"player_choice":"Transformed","damage_taken":0,"max_hp_gain":0,"max_hp_loss":0,"event_name":"Transmorgrifier","floor":47,"gold_loss":0,"cards_obtained":["Scrape"]},{"damage_healed":0,"gold_gain":0,"player_choice":"Memory 3","damage_taken":10,"max_hp_gain":0,"max_hp_loss":0,"event_name":"SensoryStone","floor":48,"gold_loss":0}],"is_beta":false,"boss_relics":[{"not_picked":["Astrolabe","Calling Bell"],"picked":"Nuclear Battery"},{"not_picked":["Snecko Eye","FrozenCore"],"picked":"Philosopher\u0027s Stone"}],"items_purged_floors":[24],"is_endless":false,"potions_floor_spawned":[12,16,18,23,25,28,35,38,42],"ascension_level":3}}