{"host":"mcdusr64esz012l0","time":1609179810,"event":{"mods":["BaseMod","Minty Spire (QoL Compilation)","Relic Stats"],"gold_per_floor":[114,114,114,79,96,96,125,125,125,145,163,195,31,31,31,105,105,82,82,95,110,110,110,126,160,184,184,204,204,204,204,204],"floor_reached":31,"playtime":1120,"items_purged":[],"score":576,"play_id":"65eaa9e3-64de-49ce-b3cd-b11f1081411c","local_time":"20201228132330","is_ascension_mode":true,"campfire_choices":[{"data":"Dagger Throw","floor":6.0,"key":"SMITH"},{"data":"Finisher","floor":15.0,"key":"SMITH"},{"floor":23,"key":"REST"},{"floor":27,"key":"REST"}],"circlet_count":0,"master_deck":["AscendersBane","Strike_G","Strike_G","Strike_G+1","Strike_G","Defend_G+1","Defend_G","Defend_G","Defend_G","Defend_G","Survivor","Neutralize","Dagger Throw+1","Endless Agony","Malaise","Finisher+1","Blade Dance","Caltrops+1","Phantasmal Killer","Well Laid Plans+1","RitualDagger","Cloak And Dagger","Cloak And Dagger","Deflect+1"],"relics":["Ring of the Snake","NeowsBlessing","Ancient Tea Set","Regal Pillow","Frozen Egg 2","Juzu Bracelet","Lee\u0027s Waffle","SlaversCollar","HornCleat","Omamori","Ginger"],"acts_visited":["Exordium","TheCity"],"potions_floor_usage":[25,25],"damage_taken":[{"damage":0.0,"enemies":"2 Louse","floor":1.0,"turns":1.0},{"damage":0.0,"enemies":"Small Slimes","floor":5.0,"turns":1.0},{"damage":0.0,"enemies":"3 Sentries","floor":7.0,"turns":1.0},{"damage":0.0,"enemies":"Cultist","floor":10.0,"turns":4.0},{"damage":0.0,"enemies":"Exordium Wildlife","floor":11.0,"turns":2.0},{"damage":37.0,"enemies":"Gremlin Nob","floor":12.0,"turns":5.0},{"damage":15.0,"enemies":"Slime Boss","floor":16.0,"turns":6.0},{"damage":19.0,"enemies":"2 Thieves","floor":18.0,"turns":4.0},{"damage":18.0,"enemies":"Shell Parasite","floor":20.0,"turns":3.0},{"damage":18.0,"enemies":"3 Cultists","floor":21.0,"turns":5.0},{"damage":24,"enemies":"Shelled Parasite and Fungi","floor":24,"turns":5},{"damage":6,"enemies":"Book of Stabbing","floor":25,"turns":5},{"damage":43,"enemies":"Chosen and Byrds","floor":28,"turns":7},{"damage":7,"enemies":"Gremlin Leader","floor":31,"turns":4}],"seed_played":"5717276865567560697","potions_obtained":[{"floor":7.0,"key":"EntropicBrew"},{"floor":10.0,"key":"PowerPotion"},{"floor":21.0,"key":"Strength Potion"}],"is_trial":false,"path_per_floor":["M","?","?","?","M","R","E","?","T","M","M","E","$","?","R","B",null,"M","?","M","M","?","R","M","E","T","R","M","?","T","E"],"character_chosen":"THE_SILENT","items_purchased":["Lee\u0027s Waffle"],"campfire_rested":2,"item_purchase_floors":[13],"current_hp_per_floor":[59,48,28,44,44,44,44,44,44,44,44,7,73,73,73,58,69,50,44,26,8,8,44,20,14,14,50,7,7,7,0,0],"gold":204,"neow_bonus":"THREE_ENEMY_KILL","is_daily":false,"chose_seed":false,"campfire_upgraded":2,"win_rate":0.0,"timestamp":1609179810,"path_taken":["M","?","?","?","M","R","E","?","T","?","M","E","$","?","R","BOSS","M","?","M","M","?","R","M","E","T","R","M","?","?","E"],"items_purchased_type":["Relic"],"build_version":"2020-12-22","purchased_purges":0,"victory":false,"max_hp_per_floor":[66,66,66,66,66,66,66,66,66,66,66,66,73,73,73,73,73,73,73,73,73,73,73,73,73,73,73,73,73,73,73,73],"relic_stats":{"Regal Pillow":30,"Lee\u0027s Waffle":66,"counters":[14,53],"Juzu Bracelet":0,"Ginger":[0],"obtain_stats":[{"SlaversCollar":17,"Regal Pillow":7,"Lee\u0027s Waffle":13,"HornCleat":25,"NeowsBlessing":0,"Juzu Bracelet":12,"Omamori":26,"Ginger":30,"Frozen Egg 2":9,"Ancient Tea Set":2,"Ring of the Snake":0},{"SlaversCollar":7,"Regal Pillow":3,"Lee\u0027s Waffle":6,"HornCleat":12,"NeowsBlessing":0,"Juzu Bracelet":6,"Omamori":12,"Ginger":13,"Frozen Egg 2":3,"Ancient Tea Set":1,"Ring of the Snake":0},{"SlaversCollar":20,"Regal Pillow":3,"Lee\u0027s Waffle":14,"HornCleat":42,"NeowsBlessing":0,"Juzu Bracelet":14,"Omamori":42,"Ginger":49,"Frozen Egg 2":3,"Ancient Tea Set":1,"Ring of the Snake":0}],"Ring of the Snake":[30]},"card_choices":[{"not_picked":["Quick Slash","Flying Knee"],"picked":"Dagger Throw","floor":1.0},{"not_picked":["Accuracy","Sucker Punch"],"picked":"Endless Agony","floor":5.0},{"not_picked":["Deadly Poison","After Image"],"picked":"Malaise","floor":7.0},{"not_picked":["Distraction","Escape Plan"],"picked":"Blade Dance","floor":10.0},{"not_picked":["Flying Knee","Sucker Punch","Prepared"],"picked":"SKIP","floor":11.0},{"not_picked":["Outmaneuver","Setup"],"picked":"Caltrops+1","floor":12.0},{"not_picked":["Doppelganger","Bullet Time"],"picked":"Phantasmal Killer","floor":16.0},{"not_picked":["Flying Knee","Deflect+1"],"picked":"Well Laid Plans+1","floor":18.0},{"not_picked":["Eviscerate","Setup","Distraction"],"picked":"SKIP","floor":20.0},{"not_picked":["Deflect","Underhanded Strike"],"picked":"Cloak And Dagger","floor":21.0},{"not_picked":["Heel Hook","Backstab"],"picked":"Cloak And Dagger","floor":24},{"not_picked":["Flying Knee","Riddle With Holes"],"picked":"Deflect+1","floor":25},{"not_picked":["Tactician","Deadly Poison","Setup"],"picked":"SKIP","floor":28}],"player_experience":1009893,"relics_obtained":[{"floor":7.0,"key":"Regal Pillow"},{"floor":9.0,"key":"Frozen Egg 2"},{"floor":12.0,"key":"Juzu Bracelet"},{"floor":25,"key":"HornCleat"},{"floor":26,"key":"Omamori"},{"floor":30,"key":"Ginger"}],"event_choices":[{"damage_healed":0.0,"max_hp_gain":0.0,"max_hp_loss":0.0,"gold_gain":0.0,"event_name":"Scrap Ooze","player_choice":"Success","floor":2.0,"gold_loss":0.0,"damage_taken":11.0,"relics_obtained":["Ancient Tea Set"]},{"damage_healed":0.0,"max_hp_gain":0.0,"max_hp_loss":0.0,"gold_gain":0.0,"event_name":"Shining Light","player_choice":"Entered Light","floor":3.0,"gold_loss":0.0,"damage_taken":20.0,"cards_upgraded":["Defend_G","Strike_G"]},{"damage_healed":16.0,"max_hp_gain":0.0,"max_hp_loss":0.0,"gold_gain":0.0,"event_name":"The Cleric","player_choice":"Healed","floor":4.0,"gold_loss":35.0,"damage_taken":0.0},{"damage_healed":0.0,"max_hp_gain":0.0,"max_hp_loss":0.0,"gold_gain":0.0,"cards_transformed":["Strike_G"],"event_name":"Transmorgrifier","player_choice":"Transformed","floor":8.0,"gold_loss":0.0,"damage_taken":0.0,"cards_obtained":["Finisher"]},{"damage_healed":0.0,"max_hp_gain":0.0,"max_hp_loss":0.0,"gold_gain":0.0,"event_name":"Liars Game","player_choice":"Ignored","floor":14.0,"gold_loss":0.0,"damage_taken":0.0},{"damage_healed":0.0,"max_hp_gain":0.0,"max_hp_loss":0.0,"gold_gain":0.0,"event_name":"Nest","player_choice":"Joined the Cult","floor":19.0,"gold_loss":0.0,"damage_taken":6.0,"cards_obtained":["RitualDagger"]},{"damage_healed":0,"gold_gain":0,"player_choice":"Ignored","damage_taken":0,"max_hp_gain":0,"max_hp_loss":0,"event_name":"Cursed Tome","floor":22,"gold_loss":0},{"damage_healed":0,"gold_gain":0,"player_choice":"Smashed Altar","damage_taken":0,"max_hp_gain":0,"max_hp_loss":0,"event_name":"Forgotten Altar","floor":29,"gold_loss":0,"cards_obtained":["Decay"]}],"is_beta":false,"boss_relics":[{"not_picked":["Ectoplasm","Snecko Eye"],"picked":"SlaversCollar"}],"items_purged_floors":[],"is_endless":false,"potions_floor_spawned":[7,10,11,21],"killed_by":"Gremlin Leader","ascension_level":20}}