{"host":"f5uumzf5hfexzk8l","time":1609146539,"event":{"mods":["BaseMod","Colored Map","Googly Eyes","Highlight Path","Minty Spire (QoL Compilation)","Permanent Neow","StSLib","SuperFastMode","Unceasing Turn Reminder"],"gold_per_floor":[111,124,142,153,133,133,164,175,175,175,100,118,148,48,48,119,119,130,5,17,35,54,54,54,54],"floor_reached":24,"playtime":1791,"items_purged":["Strike_G","Strike_G","Strike_G"],"score":420,"play_id":"4f7c3cc4-67b5-4e27-9d25-c8c4fca90d06","local_time":"20201228010859","is_ascension_mode":true,"campfire_choices":[{"data":"Neutralize","floor":6,"key":"SMITH"},{"floor":10,"key":"REST"},{"floor":15,"key":"REST"},{"floor":23,"key":"REST"}],"circlet_count":0,"master_deck":["AscendersBane","Strike_G","Strike_G","Defend_G","Defend_G","Defend_G","Defend_G","Defend_G","Survivor","Neutralize+1","Poisoned Stab","Poisoned Stab","Noxious Fumes","Well Laid Plans","PiercingWail","Crippling Poison","Night Terror","Backflip","Backflip","Catalyst"],"relics":["Ring of the Snake","Mango","Pocketwatch","Question Card","Molten Egg 2","Sozu"],"acts_visited":["Exordium","TheCity"],"potions_floor_usage":[7,16,18],"damage_taken":[{"damage":7,"enemies":"Small Slimes","floor":1,"turns":4},{"damage":1,"enemies":"Cultist","floor":2,"turns":4},{"damage":8,"enemies":"Jaw Worm","floor":3,"turns":5},{"damage":7,"enemies":"Looter","floor":4,"turns":4},{"damage":17,"enemies":"Lagavulin","floor":7,"turns":6},{"damage":15,"enemies":"3 Louse","floor":8,"turns":4},{"damage":3,"enemies":"Exordium Thugs","floor":12,"turns":5},{"damage":12,"enemies":"3 Sentries","floor":13,"turns":8},{"damage":5,"enemies":"Hexaghost","floor":16,"turns":10},{"damage":3,"enemies":"Chosen","floor":18,"turns":6},{"damage":11,"enemies":"2 Thieves","floor":20,"turns":4},{"damage":24,"enemies":"3 Cultists","floor":21,"turns":7},{"damage":15,"enemies":"Snake Plant","floor":22,"turns":6},{"damage":67,"enemies":"Book of Stabbing","floor":24,"turns":6}],"seed_played":"8377555813352787133","potions_obtained":[{"floor":3,"key":"CunningPotion"},{"floor":5,"key":"FairyPotion"},{"floor":8,"key":"Swift Potion"},{"floor":13,"key":"LiquidBronze"},{"floor":16,"key":"Swift Potion"}],"is_trial":false,"path_per_floor":["M","M","M","M","?","R","E","M","T","R","$","M","E","$","R","B",null,"M","$","M","M","M","R","E"],"character_chosen":"THE_SILENT","items_purchased":[],"campfire_rested":3,"item_purchase_floors":[],"current_hp_per_floor":[51,50,42,35,35,35,18,3,3,27,27,24,12,12,36,31,68,65,65,54,30,15,39,0,0],"gold":54,"neow_bonus":"ONE_RARE_RELIC","is_daily":false,"chose_seed":false,"campfire_upgraded":1,"win_rate":0.0,"timestamp":1609146539,"path_taken":["M","M","M","M","?","R","E","M","T","R","?","M","E","$","R","BOSS","M","$","M","M","M","R","E"],"items_purchased_type":[],"build_version":"2020-12-22","purchased_purges":3,"victory":false,"max_hp_per_floor":[80,80,80,80,80,80,80,80,80,80,80,80,80,80,80,80,80,80,80,80,80,80,80,80,80],"card_choices":[{"not_picked":["Leg Sweep","Acrobatics"],"picked":"Poisoned Stab","floor":1},{"not_picked":["Cloak And Dagger","Bane"],"picked":"Poisoned Stab","floor":2},{"not_picked":["Underhanded Strike","Blur"],"picked":"Noxious Fumes","floor":3},{"not_picked":["Cloak And Dagger","Skewer"],"picked":"Well Laid Plans","floor":4},{"not_picked":["Deadly Poison","Outmaneuver"],"picked":"PiercingWail","floor":7},{"not_picked":["Cloak And Dagger","Dagger Throw","Escape Plan"],"picked":"SKIP","floor":8},{"not_picked":["Concentrate","Deadly Poison","Quick Slash","Dagger Throw"],"picked":"SKIP","floor":12},{"not_picked":["Backflip","Endless Agony+1","Expertise"],"picked":"Crippling Poison","floor":13},{"not_picked":["Grand Finale+1","Phantasmal Killer","Glass Knife+1"],"picked":"Night Terror","floor":16},{"not_picked":["Bane+1","All Out Attack+1","Outmaneuver"],"picked":"Backflip","floor":18},{"not_picked":["Prepared","Blade Dance","A Thousand Cuts","Expertise"],"picked":"SKIP","floor":20},{"not_picked":["Deadly Poison","Reflex","Poisoned Stab+1"],"picked":"Backflip","floor":21},{"not_picked":["Dagger Spray+1","Predator+1","Deadly Poison+1"],"picked":"Catalyst","floor":22}],"player_experience":319508,"relics_obtained":[{"floor":7,"key":"Pocketwatch"},{"floor":9,"key":"Question Card"},{"floor":13,"key":"Molten Egg 2"}],"event_choices":[{"damage_healed":0,"gold_gain":0,"player_choice":"Bought 1 Potion","damage_taken":0,"max_hp_gain":0,"max_hp_loss":0,"event_name":"The Woman in Blue","floor":5,"gold_loss":0}],"is_beta":false,"boss_relics":[{"not_picked":["HoveringKite","Runic Dome"],"picked":"Sozu"}],"items_purged_floors":[11,14,19],"is_endless":false,"potions_floor_spawned":[3,8,12,13,16,18],"killed_by":"Book of Stabbing","ascension_level":20}}