{"host":"cnluwb240fdd52tp","time":1609168103,"event":{"mods":["BaseMod","Colored Map","DeckTracker","Infinite Spire","Minty Spire (QoL Compilation)","Rare Cards Sparkle","StSLib"],"gold_per_floor":[119,119,294,294,313,313,339,339,365,397,413,423,423,423,423,524,524,534,549,549,549,559,559,90,90,138,138,153,153,153,183,183,283,283,302,302,302,302],"floor_reached":37,"playtime":5136,"items_purged":["Doubt"],"score":392,"play_id":"de84998b-b330-4a90-8ea2-22501fceb13b","local_time":"20201228160823","is_ascension_mode":true,"campfire_choices":[{"data":"infinitespire:OneForAll","floor":6,"key":"SMITH"},{"floor":8,"key":"REST"},{"floor":13,"key":"REST"},{"floor":15,"key":"REST"},{"data":"Pommel Strike","floor":23,"key":"SMITH"},{"floor":25,"key":"REST"},{"data":"Rage","floor":27,"key":"SMITH"},{"data":"Offering","floor":30,"key":"SMITH"},{"data":"infinitespire:FinalStrike","floor":32,"key":"SMITH"}],"circlet_count":0,"master_deck":["Strike_R+1","Strike_R","Strike_R","Strike_R","Defend_R","Defend_R","Defend_R","Defend_R","Bash","infinitespire:OneForAll+1","Shrug It Off","Reckless Charge","Rage+1","Pommel Strike+1","Perfected Strike+1","Offering+1","infinitespire:FinalStrike+1","Seeing Red","Warcry+1","Perfected Strike","Perfected Strike"],"relics":["Black Star","Pantograph","infinitespire:EmpoweringShard","infinitespire:CheckeredPen","infinitespire:Satchel","Potion Belt","Dream Catcher","Runic Pyramid","Mercury Hourglass","Kunai","Medical Kit","Whetstone","Ginger","Red Mask","Empty Cage"],"acts_visited":["Exordium","TheCity","TheBeyond"],"potions_floor_usage":[7,10,33,33,37],"damage_taken":[{"damage":15,"enemies":"Jaw Worm","floor":1,"turns":4},{"damage":11,"enemies":"2 Louse","floor":5,"turns":4},{"damage":36,"enemies":"Gremlin Nob","floor":7,"turns":6},{"damage":24,"enemies":"3 Sentries","floor":10,"turns":12},{"damage":0,"enemies":"Small Slimes","floor":11,"turns":3},{"damage":0,"enemies":"Red Slaver","floor":12,"turns":3},{"damage":32,"enemies":"Slime Boss","floor":16,"turns":10},{"damage":5,"enemies":"Chosen","floor":18,"turns":4},{"damage":21,"enemies":"3 Byrds","floor":19,"turns":5},{"damage":12,"enemies":"3 Cultists","floor":22,"turns":4},{"damage":10,"enemies":"Sentry and Sphere","floor":28,"turns":3},{"damage":5,"enemies":"Masked Bandits","floor":31,"turns":3},{"damage":52,"enemies":"Automaton","floor":33,"turns":7},{"damage":8,"enemies":"3 Darklings","floor":35,"turns":3},{"damage":94,"enemies":"Time Eater","floor":37,"turns":7}],"seed_played":"-6603606109064110571","potions_obtained":[{"floor":1,"key":"Block Potion"},{"floor":7,"key":"SpeedPotion"},{"floor":11,"key":"Explosive Potion"},{"floor":22,"key":"Strength Potion"},{"floor":28,"key":"FearPotion"}],"is_trial":false,"path_per_floor":["M","?","?","?","M","R","E","R","T","E","M","M","R","?","R","B",null,"M","M","AVR","T","M","R","$","R","T","R","M","?","R","?","R","B",null,"M","?","B"],"character_chosen":"IRONCLAD","items_purchased":["Kunai","Medical Kit"],"campfire_rested":4,"item_purchase_floors":[24,24],"current_hp_per_floor":[65,58,58,55,44,44,8,32,32,8,8,8,32,32,56,48,80,75,54,54,54,42,42,42,66,66,66,56,56,56,51,51,24,80,72,72,0,0],"gold":302,"neow_bonus":"BOSS_RELIC","is_daily":false,"chose_seed":false,"campfire_upgraded":5,"win_rate":0.0,"timestamp":1609168103,"path_taken":["M","?","?","?","M","R","E","R","T","E","M","M","R","?","R","BOSS","M","M","AVR","?","M","R","$","R","T","R","M","?","R","?","R","BOSS","M","?","BOSS"],"items_purchased_type":["Relic","Relic"],"build_version":"2020-12-22","purchased_purges":1,"victory":false,"max_hp_per_floor":[80,80,80,80,80,80,80,80,80,80,80,80,80,80,80,80,80,80,80,80,80,80,80,80,80,80,80,80,80,80,80,80,80,80,80,80,80,80],"card_choices":[{"not_picked":["Power Through","Disarm"],"picked":"infinitespire:OneForAll","floor":1},{"not_picked":["Clothesline","Second Wind"],"picked":"Shrug It Off","floor":5},{"not_picked":["Searing Blow","True Grit","Iron Wave"],"picked":"SKIP","floor":7},{"not_picked":["Bloodletting","Bludgeon"],"picked":"Reckless Charge","floor":10},{"not_picked":["Perfected Strike","Sever Soul"],"picked":"Rage","floor":11},{"not_picked":["Heavy Blade","Cleave"],"picked":"Pommel Strike","floor":12},{"not_picked":["Clash","Rupture"],"picked":"Perfected Strike","floor":13},{"not_picked":["Exhume","Brutality"],"picked":"Offering","floor":16},{"not_picked":["Heavy Blade","Sword Boomerang"],"picked":"Pummel","floor":18},{"not_picked":["Blood for Blood","Havoc+1","Headbutt"],"picked":"SKIP","floor":19},{"not_picked":["Metallicize","Feed"],"picked":"Seeing Red","floor":22},{"not_picked":["Clothesline","Armaments"],"picked":"Warcry+1","floor":28},{"not_picked":["Thunderclap","Sword Boomerang"],"picked":"Perfected Strike","floor":31},{"not_picked":["Dual Wield","Ghostly Armor+1"],"picked":"Perfected Strike","floor":35}],"player_experience":147171,"relics_obtained":[{"floor":7,"key":"infinitespire:EmpoweringShard"},{"floor":7,"key":"infinitespire:CheckeredPen"},{"floor":9,"key":"infinitespire:Satchel"},{"floor":10,"key":"Potion Belt"},{"floor":10,"key":"Dream Catcher"},{"floor":21,"key":"Mercury Hourglass"},{"floor":26,"key":"Whetstone"},{"floor":31,"key":"Red Mask"}],"event_choices":[{"cards_removed":["Strike_R"],"damage_healed":0,"gold_gain":0,"player_choice":"Card Removal","damage_taken":7,"max_hp_gain":0,"max_hp_loss":0,"event_name":"Golden Wing","floor":2,"gold_loss":0},{"damage_healed":0,"gold_gain":175,"player_choice":"AGREE","damage_taken":0,"max_hp_gain":0,"max_hp_loss":0,"event_name":"Liars Game","floor":3,"gold_loss":0,"cards_obtained":["Doubt"]},{"damage_healed":0,"gold_gain":0,"player_choice":"Success","damage_taken":3,"relics_obtained":["Pantograph"],"max_hp_gain":0,"max_hp_loss":0,"event_name":"Scrap Ooze","floor":4,"gold_loss":0},{"damage_healed":0,"gold_gain":0,"player_choice":"Bought 0 Potions","damage_taken":0,"max_hp_gain":0,"max_hp_loss":0,"event_name":"The Woman in Blue","floor":14,"gold_loss":0},{"damage_healed":0,"gold_gain":0,"player_choice":"Stole Relic","damage_taken":0,"relics_obtained":["Ginger"],"max_hp_gain":0,"max_hp_loss":0,"event_name":"Addict","floor":29,"gold_loss":0,"cards_obtained":["Shame"]},{"damage_healed":0,"gold_gain":0,"player_choice":"Fought Bandits","damage_taken":0,"max_hp_gain":0,"max_hp_loss":0,"event_name":"Masked Bandits","floor":31,"gold_loss":0},{"damage_healed":0,"gold_gain":0,"player_choice":"Took Portal","damage_taken":0,"max_hp_gain":0,"max_hp_loss":0,"event_name":"SecretPortal","floor":36,"gold_loss":0}],"is_beta":false,"boss_relics":[{"not_picked":["Snecko Eye","Tiny House"],"picked":"Runic Pyramid"},{"not_picked":["Sozu","Coffee Dripper"],"picked":"Empty Cage"}],"items_purged_floors":[24],"is_endless":false,"potions_floor_spawned":[1,7,11,22,28],"killed_by":"Time Eater","ascension_level":1}}