{"host":"ix2a18c4ohfsrslv","time":1609137157,"event":{"mods":["BaseMod","Better Third Choice","Downfall","Minty Spire (QoL Compilation)","Replay The Spire","StSLib","The Disciple"],"gold_per_floor":[116,291,291,21,21,56,56,90,90,105,116,126,126,81,81,81,81],"floor_reached":16,"playtime":1239,"items_purged":["Doubt"],"score":158,"play_id":"b20a66fa-2868-4f56-a5fe-694b09bc53fc","local_time":"20201227223237","is_ascension_mode":false,"campfire_choices":[{"data":"PatternShift","floor":7,"key":"SMITH"},{"data":"Echoward","floor":13,"key":"SMITH"},{"floor":15,"key":"RECALL"}],"circlet_count":0,"master_deck":["Strike_Br","Strike_Br","Strike_Br","Strike_Br","Defend_Br","Defend_Br","Defend_Br","Defend_Br","SecondHand+1","PatternShift+1","ExoVibe","HandsUpB","HandsUpB","Parity","Echoward+1","LockedBlood","Flay"],"relics":["Chronometer","NeowsBlessing","ReplayTheSpireMod:TigerMarble","IceCream?","Bird Faced Urn","Onion Ring"],"acts_visited":["Exordium"],"potions_floor_usage":[16],"damage_taken":[{"damage":0,"enemies":"Jaw Worm","floor":1,"turns":1},{"damage":0,"enemies":"Gremlin Nob","floor":6,"turns":1},{"damage":0,"enemies":"3 Sentries","floor":8,"turns":3},{"damage":0,"enemies":"2 Louse","floor":10,"turns":1},{"damage":0,"enemies":"Cultist","floor":11,"turns":3},{"damage":0,"enemies":"2 Fungi Beasts","floor":12,"turns":2},{"damage":0,"enemies":"Looter","floor":14,"turns":5},{"damage":73,"enemies":"Slime Boss","floor":16,"turns":28}],"seed_played":"-6223957971179480491","potions_obtained":[{"floor":8,"key":"Dexterity Potion"},{"floor":12,"key":"Venom Potion"}],"is_trial":false,"path_per_floor":["M","?","?","$","?","E","R","E","T","M","M","M","R","M","R","B"],"character_chosen":"CHRONO_CLASS","items_purchased":["HandsUpB","ReplayTheSpireMod:TigerMarble"],"campfire_rested":0,"item_purchase_floors":[4,4],"current_hp_per_floor":[65,65,65,65,65,65,65,65,65,65,65,65,65,65,65,0,0],"gold":81,"neow_bonus":"THREE_ENEMY_KILL","is_daily":false,"chose_seed":false,"campfire_upgraded":2,"win_rate":0.0,"timestamp":1609137157,"path_taken":["M","?","?","?","?","E","R","E","T","M","?","M","R","?","R","BOSS"],"items_purchased_type":["Card","Relic"],"build_version":"2020-12-22","purchased_purges":1,"victory":false,"max_hp_per_floor":[65,65,65,65,65,65,65,65,65,65,65,65,65,65,65,65,65],"card_choices":[{"not_picked":["LockedScales","Echoward"],"picked":"ExoVibe","floor":1},{"not_picked":["LockedUrn","DaylightSavings"],"picked":"HandsUpB","floor":6},{"not_picked":["LockedScales","ReapSow"],"picked":"Parity","floor":8},{"not_picked":["Engulf","PrimeTime"],"picked":"Echoward","floor":10},{"not_picked":["LockedTornado","Parity","HandsUpB"],"picked":"SKIP","floor":11},{"not_picked":["Echoward","LockedScales"],"picked":"LockedBlood","floor":12},{"not_picked":["Analog","LockedMercury"],"picked":"Flay","floor":14}],"player_experience":148599,"relics_obtained":[{"floor":6,"key":"Bird Faced Urn"},{"floor":8,"key":"Onion Ring"}],"event_choices":[{"damage_healed":0,"gold_gain":175,"player_choice":"AGREE","damage_taken":116,"max_hp_gain":0,"max_hp_loss":0,"event_name":"betterThird:BetterSerpent","floor":2,"gold_loss":0},{"damage_healed":0,"gold_gain":0,"player_choice":"Grow","damage_taken":0,"max_hp_gain":0,"max_hp_loss":0,"event_name":"Living Wall","floor":3,"gold_loss":0,"cards_upgraded":["SecondHand"]}],"is_beta":false,"boss_relics":[],"items_purged_floors":[4],"is_endless":false,"potions_floor_spawned":[8,12],"killed_by":"Slime Boss","ascension_level":0}}