{"host":"dg7tq0lxa83e07bl","time":1609164803,"event":{"mods":["Ascension Reborn","Aspiration","BaseMod","Hermit","Minty Spire (QoL Compilation)","Replay The Spire","Reworked Bosses","Ryuuou龙王","StSLib","【遗物卡牌】REMEMod","篝火指南"],"gold_per_floor":[123,143,167,190,210,248,248,286,286,286,54,72,72,104,104,229,229,248,268,298,316,332,332,373,373,429,379,391,77,197,232,232,353,353,365,381,381,400,424,74,74,110,110,132,132,156,43,80,80,80,80,80,6,42,42],"floor_reached":56,"playtime":2450,"items_purged":["Strike_B+1","Sickly"],"score":475,"play_id":"25d7593b-51fe-4792-9fef-9e5b4fb07a04","local_time":"20201228221323","is_ascension_mode":true,"campfire_choices":[{"data":"Chaos","floor":10,"key":"SMITH"},{"data":"Defragment","floor":13,"key":"SMITH"},{"data":"Static Discharge","floor":15,"key":"SMITH"},{"data":"Echo Form","floor":23,"key":"SMITH"},{"data":"Rainbow","floor":25,"key":"SMITH"},{"data":"Specialist","floor":32,"key":"SMITH"},{"data":"Storm","floor":41,"key":"SMITH"},{"floor":49,"key":"RECALL"},{"data":"Loop","floor":52,"key":"SMITH"}],"circlet_count":0,"master_deck":["Strike_B+1","Strike_B+1","Strike_B+1","Defend_B+1","Defend_B+1","Defend_B+1","Defend_B+1","Zap+1","Dualcast+1","ReplayRNGCard","Cold Snap","Chaos+1","Rainbow+1","Skim+1","Defragment+1","Static Discharge+1","Genetic Algorithm","Defragment+1","Self Repair","Echo Form+1","Conserve Battery+1","Loop+1","REME_SelfUpgrade+1","Heatsinks+1","Specialist+1","Glacier+1","Electrodynamics","Blizzard+1","FIFO Queue+1","Defragment+1","Defragment+1","Storm+1","Ball Lightning+1","Double Energy+1","REME_TwoStrings"],"relics":["Cracked Core","REME_ComplimentaryCards","NeowsBlessing","Prayer Wheel","Eternal Feather","aspiration:DSix","Mummified Hand","Quantum Egg","Replay:PocketPolymizer","SlaversCollar","aspiration:EnhancedActuators","Geode","Juzu Bracelet","Cables","Molten Egg 2","Bird Faced Urn","Replay:Accelerometer","Pen Nib","Ice Cream","SacredBark","Ring of Shattering","Blue Candle","Mango","Nunchaku","ReplayTheSpireMod:Lightbulb","Divine Protection","War Paint","Bag of Marbles","aspiration:HummingbirdHeart"],"acts_visited":["Exordium","TheCity","TheBeyond","TheEnding"],"potions_floor_usage":[22,55,55,55],"damage_taken":[{"damage":0,"enemies":"Jaw Worm","floor":1,"turns":1},{"damage":0,"enemies":"Cultist","floor":2,"turns":1},{"damage":0,"enemies":"2 Louse","floor":3,"turns":1},{"damage":0,"enemies":"2 Fungi Beasts","floor":4,"turns":2},{"damage":0,"enemies":"Looter","floor":5,"turns":2},{"damage":0,"enemies":"3 Sentries","floor":6,"turns":5},{"damage":12,"enemies":"Lagavulin","floor":8,"turns":4},{"damage":0,"enemies":"Red Slaver","floor":12,"turns":2},{"damage":0,"enemies":"Gremlin Nob","floor":14,"turns":3},{"damage":0,"enemies":"The Guardian","floor":16,"turns":7},{"damage":0,"enemies":"Shell Parasite","floor":18,"turns":3},{"damage":18,"enemies":"3 Byrds","floor":19,"turns":4},{"damage":5,"enemies":"Shelled Parasite and Fungi","floor":21,"turns":4},{"damage":24,"enemies":"Cultist and Chosen","floor":22,"turns":5},{"damage":1,"enemies":"Book of Stabbing","floor":24,"turns":3},{"damage":3,"enemies":"Snake Plant","floor":28,"turns":1},{"damage":0,"enemies":"Colosseum Slavers","floor":30,"turns":4},{"damage":0,"enemies":"Colosseum Nobs","floor":30,"turns":4},{"damage":1,"enemies":"REME_1_Revenger","floor":31,"turns":3},{"damage":0,"enemies":"Automaton","floor":33,"turns":6},{"damage":8,"enemies":"Orb Walker","floor":35,"turns":2},{"damage":0,"enemies":"3 Shapes","floor":36,"turns":4},{"damage":6,"enemies":"Writhing Mass","floor":38,"turns":4},{"damage":0,"enemies":"Spire Growth","floor":39,"turns":3},{"damage":0,"enemies":"Giant Head","floor":42,"turns":4},{"damage":0,"enemies":"Sphere and 2 Shapes","floor":44,"turns":2},{"damage":0,"enemies":"Maw","floor":46,"turns":3},{"damage":0,"enemies":"R_Hoarder","floor":48,"turns":3},{"damage":7,"enemies":"Replay:Hell Engine","floor":50,"turns":6},{"damage":0,"enemies":"Shield and Spear","floor":54,"turns":3},{"damage":13,"enemies":"The Heart","floor":55,"turns":4}],"seed_played":"-5581160880789956991","potions_obtained":[{"floor":1,"key":"DistilledChaos"},{"floor":2,"key":"Reflective Coating"},{"floor":2,"key":"Weak Potion"},{"floor":21,"key":"Elixir"},{"floor":22,"key":"SkillPotion"}],"is_trial":false,"path_per_floor":["M","M","M","M","M","E","?","E","T","R","$","M","R","E","R","B",null,"M","M","T","M","M","R","E","R","T","?","M","$","?","E","R","B",null,"M","M","?","M","M","$","R","E","T","M","?","M","$","E","R","B",null,"R","$","E","B",null],"character_chosen":"DEFECT","items_purchased":["Mummified Hand","Genetic Algorithm","Molten Egg 2","Specialist","Mango","Storm","War Paint","REME_TwoStrings"],"campfire_rested":0,"item_purchase_floors":[11,11,29,29,40,40,47,53],"current_hp_per_floor":[79,79,79,79,79,79,79,67,67,79,79,79,79,79,79,83,83,83,65,65,70,56,73,82,83,83,83,80,80,83,82,83,87,87,85,87,87,87,87,101,101,101,101,101,101,101,101,101,101,105,105,105,105,105,109],"gold":42,"neow_bonus":"THREE_ENEMY_KILL","is_daily":false,"chose_seed":false,"campfire_upgraded":8,"win_rate":0.0,"timestamp":1609164803,"path_taken":["M","M","M","M","M","E","?","E","T","R","$","?","R","E","R","BOSS","M","M","?","?","M","R","E","R","T","?","M","$","?","E","R","BOSS","M","M","?","M","M","$","R","E","T","M","?","M","$","E","R","BOSS","R","$","E","BOSS"],"items_purchased_type":["Relic","Card","Relic","Card","Relic","Card","Relic","Card"],"build_version":"2020-12-22","purchased_purges":2,"victory":true,"max_hp_per_floor":[79,79,79,79,79,79,79,79,79,79,79,79,79,79,79,83,83,83,83,83,83,83,83,83,83,83,83,83,83,83,83,83,87,87,87,87,87,87,87,101,101,101,101,101,101,101,101,101,101,105,105,105,105,105,109],"card_choices":[{"not_picked":["Sweeping Beam","Reprogram","Compile Driver"],"picked":"SKIP","floor":1},{"not_picked":["Streamline+1","Redo"],"picked":"Cold Snap","floor":2},{"not_picked":["BasicCrystalCard","Rebound+1","Gash+1"],"picked":"SKIP","floor":3},{"not_picked":["Turbo","Go for the Eyes"],"picked":"Chaos","floor":4},{"not_picked":["Scrape","ReplayGash+1","Panic Button"],"picked":"SKIP","floor":5},{"not_picked":["FTL","Gash+1"],"picked":"Rainbow","floor":6},{"not_picked":["BasicCrystalCard","ReplaySolidLightProjector"],"picked":"Skim","floor":6},{"not_picked":["Beam Cell","ReplayTheSpireMod:Repulse"],"picked":"Defragment+1","floor":8},{"not_picked":["Go for the Eyes","Beam Cell"],"picked":"Static Discharge","floor":8},{"not_picked":["Consume","Cold Snap"],"picked":"Defragment","floor":12},{"not_picked":["Beam Cell+1","Leap","Compile Driver"],"picked":"SKIP","floor":12},{"not_picked":["Conserve Battery","Rainbow"],"picked":"Self Repair","floor":14},{"not_picked":["Sunder+1","Go for the Eyes","Lockon"],"picked":"SKIP","floor":14},{"not_picked":["Reboot","All For One"],"picked":"Echo Form","floor":16},{"not_picked":["Ball Lightning","aspiration:Polymerization"],"picked":"Conserve Battery+1","floor":18},{"not_picked":["Stack+1","Compile Driver","Hello World+1"],"picked":"SKIP","floor":18},{"not_picked":["Consume+1","BasicCrystalCard+1"],"picked":"Loop","floor":19},{"not_picked":["Beam Cell","Auto Shields+1","Steam+1"],"picked":"SKIP","floor":19},{"not_picked":["Beam Cell","Auto Shields+1","Steam+1"],"picked":"SKIP","floor":19},{"not_picked":["Recycle","Gash+1","Sunder+1"],"picked":"SKIP","floor":21},{"not_picked":["Machine Learning","ReplaySolidLightProjector","Stack+1"],"picked":"SKIP","floor":21},{"not_picked":["Redo","ReplayTheSpireMod:Repulse+1"],"picked":"REME_SelfUpgrade+1","floor":22},{"not_picked":["Aggregate","Doom and Gloom","Turbo+1"],"picked":"SKIP","floor":22},{"not_picked":["ReplayTheSpireMod:GoodbyeWorld","Gash+1","Doom and Gloom+1","REME_Whirling+1"],"picked":"Heatsinks+1","floor":24},{"not_picked":["Cold Snap+1","Coolheaded","Go for the Eyes+1"],"picked":"SKIP","floor":28},{"not_picked":["Barrage+1","Cold Snap","REME_SelfUpgrade"],"picked":"SKIP","floor":28},{"not_picked":["Loop","Static Discharge+1","Redo","Stack+1"],"picked":"Glacier","floor":30},{"not_picked":["Beam Cell+1","Glacier","Reprogram","Meteor Strike+1","Doom and Gloom+1"],"picked":"SKIP","floor":31},{"not_picked":["Thunder Strike+1","Reboot","Creative AI","Biased Cognition"],"picked":"Electrodynamics","floor":33},{"not_picked":["ReplayTheSpireMod:Reroute Power","Panic Button+1"],"picked":"Blizzard+1","floor":35},{"not_picked":["Recycle+1","Leap+1","Heatsinks+1"],"picked":"SKIP","floor":35},{"not_picked":["Blizzard+1","REME_Compress+1"],"picked":"FIFO Queue+1","floor":36},{"not_picked":["Sunder+1","Hello World+1","Undo+1"],"picked":"SKIP","floor":36},{"not_picked":["Leap+1","Crystallizer+1","Barrage+1","Force Field+1"],"picked":"Defragment+1","floor":38},{"not_picked":["ReplaySort+1","FTL+1","Stack+1","BootSequence+1","Consume+1"],"picked":"SKIP","floor":38},{"not_picked":["Barrage+1","Core Surge+1"],"picked":"Defragment+1","floor":39},{"not_picked":["BasicCrystalCard+1","Steam","Melter+1"],"picked":"SKIP","floor":39},{"not_picked":["Go for the Eyes+1","Compile Driver+1","Streamline+1"],"picked":"SKIP","floor":42},{"not_picked":["Redo","FTL+1","Sweeping Beam+1","Coolheaded+1"],"picked":"Ball Lightning+1","floor":44},{"not_picked":["White Noise","Beam Cell+1","BasicCrystalCard+1","REME_Shoggoth+1","Sunder+1"],"picked":"SKIP","floor":44},{"not_picked":["aspiration:Polymerization","Redo","Barrage+1"],"picked":"SKIP","floor":46},{"not_picked":["Compile Driver+1","Force Field+1","Coolheaded+1"],"picked":"SKIP","floor":46},{"not_picked":["Sweeping Beam+1","Static Discharge+1","Reinforced Body+1","Hyperbeam+1"],"picked":"Double Energy+1","floor":48},{"not_picked":["Conserve Battery","ReplayTheSpireMod:GoodbyeWorld+1","Cold Snap+1","Loop+1","White Noise"],"picked":"SKIP","floor":54}],"player_experience":85030,"relics_obtained":[{"floor":6,"key":"Prayer Wheel"},{"floor":8,"key":"Eternal Feather"},{"floor":9,"key":"aspiration:DSix"},{"floor":14,"key":"Quantum Egg"},{"floor":16,"key":"Replay:PocketPolymizer"},{"floor":20,"key":"aspiration:EnhancedActuators"},{"floor":20,"key":"Geode"},{"floor":24,"key":"Juzu Bracelet"},{"floor":26,"key":"Cables"},{"floor":30,"key":"Bird Faced Urn"},{"floor":30,"key":"Replay:Accelerometer"},{"floor":31,"key":"Pen Nib"},{"floor":33,"key":"Ice Cream"},{"floor":37,"key":"Ring of Shattering"},{"floor":38,"key":"Blue Candle"},{"floor":43,"key":"Nunchaku"},{"floor":43,"key":"ReplayTheSpireMod:Lightbulb"},{"floor":44,"key":"Divine Protection"},{"floor":48,"key":"Bag of Marbles"},{"floor":54,"key":"aspiration:HummingbirdHeart"}],"event_choices":[{"damage_healed":0,"gold_gain":0,"player_choice":"Bought 0 Potions","damage_taken":0,"max_hp_gain":0,"max_hp_loss":0,"event_name":"The Woman in Blue","floor":7,"gold_loss":0},{"damage_healed":0,"gold_gain":0,"player_choice":"Bet on Murderer","damage_taken":0,"max_hp_gain":0,"max_hp_loss":0,"event_name":"The Joust","floor":27,"gold_loss":50},{"damage_healed":0,"gold_gain":0,"player_choice":"Fight","damage_taken":0,"max_hp_gain":0,"max_hp_loss":0,"event_name":"Colosseum","floor":30,"gold_loss":0},{"damage_healed":0,"gold_gain":0,"player_choice":"Fought Nobs","damage_taken":0,"max_hp_gain":0,"max_hp_loss":0,"event_name":"Colosseum","floor":30,"gold_loss":0},{"damage_healed":0,"gold_gain":0,"player_choice":"Ignored","damage_taken":0,"max_hp_gain":0,"max_hp_loss":0,"event_name":"Tomb of Lord Red Mask","floor":45,"gold_loss":0}],"is_beta":false,"boss_relics":[{"not_picked":["Kintsugi","Painkiller Herb"],"picked":"SlaversCollar"},{"not_picked":["Abe\u0027s Treasure","aspiration:RitualDagger"],"picked":"SacredBark"}],"items_purged_floors":[29,40],"is_endless":false,"potions_floor_spawned":[2,5,12,16,21,28,30,31,35,36,46,48,54],"ascension_level":-20}}