{"host":"kh6fvhxn285ncg0o","time":1609120026,"event":{"mods":["Act Like it!","BaseMod","Colored Map","Friendly Minions","Keyboard Shortcuts","Minty Spire (QoL Compilation)","Quick Restart","Relic Stats","StSLib","SuperFastMode"],"gold_per_floor":[114,189,204,223,148,175,175,192,192,221,221,221,221,260,260,341,341,361,384,403,72,90,90,109,159,210,240,240,258,274,317,317,404,404,424,443,443,443,73,115,115,133,133,148,191,191,216,250,250,250,250,250,250,54,86,86],"floor_reached":57,"playtime":2115,"items_purged":["Strike_R","Strike_R"],"score":3725,"play_id":"b1115936-637d-4f68-a998-d78b5ab4a0eb","local_time":"20201228104706","is_ascension_mode":true,"campfire_choices":[{"data":"Armaments","floor":7.0,"key":"SMITH"},{"data":"Bash","floor":12.0,"key":"SMITH"},{"data":"Shrug It Off","floor":15.0,"key":"SMITH"},{"floor":23.0,"key":"REST"},{"floor":28.0,"key":"REST"},{"floor":32.0,"key":"REST"},{"data":"Battle Trance","floor":41.0,"key":"SMITH"},{"floor":49,"key":"RECALL"},{"data":"Barricade","floor":53,"key":"SMITH"}],"circlet_count":0,"master_deck":["AscendersBane","Strike_R","Defend_R","Defend_R","Defend_R","Defend_R","Bash+1","Armaments+1","Clothesline","Barricade+1","Shrug It Off+1","Inflame+1","Body Slam","Impervious","Fire Breathing+1","Feel No Pain+1","Finesse","Power Through+1","Dark Embrace+1","Exhume","Battle Trance+1","Entrench","Shockwave+1","Fiend Fire"],"relics":["Runic Dome","Centennial Puzzle","Frozen Egg 2","Turnip","Sundial","CeramicFish","Runic Cube","Bronze Scales","Lizard Tail","Lantern","Cursed Key","Mummified Hand","Pantograph","Singing Bowl","Torii","Eternal Feather","Self Forming Clay"],"acts_visited":["Exordium","TheCity","TheBeyond","TheEnding"],"potions_floor_usage":[48,55,56],"damage_taken":[{"damage":5.0,"enemies":"Small Slimes","floor":1.0,"turns":4.0},{"damage":0.0,"enemies":"2 Louse","floor":3.0,"turns":2.0},{"damage":0.0,"enemies":"Cultist","floor":4.0,"turns":3.0},{"damage":22.0,"enemies":"Gremlin Nob","floor":6.0,"turns":4.0},{"damage":3.0,"enemies":"Looter","floor":8.0,"turns":3.0},{"damage":0.0,"enemies":"Lagavulin","floor":10.0,"turns":7.0},{"damage":17.0,"enemies":"3 Sentries","floor":14.0,"turns":11.0},{"damage":25.0,"enemies":"Slime Boss","floor":16.0,"turns":14.0},{"damage":2.0,"enemies":"Chosen","floor":18.0,"turns":6.0},{"damage":10.0,"enemies":"Shell Parasite","floor":19.0,"turns":7.0},{"damage":18.0,"enemies":"Centurion and Healer","floor":20.0,"turns":8.0},{"damage":17.0,"enemies":"Shelled Parasite and Fungi","floor":22.0,"turns":7.0},{"damage":4.0,"enemies":"Snake Plant","floor":24.0,"turns":6.0},{"damage":17.0,"enemies":"Book of Stabbing","floor":27.0,"turns":5.0},{"damage":0.0,"enemies":"Snecko","floor":29.0,"turns":6.0},{"damage":0.0,"enemies":"Centurion and Healer","floor":30.0,"turns":7.0},{"damage":22.0,"enemies":"Gremlin Leader","floor":31.0,"turns":6.0},{"damage":13.0,"enemies":"Collector","floor":33.0,"turns":14.0},{"damage":17.0,"enemies":"Orb Walker","floor":35.0,"turns":5.0},{"damage":49.0,"enemies":"3 Darklings","floor":36.0,"turns":5.0},{"damage":4.0,"enemies":"Nemesis","floor":40.0,"turns":9.0},{"damage":0.0,"enemies":"Spire Growth","floor":42.0,"turns":4.0},{"damage":0,"enemies":"Sphere and 2 Shapes","floor":44,"turns":4},{"damage":0,"enemies":"Giant Head","floor":45,"turns":6},{"damage":0,"enemies":"Mind Bloom Boss Battle","floor":47,"turns":8},{"damage":0,"enemies":"Nemesis","floor":48,"turns":5},{"damage":13,"enemies":"Donu and Deca","floor":50,"turns":8},{"damage":29,"enemies":"Awakened One","floor":51,"turns":12},{"damage":0,"enemies":"Shield and Spear","floor":55,"turns":9},{"damage":19,"enemies":"The Heart","floor":56,"turns":8}],"seed_played":"-8650460885512348538","potions_obtained":[{"floor":3.0,"key":"GamblersBrew"},{"floor":6.0,"key":"FairyPotion"},{"floor":14.0,"key":"Regen Potion"},{"floor":20.0,"key":"Regen Potion"},{"floor":27.0,"key":"Block Potion"},{"floor":30.0,"key":"Energy Potion"},{"floor":38.0,"key":"Ancient Potion"},{"floor":38.0,"key":"DistilledChaos"},{"floor":40.0,"key":"AttackPotion"},{"floor":47,"key":"Block Potion"},{"floor":48,"key":"SpeedPotion"}],"is_trial":false,"path_per_floor":["M","?","M","M","?","E","R","M","T","E","?","R","?","E","R","B",null,"M","M","M","$","M","R","M","?","T","E","R","M","M","E","R","B",null,"M","M","?","?","$","E","R","M","T","M","E","?","?","E","R","B","B",null,"R","$","E","B",null],"character_chosen":"IRONCLAD","items_purchased":["Finesse","Bronze Scales","Mummified Hand","Fiend Fire","Swift Potion"],"campfire_rested":3,"item_purchase_floors":[21,21,39,54,54],"current_hp_per_floor":[63,52,52,52,52,30,30,27,27,27,20,20,15,22,22,12,59,57,47,29,29,12,34,45,45,45,28,50,50,50,28,50,37,66,49,37,37,37,37,33,33,33,33,33,33,33,60,62,74,62,46,68,75,75,77,58],"gold":86,"neow_bonus":"BOSS_RELIC","is_daily":false,"chose_seed":false,"campfire_upgraded":5,"win_rate":0.0,"timestamp":1609120026,"path_taken":["M","?","M","M","?","E","R","M","T","E","?","R","?","E","R","BOSS","M","M","M","$","M","R","M","?","T","E","R","M","?","E","R","BOSS","M","M","?","?","$","E","R","M","T","?","E","?","?","E","R","BOSS","BOSS","R","$","E","BOSS"],"items_purchased_type":["Card","Relic","Relic","Card","Potion"],"build_version":"2020-12-22","purchased_purges":2,"victory":true,"max_hp_per_floor":[75,75,75,75,75,75,75,75,75,75,75,75,75,75,75,75,75,75,75,75,75,75,75,75,75,75,75,75,75,75,75,75,75,75,75,75,75,75,75,75,75,75,75,75,75,71,73,75,75,75,75,75,75,75,77,77],"relic_stats":{"Singing Bowl":6,"Torii":17,"counters":[30,203],"Self Forming Clay":[48],"CeramicFish":108,"Eternal Feather":19,"Cursed Key":0,"Centennial Puzzle":[51],"Lizard Tail":37,"Sundial":[44],"Mummified Hand":[65],"Bronze Scales":[536],"Pantograph":39,"Turnip":[26],"obtain_stats":[{"Lantern":31,"Singing Bowl":45,"Torii":47,"Self Forming Clay":55,"CeramicFish":14,"Eternal Feather":48,"Frozen Egg 2":9,"Cursed Key":34,"Burning Blood":0,"Runic Dome":0,"Centennial Puzzle":6,"Lizard Tail":27,"Sundial":13,"Mummified Hand":39,"Bronze Scales":21,"Pantograph":40,"Turnip":10,"Runic Cube":17},{"Lantern":17,"Singing Bowl":24,"Torii":25,"Self Forming Clay":29,"CeramicFish":7,"Eternal Feather":26,"Frozen Egg 2":5,"Cursed Key":18,"Burning Blood":0,"Runic Dome":0,"Centennial Puzzle":4,"Lizard Tail":14,"Sundial":6,"Mummified Hand":20,"Bronze Scales":11,"Pantograph":21,"Turnip":6,"Runic Cube":8},{"Lantern":106,"Singing Bowl":153,"Torii":161,"Self Forming Clay":195,"CeramicFish":34,"Eternal Feather":166,"Frozen Egg 2":16,"Cursed Key":120,"Burning Blood":0,"Runic Dome":0,"Centennial Puzzle":13,"Lizard Tail":87,"Sundial":23,"Mummified Hand":130,"Bronze Scales":69,"Pantograph":139,"Turnip":23,"Runic Cube":48}],"Runic Cube":[41]},"card_choices":[{"not_picked":["Perfected Strike","True Grit"],"picked":"Armaments","floor":1.0},{"not_picked":["Clash","Cleave"],"picked":"Clothesline","floor":3.0},{"not_picked":["Body Slam","Wild Strike","Hemokinesis"],"picked":"SKIP","floor":4.0},{"not_picked":["Dark Embrace","Twin Strike"],"picked":"Barricade","floor":6.0},{"not_picked":["Uppercut","Clothesline"],"picked":"Shrug It Off","floor":8.0},{"not_picked":["Iron Wave","Twin Strike"],"picked":"Inflame+1","floor":10.0},{"not_picked":["Rupture+1","Thunderclap"],"picked":"Body Slam","floor":14.0},{"not_picked":["Feed","Reaper"],"picked":"Impervious","floor":16.0},{"not_picked":["Shrug It Off","Havoc","Cleave"],"picked":"SKIP","floor":18.0},{"not_picked":["Clash","Rampage"],"picked":"Fire Breathing+1","floor":19.0},{"not_picked":["Second Wind","Bloodletting"],"picked":"Feel No Pain+1","floor":20.0},{"not_picked":["Anger","Twin Strike","Clash"],"picked":"SKIP","floor":22.0},{"not_picked":["Inflame+1","Demon Form+1"],"picked":"Power Through+1","floor":24.0},{"not_picked":["Havoc","Dropkick","Metallicize+1"],"picked":"SKIP","floor":27.0},{"not_picked":["Infernal Blade","Blood for Blood","Armaments"],"picked":"SKIP","floor":29.0},{"not_picked":["Havoc+1","Warcry","Heavy Blade"],"picked":"SKIP","floor":30.0},{"not_picked":["Sever Soul","Bloodletting"],"picked":"Dark Embrace+1","floor":31.0},{"not_picked":["Berserk+1","Demon Form+1"],"picked":"Exhume","floor":33.0},{"not_picked":["Clothesline","Sentinel+1","Body Slam"],"picked":"SKIP","floor":35.0},{"not_picked":["Clash","Heavy Blade"],"picked":"Battle Trance","floor":36.0},{"not_picked":["Flex","Headbutt"],"picked":"Entrench","floor":40.0},{"not_picked":["Blood for Blood","Flame Barrier+1","Thunderclap"],"picked":"SKIP","floor":42.0},{"not_picked":["Warcry","Combust+1","Heavy Blade+1"],"picked":"SKIP","floor":44},{"not_picked":["True Grit","Sentinel"],"picked":"Shockwave+1","floor":45},{"not_picked":["Flex+1","Ghostly Armor","Body Slam"],"picked":"Singing Bowl","floor":47},{"not_picked":["Warcry","Blood for Blood","Carnage+1"],"picked":"Singing Bowl","floor":48},{"not_picked":["Rampage","Sword Boomerang","Body Slam"],"picked":"Singing Bowl","floor":55}],"player_experience":3279755,"relics_obtained":[{"floor":6.0,"key":"Centennial Puzzle"},{"floor":9.0,"key":"Frozen Egg 2"},{"floor":10.0,"key":"Turnip"},{"floor":14.0,"key":"CeramicFish"},{"floor":27.0,"key":"Lizard Tail"},{"floor":31.0,"key":"Lantern"},{"floor":40.0,"key":"Pantograph"},{"floor":45,"key":"Singing Bowl"},{"floor":47,"key":"Torii"},{"floor":48,"key":"Eternal Feather"},{"floor":55,"key":"Self Forming Clay"}],"event_choices":[{"damage_healed":0.0,"max_hp_gain":0.0,"max_hp_loss":0.0,"gold_gain":75.0,"event_name":"World of Goop","player_choice":"Gather Gold","floor":2.0,"gold_loss":0.0,"damage_taken":11.0},{"cards_removed":["Strike_R"],"damage_healed":0.0,"max_hp_gain":0.0,"max_hp_loss":0.0,"gold_gain":0.0,"event_name":"The Cleric","player_choice":"Card Removal","floor":5.0,"gold_loss":75.0,"damage_taken":0.0},{"cards_removed":["Strike_R"],"damage_healed":0.0,"max_hp_gain":0.0,"max_hp_loss":0.0,"gold_gain":0.0,"event_name":"Golden Wing","player_choice":"Card Removal","floor":11.0,"gold_loss":0.0,"damage_taken":7.0},{"damage_healed":0.0,"max_hp_gain":0.0,"max_hp_loss":0.0,"gold_gain":0.0,"event_name":"Scrap Ooze","player_choice":"Success","floor":13.0,"gold_loss":0.0,"damage_taken":5.0,"relics_obtained":["Sundial"]},{"damage_healed":0.0,"max_hp_gain":0.0,"max_hp_loss":0.0,"gold_gain":50.0,"event_name":"Golden Shrine","player_choice":"Pray","floor":25.0,"gold_loss":0.0,"damage_taken":0.0},{"damage_healed":0.0,"max_hp_gain":0.0,"max_hp_loss":0.0,"gold_gain":0.0,"event_name":"Tomb of Lord Red Mask","player_choice":"Ignored","floor":37.0,"gold_loss":0.0,"damage_taken":0.0},{"damage_healed":0.0,"max_hp_gain":0.0,"max_hp_loss":0.0,"gold_gain":0.0,"event_name":"Lab","player_choice":"Got Potions","floor":38.0,"gold_loss":0.0,"damage_taken":0.0},{"damage_healed":0,"gold_gain":0,"player_choice":"Max HP","damage_taken":0,"max_hp_gain":0,"max_hp_loss":4,"event_name":"Winding Halls","floor":46,"gold_loss":0},{"damage_healed":0,"gold_gain":0,"player_choice":"Fight","damage_taken":0,"max_hp_gain":0,"max_hp_loss":0,"event_name":"MindBloom","floor":47,"gold_loss":0}],"is_beta":false,"boss_relics":[{"not_picked":["Ectoplasm","Fusion Hammer"],"picked":"Runic Cube"},{"not_picked":["Velvet Choker","Coffee Dripper"],"picked":"Cursed Key"}],"items_purged_floors":[21,39],"is_endless":false,"potions_floor_spawned":[3,6,14,20,27,30,40,44,45,47,48],"ascension_level":20}}