{"host":"8f5cu9y0fpol72qs","time":1609116636,"event":{"mods":["BaseMod","Colored Map","Highlight Path","Minty Spire (QoL Compilation)","StSLib"],"gold_per_floor":[12,29,46,46,46,76,76,111,162,87,107,119,119,138,138,252,279,300,300,329,329,45,45,89,89,116,16,54,54,73,101,101,209,209,226,226,239,268,282,282,307,307,307,307,342,342,369,369,369],"floor_reached":48,"playtime":7824,"items_purged":["Strike_R","Cleave"],"score":965,"play_id":"011254b5-7fa5-4fb6-8cfd-9072fd683bae","local_time":"20201227165036","is_ascension_mode":true,"campfire_choices":[{"data":"Berserk","floor":7.0,"key":"SMITH"},{"floor":13.0,"key":"REST"},{"data":"Whirlwind","floor":15.0,"key":"SMITH"},{"data":"Rupture","floor":23.0,"key":"SMITH"},{"floor":29.0,"key":"REST"},{"floor":32.0,"key":"REST"},{"data":"Brutality","floor":40.0,"key":"SMITH"},{"floor":42.0,"key":"REST"}],"circlet_count":0,"master_deck":["AscendersBane","Defend_R+1","Defend_R+1","Defend_R+1","Defend_R+1","Bash","Headbutt","Berserk+1","Brutality+1","Clothesline","Whirlwind+1","Feed","Juggernaut+1","Seeing Red+1","Feed+1","Iron Wave+1","Rupture+1","Shrug It Off","Hemokinesis","Pommel Strike","Limit Break","Heavy Blade+1","Armaments+1","Rage+1"],"relics":["Burning Blood","Sundial","CeramicFish","Bag of Preparation","Astrolabe","Kunai","Vajra","Toy Ornithopter","Mark of Pain","Darkstone Periapt","Juzu Bracelet","MealTicket"],"acts_visited":["Exordium","TheCity","TheBeyond"],"potions_floor_usage":[47,48],"damage_taken":[{"damage":2.0,"enemies":"2 Louse","floor":1.0,"turns":4.0},{"damage":2.0,"enemies":"Jaw Worm","floor":2.0,"turns":3.0},{"damage":2.0,"enemies":"Small Slimes","floor":3.0,"turns":4.0},{"damage":56.0,"enemies":"Gremlin Nob","floor":6.0,"turns":5.0},{"damage":27.0,"enemies":"Lagavulin","floor":8.0,"turns":6.0},{"damage":27.0,"enemies":"Exordium Wildlife","floor":11.0,"turns":5.0},{"damage":19.0,"enemies":"Large Slime","floor":12.0,"turns":5.0},{"damage":13.0,"enemies":"2 Fungi Beasts","floor":14.0,"turns":3.0},{"damage":15.0,"enemies":"The Guardian","floor":16.0,"turns":10.0},{"damage":19.0,"enemies":"Chosen","floor":18.0,"turns":5.0},{"damage":22.0,"enemies":"Shell Parasite","floor":20.0,"turns":6.0},{"damage":3.0,"enemies":"Gremlin Leader","floor":24.0,"turns":4.0},{"damage":60.0,"enemies":"Book of Stabbing","floor":28.0,"turns":7.0},{"damage":10.0,"enemies":"Snecko","floor":30.0,"turns":4.0},{"damage":20.0,"enemies":"Snake Plant","floor":31.0,"turns":3.0},{"damage":68.0,"enemies":"Automaton","floor":33.0,"turns":8.0},{"damage":0.0,"enemies":"3 Darklings","floor":35.0,"turns":1.0},{"damage":29.0,"enemies":"Orb Walker","floor":37.0,"turns":5.0},{"damage":38.0,"enemies":"3 Darklings","floor":38.0,"turns":4.0},{"damage":3.0,"enemies":"Sphere and 2 Shapes","floor":39.0,"turns":3.0},{"damage":38.0,"enemies":"Reptomancer","floor":41.0,"turns":5.0},{"damage":31.0,"enemies":"Giant Head","floor":45.0,"turns":6.0},{"damage":34,"enemies":"4 Shapes","floor":47,"turns":8},{"damage":35,"enemies":"Spire Growth","floor":48,"turns":3}],"seed_played":"6544364634454968928","potions_obtained":[{"floor":2.0,"key":"EssenceOfSteel"},{"floor":3.0,"key":"BloodPotion"},{"floor":8.0,"key":"Dexterity Potion"},{"floor":12.0,"key":"BlessingOfTheForge"},{"floor":18.0,"key":"LiquidMemories"},{"floor":28.0,"key":"PowerPotion"},{"floor":30.0,"key":"Strength Potion"},{"floor":31.0,"key":"HeartOfIron"},{"floor":37.0,"key":"PowerPotion"},{"floor":38.0,"key":"SneckoOil"},{"floor":41.0,"key":"BlessingOfTheForge"},{"floor":45.0,"key":"EssenceOfSteel"}],"is_trial":false,"path_per_floor":["M","M","M","?","?","E","R","E","T","$","M","M","R","M","R","B",null,"M","?","M","?","$","R","E","?","T","$","E","R","M","M","R","B",null,"M","?","M","M","M","R","E","R","T","?","E","?","M","M"],"character_chosen":"IRONCLAD","items_purchased":["Kunai","Shrug It Off"],"campfire_rested":4,"item_purchase_floors":[22,22],"current_hp_per_floor":[92,96,96,96,96,65,65,44,44,44,23,10,38,31,31,22,78,69,69,57,57,57,57,63,63,63,63,9,41,37,28,60,8,82,88,88,69,41,48,48,21,56,56,56,36,36,21,0,0],"gold":369,"neow_bonus":"TWENTY_PERCENT_HP_BONUS","is_daily":false,"chose_seed":false,"campfire_upgraded":4,"win_rate":0.0,"timestamp":1609116636,"path_taken":["M","M","M","?","?","E","R","E","T","$","M","?","R","M","R","BOSS","M","?","M","?","$","R","E","?","T","$","E","R","?","M","R","BOSS","M","?","M","M","M","R","E","R","T","?","E","?","M","M"],"items_purchased_type":["Relic","Card"],"build_version":"2020-12-22","purchased_purges":2,"victory":false,"max_hp_per_floor":[96,96,96,96,96,96,96,96,96,96,96,96,96,96,96,96,96,100,100,104,104,104,104,107,107,107,107,107,107,107,107,107,107,107,107,107,111,115,119,119,119,119,119,119,119,119,127,127,127],"card_choices":[{"not_picked":["Armaments","Rage"],"picked":"Cleave","floor":1.0},{"not_picked":["Heavy Blade","Perfected Strike","Flex"],"picked":"SKIP","floor":2.0},{"not_picked":["Evolve","Flex"],"picked":"Headbutt","floor":3.0},{"not_picked":["Clothesline","Havoc"],"picked":"Brutality","floor":6.0},{"not_picked":["Power Through","Armaments"],"picked":"Clothesline","floor":8.0},{"not_picked":["Flex","Wild Strike","Headbutt"],"picked":"SKIP","floor":11.0},{"not_picked":["Entrench","Body Slam","Anger"],"picked":"SKIP","floor":12.0},{"not_picked":["Berserk","Dual Wield"],"picked":"Whirlwind","floor":14.0},{"not_picked":["Offering","Impervious"],"picked":"Feed","floor":16.0},{"not_picked":["Second Wind+1","Anger"],"picked":"Iron Wave+1","floor":18.0},{"not_picked":["Armaments","Iron Wave"],"picked":"Rupture","floor":20.0},{"not_picked":["Infernal Blade","Cleave"],"picked":"Hemokinesis","floor":24.0},{"not_picked":["Wild Strike","Feed"],"picked":"True Grit+1","floor":28.0},{"not_picked":["Thunderclap","Anger","Body Slam+1"],"picked":"SKIP","floor":30.0},{"not_picked":["Armaments","Flex+1"],"picked":"Pommel Strike","floor":31.0},{"not_picked":["Exhume","Double Tap"],"picked":"Limit Break","floor":33.0},{"not_picked":["Clothesline","True Grit+1","Anger+1"],"picked":"SKIP","floor":35.0},{"not_picked":["Cleave+1","Armaments","Flex"],"picked":"SKIP","floor":37.0},{"not_picked":["Sword Boomerang","Power Through"],"picked":"Heavy Blade+1","floor":38.0},{"not_picked":["Whirlwind","Armaments","Headbutt"],"picked":"SKIP","floor":39.0},{"not_picked":["Exhume","Flex+1","Pummel+1"],"picked":"SKIP","floor":41.0},{"not_picked":["Barricade","Fire Breathing"],"picked":"Armaments+1","floor":45.0},{"not_picked":["Headbutt","Anger+1"],"picked":"Rage+1","floor":47}],"player_experience":724542,"relics_obtained":[{"floor":6.0,"key":"Sundial"},{"floor":8.0,"key":"CeramicFish"},{"floor":9.0,"key":"Bag of Preparation"},{"floor":24.0,"key":"Vajra"},{"floor":28.0,"key":"Toy Ornithopter"},{"floor":41.0,"key":"Darkstone Periapt"},{"floor":43.0,"key":"Juzu Bracelet"},{"floor":45.0,"key":"MealTicket"}],"event_choices":[{"damage_healed":0.0,"max_hp_gain":0.0,"max_hp_loss":0.0,"gold_gain":0.0,"event_name":"Liars Game","player_choice":"Ignored","floor":4.0,"gold_loss":0.0,"damage_taken":0.0},{"damage_healed":0.0,"max_hp_gain":0.0,"max_hp_loss":0.0,"gold_gain":0.0,"cards_transformed":["Strike_R"],"event_name":"Living Wall","player_choice":"Change","floor":5.0,"gold_loss":0.0,"damage_taken":0.0,"cards_obtained":["Berserk"]},{"damage_healed":0.0,"max_hp_gain":0.0,"max_hp_loss":0.0,"gold_gain":0.0,"event_name":"The Mausoleum","player_choice":"Ignored","floor":19.0,"gold_loss":0.0,"damage_taken":0.0},{"damage_healed":0.0,"max_hp_gain":0.0,"max_hp_loss":0.0,"gold_gain":0.0,"event_name":"Back to Basics","player_choice":"Simplicity","floor":21.0,"gold_loss":0.0,"damage_taken":0.0,"cards_upgraded":["Defend_R","Defend_R","Defend_R","Defend_R"]},{"damage_healed":0.0,"max_hp_gain":0.0,"max_hp_loss":0.0,"gold_gain":0.0,"event_name":"Vampires","player_choice":"Ignored","floor":25.0,"gold_loss":0.0,"damage_taken":0.0},{"cards_removed":["True Grit"],"damage_healed":0.0,"max_hp_gain":0.0,"max_hp_loss":0.0,"gold_gain":0.0,"event_name":"Falling","player_choice":"Removed Skill","floor":36.0,"gold_loss":0.0,"damage_taken":0.0},{"damage_healed":0.0,"max_hp_gain":0.0,"max_hp_loss":0.0,"gold_gain":0.0,"event_name":"SecretPortal","player_choice":"Ignored","floor":44.0,"gold_loss":0.0,"damage_taken":0.0},{"damage_healed":0,"gold_gain":0,"player_choice":"Ignored","damage_taken":0,"max_hp_gain":0,"max_hp_loss":0,"event_name":"Mysterious Sphere","floor":46,"gold_loss":0}],"is_beta":false,"boss_relics":[{"not_picked":["Empty Cage","Snecko Eye"],"picked":"Astrolabe"},{"not_picked":["Coffee Dripper","Black Star"],"picked":"Mark of Pain"}],"items_purged_floors":[10,27],"is_endless":false,"potions_floor_spawned":[2,3,8,12,14,18,28,30,31,37,38,41,45],"killed_by":"Spire Growth","ascension_level":11}}