{"host":"zt8a6xk8zi449pm4","time":1609188425,"event":{"mods":["AchievementEnabler","Aspiration","BaseMod","Conspire","Energized Spire","Infinite Spire","Minty Spire (QoL Compilation)","Rare Cards Sparkle","Relic Stats","Replay The Spire","StSLib"],"gold_per_floor":[114,124,124,94,107,134,134,150,150,150,150,150,150,170,70,70,70],"floor_reached":16,"playtime":789,"items_purged":[],"score":115,"play_id":"508adab2-5e70-4e3d-9923-96c4fbc972ef","local_time":"20201228204705","is_ascension_mode":true,"campfire_choices":[{"floor":7,"key":"REST"},{"data":"Heavy Blade","floor":10,"key":"SMITH"},{"data":"Massacre","floor":12,"key":"SMITH"}],"circlet_count":0,"master_deck":["Strike_R","Strike_R","Strike_R","Strike_R","Strike_R","Defend_R","Defend_R","Defend_R","Defend_R","Bash","Massacre+1","Pummel","Heavy Blade+1","Infernal Blade","infinitespire:UltimateForm","conspire:Charge","Ghostly"],"relics":["Burning Blood","Dream Catcher","Replay:Bottled Steam","Tiny Chest"],"acts_visited":["Exordium"],"potions_floor_usage":[5,6,6],"damage_taken":[{"damage":0,"enemies":"2 Louse","floor":1,"turns":2},{"damage":11,"enemies":"conspire:RoseBush","floor":2,"turns":3},{"damage":2,"enemies":"Cultist","floor":5,"turns":4},{"damage":43,"enemies":"Lagavulin","floor":6,"turns":9},{"damage":7,"enemies":"Looter","floor":8,"turns":3},{"damage":16,"enemies":"3 Louse","floor":14,"turns":3},{"damage":34,"enemies":"Hexaghost","floor":16,"turns":9}],"seed_played":"5571029663257960408","potions_obtained":[{"floor":1,"key":"FearPotion"},{"floor":4,"key":"Weak Potion"},{"floor":4,"key":"Weak Potion"}],"is_trial":false,"path_per_floor":["M","M","?","?","M","E","R","M","T","R","?","R","?","M","R","B"],"character_chosen":"IRONCLAD","items_purchased":[],"campfire_rested":1,"item_purchase_floors":[],"current_hp_per_floor":[80,75,75,75,79,42,66,65,65,65,65,65,44,34,34,0,0],"gold":70,"neow_bonus":"RANDOM_COMMON_RELIC","is_daily":false,"chose_seed":false,"campfire_upgraded":2,"win_rate":0.0,"timestamp":1609188425,"path_taken":["M","M","?","?","?","E","R","M","T","R","?","R","?","M","R","BOSS"],"items_purchased_type":[],"build_version":"2020-12-22","purchased_purges":0,"victory":false,"max_hp_per_floor":[80,80,80,80,80,80,80,80,80,80,80,80,80,80,80,80,80],"relic_stats":{"Dream Catcher":1,"counters":[7,33],"Tiny Chest":0,"obtain_stats":[{"Dream Catcher":0,"Tiny Chest":9,"Burning Blood":0,"Replay:Bottled Steam":6},{"Dream Catcher":0,"Tiny Chest":5,"Burning Blood":0,"Replay:Bottled Steam":4},{"Dream Catcher":0,"Tiny Chest":21,"Burning Blood":0,"Replay:Bottled Steam":18}],"Burning Blood":30},"card_choices":[{"not_picked":["Iron Wave","Searing Blow"],"picked":"Massacre","floor":1},{"not_picked":["Armaments","ReplayTheSpireMod:Strike From Hell"],"picked":"Pummel","floor":2},{"not_picked":["Pummel","Armaments"],"picked":"Heavy Blade","floor":5},{"not_picked":["Sentinel","Metallicize"],"picked":"Infernal Blade","floor":6},{"not_picked":["Defy Death","ReplayTheSpireMod:Strike From Hell","Thunderclap"],"picked":"SKIP","floor":8},{"not_picked":["infinitespire:DeathsTouch","infinitespire:Starlight"],"picked":"infinitespire:UltimateForm","floor":13},{"not_picked":["Abandon","Hemogenesis"],"picked":"conspire:Charge","floor":14}],"player_experience":292981,"relics_obtained":[{"floor":6,"key":"Replay:Bottled Steam"},{"floor":9,"key":"Tiny Chest"}],"event_choices":[{"damage_healed":0,"gold_gain":0,"player_choice":"Leave","damage_taken":0,"max_hp_gain":0,"max_hp_loss":0,"event_name":"The Cleric","floor":3,"gold_loss":0},{"damage_healed":0,"gold_gain":0,"player_choice":"Bought 2 Potions","damage_taken":0,"max_hp_gain":0,"max_hp_loss":0,"event_name":"The Woman in Blue","floor":4,"gold_loss":0},{"damage_healed":0,"gold_gain":0,"player_choice":"Argue","damage_taken":0,"max_hp_gain":0,"max_hp_loss":0,"event_name":"conspire:LoneGhost","floor":15,"gold_loss":0}],"is_beta":false,"boss_relics":[],"items_purged_floors":[],"is_endless":false,"potions_floor_spawned":[1],"killed_by":"Hexaghost","ascension_level":3}}