{"host":"wd1018vie3g8p4dm","time":1609142207,"event":{"mods":["AchievementEnabler","BaseMod","Marisa£®ÏF”Í°°ƒß¿Ì…≥£©","Minty Spire (QoL Compilation)","StSLib","The Servant 0.9.4","vexMod"],"gold_per_floor":[117,117,131,231,24,56,56,67,91,110,125,125,143,163,163,163,163],"floor_reached":16,"playtime":805,"items_purged":[],"score":129,"play_id":"2a5fa7fd-c6e8-41dd-8b4d-2f1f05691359","local_time":"20201228155647","is_ascension_mode":false,"campfire_choices":[{"data":"Ricochet","floor":7,"key":"SMITH"},{"data":"Revamp","floor":12,"key":"SMITH"},{"data":"Exchange","floor":15,"key":"SMITH"}],"circlet_count":0,"master_deck":["Strike_S+1","Strike_S+1","Strike_S","Strike_S","Defend_S","Defend_S","Defend_S","Defend_S","KidneyShot+1","Exchange+1","BottledTime","Ricochet+1","BottledTime","Revamp+1","Moonlight"],"relics":["Uniform","NeowsBlessing","Anchor","vexMod:BarristanHead","Whetstone"],"acts_visited":["Exordium"],"potions_floor_usage":[],"damage_taken":[{"damage":0,"enemies":"2 Louse","floor":1,"turns":1},{"damage":0,"enemies":"Cultist","floor":3,"turns":1},{"damage":0,"enemies":"3 Sentries","floor":6,"turns":1},{"damage":0,"enemies":"Jaw Worm","floor":8,"turns":4},{"damage":0,"enemies":"2 Fungi Beasts","floor":10,"turns":2},{"damage":1,"enemies":"Exordium Wildlife","floor":11,"turns":2},{"damage":7,"enemies":"Looter","floor":13,"turns":3},{"damage":2,"enemies":"Exordium Thugs","floor":14,"turns":4},{"damage":69,"enemies":"The Guardian","floor":16,"turns":18}],"seed_played":"741786819945365314","potions_obtained":[{"floor":1,"key":"Weak Potion"},{"floor":8,"key":"Ancient Potion"},{"floor":13,"key":"Fire Potion"}],"is_trial":false,"path_per_floor":["M","?","M","?","$","E","R","M","T","M","M","R","M","M","R","B"],"character_chosen":"THE_SERVANT","items_purchased":["Anchor","Ricochet"],"campfire_rested":0,"item_purchase_floors":[5,5],"current_hp_per_floor":[65,65,65,65,65,65,65,65,65,65,64,64,57,55,55,0,0],"gold":163,"neow_bonus":"THREE_ENEMY_KILL","is_daily":false,"chose_seed":false,"campfire_upgraded":3,"win_rate":0.0,"timestamp":1609142207,"path_taken":["M","?","M","?","$","E","R","M","T","M","M","R","M","M","R","BOSS"],"items_purchased_type":["Relic","Card"],"build_version":"2020-12-22","purchased_purges":0,"victory":false,"max_hp_per_floor":[65,65,65,65,65,65,65,65,65,65,65,65,65,65,65,65,65],"card_choices":[{"not_picked":["Hightail","WasteNot"],"picked":"BottledTime","floor":1},{"not_picked":["WasteNot","Gouge","RealityMarble"],"picked":"SKIP","floor":3},{"not_picked":["Potential","Ricochet"],"picked":"BottledTime","floor":6},{"not_picked":["DoubleEdge","Read","Unruled"],"picked":"SKIP","floor":8},{"not_picked":["Unruled","Luminosity","Read"],"picked":"SKIP","floor":10},{"not_picked":["TimeWarp","Ricochet"],"picked":"Revamp","floor":11},{"not_picked":["BottledTime","Read"],"picked":"Moonlight","floor":13},{"not_picked":["Potential","RealityMarble","Collapse"],"picked":"SKIP","floor":14}],"player_experience":9189,"relics_obtained":[{"floor":6,"key":"vexMod:BarristanHead"},{"floor":9,"key":"Whetstone"}],"event_choices":[{"damage_healed":0,"gold_gain":0,"player_choice":"Grow","damage_taken":0,"max_hp_gain":0,"max_hp_loss":0,"event_name":"Living Wall","floor":2,"gold_loss":0,"cards_upgraded":["KidneyShot"]},{"damage_healed":0,"gold_gain":100,"player_choice":"Pray","damage_taken":0,"max_hp_gain":0,"max_hp_loss":0,"event_name":"Golden Shrine","floor":4,"gold_loss":0}],"is_beta":false,"boss_relics":[],"items_purged_floors":[],"is_endless":false,"potions_floor_spawned":[1,8,13],"killed_by":"The Guardian","ascension_level":0}}