{"host":"kw4o7b3ro2ktmmbe","time":1609147243,"event":{"mods":["BaseMod","Evolution","Minty Spire (QoL Compilation)"],"gold_per_floor":[112,112,112,112,135,135,158,158,158,158,172,187,226,4,4,102,102,117,137,180,180,204,204,219,219,219,262,262,293,313,328,328,421,421,442,83,97,97,97],"floor_reached":38,"playtime":2828,"items_purged":["Doubt","Injury"],"score":728,"play_id":"2952bb46-a2da-4800-8e9b-444f6fd6b210","local_time":"20201228222043","is_ascension_mode":true,"campfire_choices":[{"data":"Eruption","floor":6.0,"key":"SMITH"},{"data":"WindmillStrike","floor":10.0,"key":"SMITH"},{"floor":15.0,"key":"REST"},{"floor":23.0,"key":"REST"},{"data":"Ragnarok","floor":25.0,"key":"SMITH"},{"floor":28.0,"key":"REST"},{"data":"LikeWater","floor":32.0,"key":"SMITH"}],"circlet_count":0,"master_deck":["AscendersBane","Strike_P","Strike_P","Strike_P","Strike_P","Defend_P","Defend_P","Defend_P","Defend_P","Eruption+1","Vigilance","Adaptation","WindmillStrike+1","Tantrum","Blasphemy","DevaForm","SandsOfTime","TalkToTheHand","Ragnarok+1","ReachHeaven","LikeWater+1","DevaForm","FearNoEvil+1","PathToVictory+1"],"relics":["EVO:Axolotl","Cursed Key","Golden Idol","Pantograph","Vajra","Sling","Snecko Eye","Red Mask","Juzu Bracelet","Omamori","Boot","Fusion Hammer","Shuriken"],"acts_visited":["Exordium","TheCity","TheBeyond"],"potions_floor_usage":[],"damage_taken":[{"damage":3.0,"enemies":"2 Louse","floor":1.0,"turns":3.0},{"damage":0.0,"enemies":"Jaw Worm","floor":5.0,"turns":2.0},{"damage":0.0,"enemies":"Cultist","floor":7.0,"turns":3.0},{"damage":4.0,"enemies":"Exordium Wildlife","floor":11.0,"turns":3.0},{"damage":0.0,"enemies":"Red Slaver","floor":12.0,"turns":2.0},{"damage":2.0,"enemies":"Gremlin Nob","floor":13.0,"turns":3.0},{"damage":51.0,"enemies":"The Guardian","floor":16.0,"turns":6.0},{"damage":2.0,"enemies":"3 Byrds","floor":18.0,"turns":3.0},{"damage":10.0,"enemies":"Chosen","floor":19.0,"turns":6.0},{"damage":0.0,"enemies":"Masked Bandits","floor":20.0,"turns":2.0},{"damage":24.0,"enemies":"Centurion and Healer","floor":22.0,"turns":4.0},{"damage":3.0,"enemies":"Cultist and Chosen","floor":24.0,"turns":5.0},{"damage":2.0,"enemies":"Book of Stabbing","floor":27.0,"turns":3.0},{"damage":19.0,"enemies":"Gremlin Leader","floor":29.0,"turns":3.0},{"damage":0.0,"enemies":"Snecko","floor":30.0,"turns":2.0},{"damage":0.0,"enemies":"Snake Plant","floor":31.0,"turns":2.0},{"damage":23.0,"enemies":"Collector","floor":33.0,"turns":7.0},{"damage":42.0,"enemies":"3 Darklings","floor":35.0,"turns":6.0},{"damage":6,"enemies":"3 Shapes","floor":37,"turns":3},{"damage":16,"enemies":"Jaw Worm Horde","floor":38,"turns":1}],"seed_played":"-7257819759776759122","potions_obtained":[{"floor":1.0,"key":"Ancient Potion"},{"floor":5.0,"key":"SkillPotion"},{"floor":11.0,"key":"DistilledChaos"},{"floor":16.0,"key":"PowerPotion"},{"floor":19.0,"key":"FearPotion"},{"floor":27.0,"key":"PowerPotion"},{"floor":29.0,"key":"EssenceOfSteel"},{"floor":30.0,"key":"PowerPotion"}],"is_trial":false,"path_per_floor":["M","?","$","$","M","R","M","?","T","R","M","M","E","$","R","B",null,"M","M","?","?","M","R","M","R","T","E","R","E","M","M","R","B",null,"M","$","M","M"],"character_chosen":"WATCHER","items_purchased":["Sling","Shuriken"],"campfire_rested":3,"item_purchase_floors":[14,36],"current_hp_per_floor":[58,35,35,35,35,35,35,31,31,31,27,27,25,25,45,17,55,53,43,43,43,19,39,36,36,36,34,54,35,35,35,35,37,60,18,18,12,0,0],"gold":97,"neow_bonus":"BOSS_RELIC","is_daily":false,"chose_seed":false,"campfire_upgraded":4,"win_rate":0.0,"timestamp":1609147243,"path_taken":["M","?","$","?","?","R","M","?","T","R","M","M","E","$","R","BOSS","M","M","?","?","M","R","M","R","T","E","R","E","M","M","R","BOSS","M","$","M","M"],"items_purchased_type":["Relic","Relic"],"build_version":"2020-12-22","purchased_purges":2,"victory":false,"max_hp_per_floor":[68,68,68,68,68,68,68,68,68,68,68,68,68,68,68,68,68,68,68,68,68,68,68,68,68,68,68,68,68,68,68,68,68,68,68,68,68,68,68],"card_choices":[{"not_picked":["InnerPeace","ThirdEye","Pray"],"picked":"SKIP","floor":1.0},{"not_picked":["Indignation","JustLucky"],"picked":"Adaptation","floor":5.0},{"not_picked":["MentalFortress","SashWhip"],"picked":"WindmillStrike","floor":7.0},{"not_picked":["Evaluate","SashWhip"],"picked":"Tantrum","floor":11.0},{"not_picked":["EmptyBody","CutThroughFate"],"picked":"Blasphemy","floor":12.0},{"not_picked":["SashWhip","SignatureMove","Prostrate"],"picked":"SKIP","floor":13.0},{"not_picked":["Devotion","SpiritShield"],"picked":"DevaForm","floor":16.0},{"not_picked":["Halt","ThirdEye","Indignation"],"picked":"SKIP","floor":18.0},{"not_picked":["Evaluate","ClearTheMind"],"picked":"SandsOfTime","floor":19.0},{"not_picked":["Indignation","JustLucky"],"picked":"TalkToTheHand","floor":20.0},{"not_picked":["Crescendo","EmptyFist","EmptyBody"],"picked":"SKIP","floor":22.0},{"not_picked":["Protect","DeceiveReality+1"],"picked":"Ragnarok","floor":24.0},{"not_picked":["Halt","CrushJoints","Judgement"],"picked":"SKIP","floor":27.0},{"not_picked":["ForeignInfluence+1","FollowUp","FlyingSleeves+1"],"picked":"SKIP","floor":29.0},{"not_picked":["EmptyBody","ClearTheMind"],"picked":"ReachHeaven","floor":30.0},{"not_picked":["EmptyMind+1","Consecrate+1"],"picked":"LikeWater","floor":31.0},{"not_picked":["Scrawl","Judgement"],"picked":"DevaForm","floor":33.0},{"not_picked":["Swivel","WreathOfFlame"],"picked":"FearNoEvil+1","floor":35.0},{"not_picked":["Perseverance","JustLucky"],"picked":"PathToVictory+1","floor":37}],"player_experience":1761903,"relics_obtained":[{"floor":9.0,"key":"Pantograph"},{"floor":13.0,"key":"Vajra"},{"floor":20.0,"key":"Red Mask"},{"floor":26.0,"key":"Juzu Bracelet"},{"floor":27.0,"key":"Omamori"},{"floor":29.0,"key":"Boot"}],"event_choices":[{"damage_healed":0.0,"max_hp_gain":0.0,"max_hp_loss":0.0,"gold_gain":0.0,"event_name":"Golden Idol","player_choice":"Take Damage","floor":2.0,"gold_loss":0.0,"damage_taken":23.0,"relics_obtained":["Golden Idol"]},{"damage_healed":0.0,"max_hp_gain":0.0,"max_hp_loss":0.0,"gold_gain":0.0,"event_name":"The Woman in Blue","player_choice":"Bought 0 Potions","floor":8.0,"gold_loss":0.0,"damage_taken":0.0},{"damage_healed":0.0,"max_hp_gain":0.0,"max_hp_loss":0.0,"gold_gain":0.0,"event_name":"Masked Bandits","player_choice":"Fought Bandits","floor":20.0,"gold_loss":0.0,"damage_taken":0.0},{"damage_healed":0.0,"max_hp_gain":0.0,"max_hp_loss":0.0,"gold_gain":0.0,"event_name":"Ghosts","player_choice":"Ignored","floor":21.0,"gold_loss":0.0,"damage_taken":0.0}],"is_beta":false,"boss_relics":[{"not_picked":["VioletLotus","Calling Bell"],"picked":"Snecko Eye"},{"not_picked":["SacredBark","Runic Dome"],"picked":"Fusion Hammer"}],"items_purged_floors":[14,36],"is_endless":false,"potions_floor_spawned":[1,5,11,16,19,27,29,30],"killed_by":"Jaw Worm Horde","ascension_level":15}}