{"host":"se62q65hiqxz7cab","time":1609134494,"event":{"mods":["Act Like it!","BaseMod","Colored Map","Hallownest","KinomotoSakuraMod(Ä¾Ö®±¾Ó£)","Minty Spire (QoL Compilation)","Replay The Spire","StSLib","The Bug Knight","The Cursed"],"gold_per_floor":[115,115,40,58,58,58,97,97,123,123,123,149,74,89,89,190,190,190,190],"floor_reached":18,"playtime":1139,"items_purged":["Looming Evil"],"score":206,"play_id":"cac32804-c6f4-45e2-8e1d-68c733bb80e4","local_time":"20201228134814","is_ascension_mode":false,"campfire_choices":[{"data":"HollowMod:SoulEater","floor":6,"key":"SMITH"},{"data":"HollowMod:FocusHealStart","floor":8,"key":"SMITH"},{"data":"HollowMod:DoubleDash","floor":11,"key":"SMITH"},{"data":"HollowMod:HuntersJournal","floor":15,"key":"SMITH"}],"circlet_count":0,"master_deck":["HollowMod:NailStrikeStart","HollowMod:NailStrikeStart","HollowMod:NailStrikeStart","HollowMod:FocusHealStart+1","HollowMod:PogoStrike","HollowMod:SoulEater+1","Hallownest:skillGreenpathMap","HollowMod:DoubleDash+1","Hallownest:skillSlugHide","Hallownest:skillSlugHide","Hallownest:skillSlugHide","Hallownest:skillSlugHide","Hallownest:skillSlugHide","HollowMod:CycloneSlash+1","HollowMod:HuntersJournal+1","HollowMod:LifebloodCore"],"relics":["HollowMod:VesselMask","Hallownest:DreamNailRelic","ReplayTheSpireMod:CursedCoin","Nunchaku","Ring of Hypnosis","Tiny Chest","Replay:Drink Me"],"acts_visited":["Exordium","Hallownest:Greenpath"],"potions_floor_usage":[],"damage_taken":[{"damage":0,"enemies":"Hallownest:monsterHuskWarrior","floor":1,"turns":3},{"damage":6,"enemies":"2_ Uuma","floor":4,"turns":6},{"damage":0,"enemies":"Hallownest:eliteMossKnight","floor":12,"turns":7},{"damage":0,"enemies":"Hallownest:2_MossCreeps","floor":14,"turns":6},{"damage":44,"enemies":"Hallownest:BossHornet","floor":16,"turns":18},{"damage":18,"enemies":"Hallownest:2_Mistakes","floor":18,"turns":15}],"seed_played":"-6771795875084327698","potions_obtained":[{"floor":1,"key":"FairyPotion"},{"floor":12,"key":"Explosive Potion"},{"floor":16,"key":"Strength Potion"}],"is_trial":false,"path_per_floor":["M","?","?","M","?","R","$","R","T","?","R","E","$","M","R","B",null,"M"],"character_chosen":"THE_BUGKNIGHT","items_purchased":["ReplayTheSpireMod:CursedCoin","HollowMod:CycloneSlash+1","HollowMod:Grubsong"],"campfire_rested":0,"item_purchase_floors":[7,7,13],"current_hp_per_floor":[72,72,72,72,72,72,72,72,72,72,72,72,72,75,75,37,57,39,39],"gold":190,"neow_bonus":"RANDOM_EVENT","is_daily":false,"chose_seed":false,"campfire_upgraded":4,"win_rate":0.0,"timestamp":1609134494,"path_taken":["M","?","?","M","?","R","$","R","T","?","R","E","?","M","R","BOSS","M"],"items_purchased_type":["Relic","Card","Card"],"build_version":"2020-12-22","purchased_purges":1,"victory":false,"max_hp_per_floor":[75,75,75,75,75,75,75,75,75,75,75,75,75,75,75,75,57,57,57],"card_choices":[{"not_picked":["HollowMod:PureNailStrike","HollowMod:BaldurShell"],"picked":"HollowMod:SoulEater","floor":1},{"not_picked":["HollowMod:ChannelNail","HollowMod:CoiledNail"],"picked":"HollowMod:DoubleDash","floor":4},{"not_picked":["HollowMod:MidwifesHunger","HollowMod:Hiveblood"],"picked":"HollowMod:DoubleDash","floor":12},{"not_picked":["HollowMod:ChannelNail","HollowMod:DoubleDash"],"picked":"HollowMod:HuntersJournal","floor":14},{"not_picked":["HollowMod:PureVessel","HollowMod:ZotesMagnificence"],"picked":"HollowMod:LifebloodCore","floor":16}],"player_experience":132519,"relics_obtained":[{"floor":9,"key":"Nunchaku"},{"floor":10,"key":"Ring of Hypnosis"},{"floor":12,"key":"Tiny Chest"}],"event_choices":[],"is_beta":false,"boss_relics":[{"not_picked":["Pandora\u0027s Box","Cursed Key"],"picked":"Replay:Drink Me"}],"items_purged_floors":[7],"is_endless":false,"potions_floor_spawned":[1,12,16],"killed_by":"Hallownest:2_Mistakes","ascension_level":0}}