{"host":"sum4dy402bbv9y4o","time":1609182327,"event":{"mods":["Aspiration","BaseMod","Conspire","Highlight Path","Minty Spire (QoL Compilation)","StSLib"],"gold_per_floor":[112,37,53,68,68,68,78,78,102,122,18,36,49,75,75,75,75],"floor_reached":16,"playtime":830,"items_purged":["Strike_P"],"score":258,"play_id":"0a29f707-8bdb-4634-8929-00e95669790a","local_time":"20201228220527","is_ascension_mode":true,"campfire_choices":[{"data":"MentalFortress","floor":6,"key":"SMITH"},{"data":"Halt","floor":8,"key":"SMITH"},{"data":"Halt","floor":15,"key":"SMITH"}],"circlet_count":0,"master_deck":["AscendersBane","Strike_P","Strike_P","Strike_P","Defend_P","Defend_P","Defend_P","Eruption+1","Vigilance","MentalFortress+1","Tantrum","SashWhip","Halt+1","BowlingBash","Halt+1","EmptyFist","Perseverance"],"relics":["PureWater","Strawberry","GoldenEye"],"acts_visited":["Exordium"],"potions_floor_usage":[16],"damage_taken":[{"damage":2,"enemies":"2 Louse","floor":1,"turns":3},{"damage":7,"enemies":"Small Slimes","floor":3,"turns":3},{"damage":0,"enemies":"conspire:RoseBush","floor":4,"turns":2},{"damage":0,"enemies":"3 Louse","floor":7,"turns":2},{"damage":0,"enemies":"2 Fungi Beasts","floor":10,"turns":2},{"damage":1,"enemies":"Exordium Wildlife","floor":12,"turns":3},{"damage":0,"enemies":"Looter","floor":13,"turns":3},{"damage":0,"enemies":"3 Sentries","floor":14,"turns":4},{"damage":66,"enemies":"Slime Boss","floor":16,"turns":6}],"seed_played":"6704478500992275098","potions_obtained":[{"floor":1,"key":"Dexterity Potion"},{"floor":3,"key":"ColorlessPotion"},{"floor":13,"key":"DistilledChaos"}],"is_trial":false,"path_per_floor":["M","?","M","M","?","R","M","R","T","M","$","M","M","E","R","B"],"character_chosen":"WATCHER","items_purchased":["EmptyFist"],"campfire_rested":0,"item_purchase_floors":[11],"current_hp_per_floor":[59,59,52,52,52,52,52,52,59,59,59,58,58,58,58,0,0],"gold":75,"neow_bonus":"UPGRADE_CARD","is_daily":false,"chose_seed":false,"campfire_upgraded":3,"win_rate":0.0,"timestamp":1609182327,"path_taken":["M","?","M","M","?","R","M","R","T","M","$","?","M","E","R","BOSS"],"items_purchased_type":["Card"],"build_version":"2020-12-22","purchased_purges":1,"victory":false,"max_hp_per_floor":[68,68,68,68,68,68,68,68,75,75,75,75,75,75,75,75,75],"card_choices":[{"not_picked":["Collect","ThirdEye"],"picked":"MentalFortress","floor":1},{"not_picked":["CrushJoints","WindmillStrike"],"picked":"Tantrum","floor":3},{"not_picked":["Nirvana","FlyingSleeves"],"picked":"SashWhip","floor":4},{"not_picked":["FollowUp","Prostrate"],"picked":"BowlingBash","floor":7},{"not_picked":["BattleHymn","LikeWater"],"picked":"Halt","floor":10},{"not_picked":["Crescendo","EmptyMind","Prostrate"],"picked":"SKIP","floor":12},{"not_picked":["Evaluate","Protect"],"picked":"Perseverance","floor":13},{"not_picked":["Swivel","Sanctity","Prostrate"],"picked":"SKIP","floor":14}],"player_experience":2854224,"relics_obtained":[{"floor":9,"key":"Strawberry"},{"floor":14,"key":"GoldenEye"}],"event_choices":[{"cards_removed":["Defend_P"],"damage_healed":0,"gold_gain":0,"player_choice":"Card Removal","damage_taken":0,"max_hp_gain":0,"max_hp_loss":0,"event_name":"The Cleric","floor":2,"gold_loss":75},{"damage_healed":0,"gold_gain":0,"player_choice":"1 cards matched","damage_taken":0,"max_hp_gain":0,"max_hp_loss":0,"event_name":"Match and Keep!","floor":5,"gold_loss":0,"cards_obtained":["Halt"]}],"is_beta":false,"boss_relics":[],"items_purged_floors":[11],"is_endless":false,"potions_floor_spawned":[1,3,13,14],"killed_by":"Slime Boss","ascension_level":20}}