{"host":"mvlqq966zh3ccmv5","time":1609189676,"event":{"mods":["AchievementEnabler","BaseMod","DeckTracker","Minty Spire (QoL Compilation)","SuperFastMode"],"gold_per_floor":[113,113,128,108,33,50,76,91,91,105,5,22,22,38,38,109,109,98,109,109,109],"floor_reached":20,"playtime":568,"items_purged":["Strike_P","Strike_P"],"score":312,"play_id":"afd0e488-c3c5-4dd0-9db0-ec883e775db8","local_time":"20201229060756","is_ascension_mode":true,"campfire_choices":[{"data":"Eruption","floor":13.0,"key":"SMITH"},{"floor":15.0,"key":"REST"}],"circlet_count":0,"master_deck":["AscendersBane","Strike_P","Strike_P","Defend_P+1","Defend_P","Eruption+1","Vigilance","InnerPeace+1","TalkToTheHand","Adaptation"],"relics":["Empty Cage","Bag of Preparation","War Paint","SacredBark"],"acts_visited":["Exordium","TheCity"],"potions_floor_usage":[],"damage_taken":[{"damage":1.0,"enemies":"Cultist","floor":1.0,"turns":3.0},{"damage":0.0,"enemies":"Jaw Worm","floor":3.0,"turns":3.0},{"damage":0.0,"enemies":"2 Louse","floor":6.0,"turns":4.0},{"damage":32.0,"enemies":"3 Sentries","floor":7.0,"turns":10.0},{"damage":2.0,"enemies":"2 Fungi Beasts","floor":8.0,"turns":3.0},{"damage":0.0,"enemies":"3 Louse","floor":10.0,"turns":4.0},{"damage":2.0,"enemies":"Exordium Wildlife","floor":12.0,"turns":5.0},{"damage":7.0,"enemies":"Lots of Slimes","floor":14.0,"turns":6.0},{"damage":23.0,"enemies":"Slime Boss","floor":16.0,"turns":7.0},{"damage":22.0,"enemies":"2 Thieves","floor":18.0,"turns":4.0},{"damage":15,"enemies":"Shell Parasite","floor":19,"turns":5},{"damage":0,"enemies":"Chosen and Byrds","floor":20,"turns":1}],"seed_played":"1696604902239057244","potions_obtained":[{"floor":3.0,"key":"Energy Potion"},{"floor":4.0,"key":"EntropicBrew"},{"floor":7.0,"key":"SkillPotion"},{"floor":10.0,"key":"EssenceOfSteel"},{"floor":14.0,"key":"ColorlessPotion"}],"is_trial":false,"path_per_floor":["M","?","M","?","$","M","E","M","T","M","$","M","R","M","R","B",null,"M","M","M"],"character_chosen":"WATCHER","items_purchased":[],"campfire_rested":1,"item_purchase_floors":[],"current_hp_per_floor":[60,60,60,60,60,60,28,26,26,26,26,24,24,17,37,14,55,33,18,18,18],"gold":109,"neow_bonus":"BOSS_RELIC","is_daily":false,"chose_seed":false,"campfire_upgraded":1,"win_rate":0.0,"timestamp":1609189676,"path_taken":["M","?","M","?","$","?","E","M","T","M","$","M","R","M","R","BOSS","M","M","M"],"items_purchased_type":[],"build_version":"2020-12-22","purchased_purges":2,"victory":false,"max_hp_per_floor":[68,68,68,68,68,68,68,68,68,68,68,68,68,68,68,68,68,68,68,68,68],"card_choices":[{"not_picked":["Halt","Consecrate","Prostrate"],"picked":"SKIP","floor":1.0},{"not_picked":["Tantrum","Study"],"picked":"InnerPeace","floor":3.0},{"not_picked":["Protect","CrushJoints","Vengeance"],"picked":"SKIP","floor":6.0},{"not_picked":["FollowUp","FlurryOfBlows","LikeWater"],"picked":"SKIP","floor":7.0},{"not_picked":["EmptyMind","Crescendo"],"picked":"TalkToTheHand","floor":8.0},{"not_picked":["EmptyFist","Consecrate","PathToVictory"],"picked":"SKIP","floor":10.0},{"not_picked":["ConjureBlade","Prostrate"],"picked":"Adaptation","floor":12.0},{"not_picked":["FollowUp","SignatureMove","CrushJoints"],"picked":"SKIP","floor":14.0},{"not_picked":["Pray","BowlingBash+1","PathToVictory"],"picked":"SKIP","floor":18.0},{"not_picked":["Consecrate","Protect","Swivel"],"picked":"SKIP","floor":19}],"player_experience":225731,"relics_obtained":[{"floor":7.0,"key":"Bag of Preparation"},{"floor":9.0,"key":"War Paint"}],"event_choices":[{"damage_healed":0.0,"max_hp_gain":0.0,"max_hp_loss":0.0,"gold_gain":0.0,"event_name":"Liars Game","player_choice":"Ignored","floor":2.0,"gold_loss":0.0,"damage_taken":0.0},{"damage_healed":0.0,"max_hp_gain":0.0,"max_hp_loss":0.0,"gold_gain":0.0,"event_name":"The Woman in Blue","player_choice":"Bought 1 Potion","floor":4.0,"gold_loss":0.0,"damage_taken":0.0}],"is_beta":false,"boss_relics":[{"not_picked":["Runic Dome","Coffee Dripper"],"picked":"SacredBark"}],"items_purged_floors":[5,11],"is_endless":false,"potions_floor_spawned":[3,7,10,14],"killed_by":"Chosen and Byrds","ascension_level":15}}