{"host":"q9szs7qndgdlcq24","time":1609174263,"event":{"mods":["AchievementEnabler","BaseMod","Bestiary","Colored Powertips","Minty Spire (QoL Compilation)","StSLib"],"gold_per_floor":[119,119,119,133,147,176,176,25,25,41,59,84,97,109,109,205,205,225,235,334,348,348,362,168,168,168,20,31,45,79,89,89,89,89],"floor_reached":33,"playtime":1850,"items_purged":["Bash"],"score":308,"play_id":"5fe0eb5d-b2db-4300-b44b-87674a9a2ad2","local_time":"20201228195103","is_ascension_mode":false,"campfire_choices":[{"data":"Armaments","floor":7.0,"key":"SMITH"},{"floor":15.0,"key":"REST"},{"floor":25,"key":"REST"},{"floor":32,"key":"REST"}],"circlet_count":0,"master_deck":["Strike_R","Strike_R","Strike_R","Strike_R","Strike_R","Defend_R","Defend_R","Defend_R","Carnage","Armaments+1","Perfected Strike","Twin Strike","Uppercut","Twin Strike","Flex","Perfected Strike","Thunderclap","Sword Boomerang","Demon Form","Anger","Flex","Twin Strike","Flex","Twin Strike","Pummel","Flame Barrier","Perfected Strike","Fire Breathing"],"relics":["Burning Blood","Darkstone Periapt","Sundial","CaptainsWheel","Fusion Hammer","GremlinMask","Oddly Smooth Stone","Letter Opener","Eternal Feather"],"acts_visited":["Exordium","TheCity"],"potions_floor_usage":[33,33],"damage_taken":[{"damage":0.0,"enemies":"Small Slimes","floor":1.0,"turns":3.0},{"damage":6.0,"enemies":"Jaw Worm","floor":4.0,"turns":2.0},{"damage":1.0,"enemies":"Cultist","floor":5.0,"turns":3.0},{"damage":31.0,"enemies":"Lagavulin","floor":6.0,"turns":5.0},{"damage":8.0,"enemies":"Red Slaver","floor":10.0,"turns":2.0},{"damage":14.0,"enemies":"Exordium Thugs","floor":11.0,"turns":4.0},{"damage":6.0,"enemies":"Gremlin Nob","floor":12.0,"turns":3.0},{"damage":9.0,"enemies":"Exordium Wildlife","floor":13.0,"turns":3.0},{"damage":8.0,"enemies":"Gremlin Gang","floor":14.0,"turns":4.0},{"damage":58.0,"enemies":"Hexaghost","floor":16.0,"turns":8.0},{"damage":5.0,"enemies":"Spheric Guardian","floor":18.0,"turns":3.0},{"damage":6,"enemies":"Chosen","floor":19,"turns":2},{"damage":7,"enemies":"Snecko","floor":21,"turns":5},{"damage":20,"enemies":"Centurion and Healer","floor":23,"turns":4},{"damage":6,"enemies":"Sentry and Sphere","floor":28,"turns":4},{"damage":21,"enemies":"Snake Plant","floor":29,"turns":4},{"damage":43,"enemies":"Gremlin Leader","floor":30,"turns":6},{"damage":21,"enemies":"Cultist and Chosen","floor":31,"turns":5},{"damage":68,"enemies":"Automaton","floor":33,"turns":6}],"seed_played":"-4594251563865980567","potions_obtained":[{"floor":10.0,"key":"GamblersBrew"},{"floor":11.0,"key":"SmokeBomb"},{"floor":12.0,"key":"AttackPotion"},{"floor":14.0,"key":"Strength Potion"},{"floor":16.0,"key":"AttackPotion"},{"floor":23,"key":"Dexterity Potion"}],"is_trial":false,"path_per_floor":["M","?","?","M","M","E","R","$","T","M","M","E","M","M","R","B",null,"M","M","?","M","?","M","$","R","T","$","M","M","E","M","R","B"],"character_chosen":"IRONCLAD","items_purchased":["Twin Strike","Flex","Oddly Smooth Stone","Twin Strike","Flex","Twin Strike","Pummel"],"campfire_rested":3,"item_purchase_floors":[8,8,24,24,27,27,27],"current_hp_per_floor":[80,73,73,73,78,53,53,53,53,51,43,43,40,38,62,10,80,80,80,80,79,79,65,65,80,80,80,80,65,28,13,52,0,0],"gold":89,"neow_bonus":"THREE_CARDS","is_daily":false,"chose_seed":false,"campfire_upgraded":1,"win_rate":0.0,"timestamp":1609174263,"path_taken":["M","?","?","M","M","E","R","$","T","M","M","E","M","M","R","BOSS","M","M","?","M","?","?","?","R","T","?","M","?","E","?","R","BOSS"],"items_purchased_type":["Card","Card","Relic","Card","Card","Card","Card"],"build_version":"2020-12-22","purchased_purges":1,"victory":false,"max_hp_per_floor":[80,80,80,80,80,80,80,80,80,80,80,80,80,80,80,80,80,80,80,80,80,80,80,80,80,80,80,80,80,80,80,80,80,80],"card_choices":[{"not_picked":["Entrench","Perfected Strike"],"picked":"Carnage","floor":0.0},{"not_picked":["Perfected Strike","Shrug It Off"],"picked":"Armaments","floor":1.0},{"not_picked":["Twin Strike","Sever Soul"],"picked":"Perfected Strike","floor":4.0},{"not_picked":["Shockwave","Clothesline"],"picked":"Twin Strike","floor":5.0},{"not_picked":["Barricade","Anger"],"picked":"Uppercut","floor":6.0},{"not_picked":["Headbutt","Reckless Charge","Whirlwind"],"picked":"SKIP","floor":10.0},{"not_picked":["Cleave","Searing Blow"],"picked":"Perfected Strike","floor":11.0},{"not_picked":["Power Through","Armaments"],"picked":"Thunderclap","floor":12.0},{"not_picked":["Thunderclap","Uppercut"],"picked":"Sword Boomerang","floor":13.0},{"not_picked":["Dual Wield","Clothesline","Ghostly Armor"],"picked":"SKIP","floor":14.0},{"not_picked":["Offering","Fiend Fire"],"picked":"Demon Form","floor":16.0},{"not_picked":["Warcry+1","Body Slam"],"picked":"Anger","floor":18.0},{"not_picked":["Iron Wave+1","Twin Strike"],"picked":"Flex","floor":19},{"not_picked":["Dropkick+1","Sword Boomerang","Second Wind"],"picked":"SKIP","floor":21},{"not_picked":["Blood for Blood","Metallicize+1","Uppercut"],"picked":"SKIP","floor":23},{"not_picked":["Clothesline","Anger"],"picked":"Flame Barrier","floor":28},{"not_picked":["Headbutt","Clothesline","Combust"],"picked":"SKIP","floor":29},{"not_picked":["Impervious","Body Slam"],"picked":"Perfected Strike","floor":30},{"not_picked":["Thunderclap","Carnage+1"],"picked":"Fire Breathing","floor":31}],"player_experience":2078,"relics_obtained":[{"floor":6.0,"key":"Darkstone Periapt"},{"floor":9.0,"key":"Sundial"},{"floor":12.0,"key":"CaptainsWheel"},{"floor":26,"key":"Letter Opener"},{"floor":30,"key":"Eternal Feather"}],"event_choices":[{"cards_removed":["Defend_R"],"damage_healed":0.0,"max_hp_gain":0.0,"max_hp_loss":0.0,"gold_gain":0.0,"event_name":"Golden Wing","player_choice":"Card Removal","floor":2.0,"gold_loss":0.0,"damage_taken":7.0},{"damage_healed":0.0,"max_hp_gain":0.0,"max_hp_loss":0.0,"gold_gain":0.0,"event_name":"Liars Game","player_choice":"Ignored","floor":3.0,"gold_loss":0.0,"damage_taken":0.0},{"damage_healed":0,"gold_gain":99,"player_choice":"Stole From Cult","damage_taken":0,"max_hp_gain":0,"max_hp_loss":0,"event_name":"Nest","floor":20,"gold_loss":0},{"damage_healed":0,"gold_gain":0,"player_choice":"Trade","damage_taken":0,"relics_obtained":["GremlinMask"],"max_hp_gain":0,"max_hp_loss":0,"event_name":"FaceTrader","floor":22,"gold_loss":0}],"is_beta":false,"boss_relics":[{"not_picked":["SacredBark","Tiny House"],"picked":"Fusion Hammer"}],"items_purged_floors":[8],"is_endless":false,"potions_floor_spawned":[10,11,12,14,16,23,28,29,31],"killed_by":"Automaton","ascension_level":0}}