{"host":"7tkrmasug91pv8cz","time":1609147726,"event":{"mods":["2.2 Compatiblity","AchievementEnabler","Ascension Reborn","BaseMod","CapriCore","DeckTracker","Hermit","Koishi","Marisa£¨Ùöéë¡¡Øª×âÞÞ£©","Minty Spire (QoL Compilation)","Permanent Neow","StSLib","SuperFastMode","The Alterego","The Cursed","The Dragon Tamer","The Gatherer","The Immortal"],"gold_per_floor":[118,57,70,86,109,141,164,164,219,250,263,277,315,333,333,809,809,827,827,850,850,869,906,906,926,926,926,944,944,967,991,991,1112,1112,1126,1145,1145,1157,1179,1239,1279,675,675,705,705,482,519,519,519,519,519,519,247,281,281],"floor_reached":56,"playtime":3543,"items_purged":["Koishi:BasicDefend+1","Koishi:BasicStrike+1","Koishi:BasicStrike+1"],"score":1683,"play_id":"d607f31e-86da-4bf1-b5c9-5a17da78c99c","local_time":"20201228182846","is_ascension_mode":true,"campfire_choices":[{"data":"Koishi:UnconsciousUrges","floor":8,"key":"SMITH"},{"data":"Koishi:Heartbroken","floor":15,"key":"SMITH"},{"floor":24,"key":"RECALL"},{"data":"Koishi:StingingMind","floor":27,"key":"SMITH"},{"data":"Koishi:PerfectMindControl","floor":32,"key":"SMITH"},{"data":"Koishi:Untouchable","floor":45,"key":"SMITH"},{"floor":49,"key":"DIG"},{"floor":52,"key":"DIG"}],"circlet_count":0,"master_deck":["Koishi:BasicDefend+1","Koishi:Provoke+1","Koishi:HauntingSlash+1","Koishi:EmbryosDream+1","Koishi:UnconsciousUrges+1","Koishi:StingingMind+1","Koishi:Jaunt","Koishi:SubterraneanRose+1","Koishi:SubconsciousSweep","Koishi:PhantomStrike+1","Koishi:DreadfulBlow+1","Koishi:UnseenTerror+1","Koishi:Heartbroken+1","Koishi:PhantomBarrier","Koishi:BramblyRoseGarden+1","Koishi:YoukaiPolygraph+1","Koishi:BloodcurdlingScream+1","Koishi:PerfectMindControl+1","Koishi:SubterraneanRose+1","Koishi:GeneticsOfTheUnconscious+1","Koishi:FleetingPhantom+1","Koishi:SpiritedAway+1","Koishi:SubterraneanRose+1","Koishi:FadingMemory","Koishi:PhantomStrike+1","Koishi:MassHysteria+1","Koishi:RacingHeart+1","Koishi:UnansweredLove+1","Koishi:ImGoingToCallYouNow+1","Koishi:Untouchable+1","Koishi:MassHysteria+1","Koishi:SubconsciousSweep","Koishi:DreadfulBlow+1","Koishi:SpiritedAway","Koishi:TraumaticStroke+1","Finesse+1","Koishi:ParalyzingFear+1"],"relics":["Koishi:ImaginaryFriend","Ginger","Darkstone Periapt","Vajra","Potion Belt","Koishi:TeethAndClaws","Oddly Smooth Stone","Old Coin","Busted Crown","alterego_mod:FleetingLove","Lantern","HornCleat","Whetstone","Meat on the Bone","PreservedInsect","Dead Branch","Sozu","Akabeko","Pantograph","Bottled Flame","Shovel","Centennial Puzzle","Letter Opener","Bottled Lightning","Toxic Egg 2","Koishi:ImperfectMetamorphosis","Bag of Marbles","Orichalcum","FossilizedHelix","Gambling Chip","Bottled Tornado","Koishi:LettersToReimu","Mummified Hand","War Paint","Boot"],"acts_visited":["Exordium","TheCity","TheBeyond","TheEnding"],"potions_floor_usage":[11,30,55,55,55,55],"damage_taken":[{"damage":0,"enemies":"Cultist","floor":1,"turns":3},{"damage":0,"enemies":"2 Louse","floor":3,"turns":3},{"damage":0,"enemies":"Small Slimes","floor":4,"turns":2},{"damage":8,"enemies":"Exordium Thugs","floor":5,"turns":3},{"damage":0,"enemies":"Gremlin Nob","floor":6,"turns":4},{"damage":0,"enemies":"Blue Slaver","floor":7,"turns":2},{"damage":3,"enemies":"3 Sentries","floor":10,"turns":3},{"damage":0,"enemies":"Lots of Slimes","floor":11,"turns":3},{"damage":0,"enemies":"Red Slaver","floor":12,"turns":2},{"damage":10,"enemies":"Gremlin Nob","floor":13,"turns":4},{"damage":0,"enemies":"Blue Slaver","floor":14,"turns":3},{"damage":5,"enemies":"Slime Boss","floor":16,"turns":6},{"damage":0,"enemies":"Chosen","floor":18,"turns":4},{"damage":0,"enemies":"3 Byrds","floor":20,"turns":3},{"damage":3,"enemies":"Snake Plant","floor":22,"turns":3},{"damage":6,"enemies":"Gremlin Leader","floor":23,"turns":5},{"damage":0,"enemies":"Sentry and Sphere","floor":25,"turns":3},{"damage":0,"enemies":"Cultist and Chosen","floor":28,"turns":4},{"damage":6,"enemies":"Centurion and Healer","floor":30,"turns":3},{"damage":0,"enemies":"Snake Plant","floor":31,"turns":3},{"damage":0,"enemies":"Champ","floor":33,"turns":8},{"damage":4,"enemies":"3 Shapes","floor":35,"turns":3},{"damage":0,"enemies":"Orb Walker","floor":36,"turns":2},{"damage":0,"enemies":"3 Darklings","floor":38,"turns":3},{"damage":0,"enemies":"Writhing Mass","floor":39,"turns":3},{"damage":0,"enemies":"Mind Bloom Boss Battle","floor":40,"turns":4},{"damage":0,"enemies":"Giant Head","floor":41,"turns":4},{"damage":0,"enemies":"Nemesis","floor":44,"turns":3},{"damage":0,"enemies":"Giant Head","floor":47,"turns":4},{"damage":0,"enemies":"Time Eater","floor":50,"turns":9},{"damage":0,"enemies":"Shield and Spear","floor":54,"turns":4},{"damage":0,"enemies":"The Heart","floor":55,"turns":5}],"seed_played":"2953541540707130522","potions_obtained":[{"floor":1,"key":"Block Potion"},{"floor":3,"key":"ColorlessPotion"},{"floor":3,"key":"BlessingOfTheForge"},{"floor":5,"key":"LiquidBronze"},{"floor":5,"key":"LiquidBronze"},{"floor":10,"key":"LiquidMemories"},{"floor":11,"key":"Fruit Juice"},{"floor":12,"key":"EssenceOfSteel"},{"floor":16,"key":"FairyPotion"},{"floor":20,"key":"DistilledChaos"},{"floor":20,"key":"PowerPotion"},{"floor":23,"key":"Strength Potion"},{"floor":30,"key":"Fruit Juice"},{"floor":30,"key":"CultistPotion"}],"is_trial":false,"path_per_floor":["M","$","M","M","M","E","M","R","T","E","M","M","E","M","R","B",null,"M","?","M","?","M","E","R","M","T","R","M","?","M","M","R","B",null,"M","M","T","M","M","?","E","$","T","E","R","$","E","T","R","B",null,"R","$","E","B",null],"character_chosen":"KOISHI","items_purchased":["Koishi:UnconsciousUrges","Koishi:StingingMind","Letter Opener","Bottled Lightning","Koishi:ImGoingToCallYouNow","Koishi:Untouchable","Koishi:SpiritedAway","Orichalcum","War Paint","Finesse+1"],"campfire_rested":0,"item_purchase_floors":[2,2,42,42,42,42,46,46,53,53],"current_hp_per_floor":[63,63,63,63,59,63,63,63,63,60,68,68,68,68,68,71,71,71,71,71,71,71,71,71,71,71,71,71,71,76,76,76,79,79,79,79,79,79,79,79,79,79,79,79,79,79,79,79,79,82,82,82,82,82,85],"gold":281,"neow_bonus":"REMOVE_CARD","is_daily":false,"chose_seed":false,"campfire_upgraded":5,"win_rate":0.0,"timestamp":1609147726,"path_taken":["M","?","M","M","M","E","M","R","T","E","M","M","E","?","R","BOSS","M","?","M","?","?","E","R","M","T","R","M","?","?","M","R","BOSS","M","M","?","M","?","?","E","$","T","E","R","$","E","?","R","BOSS","R","$","E","BOSS"],"items_purchased_type":["Card","Card","Relic","Relic","Card","Card","Card","Relic","Relic","Card"],"build_version":"2020-12-22","purchased_purges":3,"victory":true,"max_hp_per_floor":[63,63,63,63,63,63,63,63,63,63,68,68,68,68,68,71,71,71,71,71,71,71,71,71,71,71,71,71,71,76,76,76,79,79,79,79,79,79,79,79,79,79,79,79,79,79,79,79,79,82,82,82,82,82,85],"card_choices":[{"not_picked":["Koishi:Prune+1","Koishi:MindNumbingTerror+1"],"picked":"Koishi:EmbryosDream+1","floor":1},{"not_picked":["Koishi:SpiritedAway","Koishi:UnansweredLove"],"picked":"Koishi:Jaunt","floor":3},{"not_picked":["Koishi:EmbryosDream","Koishi:UnansweredLove","Koishi:Bloodlust+1"],"picked":"SKIP","floor":4},{"not_picked":["Koishi:UnconsciousUprising","Koishi:DanmakuParanoia"],"picked":"Koishi:SubterraneanRose+1","floor":5},{"not_picked":["Koishi:EmbryosDream","Koishi:BloodcurdlingScream"],"picked":"Koishi:SubconsciousSweep","floor":6},{"not_picked":["Koishi:PhantomBarrier","Koishi:Untouchable"],"picked":"Koishi:PhantomStrike","floor":6},{"not_picked":["Koishi:GeneticsOfTheUnconscious","Koishi:RacingHeart"],"picked":"Koishi:DreadfulBlow+1","floor":7},{"not_picked":["Koishi:FleetingPhantom+1","Koishi:PhantomBarrier"],"picked":"Koishi:UnseenTerror","floor":10},{"not_picked":["Koishi:SubconsciousSweep","Koishi:UnconsciousUprising"],"picked":"Koishi:Heartbroken","floor":10},{"not_picked":["Koishi:CatchAndRose","Koishi:ReflexRadar"],"picked":"Koishi:PhantomBarrier","floor":11},{"not_picked":["Koishi:FleetingPhantom","Koishi:CatchAndRose"],"picked":"Koishi:BramblyRoseGarden+1","floor":12},{"not_picked":["Koishi:FleetingPhantom","Koishi:Jaunt"],"picked":"Koishi:YoukaiPolygraph","floor":13},{"not_picked":["Koishi:MindNumbingTerror+1","Koishi:Ego"],"picked":"Koishi:BloodcurdlingScream+1","floor":13},{"not_picked":["Koishi:UnansweredLove","Koishi:CatchAndRose","Koishi:SubterraneanRose"],"picked":"SKIP","floor":14},{"not_picked":["Koishi:HeartStoppingHorror","Koishi:Ego"],"picked":"Koishi:PerfectMindControl","floor":16},{"not_picked":["Koishi:PhilosophyOfTheDespised+1"],"picked":"SKIP","floor":18},{"not_picked":["Koishi:CatchAndRose+1"],"picked":"SKIP","floor":20},{"not_picked":[],"picked":"Koishi:SubterraneanRose+1","floor":22},{"not_picked":[],"picked":"Koishi:GeneticsOfTheUnconscious+1","floor":23},{"not_picked":[],"picked":"Koishi:FleetingPhantom+1","floor":25},{"not_picked":[],"picked":"Koishi:SpiritedAway+1","floor":28},{"not_picked":["Koishi:HeartfeltFancy+1"],"picked":"SKIP","floor":30},{"not_picked":[],"picked":"Koishi:SubterraneanRose","floor":31},{"not_picked":[],"picked":"Koishi:FadingMemory","floor":33},{"not_picked":["Koishi:Whimsy+1"],"picked":"SKIP","floor":35},{"not_picked":[],"picked":"Koishi:PhantomStrike+1","floor":36},{"not_picked":[],"picked":"Koishi:MassHysteria+1","floor":38},{"not_picked":[],"picked":"Koishi:RacingHeart+1","floor":39},{"not_picked":[],"picked":"Koishi:UnansweredLove+1","floor":41},{"not_picked":[],"picked":"Koishi:DreadfulBlow+1","floor":44},{"not_picked":[],"picked":"Koishi:TraumaticStroke+1","floor":47},{"not_picked":[],"picked":"Koishi:ParalyzingFear+1","floor":54}],"player_experience":146096,"relics_obtained":[{"floor":3,"key":"Ginger"},{"floor":6,"key":"Darkstone Periapt"},{"floor":9,"key":"Vajra"},{"floor":10,"key":"Potion Belt"},{"floor":11,"key":"Koishi:TeethAndClaws"},{"floor":13,"key":"Oddly Smooth Stone"},{"floor":16,"key":"Old Coin"},{"floor":23,"key":"Lantern"},{"floor":25,"key":"HornCleat"},{"floor":26,"key":"Whetstone"},{"floor":26,"key":"Meat on the Bone"},{"floor":30,"key":"PreservedInsect"},{"floor":33,"key":"Dead Branch"},{"floor":37,"key":"Akabeko"},{"floor":37,"key":"Pantograph"},{"floor":38,"key":"Bottled Flame"},{"floor":40,"key":"Shovel"},{"floor":41,"key":"Centennial Puzzle"},{"floor":43,"key":"Toxic Egg 2"},{"floor":43,"key":"Koishi:ImperfectMetamorphosis"},{"floor":44,"key":"Bag of Marbles"},{"floor":47,"key":"FossilizedHelix"},{"floor":48,"key":"Gambling Chip"},{"floor":48,"key":"Bottled Tornado"},{"floor":49,"key":"Koishi:LettersToReimu"},{"floor":52,"key":"Mummified Hand"},{"floor":54,"key":"Boot"}],"event_choices":[{"damage_healed":0,"gold_gain":0,"player_choice":"Choice 1","damage_taken":0,"relics_obtained":["alterego_mod:FleetingLove"],"max_hp_gain":0,"max_hp_loss":0,"event_name":"Secret Garden","floor":19,"gold_loss":0},{"cards_removed":["Koishi:BasicStrike"],"damage_healed":0,"gold_gain":0,"player_choice":"Purged","damage_taken":0,"max_hp_gain":0,"max_hp_loss":0,"event_name":"Purifier","floor":21,"gold_loss":0},{"damage_healed":0,"gold_gain":0,"player_choice":"Forge","damage_taken":0,"max_hp_gain":0,"max_hp_loss":0,"event_name":"Accursed Blacksmith","floor":29,"gold_loss":0,"cards_upgraded":["Koishi:UnseenTerror"]},{"damage_healed":0,"gold_gain":0,"player_choice":"Fight","damage_taken":0,"max_hp_gain":0,"max_hp_loss":0,"event_name":"MindBloom","floor":40,"gold_loss":0}],"is_beta":false,"boss_relics":[{"not_picked":["Runic Pyramid","Tiny House"],"picked":"Busted Crown"},{"not_picked":["Calling Bell","Velvet Choker"],"picked":"Sozu"}],"items_purged_floors":[42,46,53],"is_endless":false,"potions_floor_spawned":[3,4,5,12,14,16,20,22,23,25,30,35,36,47],"ascension_level":0}}