{"host":"h7xtspmc2x3i8s2i","time":1609198992,"event":{"mods":["2.2 Compatiblity","AchievementEnabler","Act Like it!","AlwaysNeverKeys","Aspiration","Astrologer","BaseMod","Beaked The Cultist","Bestiary","Better Altar","Better Match","Better Note","Better Sensory Stone","Better Skull","Better Third Choice","Better Vampires","Better-Laid Plans","BetterRewards","Challenge The Spire","Colored Map","Colored Powertips","Colorless Booster Pack","Curses Come First","Defuse TimeMaze Blight","Dio Mod","Disable Question Mark Monsters","Downfall","Duelist Mod","EXCEPTION","Emptier Cage","Energized Spire","Friendly Minions","GifTheSpireLib","Gold Saver","Gremlin Skip","Halation","Hubris","Ironclad Rager","Jedi Mod","Key Reminder","Marked Mod","Minty Spire (QoL Compilation)","Permanent Neow","Potion Indicator Mod","Quick Restart","Random Character Button","Random Character Mod","Rare Cards Sparkle","Relic Filter","Relic Stats","Replay The Spire","SacredBarkPlus","Shop Mod","Somnambulant","Spicy Shops","Spikes Relics","Spire Birthday Party","StSLib","Steal the Spire","Stuff the Spire","SuperFastMode","The Awakened One except there are too many feathers","The Blue Laboratory","The Cursed","The Death Knight","The Dragon Tamer","The Edgeheg","The Hierophant","The Problem Sleuth","The Runesmith","The Wild Card","TheVelvet","Transform Curses","Uncapped","Unceasing Turn Reminder","Virulent Crown","everything is the same but u backflip on backflip","slay the spire mod where everything is the same but ironclad has a cowboy hat","vexMod"],"gold_per_floor":[1116,1132,1145,1157,1157,139,139,139,150,58,58,58,58,85,100,204,204,54,68,68,68,85,10,10,37,47,29,29,56,56,56,56],"floor_reached":31,"playtime":1505,"items_purged":[],"score":271,"play_id":"b156b5fc-1b43-46f7-bd8f-acac09112a80","local_time":"20201228184312","is_ascension_mode":false,"campfire_choices":[{"floor":1,"key":"DIG"},{"floor":13,"key":"RECALL"},{"data":"theDuelist:StarlightRoad","floor":18,"key":"SMITH"},{"data":"theDuelist:SilverWing","floor":23,"key":"SMITH"}],"circlet_count":0,"master_deck":["theDuelist:LesserDragon","theDuelist:CaveDragon","theDuelist:RainbowOverdragon","theDuelist:CyberDragonVier","theDuelist:Sparks","theDuelist:StarlightRoad+1","theDuelist:LesserDragon","theDuelist:LordD","theDuelist:StardustDragon","theDuelist:CaveDragon","theDuelist:ArmedDragon3","Flash of Steel","theDuelist:SliferSky","theDuelist:Jinzo","Discovery","theDuelist:GreenGraveOni","theDuelist:BabyDragon+1","theDuelist:YamataDragon","theDuelist:GaiaDragonChamp","theDuelist:CastleWalls","theDuelist:WhiteHowling","theDuelist:ChimeratechOverdragon","theDuelist:Sparks","theDuelist:SilverWing+1","theDuelist:DragonMirror"],"relics":["theDuelist:MillenniumPuzzle","theDuelist:CardPoolRelic","StuffTheSpire:OccultApparatus","theDuelist:BoosterPackPoolRelic","theDuelist:CardPoolAddRelic","theDuelist:CardPoolMinusRelic","theDuelist:CardPoolSaveRelic","theDuelist:CardPoolOptionsRelic","Eternal Feather","hubris:ToyBattleship","vexMod:ScavengeHelm","halation:PrussianBluePaint","Blue Doll","MerchantsRug","theDuelist:DragonRelicB","ClockworkSouvenir","Vajra","downfall:HeartBlessingRed","downfall:HeartBlessingGreen","downfall:HeartBlessingBlue","beaked:ShinyBauble","Akabeko","theDuelist:DuelistOrichalcum","Runesmith:AutoHammer"],"acts_visited":["Exordium","TheCity"],"potions_floor_usage":[16,16,25,26,29,31],"damage_taken":[{"damage":0,"enemies":"2 Louse","floor":2,"turns":2},{"damage":6,"enemies":"Jaw Worm","floor":3,"turns":2},{"damage":0,"enemies":"Small Slimes","floor":4,"turns":3},{"damage":1,"enemies":"downfall:FleeingMerchant","floor":6,"turns":4},{"damage":8,"enemies":"2 Fungi Beasts","floor":9,"turns":4},{"damage":2,"enemies":"downfall:FleeingMerchant","floor":10,"turns":4},{"damage":15,"enemies":"Lagavulin","floor":14,"turns":7},{"damage":15,"enemies":"Exordium Thugs","floor":15,"turns":4},{"damage":16,"enemies":"downfall:Defect","floor":16,"turns":8},{"damage":0,"enemies":"Spheric Guardian","floor":19,"turns":4},{"damage":21,"enemies":"Shell Parasite","floor":22,"turns":6},{"damage":4,"enemies":"Book of Stabbing","floor":25,"turns":6},{"damage":30,"enemies":"Cultist and Chosen","floor":26,"turns":9},{"damage":0,"enemies":"downfall:FleeingMerchant","floor":27,"turns":4},{"damage":10,"enemies":"Gremlin Leader","floor":29,"turns":10},{"damage":53,"enemies":"Book of Stabbing","floor":31,"turns":6}],"seed_played":"2408389822466803128","potions_obtained":[{"floor":9,"key":"FearPotion"},{"floor":14,"key":"blueLaboratory:AbyssPotion"},{"floor":15,"key":"theDuelist:BurningPotion"},{"floor":16,"key":"theDuelist:BigTributeBottle"},{"floor":22,"key":"theDuelist:DragonfirePotion"},{"floor":25,"key":"theDuelist:SealedPackB"},{"floor":29,"key":"theDuelist:SealedPackD"}],"is_trial":false,"path_per_floor":["R_BF","M","M","M","?","$","T","T","M","$","?","?","R","E","M","B",null,"R","M","?","?","M","R","T","E","M","$","?","E","?","E"],"character_chosen":"THE_DUELIST","items_purchased":["hubris:ToyBattleship","theDuelist:SliferSky","vexMod:ScavengeHelm","halation:PrussianBluePaint","Blue Doll","MerchantsRug","Discovery","ClockworkSouvenir","theDuelist:DuelistOrichalcum","theDuelist:CyberDragonVier"],"campfire_rested":0,"item_purchase_floors":[6,6,6,6,6,6,6,10,27,27],"current_hp_per_floor":[80,80,74,74,74,73,73,73,65,63,63,78,80,65,50,34,80,80,80,80,80,59,81,81,77,47,47,47,37,37,0,0],"gold":56,"neow_bonus":"UPGRADE_CARD","is_daily":false,"chose_seed":false,"campfire_upgraded":2,"win_rate":0.0,"timestamp":1609198992,"path_taken":["R_BF","M","M","M","?","$","T","?","M","$","?","?","R","E","M","BOSS","R","M","?","?","M","R","T","E","M","$","?","E","?","E"],"items_purchased_type":["Relic","Card","Relic","Relic","Relic","Relic","Card","Relic","Relic","Card"],"build_version":"2020-12-22","purchased_purges":0,"victory":false,"max_hp_per_floor":[80,80,80,80,80,80,80,80,80,80,80,80,80,80,80,80,80,80,80,80,80,80,90,90,90,90,90,90,90,90,90,90],"relic_stats":{"counters":[16,83],"Eternal Feather":14,"obtain_stats":[{"beaked:ShinyBauble":24,"theDuelist:DuelistOrichalcum":27,"Vajra":14,"Blue Doll":6,"downfall:HeartBlessingGreen":18,"theDuelist:MillenniumPuzzle":0,"theDuelist:DragonRelicB":8,"ClockworkSouvenir":10,"StuffTheSpire:OccultApparatus":11,"theDuelist:BoosterPackPoolRelic":0,"halation:PrussianBluePaint":6,"downfall:HeartBlessingBlue":23,"theDuelist:CardPoolAddRelic":0,"theDuelist:CardPoolOptionsRelic":0,"theDuelist:CardPoolRelic":0,"Runic Pyramid":17,"MerchantsRug":6,"downfall:HeartBlessingRed":18,"vexMod:ScavengeHelm":6,"Eternal Feather":1,"theDuelist:CardPoolSaveRelic":0,"Akabeko":25,"keyreminder:keyreminder":7,"theDuelist:CardPoolMinusRelic":0,"theDuelist:CardPoolBasicRelic":0,"hubris:ToyBattleship":6,"Runesmith:AutoHammer":29},{"beaked:ShinyBauble":11,"theDuelist:DuelistOrichalcum":14,"Vajra":7,"Blue Doll":4,"downfall:HeartBlessingGreen":9,"theDuelist:MillenniumPuzzle":0,"theDuelist:DragonRelicB":4,"ClockworkSouvenir":6,"StuffTheSpire:OccultApparatus":6,"theDuelist:BoosterPackPoolRelic":0,"halation:PrussianBluePaint":4,"downfall:HeartBlessingBlue":11,"theDuelist:CardPoolAddRelic":0,"theDuelist:CardPoolOptionsRelic":0,"theDuelist:CardPoolRelic":0,"Runic Pyramid":9,"MerchantsRug":4,"downfall:HeartBlessingRed":9,"vexMod:ScavengeHelm":4,"Eternal Feather":0,"theDuelist:CardPoolSaveRelic":0,"Akabeko":12,"keyreminder:keyreminder":4,"theDuelist:CardPoolMinusRelic":0,"theDuelist:CardPoolBasicRelic":0,"hubris:ToyBattleship":4,"Runesmith:AutoHammer":15},{"beaked:ShinyBauble":48,"theDuelist:DuelistOrichalcum":67,"Vajra":26,"Blue Doll":11,"downfall:HeartBlessingGreen":38,"theDuelist:MillenniumPuzzle":0,"theDuelist:DragonRelicB":11,"ClockworkSouvenir":19,"StuffTheSpire:OccultApparatus":19,"theDuelist:BoosterPackPoolRelic":0,"halation:PrussianBluePaint":11,"downfall:HeartBlessingBlue":48,"theDuelist:CardPoolAddRelic":0,"theDuelist:CardPoolOptionsRelic":0,"theDuelist:CardPoolRelic":0,"Runic Pyramid":38,"MerchantsRug":11,"downfall:HeartBlessingRed":38,"vexMod:ScavengeHelm":11,"Eternal Feather":0,"theDuelist:CardPoolSaveRelic":0,"Akabeko":54,"keyreminder:keyreminder":11,"theDuelist:CardPoolMinusRelic":0,"theDuelist:CardPoolBasicRelic":0,"hubris:ToyBattleship":11,"Runesmith:AutoHammer":77}]},"card_choices":[{"not_picked":["theDuelist:Earthquake","theDuelist:CyberDragonNachster","theDuelist:TwinHeadedFire","theDuelist:SuperancientDinobeast"],"picked":"theDuelist:LordD","floor":2},{"not_picked":["theDuelist:Lancephorhynchus","theDuelist:BlasterDragonInfernos","theDuelist:BerserkScales","theDuelist:ArmageddonDragonEmp"],"picked":"theDuelist:StardustDragon","floor":3},{"not_picked":["Deep Breath","Good Instincts","Transmutation"],"picked":"Flash of Steel","floor":4},{"not_picked":["theDuelist:MagicHoleGolem","theDuelist:DummyGolem","theDuelist:PowerGiant","theDuelist:EarthquakeGiant","theDuelist:BlockGolem"],"picked":"SKIP","floor":6},{"not_picked":["theDuelist:DestructPotion","theDuelist:BigEye","theDuelist:Wiseman","theDuelist:LightningDarts"],"picked":"theDuelist:RainbowOverdragon","floor":9},{"not_picked":["theDuelist:AttackTheMoon","theDuelist:DragonShield","theDuelist:DragonTreasure","theDuelist:SpiralSpearStrike"],"picked":"theDuelist:SilverWing","floor":10},{"not_picked":["theDuelist:LavaDragon","theDuelist:CyberEndDragon","theDuelist:BeserkDragon","theDuelist:ArmedDragon5"],"picked":"theDuelist:ArmedDragon3","floor":14},{"not_picked":["theDuelist:CyberValley","theDuelist:NaturiaRock","theDuelist:CoralDragon","theDuelist:ExploderDragonwing"],"picked":"theDuelist:StarlightRoad","floor":15},{"not_picked":["theDuelist:SliferSky","theDuelist:FiveHeaded","theDuelist:BlasterDragonInfernos","theDuelist:BerserkScales"],"picked":"theDuelist:GaiaDragonChamp","floor":16},{"not_picked":["theDuelist:MachineFactory","theDuelist:WhiteHornDragon+1","theDuelist:SystemDown"],"picked":"theDuelist:Jinzo","floor":19},{"not_picked":["theDuelist:BigFire","theDuelist:LightningDarts+1","theDuelist:FeatherPho+1","theDuelist:StrayLambs"],"picked":"theDuelist:GreenGraveOni","floor":22},{"not_picked":["theDuelist:SurvivalFittest","theDuelist:DefenseDraw","theDuelist:SolemnStrike","theDuelist:PineappleBlast"],"picked":"theDuelist:WhiteHowling","floor":25},{"not_picked":["theDuelist:SteamTrainKing","theDuelist:PlatinumGadget+1","theDuelist:DoomkaiserDragon","theDuelist:DefensiveTactics+1"],"picked":"theDuelist:ChimeratechOverdragon","floor":26},{"not_picked":["theDuelist:DoubleTool+1","theDuelist:SpiralSpearStrike+1","theDuelist:SafeZone","theDuelist:DragonCaptureJar","theDuelist:DefenseZone+1"],"picked":"SKIP","floor":27},{"not_picked":["theDuelist:ImperialOrder+1","theDuelist:CatapultTurtle+1","theDuelist:Vandalgyon"],"picked":"theDuelist:DragonMirror","floor":29}],"player_experience":607626,"relics_obtained":[{"floor":1,"key":"Eternal Feather"},{"floor":8,"key":"theDuelist:DragonRelicB"},{"floor":14,"key":"Vajra"},{"floor":24,"key":"beaked:ShinyBauble"},{"floor":25,"key":"Akabeko"},{"floor":29,"key":"Runesmith:AutoHammer"}],"event_choices":[{"damage_healed":0,"gold_gain":0,"player_choice":"Leave","duelist":true,"damage_taken":0,"max_hp_gain":0,"max_hp_loss":0,"event_name":"Tomb of the Nameless","floor":5,"gold_loss":0},{"cards_removed":["theDuelist:CastleWalls"],"damage_healed":0,"gold_gain":0,"player_choice":"Purged","damage_taken":0,"max_hp_gain":0,"max_hp_loss":0,"event_name":"Purifier","floor":20,"gold_loss":0},{"damage_healed":0,"gold_gain":0,"player_choice":"Ignored","damage_taken":0,"max_hp_gain":0,"max_hp_loss":0,"event_name":"betterNote:BetterNote","floor":21,"gold_loss":0,"cards_obtained":["Noxious Fumes"]},{"damage_healed":0,"gold_gain":0,"player_choice":"Leave","duelist":true,"damage_taken":0,"max_hp_gain":0,"max_hp_loss":0,"event_name":"Egyptian Village","floor":28,"gold_loss":0},{"damage_healed":0,"gold_gain":2,"player_choice":"1","damage_taken":0,"max_hp_gain":0,"max_hp_loss":0,"event_name":"betterStone:BetterStone","floor":30,"gold_loss":0}],"is_beta":false,"boss_relics":[{"not_picked":["halation:HeavySnake","Ectoplasm"],"picked":"Runic Pyramid"}],"items_purged_floors":[],"is_endless":false,"potions_floor_spawned":[9,14,15,16,22,25,29],"killed_by":"Book of Stabbing","ascension_level":0}}