{"host":"e87rn453naquue3h","time":1609187549,"event":{"mods":["AchievementEnabler","BaseMod","Downfall","Minty Spire (QoL Compilation)","StSLib"],"gold_per_floor":[0,15,15,15,25,39,91,91,124,144,166,193,193,209,224,325,325,325,335,351,351,351,364,364,364,394,83,8,8,8,26,36,133,133,133,145,145,158,43,53,53,53,53,66,84,84,116,148,158,158],"floor_reached":51,"playtime":3589,"items_purged":["Pain","Slimebound:Icky","Normality"],"score":937,"play_id":"ed0dac10-ed3a-4636-a4ef-16bbb9606164","local_time":"20201228153229","is_ascension_mode":true,"campfire_choices":[{"data":"sneckomod:TailWhip","floor":1,"key":"SMITH"},{"data":"sneckomod:UnknownExhaust","floor":13,"key":"SMITH"},{"data":"sneckomod:UnknownRareAttack","floor":18,"key":"SMITH"},{"data":"RitualDagger","floor":28,"key":"SMITH"},{"data":"sneckomod:UnknownUncommonPower","floor":30,"key":"SMITH"},{"data":"sneckomod:SlitherStrike","floor":35,"key":"SMITH"},{"floor":43,"key":"REST"},{"floor":46,"key":"REST"}],"circlet_count":0,"master_deck":["sneckomod:Strike","sneckomod:Strike","sneckomod:Defend","sneckomod:Defend","sneckomod:TailWhip+1","sneckomod:SnekBite","sneckomod:Unknown","sneckomod:Unknown","sneckomod:UnknownUncommonPower+1","sneckomod:UnknownExhaust+1","sneckomod:Unknown2Cost+1","sneckomod:UnknownBlock+1","sneckomod:UnknownStrength+1","sneckomod:Unknown3Cost+1","sneckomod:UnknownClassBLUE+1","sneckomod:UnknownRareAttack+1","sneckomod:SnekBeam+1","sneckomod:UnknownUncommonPower+1","Master of Strategy+1","sneckomod:Unknown3Cost+1","sneckomod:SlitherStrike+1","RitualDagger+1","sneckomod:UnknownUncommonSkill+1","sneckomod:UnknownStrength+1","sneckomod:UnknownEthereal+1","sneckomod:UnknownEthereal+1","sneckomod:UnknownRareSkill+1","Parasite","Metamorphosis+1","sneckomod:Unknown2Cost+1"],"relics":["sneckomod:SneckoSoul","Ginger","Tiny Chest","Strawberry","Toxic Egg 2","Odd Mushroom","Blue Candle","Cursed Key","White Beast Statue","downfall:HeartBlessingBlue","downfall:RedIOU","Busted Crown","Pocketwatch","Molten Egg 2","Juzu Bracelet"],"acts_visited":["Exordium","TheCity","TheBeyond"],"potions_floor_usage":[11,12,16,26,26,31,44,45,47],"damage_taken":[{"damage":0,"enemies":"Small Slimes","floor":2,"turns":3},{"damage":0,"enemies":"2 Louse","floor":5,"turns":2},{"damage":0,"enemies":"Cultist","floor":6,"turns":4},{"damage":20,"enemies":"Gremlin Nob","floor":9,"turns":5},{"damage":6,"enemies":"2 Fungi Beasts","floor":10,"turns":3},{"damage":29,"enemies":"The Mushroom Lair","floor":11,"turns":4},{"damage":2,"enemies":"Lagavulin","floor":12,"turns":8},{"damage":0,"enemies":"3 Louse","floor":14,"turns":1},{"damage":0,"enemies":"Large Slime","floor":15,"turns":5},{"damage":24,"enemies":"downfall:Silent","floor":16,"turns":9},{"damage":1,"enemies":"Spheric Guardian","floor":19,"turns":3},{"damage":12,"enemies":"Centurion and Healer","floor":20,"turns":5},{"damage":11,"enemies":"3 Cultists","floor":23,"turns":4},{"damage":6,"enemies":"Slavers","floor":26,"turns":3},{"damage":12,"enemies":"downfall:FleeingMerchant","floor":27,"turns":4},{"damage":4,"enemies":"Shelled Parasite and Fungi","floor":31,"turns":2},{"damage":10,"enemies":"Snecko","floor":32,"turns":6},{"damage":0,"enemies":"downfall:Defect","floor":33,"turns":9},{"damage":31,"enemies":"Orb Walker","floor":36,"turns":2},{"damage":34,"enemies":"3 Shapes","floor":38,"turns":3},{"damage":0,"enemies":"downfall:FleeingMerchant","floor":39,"turns":5},{"damage":30,"enemies":"Spire Growth","floor":40,"turns":3},{"damage":35,"enemies":"Jaw Worm Horde","floor":44,"turns":3},{"damage":8,"enemies":"3 Darklings","floor":45,"turns":4},{"damage":49,"enemies":"Nemesis","floor":47,"turns":5},{"damage":6,"enemies":"downfall:FleeingMerchant","floor":48,"turns":3},{"damage":15,"enemies":"4 Shapes","floor":49,"turns":4},{"damage":0,"enemies":"downfall:Watcher","floor":50,"turns":3}],"seed_played":"-2411608022218456490","potions_obtained":[{"floor":9,"key":"Fire Potion"},{"floor":11,"key":"ColorlessPotion"},{"floor":12,"key":"PowerPotion"},{"floor":14,"key":"Weak Potion"},{"floor":26,"key":"EssenceOfSteel"},{"floor":27,"key":"Fire Potion"},{"floor":31,"key":"Explosive Potion"},{"floor":32,"key":"sneckomod:MuddlingPotion"},{"floor":33,"key":"BlessingOfTheForge"},{"floor":36,"key":"sneckomod:DiceRollPotion"},{"floor":38,"key":"DistilledChaos"},{"floor":39,"key":"SkillPotion"},{"floor":44,"key":"Fire Potion"},{"floor":45,"key":"Block Potion"},{"floor":47,"key":"ColorlessPotion"}],"is_trial":false,"path_per_floor":["R","M","?","?","M","M","T","?","E","M","?","E","R","M","M","B",null,"R","M","M","?","T","M","T","?","E","$","R","?","R","M","M","B",null,"R","M","T","M","$","M","T","?","R","M","M","R","E","$","M","B",null],"character_chosen":"THE_SNECKO","items_purchased":["sneckomod:UnknownStrength+1","Toy Ornithopter","Metamorphosis+1"],"campfire_rested":2,"item_purchase_floors":[27,27,48],"current_hp_per_floor":[90,91,91,91,92,92,92,92,73,68,44,43,43,44,44,21,105,105,104,93,94,94,83,83,77,71,61,71,71,71,68,59,70,122,122,106,106,72,72,72,72,72,108,73,65,101,66,60,50,50],"gold":158,"neow_bonus":"ONE_RARE_RELIC","is_daily":false,"chose_seed":false,"campfire_upgraded":6,"win_rate":0.0,"timestamp":1609187549,"path_taken":["R","M","?","?","M","?","T","?","E","M","?","E","R","M","M","BOSS","R","M","M","?","?","M","T","?","E","$","R","?","R","?","M","BOSS","R","M","?","M","$","M","T","?","R","M","M","R","E","$","M","BOSS"],"items_purchased_type":["Card","Relic","Card"],"build_version":"2020-12-22","purchased_purges":3,"victory":true,"max_hp_per_floor":[90,91,91,91,92,92,92,99,100,101,102,103,103,104,104,105,105,105,105,106,107,107,107,107,107,107,109,119,119,119,120,121,122,122,122,122,122,122,122,122,122,122,122,122,122,122,122,122,123,123],"card_choices":[{"not_picked":["sneckomod:SoulDraw","sneckomod:UnknownCommonSkill"],"picked":"sneckomod:UnknownUncommonPower","floor":2},{"not_picked":["sneckomod:SoulRoll","sneckomod:DiceCrush"],"picked":"sneckomod:UnknownExhaust","floor":5},{"not_picked":["sneckomod:RainOfDice","sneckomod:UnknownVulnerable","sneckomod:UnknownStrike"],"picked":"SKIP","floor":6},{"not_picked":["sneckomod:DiceBoulder","sneckomod:CheapStock"],"picked":"sneckomod:Unknown2Cost+1","floor":9},{"not_picked":["sneckomod:DefensiveFlair+1","sneckomod:DiceCrush"],"picked":"sneckomod:UnknownBlock+1","floor":10},{"not_picked":["sneckomod:SoulRoll+1","sneckomod:Unknown1Cost+1"],"picked":"sneckomod:UnknownStrength+1","floor":11},{"not_picked":["sneckomod:UnknownUncommonSkill+1","sneckomod:SoulDraw+1"],"picked":"sneckomod:Unknown3Cost+1","floor":12},{"not_picked":["sneckomod:UnknownCommonAttack","sneckomod:DefensiveFlair+1"],"picked":"sneckomod:UnknownClassBLUE+1","floor":14},{"not_picked":["sneckomod:SoulCleanse+1","sneckomod:Nope+1","sneckomod:QuickMove+1"],"picked":"SKIP","floor":15},{"not_picked":["sneckomod:UnknownRarePower","sneckomod:Cheat+1"],"picked":"sneckomod:UnknownRareAttack","floor":16},{"not_picked":["sneckomod:QuickMove+1","sneckomod:WideSting"],"picked":"sneckomod:SnekBeam+1","floor":19},{"not_picked":["sneckomod:Nope+1","sneckomod:UnknownCommonSkill+1"],"picked":"sneckomod:UnknownUncommonPower+1","floor":20},{"not_picked":["sneckomod:DiceCrush","sneckomod:SoulRoll+1"],"picked":"sneckomod:SlitherStrike","floor":23},{"not_picked":["sneckomod:UnknownStrike+1","sneckomod:UnknownCommonSkill+1","sneckomod:WideSting"],"picked":"SKIP","floor":26},{"not_picked":["sneckomod:UnknownVulnerable+1","sneckomod:UnknownStrike"],"picked":"sneckomod:UnknownUncommonSkill+1","floor":27},{"not_picked":["sneckomod:UnknownBlock+1","sneckomod:QuickMove+1"],"picked":"sneckomod:UnknownEthereal+1","floor":31},{"not_picked":["sneckomod:UnknownStrike","sneckomod:Mudshield"],"picked":"sneckomod:UnknownEthereal+1","floor":32},{"not_picked":["sneckomod:UnknownColorless+1","sneckomod:SoulExchange+1"],"picked":"sneckomod:UnknownRareSkill+1","floor":33},{"not_picked":["sneckomod:UnknownBlock+1"],"picked":"SKIP","floor":36},{"not_picked":["sneckomod:UnknownVulnerable+1"],"picked":"SKIP","floor":38},{"not_picked":["sneckomod:Nope+1"],"picked":"SKIP","floor":39},{"not_picked":["sneckomod:SoulRoll+1"],"picked":"SKIP","floor":40},{"not_picked":["sneckomod:SoulDraw+1"],"picked":"SKIP","floor":44},{"not_picked":["sneckomod:QuickBite+1"],"picked":"SKIP","floor":45},{"not_picked":["sneckomod:SnakeSap+1"],"picked":"SKIP","floor":47},{"not_picked":["sneckomod:Unknown1Cost+1"],"picked":"SKIP","floor":48},{"not_picked":[],"picked":"sneckomod:Unknown2Cost+1","floor":49}],"player_experience":2426791,"relics_obtained":[{"floor":7,"key":"Tiny Chest"},{"floor":9,"key":"Toxic Egg 2"},{"floor":11,"key":"Odd Mushroom"},{"floor":12,"key":"Blue Candle"},{"floor":24,"key":"White Beast Statue"},{"floor":37,"key":"Pocketwatch"},{"floor":41,"key":"Molten Egg 2"},{"floor":47,"key":"Juzu Bracelet"}],"event_choices":[{"cards_removed":["sneckomod:Defend"],"damage_healed":0,"gold_gain":0,"player_choice":"Offered Basic","damage_taken":0,"max_hp_gain":0,"max_hp_loss":0,"event_name":"Bonfire Elementals","floor":4,"gold_loss":0},{"damage_healed":0,"gold_gain":0,"player_choice":"Success","damage_taken":7,"relics_obtained":["Strawberry"],"max_hp_gain":0,"max_hp_loss":0,"event_name":"Scrap Ooze","floor":8,"gold_loss":0},{"damage_healed":0,"gold_gain":0,"player_choice":"Fought Mushrooms","damage_taken":0,"max_hp_gain":0,"max_hp_loss":0,"event_name":"Mushrooms","floor":11,"gold_loss":0}],"is_beta":false,"boss_relics":[{"not_picked":["sneckomod:SuperSneckoSoul","Philosopher\u0027s Stone"],"picked":"Cursed Key"},{"not_picked":["Empty Cage","Runic Dome"],"picked":"Busted Crown"}],"items_purged_floors":[27,39,48],"is_endless":false,"potions_floor_spawned":[9,11,12,14,26,27,31,32,33,36,38,39,40,44,45,47,48,49],"ascension_level":2}}