{"host":"7mrmd33mpx7q5wx9","time":1609137777,"event":{"mods":["AchievementEnabler","BaseMod","BetterRewards","Colored Map","Defuse TimeMaze Blight","Minty Spire (QoL Compilation)","Permanent Neow","Quick Restart","StSLib"],"gold_per_floor":[109,109,132,132,147,188,188,207,279,292,292,292,36,59,59,180,180,200,215,43,57,57,96,116,116,116,241,255,255,255],"floor_reached":29,"playtime":1486,"items_purged":["Pain","Strike_P"],"score":327,"play_id":"3bfd4b22-9009-4c39-9977-24065304a5b4","local_time":"20201228004257","is_ascension_mode":true,"campfire_choices":[{"data":"Eruption","floor":7,"key":"SMITH"},{"data":"Protect","floor":11,"key":"SMITH"},{"data":"Establishment","floor":15,"key":"SMITH"},{"floor":25,"key":"REST"}],"circlet_count":0,"master_deck":["Strike_P","Strike_P","Defend_P","Defend_P","Defend_P","Defend_P","Eruption+1","Vigilance","Madness","Protect+1","Conclude","Crescendo","Establishment+1","SashWhip","ThirdEye+1","EmptyBody+1","CarveReality","Halt+1","FlyingSleeves","SpiritShield+1","CutThroughFate","Evaluate+1","Adaptation","EmptyMind+1","BattleHymn+1","LessonLearned","EmptyFist"],"relics":["PureWater","Golden Idol","Sundial","Thread and Needle","Toxic Egg 2","WarpedTongs","SlaversCollar","Dead Branch","Bronze Scales","Peace Pipe","The Courier"],"acts_visited":["Exordium","TheCity"],"potions_floor_usage":[6,18,19,19,28],"damage_taken":[{"damage":0,"enemies":"Jaw Worm","floor":1,"turns":3},{"damage":0,"enemies":"2 Louse","floor":3,"turns":1},{"damage":1,"enemies":"Cultist","floor":5,"turns":5},{"damage":14,"enemies":"Lagavulin","floor":6,"turns":6},{"damage":0,"enemies":"3 Louse","floor":8,"turns":1},{"damage":0,"enemies":"Gremlin Gang","floor":10,"turns":2},{"damage":0,"enemies":"Blue Slaver","floor":14,"turns":1},{"damage":0,"enemies":"Slime Boss","floor":16,"turns":4},{"damage":8,"enemies":"Spheric Guardian","floor":18,"turns":4},{"damage":0,"enemies":"3 Byrds","floor":19,"turns":4},{"damage":27,"enemies":"Cultist and Chosen","floor":21,"turns":7},{"damage":14,"enemies":"Gremlin Leader","floor":23,"turns":7},{"damage":2,"enemies":"Snake Plant","floor":24,"turns":4},{"damage":10,"enemies":"Colosseum Slavers","floor":27,"turns":4},{"damage":11,"enemies":"Colosseum Nobs","floor":27,"turns":3},{"damage":0,"enemies":"Sentry and Sphere","floor":28,"turns":2},{"damage":21,"enemies":"Slavers","floor":29,"turns":1}],"seed_played":"883313773212731321","potions_obtained":[{"floor":3,"key":"Ambrosia"},{"floor":10,"key":"StancePotion"},{"floor":16,"key":"AttackPotion"},{"floor":27,"key":"SteroidPotion"}],"is_trial":false,"path_per_floor":["M","?","M","T","M","E","R","M","T","M","R","?","$","M","R","B",null,"M","M","$","M","?","E","M","R","T","?","M","E"],"character_chosen":"WATCHER","items_purchased":["EmptyBody+1","CarveReality","Halt+1","Dexterity Potion","Adaptation"],"campfire_rested":1,"item_purchase_floors":[13,13,13,13,20],"current_hp_per_floor":[72,54,54,54,53,39,39,39,39,39,39,39,39,39,39,39,72,64,64,64,37,37,23,21,42,42,21,21,0,0],"gold":255,"neow_bonus":"RANDOM_COLORLESS","is_daily":false,"chose_seed":false,"campfire_upgraded":3,"win_rate":0.0,"timestamp":1609137777,"path_taken":["M","?","M","?","M","E","R","?","T","M","R","?","$","?","R","BOSS","M","M","$","M","?","E","?","R","T","?","M","E"],"items_purchased_type":["Card","Card","Card","Potion","Card"],"build_version":"2020-12-22","purchased_purges":2,"victory":false,"max_hp_per_floor":[72,72,72,72,72,72,72,72,72,72,72,72,72,72,72,72,72,72,72,72,72,72,72,72,72,72,72,72,72,72],"card_choices":[{"not_picked":["Purity","Mind Blast"],"picked":"Madness","floor":0},{"not_picked":["Crescendo","EmptyBody"],"picked":"Protect","floor":1},{"not_picked":["Sanctity","Perseverance"],"picked":"Conclude","floor":3},{"not_picked":["Consecrate","Meditate"],"picked":"Crescendo","floor":5},{"not_picked":["SashWhip","FlyingSleeves"],"picked":"Establishment","floor":6},{"not_picked":["Evaluate","Nirvana"],"picked":"SashWhip","floor":8},{"not_picked":["ClearTheMind+1","Evaluate+1"],"picked":"ThirdEye+1","floor":10},{"not_picked":["Halt+1","Indignation+1"],"picked":"FlyingSleeves","floor":14},{"not_picked":["MasterReality","Brilliance"],"picked":"SpiritShield+1","floor":16},{"not_picked":["FlyingSleeves","Meditate+1"],"picked":"CutThroughFate","floor":18},{"not_picked":["EmptyBody+1","Collect+1"],"picked":"Evaluate+1","floor":19},{"not_picked":["DeceiveReality+1","Sanctity+1"],"picked":"EmptyMind+1","floor":21},{"not_picked":["JustLucky+1","Evaluate+1"],"picked":"BattleHymn+1","floor":23},{"not_picked":["Prostrate+1","ThirdEye+1","ReachHeaven"],"picked":"SKIP","floor":24},{"not_picked":["WindmillStrike+1","BowlingBash"],"picked":"LessonLearned","floor":27},{"not_picked":["Crescendo+1","ForeignInfluence+1"],"picked":"EmptyFist","floor":28}],"player_experience":357221,"relics_obtained":[{"floor":4,"key":"Sundial"},{"floor":6,"key":"Thread and Needle"},{"floor":9,"key":"Toxic Egg 2"},{"floor":23,"key":"Dead Branch"},{"floor":26,"key":"Bronze Scales"},{"floor":27,"key":"Peace Pipe"},{"floor":27,"key":"The Courier"}],"event_choices":[{"damage_healed":0,"gold_gain":0,"player_choice":"Take Damage","damage_taken":18,"relics_obtained":["Golden Idol"],"max_hp_gain":0,"max_hp_loss":0,"event_name":"Golden Idol","floor":2,"gold_loss":0},{"damage_healed":0,"gold_gain":0,"player_choice":"Rummage","damage_taken":0,"relics_obtained":["WarpedTongs"],"max_hp_gain":0,"max_hp_loss":0,"event_name":"Accursed Blacksmith","floor":12,"gold_loss":0,"cards_obtained":["Pain"]},{"cards_removed":["Strike_P"],"damage_healed":0,"gold_gain":0,"player_choice":"Offered Basic","damage_taken":0,"max_hp_gain":0,"max_hp_loss":0,"event_name":"Bonfire Elementals","floor":22,"gold_loss":0},{"damage_healed":0,"gold_gain":0,"player_choice":"Fight","damage_taken":0,"max_hp_gain":0,"max_hp_loss":0,"event_name":"Colosseum","floor":27,"gold_loss":0},{"damage_healed":0,"gold_gain":0,"player_choice":"Fought Nobs","damage_taken":0,"max_hp_gain":0,"max_hp_loss":0,"event_name":"Colosseum","floor":27,"gold_loss":0}],"is_beta":false,"boss_relics":[{"not_picked":["Astrolabe","Calling Bell"],"picked":"SlaversCollar"}],"items_purged_floors":[13,20],"is_endless":false,"potions_floor_spawned":[3,10,16,27,27],"killed_by":"Slavers","ascension_level":2}}