{"host":"odz7g4gpgch153rb","time":1609185121,"event":{"mods":["AchievementEnabler","BaseMod","Better Match","Better Third Choice","BetterRewards","GifTheSpireLib","Infinite Spire","Jedi Mod","Minty Spire (QoL Compilation)","Quick Restart","Replay The Spire","Spikes Relics","StSLib","Stuff the Spire","The Blue Laboratory","Trackpad"],"gold_per_floor":[116,41,41,41,58,86,11,11,59,77,77,107,107,121,121,197,197,207,207,217,117,131,131,159,139,139,139,150,150,162,179,179,253,253,273,17,37,53,53,53,53,53],"floor_reached":41,"playtime":2399,"items_purged":["Strike_B","Strike_B","Strike_B"],"score":893,"play_id":"33044451-c14c-49ab-b295-50f96d3dde66","local_time":"20201228145201","is_ascension_mode":true,"campfire_choices":[{"data":"Zap","floor":8,"key":"SMITH"},{"data":"Dualcast","floor":11,"key":"SMITH"},{"floor":13,"key":"REST"},{"data":"Leap","floor":15,"key":"SMITH"},{"data":"White Noise","floor":23,"key":"SMITH"},{"floor":27,"key":"REST"},{"floor":29,"key":"REST"},{"floor":32,"key":"REST"},{"data":"StuffTheSpire:CelestialWarden","floor":40,"key":"SMITH"}],"circlet_count":0,"master_deck":["AscendersBane","Defend_B","Defend_B","Defend_B","Zap+1","Dualcast+1","Leap+1","infinitespire:NeuralNetwork+1","StuffTheSpire:Plugnplay","Doom and Gloom","Ball Lightning","Leap+1","White Noise+1","White Noise","Defragment","Darkness+1","Storm","Echo Form","Ball Lightning","Panache","Specialist","Panache","Time Bomb+1","StuffTheSpire:CelestialWarden+1"],"relics":["Cracked Core","NeowsBlessing","Gremlin Horn","Nunchaku","Lantern","Inserter","Prayer Wheel","Incense Burner","AncientExoskeleton","ReplayTheSpireMod:ShopPack"],"acts_visited":["Exordium","TheCity","TheBeyond"],"potions_floor_usage":[10,14,16,24,24,28,33,38],"damage_taken":[{"damage":0,"enemies":"Small Slimes","floor":1,"turns":1},{"damage":0,"enemies":"Cultist","floor":5,"turns":1},{"damage":0,"enemies":"Lagavulin","floor":6,"turns":1},{"damage":7,"enemies":"Jaw Worm","floor":10,"turns":3},{"damage":12,"enemies":"3 Sentries","floor":12,"turns":5},{"damage":0,"enemies":"Lots of Slimes","floor":14,"turns":2},{"damage":0,"enemies":"Slime Boss","floor":16,"turns":6},{"damage":21,"enemies":"3 Byrds","floor":18,"turns":4},{"damage":7,"enemies":"Chosen","floor":20,"turns":4},{"damage":2,"enemies":"Snecko","floor":22,"turns":4},{"damage":16,"enemies":"Gremlin Leader","floor":24,"turns":6},{"damage":12,"enemies":"Snake Plant","floor":28,"turns":3},{"damage":7,"enemies":"Centurion and Healer","floor":30,"turns":4},{"damage":20,"enemies":"Cultist and Chosen","floor":31,"turns":6},{"damage":11,"enemies":"Champ","floor":33,"turns":10},{"damage":7,"enemies":"3 Darklings","floor":35,"turns":5},{"damage":1,"enemies":"Orb Walker","floor":37,"turns":4},{"damage":31,"enemies":"Spire Growth","floor":38,"turns":3},{"damage":39,"enemies":"Writhing Mass","floor":41,"turns":3}],"seed_played":"6211562434190493585","potions_obtained":[{"floor":5,"key":"blueLaboratory:SystemWipe"},{"floor":6,"key":"jedi:coolantleak"},{"floor":12,"key":"blueLaboratory:ImpenetrablePotion"},{"floor":18,"key":"Milkshake"},{"floor":20,"key":"Block Potion"},{"floor":24,"key":"Fire Potion"},{"floor":25,"key":"blueLaboratory:PlasmaFuel"},{"floor":35,"key":"ColorlessPotion"},{"floor":37,"key":"PowerPotion"}],"is_trial":false,"path_per_floor":["M","$","?","?","M","E","?","R","T","M","R","E","R","M","R","B",null,"M","?","M","$","M","R","E","?","T","R","M","R","M","M","R","B",null,"M","$","M","M","?","R","M"],"character_chosen":"DEFECT","items_purchased":["ReplayTheSpireMod:ShopPack"],"campfire_rested":4,"item_purchase_floors":[36],"current_hp_per_floor":[64,64,47,47,47,47,47,47,47,40,40,28,49,49,49,49,66,45,45,38,38,36,36,20,20,20,41,29,50,43,23,44,33,62,55,55,54,29,29,29,0,0],"gold":53,"neow_bonus":"THREE_ENEMY_KILL","is_daily":false,"chose_seed":false,"campfire_upgraded":5,"win_rate":0.0,"timestamp":1609185121,"path_taken":["M","$","?","?","M","E","?","R","T","M","R","E","R","M","R","BOSS","M","?","M","$","?","R","E","?","T","R","M","R","M","M","R","BOSS","M","$","?","M","?","R","M"],"items_purchased_type":["Relic"],"build_version":"2020-12-22","purchased_purges":3,"victory":false,"max_hp_per_floor":[71,71,71,71,71,71,71,71,71,71,71,71,71,71,71,71,71,71,71,71,71,71,71,71,71,71,71,71,71,71,71,71,71,71,71,71,71,71,71,71,71,71],"card_choices":[{"not_picked":["Compile Driver","Darkness"],"picked":"Leap","floor":1},{"not_picked":["infinitespire:TheBestDefense","Replay:Fractal Strike"],"picked":"infinitespire:NeuralNetwork","floor":3},{"not_picked":["Go for the Eyes","jedi:markofdeath"],"picked":"StuffTheSpire:Plugnplay","floor":5},{"not_picked":["Sweeping Beam","Biased Cognition"],"picked":"Doom and Gloom","floor":6},{"not_picked":["jedi:locknload","Redo"],"picked":"Ball Lightning","floor":10},{"not_picked":["Fusion","Undo","StuffTheSpire:LaunchingStrike"],"picked":"SKIP","floor":12},{"not_picked":["Redo","BootSequence","Stack"],"picked":"SKIP","floor":14},{"not_picked":["Multi-Cast","jedi:darknesscall"],"picked":"ReplayTheSpireMod:Fabricate Wheel","floor":16},{"not_picked":["Steam+1","Hologram"],"picked":"Leap+1","floor":18},{"not_picked":["Beam Cell","Streamline","Auto Shields"],"picked":"SKIP","floor":18},{"not_picked":["jedi:BurstDark","Coolheaded"],"picked":"White Noise","floor":20},{"not_picked":["jedi:overflow","Stack","ReplayGash"],"picked":"SKIP","floor":20},{"not_picked":["StuffTheSpire:LoadUp","Sweeping Beam","Storm"],"picked":"SKIP","floor":22},{"not_picked":["Stack","Hyperbeam","jedi:BurstFrost"],"picked":"SKIP","floor":22},{"not_picked":["Beam Cell","Gash"],"picked":"White Noise","floor":24},{"not_picked":["Fusion","Gash","Barrage"],"picked":"SKIP","floor":28},{"not_picked":["ReplaySolidLightProjector","Redo+1","Compile Driver"],"picked":"SKIP","floor":28},{"not_picked":["ReplayTheSpireMod:System Scan","Sweeping Beam"],"picked":"Defragment","floor":30},{"not_picked":["Double Energy","StuffTheSpire:LoadUp"],"picked":"Darkness+1","floor":30},{"not_picked":["Sweeping Beam","StuffTheSpire:CleanHardDrive"],"picked":"Storm","floor":31},{"not_picked":["BasicCrystalCard","ReplayTheSpireMod:Repulse+1","Tempest"],"picked":"SKIP","floor":31},{"not_picked":["BasicCrystalCard","ReplayTheSpireMod:Repulse+1","Tempest"],"picked":"SKIP","floor":31},{"not_picked":["All For One","StuffTheSpire:LaunchingStrike"],"picked":"Echo Form","floor":33},{"not_picked":["Steam","StuffTheSpire:Coldhearted"],"picked":"Ball Lightning","floor":35},{"not_picked":["BasicCrystalCard","Steam","Sunder"],"picked":"SKIP","floor":35},{"not_picked":["BasicCrystalCard","Steam","Sunder"],"picked":"SKIP","floor":35},{"not_picked":["Secret Weapon","Crow Ritual"],"picked":"Panache","floor":36},{"not_picked":["Replay:Dark Deal","Bandage Up"],"picked":"Specialist","floor":36},{"not_picked":["Good Instincts","Replay:BasicMightCard"],"picked":"Panache","floor":36},{"not_picked":["jedi:BurstFrost","Panic Button+1","Recycle"],"picked":"SKIP","floor":37},{"not_picked":["Barrage","Leap+1","Compile Driver"],"picked":"SKIP","floor":37},{"not_picked":["Redo","jedi:studyfrost"],"picked":"Time Bomb+1","floor":38},{"not_picked":["ReplayGash","StuffTheSpire:Plugnplay+1","StuffTheSpire:Rend"],"picked":"SKIP","floor":38},{"not_picked":["StuffTheSpire:BrainWave","StuffTheSpire:Brawn"],"picked":"StuffTheSpire:CelestialWarden","floor":39}],"player_experience":952757,"relics_obtained":[{"floor":6,"key":"Gremlin Horn"},{"floor":9,"key":"Nunchaku"},{"floor":12,"key":"Lantern"},{"floor":24,"key":"ReplayTheSpireMod:TigerMarble"},{"floor":26,"key":"Incense Burner"}],"event_choices":[{"cards_removed":["Strike_B"],"damage_healed":0,"gold_gain":0,"player_choice":"Card Removal","damage_taken":0,"max_hp_gain":0,"max_hp_loss":0,"event_name":"The Cleric","floor":7,"gold_loss":75},{"cards_removed":["Defend_B"],"damage_healed":0,"gold_gain":0,"player_choice":"Purged","damage_taken":0,"max_hp_gain":0,"max_hp_loss":0,"event_name":"Purifier","floor":19,"gold_loss":0},{"damage_healed":0,"gold_gain":0,"player_choice":"Bought 1 Potion","damage_taken":0,"max_hp_gain":0,"max_hp_loss":0,"event_name":"The Woman in Blue","floor":25,"gold_loss":0}],"is_beta":false,"boss_relics":[{"not_picked":["Runic Pyramid","StuffTheSpire:RunicConfusion"],"picked":"Inserter"},{"not_picked":["trackpad:NeutrinoGenerator","Nuclear Battery"],"picked":"AncientExoskeleton"}],"items_purged_floors":[2,21,36],"is_endless":false,"potions_floor_spawned":[5,6,12,18,20,24,35,37],"killed_by":"Writhing Mass","ascension_level":16}}