{"host":"jpyc2kczef5p02oc","time":1609166300,"event":{"mods":["ATMod(阿瑾Mod)","BaseMod","Friendly Minions","Hubris","Marisa（F雨　魔理沙）","Minty Spire (QoL Compilation)","StSLib","Td1madao Mod","The Servant 0.9.4","【功能Mod】聪明的最终Boss"],"gold_per_floor":[109,34,50,65,82,109,109,109,191,191,216,236,236,246,246,325,325,335,174,186,186,199,231,431,466,466,495,58,75,100,110,110,182,182,201,201,201,218,231,266,266,301,326,361,372,45,45,61,61,61,61],"floor_reached":50,"playtime":2613,"items_purged":[],"score":1579,"play_id":"6327131e-496c-4f6c-a1a7-1e632dcaef56","local_time":"20201228223820","is_ascension_mode":true,"campfire_choices":[{"data":"AT_ShrugMaster","floor":7.0,"key":"SMITH"},{"data":"AT_BodySlamDance","floor":13.0,"key":"SMITH"},{"data":"Bash","floor":15.0,"key":"SMITH"},{"data":"Entrench","floor":32,"key":"SMITH"},{"data":"AT_BodySlamDance","floor":41,"key":"SMITH"},{"floor":49,"key":"RECALL"}],"circlet_count":0,"master_deck":["AscendersBane","Strike_R","Strike_R+1","Defend_R","Defend_R","Defend_R","Defend_R","Bash+1","AT_ShrugMaster+1","Cleave+1","Warcry","AT_BodySlamDance+1","Headbutt","Inflame","hubris:StunningStrike+1","Shrug It Off+1","Writhe","Entrench+1","AT_BodySlamDance+1","hubris:Despair"],"relics":["Burning Blood","AT_ATBox","NeowsBlessing","AT_GoldPhoenixTree","Blue Candle","Cursed Key","Chemical X","Whetstone","AT_EbonyIvory","hubris:Potato","hubris:Spice","Sling","AT_RedNoBalance","hubris:Towel","Dream Catcher","hubris:AstralHammer","Membership Card","Gambling Chip"],"acts_visited":["Exordium","TheCity","TheBeyond"],"potions_floor_usage":[27,30,31,45,50],"damage_taken":[{"damage":0.0,"enemies":"Jaw Worm","floor":1.0,"turns":1.0},{"damage":0.0,"enemies":"2 Louse","floor":3.0,"turns":1.0},{"damage":0.0,"enemies":"Small Slimes","floor":4.0,"turns":1.0},{"damage":29.0,"enemies":"Exordium Thugs","floor":5.0,"turns":4.0},{"damage":9.0,"enemies":"Lagavulin","floor":6.0,"turns":7.0},{"damage":0.0,"enemies":"Gremlin Nob","floor":11.0,"turns":3.0},{"damage":7.0,"enemies":"Blue Slaver","floor":12.0,"turns":3.0},{"damage":0.0,"enemies":"Looter","floor":14.0,"turns":2.0},{"damage":0.0,"enemies":"Hexaghost","floor":16.0,"turns":7.0},{"damage":0.0,"enemies":"Chosen","floor":18.0,"turns":3.0},{"damage":3.0,"enemies":"Spheric Guardian","floor":20.0,"turns":4.0},{"damage":3.0,"enemies":"Cultist and Chosen","floor":22.0,"turns":3.0},{"damage":12.0,"enemies":"Gremlin Leader","floor":23.0,"turns":4.0},{"damage":31.0,"enemies":"Slavers","floor":25.0,"turns":5.0},{"damage":18,"enemies":"Gremlin Leader","floor":27,"turns":4},{"damage":0,"enemies":"Centurion and Healer","floor":29,"turns":3},{"damage":16,"enemies":"Slavers","floor":30,"turns":3},{"damage":24,"enemies":"Shelled Parasite and Fungi","floor":31,"turns":4},{"damage":40,"enemies":"Collector","floor":33,"turns":13},{"damage":4,"enemies":"3 Shapes","floor":35,"turns":2},{"damage":8,"enemies":"Orb Walker","floor":38,"turns":2},{"damage":0,"enemies":"4 Shapes","floor":39,"turns":2},{"damage":0,"enemies":"Giant Head","floor":40,"turns":5},{"damage":0,"enemies":"Reptomancer","floor":42,"turns":2},{"damage":0,"enemies":"Giant Head","floor":44,"turns":2},{"damage":11,"enemies":"3 Darklings","floor":45,"turns":3},{"damage":0,"enemies":"Writhing Mass","floor":48,"turns":2},{"damage":31,"enemies":"Time Eater","floor":50,"turns":7}],"seed_played":"8822814221077449640","potions_obtained":[{"floor":4.0,"key":"BlessingOfTheForge"},{"floor":5.0,"key":"EntropicBrew"},{"floor":12.0,"key":"Swift Potion"},{"floor":14.0,"key":"SpeedPotion"},{"floor":16.0,"key":"BloodPotion"},{"floor":23.0,"key":"ColorlessPotion"},{"floor":27,"key":"Regen Potion"},{"floor":29,"key":"DistilledChaos"},{"floor":30,"key":"SteroidPotion"},{"floor":33,"key":"Strength Potion"},{"floor":45,"key":"BloodPotion"}],"is_trial":false,"path_per_floor":["M","?","M","M","M","E","R","$","T","?","E","M","R","M","R","B",null,"M","$","M","?","M","E","?","E","T","E","$","M","E","M","R","B",null,"M","?","?","M","M","E","R","E","T","E","M","$","?","M","R","B"],"character_chosen":"IRONCLAD","items_purchased":["Chemical X","Sling","AT_SilverBalance","Membership Card","Gambling Chip"],"campfire_rested":0,"item_purchase_floors":[19,28,28,46,46],"current_hp_per_floor":[74,74,75,75,52,49,49,49,49,40,46,45,45,51,51,57,71,75,75,75,75,75,69,69,44,44,56,56,47,39,39,39,11,65,43,43,43,39,43,43,43,49,49,55,63,63,63,67,67,40,40],"gold":61,"neow_bonus":"THREE_ENEMY_KILL","is_daily":false,"chose_seed":false,"campfire_upgraded":5,"win_rate":0.0,"timestamp":1609166300,"path_taken":["M","?","M","M","M","E","R","$","T","?","E","M","R","M","R","BOSS","M","$","M","?","M","E","?","E","T","E","$","M","E","?","R","BOSS","M","?","?","M","M","E","R","E","T","E","M","$","?","M","R","BOSS"],"items_purchased_type":["Relic","Relic","Relic","Relic","Relic"],"build_version":"2020-12-22","purchased_purges":0,"victory":false,"max_hp_per_floor":[75,75,75,75,75,75,75,75,75,75,75,75,75,75,75,75,75,75,75,75,75,75,75,75,75,75,83,83,83,91,91,91,91,83,83,83,83,75,75,75,75,67,67,67,67,67,67,67,67,66,66],"card_choices":[{"not_picked":["Warcry","Dark Embrace"],"picked":"Cleave","floor":1.0},{"not_picked":["Heavy Blade","Clash"],"picked":"Warcry","floor":3.0},{"not_picked":["Metallicize","Rage"],"picked":"AT_BodySlamDance","floor":4.0},{"not_picked":["Whirlwind","True Grit"],"picked":"Headbutt","floor":5.0},{"not_picked":["AT_GerminateFire","Searing Blow","Headbutt"],"picked":"SKIP","floor":6.0},{"not_picked":["Sword Boomerang","Rampage"],"picked":"Inflame","floor":11.0},{"not_picked":["AT_GerminateFire","Warcry","Blood for Blood"],"picked":"SKIP","floor":12.0},{"not_picked":["AT_GerminateFire","Warcry","Blood for Blood"],"picked":"SKIP","floor":12.0},{"not_picked":["Combust","Searing Blow","AT_GerminateFire"],"picked":"SKIP","floor":14.0},{"not_picked":["Reaper","Brutality"],"picked":"hubris:StunningStrike","floor":16.0},{"not_picked":["Burning Pact","Thunderclap","Twin Strike"],"picked":"SKIP","floor":18.0},{"not_picked":["Carnage","AT_IchimonjiDouble+1","Warcry"],"picked":"SKIP","floor":20.0},{"not_picked":["Flex","Thunderclap"],"picked":"Shrug It Off+1","floor":22.0},{"not_picked":["Clothesline","Flex","Pommel Strike+1"],"picked":"SKIP","floor":23.0},{"not_picked":["Pummel","Bludgeon","AT_DiedThrough"],"picked":"SKIP","floor":25.0},{"not_picked":["Spot Weakness","Disarm"],"picked":"Entrench","floor":27},{"not_picked":["Entrench","AT_IchimonjiDouble","Rage"],"picked":"SKIP","floor":29},{"not_picked":["Twin Strike","Dropkick","Flame Barrier"],"picked":"SKIP","floor":30},{"not_picked":["Warcry","Uppercut"],"picked":"AT_BodySlamDance","floor":31},{"not_picked":["Anger+1","Perfected Strike+1","AT_IchimonjiDouble"],"picked":"SKIP","floor":35},{"not_picked":["Body Slam","Pommel Strike"],"picked":"hubris:SpiceAddiction","floor":38},{"not_picked":["Infernal Blade","Body Slam","Headbutt"],"picked":"SKIP","floor":39},{"not_picked":["Wild Strike","Dual Wield","Sword Boomerang+1"],"picked":"SKIP","floor":40},{"not_picked":["Seeing Red","AT_CaressingTears+1","Shrug It Off"],"picked":"SKIP","floor":42},{"not_picked":["Shrug It Off","Fire Breathing","hubris:SpiceAddiction"],"picked":"SKIP","floor":44},{"not_picked":["Anger","Sentinel","hubris:SpiceAddiction"],"picked":"SKIP","floor":45},{"not_picked":["hubris:SpiceAddiction","Intimidate","Carnage"],"picked":"SKIP","floor":48}],"player_experience":282331,"relics_obtained":[{"floor":6.0,"key":"AT_GoldPhoenixTree"},{"floor":11.0,"key":"Blue Candle"},{"floor":23.0,"key":"Whetstone"},{"floor":25.0,"key":"AT_EbonyIvory"},{"floor":26.0,"key":"hubris:Potato"},{"floor":27,"key":"hubris:Spice"},{"floor":30,"key":"hubris:Spice"},{"floor":42,"key":"hubris:Spice"},{"floor":43,"key":"Dream Catcher"},{"floor":44,"key":"hubris:AstralHammer"}],"event_choices":[{"cards_removed":["Strike_R"],"damage_healed":0.0,"max_hp_gain":0.0,"max_hp_loss":0.0,"gold_gain":0.0,"event_name":"The Cleric","player_choice":"Card Removal","floor":2.0,"gold_loss":75.0,"damage_taken":0.0},{"cards_removed":["Strike_R"],"damage_healed":0.0,"max_hp_gain":0.0,"max_hp_loss":0.0,"gold_gain":0.0,"event_name":"Golden Wing","player_choice":"Card Removal","floor":10.0,"gold_loss":0.0,"damage_taken":7.0},{"damage_healed":0.0,"max_hp_gain":0.0,"max_hp_loss":0.0,"gold_gain":250.0,"event_name":"The Joust","player_choice":"Bet on Owner","floor":24.0,"gold_loss":50.0,"damage_taken":0.0},{"damage_healed":0,"gold_gain":0,"player_choice":"Ignored","damage_taken":0,"max_hp_gain":0,"max_hp_loss":0,"event_name":"Tomb of Lord Red Mask","floor":37,"gold_loss":0},{"cards_removed":["Strike_R"],"damage_healed":0,"gold_gain":0,"player_choice":"Removed Attack","damage_taken":0,"max_hp_gain":0,"max_hp_loss":0,"event_name":"Falling","floor":47,"gold_loss":0}],"is_beta":false,"boss_relics":[{"not_picked":["hubris:GrandSneckoEye","Pandora\u0027s Box"],"picked":"Cursed Key"},{"not_picked":["hubris:Spice","hubris:VirtuousBlindfold"],"picked":"hubris:Spice"}],"items_purged_floors":[],"is_endless":false,"potions_floor_spawned":[4,5,12,14,16,22,23,27,29,30,33,39,40,44,45],"killed_by":"Time Eater","ascension_level":19}}