{"host":"0cnf9zf1gia27zti","time":1609175150,"event":{"mods":["BaseMod","BetterRewards","Card Forge","Colored Map","Colored Powertips","Conspire","Downfall","Minty Spire (QoL Compilation)","Practice Mode","Quick Restart","Replay The Spire","Robot Space Explorer","Shade Mod","Spicy Shops","StSLib"],"gold_per_floor":[115,59,74,74,74,74,87,99,99,99,115,115,115,130,130,209,209,223,173,56,72,92,92,92,92],"floor_reached":24,"playtime":1637,"items_purged":["Strike_B"],"score":580,"play_id":"f24fb06a-ddb9-4ff1-af25-470138274c72","local_time":"20201228170550","is_ascension_mode":true,"campfire_choices":[{"floor":6,"key":"REST"},{"data":"Zap","floor":10,"key":"SMITH"},{"data":"Force Field","floor":13,"key":"SMITH"},{"data":"Strike_B","floor":15,"key":"PURGE"},{"data":"Crystallizer","floor":23,"key":"SMITH"}],"circlet_count":0,"master_deck":["AscendersBane","Strike_B","Strike_B","Defend_B+1","Defend_B","Defend_B","Defend_B","Zap+1","Dualcast+1","Self Repair","BootSequence","Fusion+1","Force Field+1","Force Field+1","Crystallizer+1","Self Repair+1","Tempest","ReplayRNGCard","Crystallizer+1","Capacitor","Crystallizer","Reinforced Body","FIFO Queue","Loop+1","Auto Shields"],"relics":["Cracked Core","Hammer of Thor","Seething Fire","Anvil of the Gods","Replay:Wax Seal","Tiny Chest","Potion Belt","Mummified Hand","Runic Capacitor","InkBottle","Nuclear Battery","Prayer Wheel"],"acts_visited":["Exordium","TheCity"],"potions_floor_usage":[16,18,22],"damage_taken":[{"damage":0,"enemies":"Small Slimes","floor":1,"turns":3},{"damage":15,"enemies":"Cultist","floor":3,"turns":6},{"damage":0,"enemies":"Jaw Worm","floor":7,"turns":4},{"damage":12,"enemies":"3 Louse","floor":8,"turns":6},{"damage":0,"enemies":"Large Slime","floor":11,"turns":5},{"damage":0,"enemies":"2 Fungi Beasts","floor":14,"turns":4},{"damage":23,"enemies":"The Guardian","floor":16,"turns":13},{"damage":18,"enemies":"Shell Parasite","floor":18,"turns":8},{"damage":0,"enemies":"2 Thieves","floor":19,"turns":5},{"damage":23,"enemies":"Snake Plant","floor":21,"turns":3},{"damage":19,"enemies":"Snecko","floor":22,"turns":5},{"damage":63,"enemies":"3 Cultists","floor":24,"turns":4}],"seed_played":"1841464049918522041","potions_obtained":[{"floor":3,"key":"DuplicationPotion"},{"floor":16,"key":"Block Potion"},{"floor":21,"key":"BlessingOfTheForge"},{"floor":22,"key":"Elixir"}],"is_trial":false,"path_per_floor":["M","$","M","$","?","R","M","M","T","R","M","?","R","M","R_BF","B",null,"M","M","$","M","M","R","M"],"character_chosen":"DEFECT","items_purchased":["Replay:Wax Seal","Self Repair","BootSequence","Tiny Chest","Potion Belt","Mummified Hand","Runic Capacitor","Force Field","Crystallizer"],"campfire_rested":1,"item_purchase_floors":[0,0,0,0,0,0,0,2,20],"current_hp_per_floor":[71,71,63,63,42,63,70,71,71,71,71,71,71,71,71,65,70,69,71,71,65,63,63,0,0],"gold":92,"neow_bonus":"","is_daily":false,"chose_seed":false,"campfire_upgraded":3,"win_rate":0.0,"timestamp":1609175150,"path_taken":["M","$","M","$","?","R","M","M","T","R","M","?","R","M","R_BF","BOSS","M","M","$","M","M","R","M"],"items_purchased_type":["Relic","Card","Card","Relic","Relic","Relic","Relic","Card","Card"],"build_version":"2020-12-22","purchased_purges":1,"victory":false,"max_hp_per_floor":[71,71,71,71,71,71,71,71,71,71,71,71,71,71,71,71,71,71,71,71,71,71,71,71,71],"card_choices":[{"not_picked":["Gash","ReplayTheSpireMod:System Scan"],"picked":"Fusion","floor":1},{"not_picked":["Streamline","Turbo","conspire:SharedLibrary"],"picked":"SKIP","floor":3},{"not_picked":["Time Bomb","Genetic Algorithm"],"picked":"Self Repair","floor":7},{"not_picked":["ReplayTheSpireMod:System Scan","Aggregate","ReplayGash"],"picked":"SKIP","floor":8},{"not_picked":["Steam","Turbo","Rebound"],"picked":"SKIP","floor":11},{"not_picked":["Sweeping Beam","Barrage"],"picked":"Tempest","floor":14},{"not_picked":["Biased Cognition","Rainbow"],"picked":"ReplayTheSpireMod:Fabricate Wheel","floor":16},{"not_picked":["Compile Driver","Leap"],"picked":"Crystallizer","floor":18},{"not_picked":["Blizzard","ReplayGash","Coolheaded"],"picked":"SKIP","floor":18},{"not_picked":["Ball Lightning","Rebound"],"picked":"Capacitor","floor":19},{"not_picked":["Darkness","Hologram+1","Recycle"],"picked":"SKIP","floor":19},{"not_picked":["Go for the Eyes","ReplayTheSpireMod:System Scan"],"picked":"Reinforced Body","floor":21},{"not_picked":["Double Energy","Coolheaded"],"picked":"FIFO Queue","floor":21},{"not_picked":["Double Energy","Redo"],"picked":"Loop","floor":22},{"not_picked":["Hologram","Compile Driver"],"picked":"Auto Shields","floor":22}],"player_experience":2685880,"relics_obtained":[{"floor":9,"key":"InkBottle"}],"event_choices":[{"damage_healed":0,"gold_gain":0,"player_choice":"Entered Light","damage_taken":21,"max_hp_gain":0,"max_hp_loss":0,"event_name":"Shining Light","floor":5,"gold_loss":0,"cards_upgraded":["Force Field","Defend_B"]},{"damage_healed":0,"gold_gain":0,"player_choice":"Forge","damage_taken":0,"max_hp_gain":0,"max_hp_loss":0,"event_name":"Accursed Blacksmith","floor":12,"gold_loss":0,"cards_upgraded":["Dualcast"]}],"is_beta":false,"boss_relics":[{"not_picked":["Calling Bell","Pandora\u0027s Box"],"picked":"Nuclear Battery"}],"items_purged_floors":[0],"is_endless":false,"potions_floor_spawned":[3,16,21,22],"killed_by":"3 Cultists","ascension_level":20}}