{"host":"qc1sjgtdjonvdsd8","time":1609140773,"event":{"mods":["BaseMod","Colored Map","Colored Powertips","Curses Come First","Minty Spire (QoL Compilation)","Replay The Spire","StSLib","The Necromancer"],"gold_per_floor":[117,117,135,149,149,178,178,198,198,198,214,228,69,88,88,190,190,203,215,229,229,229],"floor_reached":21,"playtime":1839,"items_purged":["Strike_G"],"score":185,"play_id":"2391dacd-64a9-4c31-a56e-ca44aa979985","local_time":"20201227233253","is_ascension_mode":false,"campfire_choices":[{"floor":7,"key":"REST"},{"data":"Neutralize","floor":10,"key":"SMITH"},{"floor":15,"key":"REST"}],"circlet_count":0,"master_deck":["Survivor","Neutralize+1","Prepared","Blade Dance","Backstab","Heel Hook","Blade Dance","Prepared","Cloak And Dagger","ReplayTheSpireMod:Scrap Shanks","Backflip","Storm of Steel","Bullet Time","Crippling Poison","Catalyst","Night Terror","Dash","Envenom","Sneak Up","Poison Darts","Acrobatics","Tactician","A Thousand Cuts"],"relics":["Empty Cage","Replay:Mystery Machine","Bag of Preparation","Pandora\u0027s Box"],"acts_visited":["Exordium","TheCity"],"potions_floor_usage":[16],"damage_taken":[{"damage":0,"enemies":"Small Slimes","floor":1,"turns":3},{"damage":6,"enemies":"Jaw Worm","floor":3,"turns":6},{"damage":0,"enemies":"Cultist","floor":4,"turns":3},{"damage":35,"enemies":"3 Sentries","floor":6,"turns":11},{"damage":0,"enemies":"Looter","floor":8,"turns":3},{"damage":0,"enemies":"Large Slime","floor":11,"turns":5},{"damage":0,"enemies":"2 Fungi Beasts","floor":12,"turns":2},{"damage":0,"enemies":"Blue Slaver","floor":14,"turns":1},{"damage":36,"enemies":"Hexaghost","floor":16,"turns":10},{"damage":5,"enemies":"Shell Parasite","floor":18,"turns":5},{"damage":30,"enemies":"Spheric Guardian","floor":19,"turns":5},{"damage":31,"enemies":"Centurion and Healer","floor":20,"turns":6},{"damage":0,"enemies":"3 Cultists","floor":21,"turns":2}],"seed_played":"-8005596656057641876","potions_obtained":[{"floor":6,"key":"Milkshake"},{"floor":12,"key":"EntropicBrew"},{"floor":14,"key":"SpeedPotion"},{"floor":16,"key":"Strength Potion"}],"is_trial":false,"path_per_floor":["M","?","M","M","?","E","R","M","T","R","M","M","$","M","R","B",null,"M","M","M","M"],"character_chosen":"THE_SILENT","items_purchased":["ReplayTheSpireMod:Scrap Shanks","Backflip"],"campfire_rested":2,"item_purchase_floors":[13,13],"current_hp_per_floor":[70,70,64,64,64,29,50,50,50,50,50,50,50,50,70,34,70,65,35,4,4,4],"gold":229,"neow_bonus":"BOSS_RELIC","is_daily":false,"chose_seed":false,"campfire_upgraded":1,"win_rate":0.0,"timestamp":1609140773,"path_taken":["M","?","M","M","?","E","R","M","T","R","M","M","$","?","R","BOSS","M","M","M","M"],"items_purchased_type":["Card","Card"],"build_version":"2020-12-22","purchased_purges":1,"victory":false,"max_hp_per_floor":[70,70,70,70,70,70,70,70,70,70,70,70,70,70,70,70,70,70,70,70,70,70],"card_choices":[{"not_picked":["Cloak And Dagger","Poisoned Stab"],"picked":"Prepared","floor":1},{"not_picked":["Dagger Throw","Accuracy"],"picked":"Blade Dance","floor":3},{"not_picked":["Sucker Punch","Flying Knee"],"picked":"Backstab","floor":4},{"not_picked":["Catalyst","Backflip"],"picked":"Heel Hook","floor":6},{"not_picked":["Noxious Fumes","Well Laid Plans"],"picked":"Blade Dance","floor":8},{"not_picked":["Sucker Punch","Dodge and Roll"],"picked":"Prepared","floor":11},{"not_picked":["Deflect","Hidden Blade"],"picked":"Cloak And Dagger","floor":12},{"not_picked":["Outmaneuver","Dagger Spray"],"picked":"Storm of Steel","floor":14},{"not_picked":["Poison Darts","Malaise"],"picked":"Bullet Time","floor":16},{"not_picked":["Dagger Spray+1","Deflect"],"picked":"Acrobatics","floor":18},{"not_picked":["Noxious Fumes+1","Skewer"],"picked":"Tactician","floor":19},{"not_picked":["Hidden Blade+1","Poisoned Stab"],"picked":"A Thousand Cuts","floor":20}],"player_experience":189412,"relics_obtained":[{"floor":6,"key":"Replay:Mystery Machine"},{"floor":9,"key":"Bag of Preparation"}],"event_choices":[{"damage_healed":0,"gold_gain":0,"player_choice":"Ignored","damage_taken":0,"max_hp_gain":0,"max_hp_loss":0,"event_name":"NoteForYourself","floor":5,"gold_loss":0}],"is_beta":false,"boss_relics":[{"not_picked":["Abe\u0027s Treasure","Replay:Drink Me"],"picked":"Pandora\u0027s Box"}],"items_purged_floors":[13],"is_endless":false,"potions_floor_spawned":[6,12,14,16,18],"killed_by":"3 Cultists","ascension_level":0}}