{"host":"ql9d3hodw6ja2r3y","time":1609166460,"event":{"mods":["2.2 Compatiblity","A Magickal Journey","AchievementEnabler","Act Like it!","BaseMod","Beaked The Cultist","Better Altar","Better Match","Better Note","Better Sensory Stone","Better Skull","Better Third Choice","Better Vampires","BetterRewards","CCEM","Challenge The Spire","Colored Powertips","Curses Come First","Displayed Cursed Tome","Downfall","Friendly Minions","GifTheSpireLib","Infinite Spire","Marked Mod","Mimic Mod","Minty Spire (QoL Compilation)","Permanent Neow","Quick Restart","Random Character Button","Rare Cards Sparkle","Relic Sorter","Shade Mod","Somnambulant","Spicy Shops","StSLib","Synergy Search","The Blue Laboratory","The Bug Knight","The Construct","The Cursed","The Disciple","The Forsaken","The Hierophant","The Marked","The Runesmith","The Showman","The Spell Scribe"],"gold_per_floor":[215,215,229,6,17,17,34,60,83,100,117,117,137,154,154,253,253,269,269,284,284,294,294,22,36,36,36,65,65,79,79,79,178,178,198,198,216,234,234,234,245,245,268,286,37,57,57,70,70,70],"floor_reached":51,"playtime":2912,"items_purged":[],"score":700,"play_id":"10d394fa-7b62-4bf9-8886-fac902fdb6ec","local_time":"20201228154100","is_ascension_mode":false,"campfire_choices":[{"floor":6,"key":"REST"},{"floor":12,"key":"REST"},{"floor":15,"key":"REST"},{"floor":23,"key":"REST"},{"floor":29,"key":"REST"},{"floor":32,"key":"REST"},{"floor":40,"key":"REST"},{"floor":42,"key":"REST"},{"floor":47,"key":"REST"},{"floor":49,"key":"REST"}],"circlet_count":0,"master_deck":["construct:Strike_Gold","construct:Strike_Gold","construct:Strike_Gold","construct:Strike_Gold","construct:Strike_Gold","construct:Defend_Gold","construct:Defend_Gold","construct:Defend_Gold","construct:Defend_Gold","construct:Defend_Gold","construct:AttackMode","construct:DefenseMode","construct:SweepLaser","construct:ShiftStrike","construct:ShiftStrike","construct:ModeShift","construct:GuardCore","construct:SweepLaser","construct:Chainstrike","construct:Disrupt","construct:Accumulate","construct:FierceBash","construct:Autoturret","construct:BatteryCore","construct:Backfire","construct:MetalShell+1","construct:Backup","construct:Versatility","construct:SuppressiveFire","Parasite","Flex","construct:Overcharge+1","construct:OneWayMirror","infinitespire:SevenWalls","infinitespire:Punishment","construct:BatteryCore","CurseOfTheBell","construct:SuppressiveFire","construct:MetalShell+1","construct:Boost+1","infinitespire:Punishment","construct:Forcefield+1","TheCursedMod:Dregs","construct:SuppressiveFire+1","construct:Reinforce+1","construct:QuickAttack+1"],"relics":["construct:Cogwheel","Regal Pillow","theForsaken:Lifeblossom","infinitespire:Beetle Shell","Cursed Key","Letter Opener","InkBottle","infinitespire:Lucky Rock","CCEMRelics:SpiritsEdge","Calling Bell","HollowMod:PaleOreRelic","HollowMod:StagPassRelic","construct:BoolHorns","CCEMRelics:PorcelainBowl","CCEMRelics:GrapeVine"],"acts_visited":["Exordium","TheCity","TheBeyond"],"potions_floor_usage":[8,14,16,16,22,30,30,38,46,50,50],"damage_taken":[{"damage":5,"enemies":"Small Slimes","floor":1,"turns":3},{"damage":6,"enemies":"Jaw Worm","floor":3,"turns":3},{"damage":0,"enemies":"2 Louse","floor":5,"turns":2},{"damage":20,"enemies":"Lots of Slimes","floor":7,"turns":5},{"damage":33,"enemies":"3 Sentries","floor":8,"turns":4},{"damage":7,"enemies":"Looter","floor":10,"turns":3},{"damage":0,"enemies":"Large Slime","floor":11,"turns":5},{"damage":10,"enemies":"Lots of Slimes","floor":13,"turns":5},{"damage":13,"enemies":"Red Slaver","floor":14,"turns":2},{"damage":64,"enemies":"Slime Boss","floor":16,"turns":9},{"damage":10,"enemies":"Spheric Guardian","floor":18,"turns":3},{"damage":15,"enemies":"3 Byrds","floor":20,"turns":5},{"damage":26,"enemies":"3 Cultists","floor":22,"turns":5},{"damage":26,"enemies":"Snecko","floor":25,"turns":5},{"damage":67,"enemies":"Gremlin Leader","floor":28,"turns":6},{"damage":19,"enemies":"Snake Plant","floor":30,"turns":2},{"damage":69,"enemies":"Champ","floor":33,"turns":9},{"damage":44,"enemies":"3 Darklings","floor":35,"turns":8},{"damage":5,"enemies":"Orb Walker","floor":37,"turns":3},{"damage":23,"enemies":"Jaw Worm Horde","floor":38,"turns":4},{"damage":43,"enemies":"4 Shapes","floor":41,"turns":4},{"damage":16,"enemies":"Maw","floor":44,"turns":3},{"damage":14,"enemies":"Sphere and 2 Shapes","floor":46,"turns":2},{"damage":35,"enemies":"Writhing Mass","floor":48,"turns":5},{"damage":23,"enemies":"infinitespire:MassOfShapes","floor":50,"turns":5}],"seed_played":"-685367436081538853","potions_obtained":[{"floor":5,"key":"blueLaboratory:HeartbeatPotion"},{"floor":11,"key":"blueLaboratory:HorrorPotion"},{"floor":13,"key":"blueLaboratory:NullPotion"},{"floor":14,"key":"Guardian:BlockOnCardUsePotion"},{"floor":16,"key":"blueLaboratory:HummingbirdPotion"},{"floor":25,"key":"SteroidPotion"},{"floor":28,"key":"FearPotion"},{"floor":37,"key":"LiquidBronze"},{"floor":38,"key":"blueLaboratory:PhilterOfMotion"},{"floor":41,"key":"blueLaboratory:BottleOfRum"},{"floor":44,"key":"LiquidMemories"}],"is_trial":false,"path_per_floor":["M","?","M","$","M","R","M","E","T","M","M","R","M","M","R","B",null,"M","?","M","?","M","R","$","M","T","?","E","R","M","AVR","R","B",null,"M","?","M","M","?","R","M","R","T","M","$","M","R","M","R","B",null],"character_chosen":"THE_CONSTRUCT_MOD","items_purchased":["Regal Pillow","construct:ShiftStrike","construct:ModeShift","construct:Versatility","Letter Opener","CCEMRelics:GrapeVine"],"campfire_rested":10,"item_purchase_floors":[4,4,4,24,24,45],"current_hp_per_floor":[80,80,74,74,74,85,65,32,32,30,36,76,72,62,85,21,85,75,95,83,83,63,95,95,70,70,70,9,52,36,36,79,16,95,54,59,59,42,42,85,48,91,91,79,79,68,95,60,95,75],"gold":70,"neow_bonus":"HUNDRED_GOLD","is_daily":false,"chose_seed":false,"campfire_upgraded":0,"win_rate":0.0,"timestamp":1609166460,"path_taken":["M","?","M","$","M","R","M","E","T","M","M","R","M","M","R","BOSS","M","?","M","?","M","R","$","M","T","?","E","R","M","AVR","R","BOSS","M","?","?","M","?","R","?","R","T","M","?","M","R","M","R","BOSS"],"items_purchased_type":["Relic","Card","Card","Card","Relic","Relic"],"build_version":"2020-12-22","purchased_purges":0,"victory":true,"max_hp_per_floor":[85,85,85,85,85,85,85,85,85,85,85,85,85,85,85,85,85,85,95,95,95,95,95,95,95,95,95,95,95,95,95,95,95,95,95,95,95,95,95,95,95,95,95,95,95,95,95,95,95,95],"card_choices":[{"not_picked":["construct:ClusterMines","construct:Versatility"],"picked":"construct:SweepLaser","floor":1},{"not_picked":["PanicButton","Purity"],"picked":"expansioncontent:StudyTheSpire","floor":2},{"not_picked":["construct:HeavyBolt","construct:Dampening"],"picked":"construct:ShiftStrike","floor":3},{"not_picked":["construct:SyphonStrike","construct:CripplingShot"],"picked":"construct:GuardCore","floor":5},{"not_picked":["construct:SyphonStrike","construct:OmegaCannon"],"picked":"construct:SweepLaser","floor":7},{"not_picked":["construct:ScrapCannon","construct:OmegaCannon"],"picked":"construct:Chainstrike","floor":8},{"not_picked":["construct:Analyze","construct:Overcharge"],"picked":"construct:Disrupt","floor":10},{"not_picked":["construct:MemoryTap","construct:ClusterMines"],"picked":"construct:Accumulate","floor":11},{"not_picked":["construct:Construct_Overclock","construct:SyphonStrike"],"picked":"construct:FierceBash","floor":13},{"not_picked":["construct:FierceBash","construct:FlakBarrage"],"picked":"construct:Autoturret","floor":14},{"not_picked":["construct:Reserves","construct:HyperBeam"],"picked":"construct:BatteryCore","floor":16},{"not_picked":["construct:Anticipate","construct:Analyze"],"picked":"construct:Backfire","floor":18},{"not_picked":["construct:ClusterMines","construct:ScopeCore"],"picked":"construct:MetalShell+1","floor":20},{"not_picked":["construct:PowerUp","construct:Analyze+1"],"picked":"construct:Backup","floor":22},{"not_picked":["construct:ScrapCannon","construct:Electrocute"],"picked":"construct:SuppressiveFire","floor":25},{"not_picked":["construct:Missile","construct:VentSteam"],"picked":"construct:Overcharge+1","floor":28},{"not_picked":["construct:FocusedBeam","construct:SyphonStrike"],"picked":"construct:OneWayMirror","floor":30},{"not_picked":["construct:ClockworkEgg","construct:MassProduction"],"picked":"construct:BatteryCore","floor":33},{"not_picked":["construct:HardReboot","construct:SyphonStrike+1"],"picked":"construct:SuppressiveFire","floor":35},{"not_picked":["construct:Versatility","construct:ElectricArmor+1"],"picked":"construct:MetalShell+1","floor":37},{"not_picked":["construct:Anticipate","construct:VentSteam"],"picked":"construct:Boost+1","floor":38},{"not_picked":["construct:Backfire","construct:Stasis"],"picked":"construct:Forcefield+1","floor":41},{"not_picked":["construct:SweepLaser+1","construct:Backfire+1"],"picked":"construct:SuppressiveFire+1","floor":44},{"not_picked":["construct:Autoturret","construct:Analyze"],"picked":"construct:Reinforce+1","floor":46},{"not_picked":["construct:Chainstrike","construct:Autoturret"],"picked":"construct:QuickAttack+1","floor":48}],"player_experience":2924,"relics_obtained":[{"floor":8,"key":"theForsaken:Lifeblossom"},{"floor":9,"key":"infinitespire:Beetle Shell"},{"floor":26,"key":"InkBottle"},{"floor":28,"key":"infinitespire:Lucky Rock"},{"floor":34,"key":"HollowMod:PaleOreRelic"},{"floor":34,"key":"HollowMod:StagPassRelic"},{"floor":34,"key":"construct:BoolHorns"},{"floor":43,"key":"CCEMRelics:PorcelainBowl"}],"event_choices":[{"damage_healed":0,"gold_gain":1,"player_choice":"1","damage_taken":0,"max_hp_gain":0,"max_hp_loss":0,"event_name":"betterStone:BetterStone","floor":2,"gold_loss":0},{"cards_removed":["expansioncontent:StudyTheSpire"],"damage_healed":10,"gold_gain":0,"player_choice":"Offered Rare","damage_taken":0,"max_hp_gain":10,"max_hp_loss":0,"event_name":"Bonfire Elementals","floor":19,"gold_loss":0},{"damage_healed":0,"gold_gain":0,"player_choice":"Leave","damage_taken":0,"max_hp_gain":0,"max_hp_loss":0,"event_name":"FaceTrader","floor":21,"gold_loss":0},{"cards_removed":["construct:MetalShell"],"damage_healed":0,"gold_gain":0,"player_choice":"Take \u0026 Give","damage_taken":0,"max_hp_gain":0,"max_hp_loss":0,"event_name":"betterNote:BetterNote","floor":27,"gold_loss":0,"cards_obtained":["Flex"]},{"damage_healed":0,"gold_gain":0,"player_choice":"Random: Green","damage_taken":0,"max_hp_gain":0,"max_hp_loss":0,"event_name":"betterThird:BetterPortal","floor":36,"gold_loss":0},{"damage_healed":5,"gold_gain":0,"player_choice":"LEAVE ","damage_taken":0,"relics_obtained":[],"max_hp_gain":0,"max_hp_loss":0,"event_name":"betterSkull:BetterSkull","floor":36,"gold_loss":0,"cards_upgraded":[]},{"damage_healed":0,"gold_gain":0,"player_choice":"Copied","damage_taken":0,"max_hp_gain":0,"max_hp_loss":0,"event_name":"Duplicator","floor":39,"gold_loss":0,"cards_obtained":["infinitespire:Punishment"]}],"is_beta":false,"boss_relics":[{"not_picked":["Ectoplasm","Sozu"],"picked":"Cursed Key"},{"not_picked":["Empty Cage","Busted Crown"],"picked":"Calling Bell"}],"items_purged_floors":[],"is_endless":false,"potions_floor_spawned":[5,11,13,14,16,25,28,37,38,41,44],"ascension_level":0}}