{"host":"udzsrhbqdxqtlypj","time":1609131440,"event":{"mods":["BaseMod","Minty Spire (QoL Compilation)","Relic Stats"],"gold_per_floor":[113,113,113,130,142,142,173,190,237,237,267,278,278,310,310,406,406,420,112,123,48,48,75,75,104,131,164,164,199,217,246,246,341,341,358,1357,1367,777,777,777,777],"floor_reached":40,"playtime":2339,"items_purged":["Strike_R","Normality"],"score":760,"play_id":"d62a1ebd-d18b-4379-b820-0f3d4c11bca3","local_time":"20201227225720","is_ascension_mode":true,"campfire_choices":[{"data":"Armaments","floor":6,"key":"SMITH"},{"data":"Battle Trance","floor":10,"key":"SMITH"},{"data":"Clothesline","floor":13,"key":"SMITH"},{"data":"Sword Boomerang","floor":15,"key":"SMITH"},{"data":"Disarm","floor":24,"key":"SMITH"},{"floor":28,"key":"REST"},{"floor":32,"key":"REST"}],"circlet_count":0,"master_deck":["AscendersBane","Strike_R","Strike_R","Defend_R","Defend_R","Defend_R","Defend_R","Bash","Armaments+1","Anger+1","Thunderclap","Clothesline+1","Battle Trance+1","Sword Boomerang+1","Shrug It Off","Offering","Evolve+1","Blood for Blood+1","J.A.X.","Disarm+1","Intimidate+1","True Grit+1","Impervious","Brutality","Battle Trance+1","Normality","Second Wind","Disarm","Dark Shackles"],"relics":["Burning Blood","Shuriken","Boot","Odd Mushroom","Tiny Chest","Empty Cage","ClockworkSouvenir","Lantern","Vajra","Regal Pillow","Kunai","Oddly Smooth Stone","Art of War","SlaversCollar","Sling","MealTicket"],"acts_visited":["Exordium","TheCity","TheBeyond"],"potions_floor_usage":[7,11,16,27,29,33,40,40],"damage_taken":[{"damage":2.0,"enemies":"2 Louse","floor":1.0,"turns":4.0},{"damage":3,"enemies":"Small Slimes","floor":4,"turns":3},{"damage":0,"enemies":"Jaw Worm","floor":5,"turns":3},{"damage":28,"enemies":"Lagavulin","floor":7,"turns":8},{"damage":8,"enemies":"3 Louse","floor":8,"turns":3},{"damage":3,"enemies":"The Mushroom Lair","floor":11,"turns":3},{"damage":7,"enemies":"2 Fungi Beasts","floor":12,"turns":3},{"damage":11,"enemies":"Gremlin Nob","floor":14,"turns":4},{"damage":49,"enemies":"Hexaghost","floor":16,"turns":9},{"damage":25,"enemies":"2 Thieves","floor":18,"turns":4},{"damage":12,"enemies":"Spheric Guardian","floor":20,"turns":3},{"damage":18,"enemies":"Book of Stabbing","floor":23,"turns":4},{"damage":24,"enemies":"Gremlin Leader","floor":25,"turns":5},{"damage":19,"enemies":"Book of Stabbing","floor":27,"turns":3},{"damage":36,"enemies":"Slavers","floor":29,"turns":6},{"damage":9,"enemies":"Centurion and Healer","floor":30,"turns":7},{"damage":29,"enemies":"Gremlin Leader","floor":31,"turns":8},{"damage":47,"enemies":"Automaton","floor":33,"turns":10},{"damage":14,"enemies":"Orb Walker","floor":35,"turns":4},{"damage":34,"enemies":"3 Shapes","floor":37,"turns":7},{"damage":56,"enemies":"Reptomancer","floor":40,"turns":2}],"seed_played":"1373917444416561577","potions_obtained":[{"floor":5,"key":"DistilledChaos"},{"floor":7,"key":"AttackPotion"},{"floor":11,"key":"ColorlessPotion"},{"floor":14,"key":"Strength Potion"},{"floor":18,"key":"FearPotion"},{"floor":23,"key":"FairyPotion"},{"floor":31,"key":"PowerPotion"},{"floor":35,"key":"LiquidBronze"},{"floor":37,"key":"SteroidPotion"}],"is_trial":false,"path_per_floor":["M","?","?","M","M","R","E","M","T","R","?","M","R","E","R","B",null,"M","$","M","$","?","E","R","E","T","E","R","E","M","E","R","B",null,"M","?","M","$","?","E"],"character_chosen":"IRONCLAD","items_purchased":["ClockworkSouvenir","Lantern","Sling","MealTicket","Regen Potion","Second Wind","Disarm"],"campfire_rested":2,"item_purchase_floors":[19,19,38,38,38,38,38],"current_hp_per_floor":[76,81,81,84,85,85,63,61,61,61,64,63,63,58,58,15,68,49,49,43,43,43,31,31,13,13,27,67,37,34,11,51,10,66,58,58,30,30,30,0,0],"gold":777,"neow_bonus":"THREE_CARDS","is_daily":false,"chose_seed":false,"campfire_upgraded":5,"win_rate":0.0,"timestamp":1609131440,"path_taken":["M","?","?","M","M","R","E","M","T","R","?","M","R","E","R","BOSS","M","$","M","$","?","E","R","E","T","E","R","E","M","E","R","BOSS","M","?","M","$","?","E"],"items_purchased_type":["Relic","Relic","Relic","Relic","Potion","Card","Card"],"build_version":"2020-12-22","purchased_purges":2,"victory":false,"max_hp_per_floor":[80,85,85,85,85,85,85,85,85,85,85,85,85,85,85,85,85,85,85,85,85,85,85,85,85,85,85,85,85,85,85,85,85,85,85,85,85,85,85,85,85],"relic_stats":{"Regal Pillow":30,"counters":[21,103],"Shuriken":[26],"Tiny Chest":0,"MealTicket":0,"Art of War":[3],"Kunai":[10],"Boot":[28],"obtain_stats":[{"Lantern":19,"Regal Pillow":25,"Vajra":23,"Oddly Smooth Stone":29,"Odd Mushroom":11,"Boot":9,"Empty Cage":17,"Sling":38,"Burning Blood":0,"ClockworkSouvenir":19,"SlaversCollar":34,"Shuriken":7,"Tiny Chest":14,"MealTicket":38,"Art of War":31,"Kunai":27},{"Lantern":10,"Regal Pillow":13,"Vajra":12,"Oddly Smooth Stone":15,"Odd Mushroom":6,"Boot":5,"Empty Cage":9,"Sling":20,"Burning Blood":0,"ClockworkSouvenir":10,"SlaversCollar":18,"Shuriken":4,"Tiny Chest":8,"MealTicket":20,"Art of War":17,"Kunai":14},{"Lantern":44,"Regal Pillow":56,"Vajra":51,"Oddly Smooth Stone":65,"Odd Mushroom":24,"Boot":21,"Empty Cage":40,"Sling":101,"Burning Blood":0,"ClockworkSouvenir":44,"SlaversCollar":90,"Shuriken":18,"Tiny Chest":31,"MealTicket":101,"Art of War":80,"Kunai":59}],"Burning Blood":115},"card_choices":[{"not_picked":["Dark Embrace","Havoc"],"picked":"Armaments","floor":0.0},{"not_picked":["Iron Wave","Bloodletting"],"picked":"Anger","floor":1},{"not_picked":["Havoc","Ghostly Armor"],"picked":"Thunderclap","floor":4},{"not_picked":["Havoc","Armaments"],"picked":"Clothesline","floor":5},{"not_picked":["Bludgeon","Warcry"],"picked":"Battle Trance","floor":7},{"not_picked":["Headbutt","Thunderclap","Anger"],"picked":"SKIP","floor":8},{"not_picked":["Flex","Battle Trance"],"picked":"Sword Boomerang","floor":11},{"not_picked":["Armaments","Power Through"],"picked":"Shrug It Off","floor":12},{"not_picked":["Bloodletting","Anger","Clash"],"picked":"SKIP","floor":14},{"not_picked":["Juggernaut","Barricade"],"picked":"Offering","floor":16},{"not_picked":["Hemokinesis","Sever Soul"],"picked":"Evolve+1","floor":18},{"not_picked":["Havoc","Thunderclap"],"picked":"Blood for Blood+1","floor":20},{"not_picked":["Pommel Strike","Corruption"],"picked":"Disarm","floor":23},{"not_picked":["Body Slam","Armaments","Thunderclap"],"picked":"SKIP","floor":25},{"not_picked":["Warcry","Twin Strike+1"],"picked":"Intimidate+1","floor":27},{"not_picked":["Seeing Red","Wild Strike"],"picked":"True Grit+1","floor":29},{"not_picked":["Body Slam","True Grit","Pommel Strike"],"picked":"SKIP","floor":30},{"not_picked":["Sever Soul","Second Wind"],"picked":"Impervious","floor":31},{"not_picked":["Barricade","Double Tap"],"picked":"Brutality","floor":33},{"not_picked":["True Grit+1","Twin Strike"],"picked":"Battle Trance+1","floor":35},{"not_picked":["Iron Wave","Armaments","Warcry+1"],"picked":"SKIP","floor":37},{"not_picked":["Blind","Deep Breath"],"picked":"Dark Shackles","floor":39}],"player_experience":2752602,"relics_obtained":[{"floor":7,"key":"Shuriken"},{"floor":9,"key":"Boot"},{"floor":11,"key":"Odd Mushroom"},{"floor":14,"key":"Tiny Chest"},{"floor":23,"key":"Vajra"},{"floor":25,"key":"Regal Pillow"},{"floor":27,"key":"Kunai"},{"floor":29,"key":"Oddly Smooth Stone"},{"floor":31,"key":"Art of War"}],"event_choices":[{"damage_healed":0,"gold_gain":0,"player_choice":"Donut","damage_taken":0,"max_hp_gain":5,"max_hp_loss":0,"event_name":"Big Fish","floor":2,"gold_loss":0},{"damage_healed":0,"gold_gain":0,"player_choice":"Grow","damage_taken":0,"max_hp_gain":0,"max_hp_loss":0,"event_name":"Living Wall","floor":3,"gold_loss":0,"cards_upgraded":["Anger"]},{"damage_healed":0,"gold_gain":0,"player_choice":"Fought Mushrooms","damage_taken":0,"max_hp_gain":0,"max_hp_loss":0,"event_name":"Mushrooms","floor":11,"gold_loss":0},{"damage_healed":0,"gold_gain":0,"player_choice":"Obtain J.A.X.","damage_taken":0,"max_hp_gain":0,"max_hp_loss":0,"event_name":"Drug Dealer","floor":22,"gold_loss":0,"cards_obtained":["J.A.X."]},{"damage_healed":0,"gold_gain":999,"player_choice":"Gold","damage_taken":0,"max_hp_gain":0,"max_hp_loss":0,"event_name":"MindBloom","floor":36,"gold_loss":0,"cards_obtained":["Normality","Normality"]},{"damage_healed":0,"gold_gain":0,"player_choice":"Memory 1","damage_taken":0,"max_hp_gain":0,"max_hp_loss":0,"event_name":"SensoryStone","floor":39,"gold_loss":0}],"is_beta":false,"boss_relics":[{"not_picked":["Runic Dome","Tiny House"],"picked":"Empty Cage"},{"not_picked":["Calling Bell","Runic Pyramid"],"picked":"SlaversCollar"}],"items_purged_floors":[21,38],"is_endless":false,"potions_floor_spawned":[5,7,11,14,18,23,31,35,37],"killed_by":"Reptomancer","ascension_level":10}}