{"host":"nox","time":1609134030,"event":{"mods":["Act Like it!","Aspiration","BaseMod","Better Altar","Better Match","Better Note","Better Sensory Stone","Better Skull","Better Third Choice","BetterRewards","Colored Powertips","Conspire","Energized Spire","GifTheSpireLib","Hubris","Infinite Spire","Minty Spire (QoL Compilation)","Pale of the Ancients","Quick Restart","Rare Cards Sparkle","Replay The Spire","Shop Mod","Spikes Relics","StSLib","Stuff the Spire","SuperFastMode","The Alterego","vexMod"],"gold_per_floor":[109,127,139,139,193,193,224,224,224,224,259,12,32,61,61,161,161,173,173,28,28,28,28,28,62,187,94,94,106,106,123,123,221,371,382,395,375,236,246,246,278,294,366,385,414,424,599,609,609,609,609,609,401,401,401],"floor_reached":54,"playtime":2874,"items_purged":["Defend_B","Defend_B"],"score":1494,"play_id":"12b8b69a-845f-4ce7-b874-13391638fa84","local_time":"20201228124030","is_ascension_mode":true,"campfire_choices":[{"floor":6.0,"key":"REST"},{"floor":8.0,"key":"REST"},{"floor":10.0,"key":"REST"},{"floor":15.0,"key":"REST"},{"floor":23.0,"key":"REST"},{"data":"Zap","floor":24.0,"key":"SMITH"},{"floor":30.0,"key":"REST"},{"data":"StuffTheSpire:Synthwave","floor":32.0,"key":"SMITH"},{"floor":40,"key":"RECALL"},{"data":"Echo Form","floor":49,"key":"SMITH"},{"data":"hubris:DoWhile","floor":52,"key":"SMITH"}],"circlet_count":0,"master_deck":["Strike_B+1","Defend_B+1","Defend_B","Zap+1","Dualcast","Fusion+1","ReplayTheSpireMod:Calculation Training","Gash","StuffTheSpire:Synthwave+1","FTL","StuffTheSpire:Rapture","Conserve Battery","Machine Learning","Beam Cell+1","Echo Form+1","hubris:DoWhile+1","Gash+1","Crystallizer","Reinforced Body"],"relics":["Cracked Core","WingedGreaves","Pocketwatch","DataDisk","ClockworkSouvenir","BicycleWheel","Whetstone","Incense Burner","conspire:Boomerang","Centennial Puzzle","LugNut","infinitespire:Eraser","Replay:Drink Me","vexMod:RetaliationKit","Bloody Idol","RollingBoulder","hubris:MobiusCoin","aspiration:RitualStick","Tiny House","Omamori","Bottled Tornado","StuffTheSpire:Experiment12","The Courier","Lantern"],"acts_visited":["Exordium","TheCity","TheBeyond","TheEnding"],"potions_floor_usage":[],"damage_taken":[{"damage":7.0,"enemies":"Small Slimes","floor":1.0,"turns":2.0},{"damage":3.0,"enemies":"Jaw Worm","floor":2.0,"turns":3.0},{"damage":0.0,"enemies":"conspire:RoseBush","floor":3.0,"turns":3.0},{"damage":17.0,"enemies":"Lagavulin","floor":7.0,"turns":6.0},{"damage":23.0,"enemies":"3 Sentries","floor":11.0,"turns":7.0},{"damage":6.0,"enemies":"2 Fungi Beasts","floor":13.0,"turns":2.0},{"damage":20.0,"enemies":"Replay:BlueRogue","floor":14.0,"turns":6.0},{"damage":37.0,"enemies":"Hexaghost","floor":16.0,"turns":6.0},{"damage":10.0,"enemies":"Shell Parasite","floor":18.0,"turns":3.0},{"damage":8.0,"enemies":"Replay:Snechameleon","floor":25.0,"turns":4.0},{"damage":2.0,"enemies":"2 Thieves","floor":29.0,"turns":2.0},{"damage":0.0,"enemies":"Snecko","floor":31.0,"turns":3.0},{"damage":0.0,"enemies":"Collector","floor":33.0,"turns":7.0},{"damage":0,"enemies":"3 Darklings","floor":35,"turns":4},{"damage":0,"enemies":"Orb Walker","floor":36,"turns":2},{"damage":3,"enemies":"Spire Growth","floor":39,"turns":3},{"damage":1,"enemies":"R_Hoarder","floor":41,"turns":6},{"damage":7,"enemies":"Sphere and 2 Shapes","floor":42,"turns":4},{"damage":9,"enemies":"Writhing Mass","floor":44,"turns":4},{"damage":0,"enemies":"Nemesis","floor":45,"turns":5},{"damage":0,"enemies":"Maw","floor":46,"turns":5},{"damage":1,"enemies":"R_Hoarder","floor":47,"turns":6},{"damage":0,"enemies":"4 Shapes","floor":48,"turns":5},{"damage":39,"enemies":"hubris:GrandSnecko","floor":50,"turns":11},{"damage":56,"enemies":"Shield and Spear","floor":54,"turns":3}],"seed_played":"4670786579610515665","potions_obtained":[{"floor":2.0,"key":"Dexterity Potion"},{"floor":7.0,"key":"BlessingOfTheForge"},{"floor":14.0,"key":"Explosive Potion"},{"floor":33.0,"key":"SkillPotion"},{"floor":34,"key":"CultistPotion"},{"floor":39,"key":"CultistPotion"}],"is_trial":false,"path_per_floor":["M","M","M","?","T","R","E","R","T","R","E","$","M","E","R","B",null,"M","AVR","$","?","$","R","R","E","T","?","?","M","R","M","R","B",null,"M","M","?","$","M","R","E","M","T","M","E","M","E","M","R","B",null,"R","$","E"],"character_chosen":"DEFECT","items_purchased":["DataDisk","ClockworkSouvenir","Fruit Juice","Whetstone","LugNut","StuffTheSpire:Synthwave","Echo Form","Crystallizer","Lantern","Reinforced Body"],"campfire_rested":6,"item_purchase_floors":[0,0,0,0,12,20,38,53,53,53],"current_hp_per_floor":[18,15,15,15,15,39,22,46,46,70,47,47,41,21,45,8,47,37,37,37,7,7,25,25,22,32,32,20,28,46,51,51,56,65,65,65,65,65,65,65,65,63,65,61,65,65,65,65,65,26,55,55,55,0,0],"gold":401,"neow_bonus":"","is_daily":false,"chose_seed":false,"campfire_upgraded":4,"win_rate":0.0,"timestamp":1609134030,"path_taken":["M","M","M","?","?","R","E","R","T","R","E","?","M","E","R","BOSS","M","AVR","$","?","$","R","R","E","T","?","?","?","R","M","R","BOSS","M","M","?","$","M","R","E","M","T","M","E","M","E","M","R","BOSS","R","$","E"],"items_purchased_type":["Relic","Relic","Potion","Relic","Relic","Card","Card","Card","Relic","Card"],"build_version":"2020-11-17","purchased_purges":2,"victory":false,"max_hp_per_floor":[80,80,80,80,80,80,80,80,80,80,80,80,80,80,80,80,60,60,60,60,60,60,60,60,60,60,60,60,60,60,60,60,60,65,65,65,65,65,65,65,65,65,65,65,65,65,65,65,65,65,65,65,65,65,65],"card_choices":[{"not_picked":["Stack","Double Energy","Fusion"],"picked":"SKIP","floor":1.0},{"not_picked":["Sweeping Beam","Stack","Capacitor"],"picked":"SKIP","floor":2.0},{"not_picked":["StuffTheSpire:Rend","Capacitor"],"picked":"Gash","floor":3.0},{"not_picked":["Capacitor","Conserve Battery"],"picked":"ReplayTheSpireMod:Calculation Training","floor":7.0},{"not_picked":["Force Field","StuffTheSpire:ForEach","BasicCrystalCard"],"picked":"SKIP","floor":11.0},{"not_picked":["ReplayGash","Defragment","BootSequence"],"picked":"SKIP","floor":13.0},{"not_picked":["ReplayGash","Defragment","BootSequence"],"picked":"SKIP","floor":13.0},{"not_picked":["Fusion","Beam Cell"],"picked":"Gash","floor":14.0},{"not_picked":["Coolheaded","Time Bomb+1","ReplaySort"],"picked":"SKIP","floor":18.0},{"not_picked":["Turbo","StuffTheSpire:Plugnplay"],"picked":"FTL","floor":25.0},{"not_picked":["Chill+1","Ball Lightning"],"picked":"Conserve Battery","floor":29.0},{"not_picked":["Aggregate","ReplayGash","Beam Cell"],"picked":"SKIP","floor":31.0},{"not_picked":["Multi-Cast","Reboot"],"picked":"Machine Learning","floor":33.0},{"not_picked":["RefreshScreen+1","Panic Button"],"picked":"Beam Cell+1","floor":35},{"not_picked":["ReplayTheSpireMod:Repulse","Barrage","BootSequence+1"],"picked":"SKIP","floor":36},{"not_picked":["Crystallizer","BasicCrystalCard+1","Barrage+1"],"picked":"SKIP","floor":39},{"not_picked":["Streamline+1","Ball Lightning"],"picked":"hubris:DoWhile","floor":41},{"not_picked":["BootSequence+1","StuffTheSpire:Plugnplay","StuffTheSpire:LoadUp"],"picked":"SKIP","floor":42},{"not_picked":["Coolheaded","Sweeping Beam","Leap+1"],"picked":"SKIP","floor":44},{"not_picked":["conspire:Rain","Sweeping Beam+1","Chill+1"],"picked":"SKIP","floor":45},{"not_picked":["ReplaySolidLightProjector+1","Sweeping Beam+1"],"picked":"Gash+1","floor":46},{"not_picked":["Coolheaded+1","Cold Snap","Reprogram"],"picked":"SKIP","floor":47},{"not_picked":["Coolheaded+1","Cold Snap","Reprogram"],"picked":"SKIP","floor":47},{"not_picked":["Defragment","StuffTheSpire:NuclearReactor","Leap"],"picked":"SKIP","floor":48}],"player_experience":268128,"relics_obtained":[{"floor":7.0,"key":"Incense Burner"},{"floor":9.0,"key":"conspire:Boomerang"},{"floor":11.0,"key":"Centennial Puzzle"},{"floor":14.0,"key":"infinitespire:Eraser"},{"floor":25.0,"key":"RollingBoulder"},{"floor":26.0,"key":"hubris:MobiusCoin"},{"floor":41,"key":"Omamori"},{"floor":43,"key":"Bottled Tornado"},{"floor":45,"key":"StuffTheSpire:Experiment12"},{"floor":47,"key":"The Courier"}],"event_choices":[{"damage_healed":0.0,"max_hp_gain":37.0,"max_hp_loss":7.0,"gold_gain":0.0,"event_name":"betterAltar:BetterAltar","player_choice":" Idol ","floor":21.0,"potions_obtained":[],"relics_lost":[],"gold_loss":0.0,"damage_taken":30.0,"relics_obtained":["Bloody Idol"]},{"damage_healed":0,"gold_gain":0,"player_choice":"Bought 1 Potion","damage_taken":0,"max_hp_gain":0,"max_hp_loss":0,"event_name":"The Woman in Blue","floor":37,"gold_loss":0}],"is_beta":true,"boss_relics":[{"not_picked":["Ectoplasm","hubris:GrandSneckoEye"],"picked":"Replay:Drink Me"},{"not_picked":["conspire:SpecialSausage","aspiration:SecretTechniqueScroll"],"picked":"Tiny House"}],"items_purged_floors":[19,20],"is_endless":false,"potions_floor_spawned":[2,7,14,25,33,36,39,46,48],"killed_by":"Shield and Spear","ascension_level":9}}