{"host":"qwv9nni2x0umspiu","time":1609116052,"event":{"mods":["BaseMod","Downfall","Minty Spire (QoL Compilation)","Replay The Spire","StSLib","The Hierophant","Wandering Minibosses"],"gold_per_floor":[112,29,29,48,48,48,79,79,129,72,92,92,92,17,17,111,111,122,143,149,149,92,75,75,65,65],"floor_reached":25,"playtime":1023,"items_purged":["hierophant:Strike_Hierophant"],"score":464,"play_id":"d0420ed3-40ba-42eb-986d-13cda96f7f4b","local_time":"20201227164052","is_ascension_mode":true,"campfire_choices":[{"data":"hierophant:ChurchCoffers","floor":6,"key":"SMITH"},{"data":"hierophant:Punish","floor":12,"key":"SMITH"},{"data":"hierophant:Batter","floor":15,"key":"SMITH"},{"data":"hierophant:SealAway","floor":24,"key":"SMITH"}],"circlet_count":0,"master_deck":["AscendersBane","hierophant:Punish+1","hierophant:Defend_Hierophant","hierophant:Defend_Hierophant","hierophant:ChurchCoffers+1","hierophant:Community","hierophant:Batter+1","hierophant:Doubloon+1","hierophant:Zeal","hierophant:Shelter","hexamod:Haunted","Guardian:Aged","hierophant:Smite","hierophant:SealAway+1"],"relics":["hierophant:PropheticMaskRelic","NeowsBlessing","Golden Idol","Orichalcum","Toy Ornithopter","Bag of Preparation","Kintsugi"],"acts_visited":["Exordium","TheCity"],"potions_floor_usage":[16,25],"damage_taken":[{"damage":0,"enemies":"Small Slimes","floor":1,"turns":1},{"damage":0,"enemies":"Cultist","floor":4,"turns":1},{"damage":0,"enemies":"Lagavulin","floor":7,"turns":1},{"damage":20,"enemies":"Gremlin Nob","floor":11,"turns":4},{"damage":21,"enemies":"The Guardian","floor":16,"turns":13},{"damage":6,"enemies":"3 Byrds","floor":18,"turns":4},{"damage":18,"enemies":"Chosen","floor":19,"turns":6},{"damage":16,"enemies":"Snake Plant","floor":20,"turns":3},{"damage":8,"enemies":"Cultist and Chosen","floor":23,"turns":4},{"damage":19,"enemies":"Snecko","floor":25,"turns":3}],"seed_played":"8104508455149004279","potions_obtained":[{"floor":4,"key":"Dexterity Potion"},{"floor":11,"key":"BlessingOfTheForge"},{"floor":23,"key":"SkillPotion"}],"is_trial":false,"path_per_floor":["M","$","?","M","?","R","E","?","T","$","E","R","?","$","R","B",null,"M","M","M","?","$","M","R","M"],"character_chosen":"HIEROPHANT","items_purchased":["hierophant:Community","hierophant:Zeal","hierophant:Smite"],"campfire_rested":0,"item_purchase_floors":[2,10,22],"current_hp_per_floor":[68,68,68,68,42,42,42,42,42,42,22,22,22,22,22,6,58,52,34,18,18,18,10,10,0,0],"gold":65,"neow_bonus":"THREE_ENEMY_KILL","is_daily":false,"chose_seed":false,"campfire_upgraded":4,"win_rate":0.0,"timestamp":1609116052,"path_taken":["M","$","?","?","?","R","E","?","T","$","E","R","?","?","R","BOSS","M","M","M","?","$","M","R","M"],"items_purchased_type":["Card","Card","Card"],"build_version":"2020-12-22","purchased_purges":1,"victory":false,"max_hp_per_floor":[75,75,75,75,75,75,75,75,75,75,75,75,75,75,75,75,75,75,75,75,75,75,75,75,75,75],"card_choices":[{"not_picked":["hierophant:DisplayOfPower","hierophant:Doubloon","hierophant:Flagellation"],"picked":"SKIP","floor":1},{"not_picked":["hierophant:DisplayOfPower","hierophant:MirrorShield","hierophant:Chorus"],"picked":"SKIP","floor":4},{"not_picked":["hierophant:Sermon","hierophant:Dazzle","hierophant:Doubloon"],"picked":"SKIP","floor":7},{"not_picked":["hierophant:Chorus","hierophant:Anathema"],"picked":"hierophant:Shelter","floor":11},{"not_picked":["hierophant:PassingBell","hierophant:Doubloon","hierophant:Blessing"],"picked":"SKIP","floor":18},{"not_picked":["hierophant:Martyrdom","hierophant:Patience","hierophant:ThreeLashes"],"picked":"SKIP","floor":19},{"not_picked":["hierophant:CursedGold","hierophant:Martyrdom","hierophant:Bribe"],"picked":"SKIP","floor":20},{"not_picked":["hierophant:Rebuild","hierophant:Shelter"],"picked":"hierophant:SealAway","floor":23}],"player_experience":1314639,"relics_obtained":[{"floor":7,"key":"Orichalcum"},{"floor":9,"key":"Toy Ornithopter"},{"floor":11,"key":"Bag of Preparation"}],"event_choices":[{"damage_healed":0,"gold_gain":0,"player_choice":"2 cards matched","damage_taken":0,"max_hp_gain":0,"max_hp_loss":0,"event_name":"Match and Keep!","floor":3,"gold_loss":0,"cards_obtained":["hierophant:Batter","hierophant:SealAway"]},{"damage_healed":0,"gold_gain":0,"player_choice":"Take Damage","damage_taken":26,"relics_obtained":["Golden Idol"],"max_hp_gain":0,"max_hp_loss":0,"event_name":"Golden Idol","floor":5,"gold_loss":0}],"is_beta":false,"boss_relics":[{"not_picked":["Honey Jar","Replay:Ancient Bell"],"picked":"Kintsugi"}],"items_purged_floors":[14],"is_endless":false,"potions_floor_spawned":[4,11,23],"killed_by":"Snecko","ascension_level":20}}