{"host":"i0avyit1s6jb1siw","time":1609170451,"event":{"mods":["BaseMod","DeckTracker","Dota2Spire","Highlight Path","Minty Spire (QoL Compilation)","Quick Restart","Replay The Spire","StSLib","SuperFastMode"],"gold_per_floor":[114,114,134,132,132,132,175,175,175,188,188,188,211,227,227,227,227],"floor_reached":16,"playtime":344,"items_purged":["Normality"],"score":200,"play_id":"682eb26c-26f8-4a6d-9f58-bded22bcff6f","local_time":"20201228164731","is_ascension_mode":true,"campfire_choices":[{"data":"Neutralize","floor":6,"key":"SMITH"},{"data":"Eviscerate","floor":8,"key":"SMITH"},{"data":"Predator","floor":11,"key":"SMITH"},{"data":"Dagger Spray","floor":15,"key":"SMITH"}],"circlet_count":0,"master_deck":["AscendersBane","Strike_G","Strike_G","Strike_G","Strike_G","Strike_G","Defend_G","Defend_G","Defend_G","Defend_G","Defend_G","Survivor","Neutralize+1","Dagger Spray+1","Dagger Throw","Eviscerate+1","Predator+1"],"relics":["Ring of the Snake","ReplayTheSpireMod:TigerMarble","Golden Idol","ReplayTheSpireMod:CursedCoin","Tiny Chest"],"acts_visited":["Exordium"],"potions_floor_usage":[16,16],"damage_taken":[{"damage":7,"enemies":"Cultist","floor":1,"turns":5},{"damage":1,"enemies":"2 Louse","floor":3,"turns":3},{"damage":14,"enemies":"Replay:BlueRogue","floor":7,"turns":7},{"damage":3,"enemies":"Small Slimes","floor":10,"turns":5},{"damage":3,"enemies":"Looter","floor":13,"turns":2},{"damage":5,"enemies":"Exordium Wildlife","floor":14,"turns":4},{"damage":58,"enemies":"Fading Forest","floor":16,"turns":12}],"seed_played":"6855070262943006286","potions_obtained":[{"floor":3,"key":"Dota2Spire:HealingSalve"},{"floor":7,"key":"Block Potion"},{"floor":13,"key":"Fire Potion"}],"is_trial":false,"path_per_floor":["M","?","M","$","?","R","E","R","T","M","R","?","M","M","R","B"],"character_chosen":"THE_SILENT","items_purchased":["ReplayTheSpireMod:CursedCoin","Eviscerate"],"campfire_rested":0,"item_purchase_floors":[4,4],"current_hp_per_floor":[52,52,51,51,51,51,37,37,37,34,34,34,31,26,26,0,0],"gold":227,"neow_bonus":"RANDOM_COMMON_RELIC","is_daily":false,"chose_seed":false,"campfire_upgraded":4,"win_rate":0.0,"timestamp":1609170451,"path_taken":["M","?","M","$","?","R","E","R","T","M","R","?","M","M","R","BOSS"],"items_purchased_type":["Relic","Card"],"build_version":"2020-12-22","purchased_purges":1,"victory":false,"max_hp_per_floor":[66,60,60,60,60,60,60,60,60,60,60,60,60,60,60,60,60],"card_choices":[{"not_picked":["Flying Knee","Slice"],"picked":"Dagger Spray","floor":1},{"not_picked":["Poisoned Stab","Finisher"],"picked":"Dagger Throw","floor":3},{"not_picked":["Sucker Punch","Choke","Dagger Throw"],"picked":"SKIP","floor":7},{"not_picked":["Hidden Blade","Toxin Wave"],"picked":"Predator","floor":10},{"not_picked":["Sneak Up","Dodge and Roll","Bane"],"picked":"SKIP","floor":13},{"not_picked":["Night Terror","Slice","Hidden Blade"],"picked":"SKIP","floor":14}],"player_experience":2121638,"relics_obtained":[{"floor":7,"key":"Tiny Chest"}],"event_choices":[{"damage_healed":0,"gold_gain":0,"player_choice":"Lose Max HP","damage_taken":0,"relics_obtained":["Golden Idol"],"max_hp_gain":0,"max_hp_loss":6,"event_name":"Golden Idol","floor":2,"gold_loss":0},{"damage_healed":0,"gold_gain":0,"player_choice":"Ignored","damage_taken":0,"max_hp_gain":0,"max_hp_loss":0,"event_name":"Liars Game","floor":5,"gold_loss":0}],"is_beta":false,"boss_relics":[],"items_purged_floors":[4],"is_endless":false,"potions_floor_spawned":[3,7,10,13],"killed_by":"Fading Forest","ascension_level":20}}