{"host":"9s40qwdfo6o6xlx0","time":1609131228,"event":{"mods":["ATMod(°¢èªMod)","BaseMod","Highlight Path","Minty Spire (QoL Compilation)","Replay The Spire","StSLib"],"gold_per_floor":[116,134,149,103,119,136,311,355,355,386,406,437,437,449,449,449,449],"floor_reached":16,"playtime":858,"items_purged":[],"score":114,"play_id":"64f5c7b1-5362-413f-bfbf-a1191e184b7a","local_time":"20201228125348","is_ascension_mode":false,"campfire_choices":[{"data":"Capacitor","floor":13.0,"key":"SMITH"},{"data":"AT_ThunderBolt","floor":13.0,"key":"SMITH"},{"data":"Chaos","floor":15.0,"key":"SMITH"},{"data":"Zap","floor":15.0,"key":"SMITH"}],"circlet_count":0,"master_deck":["Strike_B","Strike_B","Strike_B","Strike_B","Defend_B","Defend_B","Defend_B","Defend_B","Zap+1","Dualcast","AT_LightSaberMaster","Glacier","Capacitor+1","Sweeping Beam","Go for the Eyes","Turbo","Gash","Doubt","ReplayTheSpireMod:Splinters","Coolheaded","Chaos+1","AT_ThunderBolt+1","Hello World","Gash","Leap"],"relics":["Cracked Core","AT_ATBox","Geode","AT_RabadonDeathcap","Replay:Bottled Steam","Replay:Arrowhead"],"acts_visited":["Exordium"],"potions_floor_usage":[16],"damage_taken":[{"damage":0.0,"enemies":"Cultist","floor":1.0,"turns":4.0},{"damage":0.0,"enemies":"Small Slimes","floor":2.0,"turns":4.0},{"damage":8.0,"enemies":"2 Louse","floor":3.0,"turns":4.0},{"damage":7.0,"enemies":"2 Fungi Beasts","floor":5.0,"turns":5.0},{"damage":13.0,"enemies":"Large Slime","floor":6.0,"turns":10.0},{"damage":24.0,"enemies":"Lagavulin","floor":10.0,"turns":13.0},{"damage":11.0,"enemies":"Blue Slaver","floor":11.0,"turns":6.0},{"damage":16.0,"enemies":"Gremlin Nob","floor":12.0,"turns":6.0},{"damage":0.0,"enemies":"Looter","floor":14.0,"turns":4.0},{"damage":13,"enemies":"The Guardian","floor":16,"turns":2}],"seed_played":"-3227136471640834065","potions_obtained":[{"floor":3.0,"key":"GamblersBrew"},{"floor":5.0,"key":"Fruit Juice"},{"floor":8.0,"key":"Milkshake"},{"floor":11.0,"key":"FearPotion"},{"floor":12.0,"key":"Block Potion"}],"is_trial":false,"path_per_floor":["M","M","M","$","M","M","?","?","T","E","M","E","R","M","R","B"],"character_chosen":"DEFECT","items_purchased":["Go for the Eyes"],"campfire_rested":0,"item_purchase_floors":[4],"current_hp_per_floor":[82,82,74,74,72,59,59,59,59,35,24,8,8,8,8,0,0],"gold":449,"neow_bonus":"TEN_PERCENT_HP_BONUS","is_daily":false,"chose_seed":false,"campfire_upgraded":4,"win_rate":0.0,"timestamp":1609131228,"path_taken":["M","M","M","?","M","M","?","?","T","E","M","E","R","M","R","BOSS"],"items_purchased_type":["Card"],"build_version":"2020-12-22","purchased_purges":0,"victory":false,"max_hp_per_floor":[82,82,82,82,87,87,87,87,87,87,87,87,87,87,87,87,87],"card_choices":[{"not_picked":["Rebound","AT_HeatAcrobatics"],"picked":"Glacier","floor":1.0},{"not_picked":["Doom and Gloom","AT_HeatAcrobatics"],"picked":"Capacitor","floor":2.0},{"not_picked":["Redo","Ball Lightning"],"picked":"Sweeping Beam","floor":3.0},{"not_picked":["Double Energy","Skim"],"picked":"Turbo","floor":5.0},{"not_picked":["Sweeping Beam","Compile Driver"],"picked":"Gash","floor":6.0},{"not_picked":["Cold Snap","Tempest"],"picked":"Coolheaded","floor":8.0},{"not_picked":["ReplayTheSpireMod:GoodbyeWorld","AT_EMC2"],"picked":"Chaos","floor":8.0},{"not_picked":["AT_ThreeBodyProblem","Aggregate"],"picked":"AT_ThunderBolt","floor":10.0},{"not_picked":["Skim","Coolheaded"],"picked":"Hello World","floor":11.0},{"not_picked":["Leap","Turbo"],"picked":"Gash","floor":12.0},{"not_picked":["Sweeping Beam","Stack"],"picked":"Leap","floor":14.0}],"player_experience":32677,"relics_obtained":[{"floor":8.0,"key":"Geode"},{"floor":9.0,"key":"AT_RabadonDeathcap"},{"floor":10.0,"key":"Replay:Bottled Steam"},{"floor":12.0,"key":"Replay:Arrowhead"}],"event_choices":[{"damage_healed":0.0,"max_hp_gain":0.0,"max_hp_loss":0.0,"gold_gain":175.0,"event_name":"Liars Game","player_choice":"AGREE","floor":7.0,"gold_loss":0.0,"damage_taken":0.0,"cards_obtained":["Doubt"]}],"is_beta":false,"boss_relics":[],"items_purged_floors":[],"is_endless":false,"potions_floor_spawned":[3,5,11,12],"killed_by":"The Guardian","ascension_level":0}}