{"host":"8jwif9mna8ud19ho","time":1609136372,"event":{"mods":["BaseMod","Better Vampires","Lobotomy","Marisa£¨ìFÓê¡¡Ä§ÀíÉ³£©","Minty Spire (QoL Compilation)","Reimu£¨²©ÀöÁéÃÎ£©","RumiaBox-Â¶Ã×æ«µÄÉñÃØºÐ×Ó","StSLib","¡¾ÒÅÎï¿¨ÅÆ¡¿REMEMod"],"gold_per_floor":[117,137,137,161,86,86,107,126,151,191,214,214,214,233,233,233,233],"floor_reached":16,"playtime":487,"items_purged":[],"score":208,"play_id":"59dc7048-f1b7-4dd4-82a5-5444214f58f7","local_time":"20201228141932","is_ascension_mode":true,"campfire_choices":[{"data":"Armaments","floor":6.0,"key":"SMITH"},{"data":"Body Slam","floor":12.0,"key":"SMITH"},{"data":"Evolve","floor":15,"key":"SMITH"}],"circlet_count":0,"master_deck":["AscendersBane","Strike_R","Strike_R","Strike_R","Strike_R","Defend_R","Defend_R","Defend_R","Defend_R","Bash","REME_HeartOfCthun","MeatLantern","Evolve+1","Bloodbath","Armaments+1","Yin","Body Slam+1"],"relics":["Burning Blood","REME_ComplimentaryCards","CogitoBucket","Golden Idol","Happy Flower","REME_HandOfSuture"],"acts_visited":["Exordium"],"potions_floor_usage":[],"damage_taken":[{"damage":9.0,"enemies":"2 Louse","floor":1.0,"turns":2.0},{"damage":0.0,"enemies":"Small Slimes","floor":2.0,"turns":2.0},{"damage":7.0,"enemies":"Jaw Worm","floor":4.0,"turns":4.0},{"damage":12.0,"enemies":"2 Fungi Beasts","floor":7.0,"turns":5.0},{"damage":2.0,"enemies":"Looter","floor":8.0,"turns":3.0},{"damage":39.0,"enemies":"Gremlin Nob","floor":10.0,"turns":8.0},{"damage":3.0,"enemies":"3 Louse","floor":11.0,"turns":2.0},{"damage":0.0,"enemies":"Exordium Wildlife","floor":14.0,"turns":3.0},{"damage":57,"enemies":"Slime Boss","floor":16,"turns":12}],"seed_played":"-2952576938917514829","potions_obtained":[{"floor":4.0,"key":"SteroidPotion"},{"floor":8.0,"key":"LiquidBronze"}],"is_trial":false,"path_per_floor":["M","M","?","M","?","R","M","M","T","E","M","R","?","M","R","B"],"character_chosen":"IRONCLAD","items_purchased":[],"campfire_rested":0,"item_purchase_floors":[],"current_hp_per_floor":[65,71,68,67,67,67,62,66,66,36,40,40,40,47,47,0,0],"gold":233,"neow_bonus":"","is_daily":false,"chose_seed":false,"campfire_upgraded":3,"win_rate":0.0,"timestamp":1609136372,"path_taken":["M","M","?","M","?","R","M","M","T","E","M","R","?","M","R","BOSS"],"items_purchased_type":[],"build_version":"2020-12-22","purchased_purges":0,"victory":false,"max_hp_per_floor":[75,75,68,68,68,68,68,68,68,68,68,68,68,68,68,68,68],"card_choices":[{"not_picked":["QueenBee","CrumblingArmor"],"picked":"MeatLantern","floor":1.0},{"not_picked":["Seeing Red","Cleave"],"picked":"Evolve","floor":1.0},{"not_picked":["True Grit","Blood for Blood","Twin Strike"],"picked":"SKIP","floor":2.0},{"not_picked":["HeroicMonk","SpiderBud"],"picked":"Bloodbath","floor":4.0},{"not_picked":["Thunderclap","Anger"],"picked":"Armaments","floor":4.0},{"not_picked":["Cleave","Thunderclap","Ghostly Armor"],"picked":"SKIP","floor":7.0},{"not_picked":["MHz","Porccubus"],"picked":"Yin","floor":8.0},{"not_picked":["Clothesline","Havoc"],"picked":"Body Slam","floor":8.0},{"not_picked":["Armaments","Iron Wave","Rupture"],"picked":"SKIP","floor":10.0},{"not_picked":["Sword Boomerang","Spot Weakness","Armaments"],"picked":"SKIP","floor":11.0},{"not_picked":["Infernal Blade","Dual Wield","Sword Boomerang"],"picked":"SKIP","floor":14}],"player_experience":1102921,"relics_obtained":[{"floor":9.0,"key":"Happy Flower"},{"floor":10.0,"key":"REME_HandOfSuture"}],"event_choices":[{"damage_healed":0.0,"max_hp_gain":0.0,"max_hp_loss":7.0,"gold_gain":0.0,"event_name":"Golden Idol","player_choice":"Lose Max HP","floor":3.0,"gold_loss":0.0,"damage_taken":0.0,"relics_obtained":["Golden Idol"]},{"cards_removed":["Strike_R"],"damage_healed":0.0,"max_hp_gain":0.0,"max_hp_loss":0.0,"gold_gain":0.0,"event_name":"The Cleric","player_choice":"Card Removal","floor":5.0,"gold_loss":75.0,"damage_taken":0.0},{"damage_healed":0.0,"max_hp_gain":0.0,"max_hp_loss":0.0,"gold_gain":0.0,"event_name":"Dead Adventurer","player_choice":"Searched \u00270\u0027 times","floor":13.0,"gold_loss":0.0,"damage_taken":0.0}],"is_beta":false,"boss_relics":[],"items_purged_floors":[],"is_endless":false,"potions_floor_spawned":[4,8,14],"killed_by":"Slime Boss","ascension_level":20}}