{"host":"pszcj3piwl6eu8b1","time":1609176249,"event":{"mods":["2.2 Compatiblity","Act Like it!","Aspiration","BaseMod","Better Altar","Better Match","Better Note","Better Sensory Stone","Better Skull","Better Third Choice","Better Vampires","CCEM","CapriCore","Energized Spire","Gensokyo","GifTheSpireLib","Hallownest","Hermit","Hubris","Jorbs\u0027s Wanderer Trilogy","Marisa????????","Marked Mod","Minty Spire (QoL Compilation)","Permanent Neow","Quarter Circle Forward PUNCH!","Quick Restart","Replay The Spire","Shop Mod","StSLib","Stuff the Spire","The Animator","The Blue Laboratory","The Immortal"],"gold_per_floor":[112,131,131,131,56,56,85,85,111,111,111,143,143,143,143,236,236,247,247,247,247,260,277,277,324,324,334,334,334,334,18,18,95,95,115,115,115,382,382,382,382,392,415,415,415],"floor_reached":44,"playtime":4053,"items_purged":["Pain"],"score":825,"play_id":"b2d9251c-d0c1-44a6-b73b-ca867c559a9d","local_time":"20201228092409","is_ascension_mode":true,"campfire_choices":[{"data":"animator:ShidoItsuka","floor":6.0,"key":"SMITH"},{"data":"animator:IzunaHatsuse","floor":8.0,"key":"SMITH"},{"data":"animator:AyaShameimaru","floor":10.0,"key":"SMITH"},{"floor":15.0,"key":"REST"},{"data":"animator:KurumiTokisaki","floor":24.0,"key":"SMITH"},{"data":"StuffTheSpire:BrainWave","floor":32.0,"key":"SMITH"},{"data":"Night Terror","floor":40.0,"key":"SMITH"}],"circlet_count":0,"master_deck":["AscendersBane","animator:Strike_DateALive","animator:Defend_DateALive","animator:Strike","animator:Strike","animator:ShidoItsuka+1","animator:AyaShameimaru+1","animator:YuiTsuruno","animator:IzunaHatsuse+1","animator:Natsumi+1","animator:YuriNakamura","animator:MikuIzayoi","animator:KurumiTokisaki+1","Gensokyo:AllTheWorldsEvil","animator:YuiTsuruno","animator:IrohaTamaki+1","animator:YamaiSisters","animator:YamaiSisters","animator:MisaKurobane","animator:Magilou","StuffTheSpire:BrainWave+1","Night Terror+1","animator:Kanaria","animator:Kyubey"],"relics":["animator:LivingPicture","animator:TheMissingPiece","animator:PurgingStone","Gensokyo:LunaticRedEyes","Juzu Bracelet","Gensokyo:NagashiBinaDoll","hubris:ScarierMask","animator:PurpleTeddyBear","StuffTheSpire:NeowsTribute","StuffTheSpire:Expresso","animator:HolyGrailRelic","hubris:Towel","Gensokyo:DualWield","CCEMRelics:SpiritsEdge"],"acts_visited":["Gensokyo:Gensokyo","Gensokyo:Gensokyoer","Gensokyo:Gensokyoest"],"potions_floor_usage":[44],"damage_taken":[{"damage":2.0,"enemies":"Gensokyo:Python","floor":1.0,"turns":3.0},{"damage":10.0,"enemies":"Gensokyo:Gryphon","floor":2.0,"turns":6.0},{"damage":2.0,"enemies":"Gensokyo:2_Kodama","floor":7.0,"turns":4.0},{"damage":0.0,"enemies":"Gensokyo:Gryphon_and_Rabbit","floor":12.0,"turns":7.0},{"damage":26.0,"enemies":"Gensokyo:Yukari","floor":16.0,"turns":12.0},{"damage":0.0,"enemies":"Gensokyo:CosmicMonolith","floor":18.0,"turns":6.0},{"damage":0.0,"enemies":"Gensokyo:Chomper","floor":22.0,"turns":5.0},{"damage":0.0,"enemies":"Gensokyo:Swordslinger","floor":23.0,"turns":5.0},{"damage":7.0,"enemies":"Gensokyo:Reisen","floor":25.0,"turns":5.0},{"damage":13.0,"enemies":"Gensokyo:3_Gloops","floor":27.0,"turns":8.0},{"damage":15.0,"enemies":"Gensokyo:Eiki","floor":33.0,"turns":17.0},{"damage":20.0,"enemies":"Gensokyo:AncientGuardian","floor":35.0,"turns":10.0},{"damage":0.0,"enemies":"Gensokyo:3_Bats","floor":42.0,"turns":2.0},{"damage":25,"enemies":"Gensokyo:Kasen","floor":44,"turns":3}],"seed_played":"8522904247405767804","potions_obtained":[{"floor":1.0,"key":"Energy Potion"},{"floor":16.0,"key":"SkillPotion"},{"floor":23.0,"key":"blueLaboratory:BubblePotion"},{"floor":25.0,"key":"Toxic Potion"},{"floor":27.0,"key":"Strength Potion"},{"floor":42.0,"key":"SpeedPotion"}],"is_trial":false,"path_per_floor":["M","M","?","?","$","R","M","R","T","R","?","M","T","?","R","B",null,"M","?","?","T","M","M","R","E","T","M","?","?","?","$","R","B",null,"M","?","?","?","?","R","?","M","T","E"],"character_chosen":"THE_ANIMATOR","items_purchased":["StuffTheSpire:Expresso"],"campfire_rested":1,"item_purchase_floors":[31],"current_hp_per_floor":[52,42,12,12,12,12,10,10,10,10,10,16,16,16,34,14,49,50,50,50,50,50,50,50,43,43,30,30,30,23,23,23,18,58,40,40,40,16,16,16,16,24,24,0,0],"gold":415,"neow_bonus":"REMOVE_CARD","is_daily":false,"chose_seed":true,"campfire_upgraded":6,"win_rate":0.0,"timestamp":1609176249,"path_taken":["M","M","?","?","?","R","M","R","T","R","?","M","?","?","R","BOSS","M","?","?","?","M","M","R","E","T","M","?","?","?","?","R","BOSS","M","?","?","?","?","R","?","M","T","E"],"items_purchased_type":["Relic"],"build_version":"2020-12-22","purchased_purges":1,"victory":false,"max_hp_per_floor":[60,60,60,60,60,60,60,60,60,60,60,60,60,60,60,60,60,61,61,61,61,61,61,61,61,61,61,61,61,61,61,61,61,69,71,71,71,71,71,71,71,73,73,70,70],"card_choices":[{"not_picked":["animator:Sonic","animator:Yui"],"picked":"animator:AyaShameimaru","floor":1.0},{"not_picked":["animator:Yusa","animator:NiaHonjou"],"picked":"animator:YuiTsuruno","floor":2.0},{"not_picked":["animator:Priestess","animator:JunSakurada"],"picked":"animator:IzunaHatsuse","floor":7.0},{"not_picked":["animator:NiaHonjou","animator:ShidoItsuka"],"picked":"animator:Natsumi","floor":12.0},{"not_picked":["animator:ChaikaTrabant","animator:Shinku"],"picked":"animator:YuriNakamura","floor":16.0},{"not_picked":["animator:YunYun","animator:YachiyoNanami"],"picked":"animator:MikuIzayoi","floor":18.0},{"not_picked":["animator:MumenRider","animator:Yusa"],"picked":"animator:YuiTsuruno","floor":22.0},{"not_picked":["animator:Shuna","animator:KoishiKomeiji"],"picked":"animator:IrohaTamaki+1","floor":23.0},{"not_picked":["animator:OrigamiTobiichi","animator:ShidoItsuka"],"picked":"animator:YamaiSisters","floor":25.0},{"not_picked":["animator:Kazuma","animator:Emonzaemon"],"picked":"animator:YamaiSisters","floor":27.0},{"not_picked":["animator:MisakiNakahara","animator:HououinKyouma"],"picked":"animator:MisaKurobane","floor":28.0},{"not_picked":["animator:Zero","animator:LimeBell"],"picked":"animator:Magilou","floor":28.0},{"not_picked":["StuffTheSpire:Brawn","StuffTheSpire:Perfection"],"picked":"StuffTheSpire:BrainWave","floor":29.0},{"not_picked":["animator:HomuraAkemi","animator:HigakiRinne"],"picked":"animator:Kanaria","floor":33.0},{"not_picked":["animator:Mitsuba","animator:Kagari","animator:MeguKakizaki+1"],"picked":"SKIP","floor":35.0},{"not_picked":["animator:OrikoMikuni","animator:UneriGinkaku"],"picked":"animator:Kyubey","floor":42.0}],"player_experience":1510584,"relics_obtained":[{"floor":9.0,"key":"Juzu Bracelet"},{"floor":13.0,"key":"ReplayTheSpireMod:TigerMarble"},{"floor":21.0,"key":"animator:PurpleTeddyBear"},{"floor":25.0,"key":"StuffTheSpire:NeowsTribute"},{"floor":43.0,"key":"CCEMRelics:SpiritsEdge"}],"event_choices":[{"damage_healed":0.0,"max_hp_gain":0.0,"max_hp_loss":0.0,"gold_gain":2.0,"event_name":"betterStone:BetterStone","player_choice":"1","floor":28.0,"gold_loss":0.0,"damage_taken":0.0},{"damage_healed":0.0,"max_hp_gain":0.0,"max_hp_loss":0.0,"gold_gain":267.0,"event_name":"betterSkull:BetterSkull","player_choice":"GO GO GO ","floor":38.0,"gold_loss":0.0,"damage_taken":27.0,"cards_upgraded":[],"relics_obtained":[]}],"is_beta":false,"boss_relics":[{"not_picked":["CCEMRelics:GreenEgg","aspiration:RitualDagger"],"picked":"hubris:ScarierMask"},{"not_picked":["Fusion Hammer","ReplayTheSpireMod:DimensionalGlitch"],"picked":"animator:HolyGrailRelic"}],"items_purged_floors":[5],"is_endless":false,"potions_floor_spawned":[1,16,23,25,27,42],"killed_by":"Gensokyo:Kasen","ascension_level":20}}