{"host":"ujb8ojs2m8j2cdlp","time":1609126522,"event":{"mods":["AchievementEnabler","BaseMod","Bestiary","Colored Map","Colored Powertips","Minty Spire (QoL Compilation)","Relic Stats","ojb\u0027s Better Paths Mod","ojb\u0027s Info Mod"],"gold_per_floor":[116,131,146,146,158,158,183,183,183,213,228,253,273,300,300,377,377,392,392,442,461,479,479,131,158,195,207,239,351,363,394,406,493,505,529,541,572,599,611,653,665,690,729,320,348,348,348,364,364,364,364,364,364,26,55,55],"floor_reached":57,"playtime":13377,"items_purged":["Strike_G","Strike_G"],"score":2924,"play_id":"1369d706-940f-4fba-980a-1f167aad0e55","local_time":"20201227193522","is_ascension_mode":true,"campfire_choices":[{"data":"All Out Attack","floor":6.0,"key":"SMITH"},{"data":"Predator","floor":8.0,"key":"SMITH"},{"floor":15.0,"key":"REST"},{"data":"Wraith Form v2","floor":23.0,"key":"SMITH"},{"data":"1","floor":27.0,"key":"LIFT"},{"data":"Well Laid Plans","floor":32.0,"key":"SMITH"},{"data":"Wraith Form v2","floor":41.0,"key":"SMITH"},{"data":"2","floor":47.0,"key":"LIFT"},{"floor":49.0,"key":"RECALL"},{"data":"3","floor":53.0,"key":"LIFT"}],"circlet_count":0,"master_deck":["AscendersBane","Defend_G","Defend_G","Defend_G","Defend_G","Defend_G","Survivor","Neutralize","Terror","Predator+1","Blade Dance","All Out Attack+1","Sucker Punch","Die Die Die","Well Laid Plans+1","Adrenaline","Wraith Form v2+1","Caltrops+1","Phantasmal Killer+1","Footwork+1","Footwork","PiercingWail","Good Instincts","Skewer","Footwork","PiercingWail","Ghostly","Ghostly","Ghostly","Wraith Form v2+1","Blade Dance+1","Acrobatics","Malaise","Backflip","Calculated Gamble","Phantasmal Killer","Finisher","Noxious Fumes+1","PiercingWail","Good Instincts"],"relics":["Ring of the Snake","NeowsBlessing","Juzu Bracelet","InkBottle","Girya","Blue Candle","Potion Belt","Astrolabe","Bag of Preparation","MawBank","Vajra","Mango","Ornamental Fan","Sozu","Frozen Egg 2","Pen Nib","Dead Branch","Art of War"],"acts_visited":["Exordium","TheCity","TheBeyond","TheEnding"],"potions_floor_usage":[56,56,56,56],"damage_taken":[{"damage":0.0,"enemies":"Cultist","floor":1.0,"turns":1.0},{"damage":0.0,"enemies":"2 Louse","floor":2.0,"turns":1.0},{"damage":0.0,"enemies":"Small Slimes","floor":3.0,"turns":1.0},{"damage":3.0,"enemies":"Looter","floor":5.0,"turns":3.0},{"damage":6.0,"enemies":"Gremlin Nob","floor":7.0,"turns":3.0},{"damage":15.0,"enemies":"3 Sentries","floor":10.0,"turns":5.0},{"damage":1.0,"enemies":"3 Louse","floor":11.0,"turns":3.0},{"damage":7.0,"enemies":"Lagavulin","floor":12.0,"turns":7.0},{"damage":0.0,"enemies":"Large Slime","floor":13.0,"turns":2.0},{"damage":12.0,"enemies":"3 Sentries","floor":14.0,"turns":5.0},{"damage":22.0,"enemies":"Slime Boss","floor":16.0,"turns":12.0},{"damage":0.0,"enemies":"Chosen","floor":18.0,"turns":3.0},{"damage":11.0,"enemies":"2 Thieves","floor":21.0,"turns":3.0},{"damage":3.0,"enemies":"Centurion and Healer","floor":22.0,"turns":6.0},{"damage":5.0,"enemies":"Slavers","floor":25.0,"turns":4.0},{"damage":0.0,"enemies":"Snake Plant","floor":28.0,"turns":3.0},{"damage":9.0,"enemies":"Colosseum Slavers","floor":29.0,"turns":2.0},{"damage":7.0,"enemies":"Colosseum Nobs","floor":29.0,"turns":4.0},{"damage":0.0,"enemies":"3 Cultists","floor":31.0,"turns":2.0},{"damage":16.0,"enemies":"Collector","floor":33.0,"turns":10.0},{"damage":0.0,"enemies":"3 Darklings","floor":35.0,"turns":6.0},{"damage":0.0,"enemies":"3 Shapes","floor":37.0,"turns":8.0},{"damage":0.0,"enemies":"Sphere and 2 Shapes","floor":38.0,"turns":5.0},{"damage":0.0,"enemies":"Giant Head","floor":40.0,"turns":10.0},{"damage":0.0,"enemies":"4 Shapes","floor":42.0,"turns":6.0},{"damage":0.0,"enemies":"Reptomancer","floor":45.0,"turns":3.0},{"damage":0.0,"enemies":"Maw","floor":48.0,"turns":7.0},{"damage":5.0,"enemies":"Donu and Deca","floor":50.0,"turns":11.0},{"damage":13.0,"enemies":"Time Eater","floor":51.0,"turns":16.0},{"damage":0.0,"enemies":"Shield and Spear","floor":55.0,"turns":8.0},{"damage":12,"enemies":"The Heart","floor":56,"turns":11}],"seed_played":"9175492363450942836","potions_obtained":[{"floor":1.0,"key":"GhostInAJar"},{"floor":3.0,"key":"GamblersBrew"},{"floor":16.0,"key":"Explosive Potion"},{"floor":18.0,"key":"AttackPotion"},{"floor":25.0,"key":"Explosive Potion"},{"floor":29.0,"key":"FearPotion"},{"floor":31.0,"key":"PowerPotion"}],"is_trial":false,"path_per_floor":["M","M","M","?","M","R","E","R","T","E","M","E","M","E","R","B",null,"M","?","?","M","M","R","$","E","T","R","M","?","?","M","R","B",null,"M","?","M","M","?","E","R","M","T","$","E","?","R","M","R","B","B",null,"R","$","E","B",null],"character_chosen":"THE_SILENT","items_purchased":["Bag of Preparation","Good Instincts","Phantasmal Killer","Finisher","Noxious Fumes+1","Dead Branch"],"campfire_rested":1,"item_purchase_floors":[24,24,44,44,44,54],"current_hp_per_floor":[59,59,59,59,56,56,50,50,50,35,34,27,27,15,34,12,53,53,53,53,42,39,39,39,34,34,34,34,32,32,32,32,16,34,34,34,34,34,34,34,34,34,34,34,34,29,29,29,29,24,11,31,31,31,31,19],"gold":55,"neow_bonus":"THREE_ENEMY_KILL","is_daily":false,"chose_seed":false,"campfire_upgraded":5,"win_rate":0.0,"timestamp":1609126522,"path_taken":["M","M","?","?","M","R","E","R","T","E","M","E","M","E","R","BOSS","M","?","?","M","M","R","$","E","T","R","M","?","?","M","R","BOSS","M","?","M","M","?","E","R","M","T","$","E","?","R","M","R","BOSS","BOSS","R","$","E","BOSS"],"items_purchased_type":["Relic","Card","Card","Card","Card","Relic"],"build_version":"2020-12-22","purchased_purges":2,"victory":true,"max_hp_per_floor":[66,66,66,66,66,66,66,66,66,66,66,66,66,66,66,66,66,66,66,66,66,66,66,66,66,66,66,66,80,40,40,40,40,40,40,38,38,38,38,38,38,38,38,38,38,38,38,38,38,38,38,38,38,38,38,38],"relic_stats":{"counters":[31,171],"Blue Candle":[0],"Astrolabe":["Caltrops","Phantasmal Killer","Footwork"],"Dead Branch":[56],"Pen Nib":[11],"Juzu Bracelet":1,"Bag of Preparation":[34],"MawBank":228,"Sozu":3,"Ornamental Fan":[184],"Art of War":[5],"obtain_stats":[{"Potion Belt":14,"Girya":10,"NeowsBlessing":0,"Blue Candle":12,"Astrolabe":17,"Dead Branch":54,"Vajra":26,"Mango":29,"Pen Nib":45,"Juzu Bracelet":7,"Bag of Preparation":24,"Frozen Egg 2":40,"MawBank":25,"Sozu":34,"Ornamental Fan":29,"Art of War":55,"InkBottle":9,"Ring of the Snake":0},{"Potion Belt":10,"Girya":6,"NeowsBlessing":0,"Blue Candle":8,"Astrolabe":11,"Dead Branch":29,"Vajra":15,"Mango":18,"Pen Nib":26,"Juzu Bracelet":5,"Bag of Preparation":14,"Frozen Egg 2":24,"MawBank":15,"Sozu":20,"Ornamental Fan":18,"Art of War":30,"InkBottle":5,"Ring of the Snake":0},{"Potion Belt":31,"Girya":14,"NeowsBlessing":0,"Blue Candle":24,"Astrolabe":43,"Dead Branch":152,"Vajra":59,"Mango":68,"Pen Nib":118,"Juzu Bracelet":9,"Bag of Preparation":55,"Frozen Egg 2":109,"MawBank":59,"Sozu":80,"Ornamental Fan":68,"Art of War":160,"InkBottle":9,"Ring of the Snake":0}],"InkBottle":[78],"Ring of the Snake":[62]},"card_choices":[{"not_picked":["Catalyst","PiercingWail"],"picked":"Terror","floor":1.0},{"not_picked":["Acrobatics","Prepared"],"picked":"Predator","floor":2.0},{"not_picked":["Outmaneuver","Slice"],"picked":"Blade Dance","floor":3.0},{"not_picked":["Caltrops","Flying Knee"],"picked":"All Out Attack","floor":5.0},{"not_picked":["Acrobatics","Prepared","Dodge and Roll"],"picked":"SKIP","floor":7.0},{"not_picked":["Dagger Throw","Slice"],"picked":"Sucker Punch","floor":10.0},{"not_picked":["Deadly Poison","Caltrops","Accuracy"],"picked":"SKIP","floor":11.0},{"not_picked":["Reflex","Sucker Punch"],"picked":"Die Die Die","floor":12.0},{"not_picked":["Dagger Throw","Cloak And Dagger"],"picked":"Well Laid Plans","floor":13.0},{"not_picked":["Outmaneuver","Sucker Punch"],"picked":"Adrenaline","floor":14.0},{"not_picked":["Burst","Night Terror"],"picked":"Wraith Form v2","floor":16.0},{"not_picked":["Prepared","Dagger Spray","Cloak And Dagger"],"picked":"SKIP","floor":18.0},{"not_picked":["Outmaneuver","Underhanded Strike+1"],"picked":"Footwork","floor":21.0},{"not_picked":["Underhanded Strike","Crippling Poison"],"picked":"PiercingWail","floor":22.0},{"not_picked":["Acrobatics","Prepared"],"picked":"Skewer","floor":25.0},{"not_picked":["Flechettes","Dagger Throw+1"],"picked":"Footwork","floor":28.0},{"not_picked":["Sucker Punch","Deadly Poison"],"picked":"PiercingWail","floor":29.0},{"not_picked":["Catalyst","Cloak And Dagger","Concentrate"],"picked":"SKIP","floor":31.0},{"not_picked":["Corpse Explosion","A Thousand Cuts"],"picked":"Wraith Form v2","floor":33.0},{"not_picked":["Calculated Gamble","PiercingWail+1"],"picked":"Blade Dance+1","floor":35.0},{"not_picked":["Prepared","Underhanded Strike+1","Infinite Blades"],"picked":"SKIP","floor":37.0},{"not_picked":["Terror+1","Expertise+1"],"picked":"Acrobatics","floor":38.0},{"not_picked":["Flying Knee","Distraction"],"picked":"Backflip","floor":40.0},{"not_picked":["Flying Knee+1","Slice"],"picked":"Calculated Gamble","floor":42.0},{"not_picked":["Accuracy+1","Flying Knee+1"],"picked":"PiercingWail","floor":45.0},{"not_picked":["Sadistic Nature+1","Dark Shackles"],"picked":"Good Instincts","floor":46.0},{"not_picked":["Concentrate","Dodge and Roll","Underhanded Strike+1"],"picked":"SKIP","floor":48.0},{"not_picked":["All Out Attack","Deflect","Choke"],"picked":"SKIP","floor":55.0}],"player_experience":74951,"relics_obtained":[{"floor":7.0,"key":"Juzu Bracelet"},{"floor":9.0,"key":"InkBottle"},{"floor":10.0,"key":"Girya"},{"floor":12.0,"key":"Blue Candle"},{"floor":14.0,"key":"Potion Belt"},{"floor":25.0,"key":"MawBank"},{"floor":26.0,"key":"Vajra"},{"floor":29.0,"key":"Mango"},{"floor":29.0,"key":"Ornamental Fan"},{"floor":40.0,"key":"Frozen Egg 2"},{"floor":45.0,"key":"Pen Nib"},{"floor":55.0,"key":"Art of War"}],"event_choices":[{"damage_healed":0.0,"max_hp_gain":0.0,"max_hp_loss":0.0,"gold_gain":0.0,"event_name":"Liars Game","player_choice":"Ignored","floor":4.0,"gold_loss":0.0,"damage_taken":0.0},{"damage_healed":0.0,"max_hp_gain":0.0,"max_hp_loss":0.0,"gold_gain":0.0,"event_name":"Vampires","player_choice":"Ignored","floor":19.0,"gold_loss":0.0,"damage_taken":0.0},{"damage_healed":0.0,"max_hp_gain":0.0,"max_hp_loss":0.0,"gold_gain":50.0,"event_name":"Nest","player_choice":"Stole From Cult","floor":20.0,"gold_loss":0.0,"damage_taken":0.0},{"damage_healed":0.0,"max_hp_gain":0.0,"max_hp_loss":0.0,"gold_gain":0.0,"event_name":"Colosseum","player_choice":"Fight","floor":29.0,"gold_loss":0.0,"damage_taken":0.0},{"damage_healed":0.0,"max_hp_gain":0.0,"max_hp_loss":0.0,"gold_gain":0.0,"event_name":"Colosseum","player_choice":"Fought Nobs","floor":29.0,"gold_loss":0.0,"damage_taken":0.0},{"damage_healed":0.0,"max_hp_gain":0.0,"max_hp_loss":40.0,"gold_gain":0.0,"event_name":"Ghosts","player_choice":"Became a Ghost","floor":30.0,"gold_loss":0.0,"damage_taken":0.0,"cards_obtained":["Ghostly","Ghostly","Ghostly"]},{"damage_healed":0.0,"max_hp_gain":0.0,"max_hp_loss":2.0,"gold_gain":0.0,"event_name":"Winding Halls","player_choice":"Max HP","floor":36.0,"gold_loss":0.0,"damage_taken":0.0},{"damage_healed":0.0,"max_hp_gain":0.0,"max_hp_loss":0.0,"gold_gain":0.0,"event_name":"Match and Keep!","player_choice":"1 cards matched","floor":39.0,"gold_loss":0.0,"damage_taken":0.0,"cards_obtained":["Malaise"]},{"damage_healed":0.0,"max_hp_gain":0.0,"max_hp_loss":0.0,"gold_gain":0.0,"event_name":"SensoryStone","player_choice":"Memory 2","floor":46.0,"gold_loss":0.0,"damage_taken":5.0}],"is_beta":false,"boss_relics":[{"not_picked":["Tiny House","Pandora\u0027s Box"],"picked":"Astrolabe"},{"not_picked":["Black Star","Runic Pyramid"],"picked":"Sozu"}],"items_purged_floors":[24,44],"is_endless":false,"potions_floor_spawned":[1,3,10,11,13,16,18,25,29,31,40,45,55],"ascension_level":20}}