{"host":"jkgg7n5hn1slsm35","time":1609149654,"event":{"mods":["Aspiration","BaseMod","BetterRewards","Conspire","Googly Eyes","Gremlin Skip","Halation","Highlight Path","Hubris","Infinite Spire","Minty Spire (QoL Compilation)","Permanent Neow","StSLib","SuperFastMode","vexMod"],"gold_per_floor":[115,127,143,157,157,183,40,40,64,64,81,81,107,123,123,224,224,239,239,239,250,250,250,261,274,274,274,308,407,432,444,444,548,548,568,150,162,162,162,162,179,179,229,229,267,282,24,40,40,138,138,148,98,98,98,19,19,20,20,20,20,20,20,37,43,43,102,102,94,94,94,98,98,98,106,100,100,92,92,92,104,104,104,56,56],"floor_reached":84,"playtime":3276,"items_purged":["Strike_G","Strike_G","Strike_G","infinitespire:Menacing"],"score":1230,"play_id":"7dd47661-e13b-4a33-a71f-d8b2ff2f4f55","local_time":"20201228110054","is_ascension_mode":false,"campfire_choices":[{"floor":8,"key":"REST"},{"data":"Noxious Fumes","floor":10,"key":"SMITH"},{"data":"Masterful Stab","floor":12,"key":"SMITH"},{"data":"Bane","floor":15,"key":"SMITH"},{"data":"After Image","floor":23,"key":"SMITH"},{"data":"Bane","floor":27,"key":"SMITH"},{"data":"Masterful Stab","floor":32,"key":"SMITH"},{"data":"Adrenaline","floor":40,"key":"SMITH"},{"data":"Poisoned Stab","floor":44,"key":"SMITH"},{"data":"Catalyst","floor":49,"key":"SMITH"},{"data":"After Image","floor":57,"key":"SMITH"},{"data":"Footwork","floor":61,"key":"SMITH"},{"data":"Poisoned Stab","floor":66,"key":"SMITH"},{"data":"infinitespire:NeuralNetwork","floor":74,"key":"SMITH"},{"floor":79,"key":"REST"},{"floor":83,"key":"REST"}],"circlet_count":0,"master_deck":["Strike_G+1","Strike_G+1","Defend_G","Defend_G","Defend_G","Defend_G","Defend_G","Survivor","Neutralize","Backflip","Escape Plan+1","Noxious Fumes+1","Masterful Stab+1","Bane+1","After Image+1","Deflect","Bane+1","Deflect","Bane+1","Masterful Stab+1","Adrenaline+1","Poisoned Stab+1","Catalyst+1","Bane","Poisoned Stab+1","Poisoned Stab+1","After Image+1","conspire:SpireCoStock+1","Footwork+1","Blur","infinitespire:NeuralNetwork+1"],"relics":["Ring of the Snake","aspiration:Nostalgia","infinitespire:DarkRift","Omamori","halation:LettersToHer","aspiration:ChemicalBlood","aspiration:FutureDiary","The Specimen","Whetstone","Strawberry","Blood Vial","vexMod:MysteryBossChallenge","hubris:ScarierMask","Lee\u0027s Waffle","hubris:Towel","HornCleat","Juzu Bracelet","Ginger","Singing Bowl","infinitespire:CursedDice","Pantograph","infinitespire:Bottled Soul","Ornamental Fan"],"acts_visited":["Exordium","TheCity","TheBeyond","Exordium","TheCity"],"potions_floor_usage":[6,30,33,33,50,50,84,84,84],"damage_taken":[{"damage":0,"enemies":"Small Slimes","floor":1,"turns":3},{"damage":0,"enemies":"Jaw Worm","floor":2,"turns":5},{"damage":0,"enemies":"conspire:RoseBush","floor":3,"turns":5},{"damage":0,"enemies":"3 Louse","floor":4,"turns":5},{"damage":36,"enemies":"Lagavulin","floor":6,"turns":11},{"damage":0,"enemies":"Blue Slaver","floor":11,"turns":4},{"damage":0,"enemies":"Exordium Thugs","floor":14,"turns":4},{"damage":12,"enemies":"Slime Boss","floor":16,"turns":10},{"damage":0,"enemies":"Shell Parasite","floor":18,"turns":3},{"damage":0,"enemies":"Chosen","floor":21,"turns":2},{"damage":6,"enemies":"Centurion and Healer","floor":24,"turns":6},{"damage":23,"enemies":"Snecko","floor":25,"turns":8},{"damage":12,"enemies":"Gremlin Leader","floor":28,"turns":6},{"damage":6,"enemies":"Nightmare","floor":30,"turns":7},{"damage":0,"enemies":"3 Cultists","floor":31,"turns":4},{"damage":38,"enemies":"hubris:MusketHawk","floor":33,"turns":11},{"damage":9,"enemies":"3 Shapes","floor":35,"turns":4},{"damage":0,"enemies":"Orb Walker","floor":37,"turns":2},{"damage":0,"enemies":"Spire Growth","floor":41,"turns":4},{"damage":24,"enemies":"conspire:MimicChest","floor":45,"turns":6},{"damage":0,"enemies":"3 Darklings","floor":46,"turns":2},{"damage":0,"enemies":"Jaw Worm Horde","floor":48,"turns":3},{"damage":64,"enemies":"infinitespire:MassOfShapes","floor":50,"turns":11},{"damage":0,"enemies":"Jaw Worm","floor":52,"turns":1},{"damage":0,"enemies":"Cultist","floor":58,"turns":3},{"damage":0,"enemies":"3 Sentries","floor":64,"turns":5},{"damage":0,"enemies":"Small Slimes","floor":65,"turns":3},{"damage":4,"enemies":"Slime Boss","floor":67,"turns":8},{"damage":0,"enemies":"Spheric Guardian","floor":69,"turns":3},{"damage":5,"enemies":"Shell Parasite","floor":72,"turns":3},{"damage":0,"enemies":"3 Cultists","floor":75,"turns":4},{"damage":0,"enemies":"Centurion and Healer","floor":76,"turns":3},{"damage":38,"enemies":"Snecko","floor":78,"turns":6},{"damage":28,"enemies":"Snake Plant","floor":81,"turns":2},{"damage":123,"enemies":"Collector","floor":84,"turns":10}],"seed_played":"3560154251931872338","potions_obtained":[{"floor":1,"key":"Weak Potion"},{"floor":4,"key":"Explosive Potion"},{"floor":14,"key":"Swift Potion"},{"floor":41,"key":"Energy Potion"},{"floor":46,"key":"Dexterity Potion"},{"floor":50,"key":"AttackPotion"},{"floor":65,"key":"AttackPotion"},{"floor":72,"key":"ColorlessPotion"},{"floor":78,"key":"Strength Potion"},{"floor":84,"key":"Fruit Juice"},{"floor":84,"key":"Fruit Juice"}],"is_trial":false,"path_per_floor":["M","M","M","M","?","E","$","R","T","R","M","R","T","M","R","B",null,"M","?","?","M","AVR","R","M","M","T","R","E","?","NM","M","R","B",null,"M","$","M","?","?","R","M","T","T","R","?","M","$","M","R","B",null,"M","?","AVR","?","$","R","M","?","T","R","?","$","E","M","R","B",null,"M","?","?","M","$","R","M","M","T","M","R","?","M","$","R","B"],"character_chosen":"THE_SILENT","items_purchased":["Noxious Fumes","Lee\u0027s Waffle","Poisoned Stab","Catalyst","Bane","Singing Bowl","Footwork"],"campfire_rested":3,"item_purchase_floors":[7,36,36,36,36,47,56],"current_hp_per_floor":[70,70,70,70,70,34,34,55,55,55,55,55,55,55,55,43,70,70,70,70,70,70,70,64,51,51,51,46,46,40,42,42,6,77,68,84,84,84,84,84,84,84,84,84,60,62,62,66,66,4,86,88,88,88,88,88,88,90,90,90,90,90,90,92,94,94,92,96,98,78,78,77,77,77,81,85,85,51,84,81,57,57,90,0,0],"gold":56,"neow_bonus":"NOSTALGIA","is_daily":false,"chose_seed":false,"campfire_upgraded":13,"win_rate":0.0,"timestamp":1609149654,"path_taken":["M","M","M","M","?","E","$","R","T","R","M","R","?","M","R","BOSS","M","?","?","M","AVR","R","?","M","T","R","E","?","NM","M","R","BOSS","M","$","M","?","?","R","?","?","T","R","?","M","?","M","R","BOSS","M","?","AVR","?","$","R","M","?","T","R","?","?","E","M","R","BOSS","M","?","?","M","$","R","M","M","T","M","R","?","M","?","R","BOSS"],"items_purchased_type":["Card","Relic","Card","Card","Card","Relic","Card"],"build_version":"2020-12-22","purchased_purges":4,"victory":false,"max_hp_per_floor":[70,70,70,70,70,70,70,70,70,70,70,70,70,70,70,70,70,70,70,70,70,70,70,70,70,70,70,77,77,77,77,77,77,77,77,84,84,84,84,84,84,84,84,84,84,84,84,86,86,86,86,88,88,88,88,88,88,90,90,90,90,90,90,92,94,94,96,96,98,103,103,105,105,105,107,109,109,111,111,111,113,113,113,123,123],"card_choices":[{"not_picked":["Acrobatics","Quick Slash"],"picked":"Backflip","floor":1},{"not_picked":["Reflex","Acrobatics","hubris:SlightOfHand"],"picked":"SKIP","floor":2},{"not_picked":["Dodge and Roll","Slice","Die Die Die"],"picked":"SKIP","floor":3},{"not_picked":["Skewer","Dagger Throw"],"picked":"Escape Plan","floor":4},{"not_picked":["Riddle With Holes","Dodge and Roll","Tools of the Trade"],"picked":"SKIP","floor":6},{"not_picked":["Terror","Prepared"],"picked":"Masterful Stab","floor":11},{"not_picked":["Backflip","PiercingWail"],"picked":"Bane","floor":14},{"not_picked":["Doppelganger","Phantasmal Killer"],"picked":"After Image","floor":16},{"not_picked":["Dash+1","Sucker Punch"],"picked":"Deflect","floor":18},{"not_picked":["Sucker Punch","Bullet Time"],"picked":"Bane","floor":21},{"not_picked":["Slice","hubris:SlightOfHand"],"picked":"Deflect","floor":24},{"not_picked":["Underhanded Strike+1","Blade Dance"],"picked":"Bane+1","floor":25},{"not_picked":["Poisoned Stab","Escape Plan"],"picked":"Masterful Stab","floor":28},{"not_picked":["Reflex","Acrobatics","PiercingWail"],"picked":"SKIP","floor":30},{"not_picked":["Slice","Setup","Choke"],"picked":"SKIP","floor":31},{"not_picked":["Venomology","Storm of Steel"],"picked":"Adrenaline","floor":33},{"not_picked":["Slice+1","Infinite Blades+1","Cloak And Dagger+1"],"picked":"SKIP","floor":35},{"not_picked":["Bane","Dagger Throw"],"picked":"Poisoned Stab","floor":37},{"not_picked":["Finisher+1","Flying Knee+1","Cloak And Dagger+1"],"picked":"SKIP","floor":41},{"not_picked":["Blade Dance+1","Underhanded Strike"],"picked":"Poisoned Stab+1","floor":45},{"not_picked":["Acrobatics","Quick Slash","Accuracy"],"picked":"SKIP","floor":46},{"not_picked":["Outmaneuver","PiercingWail+1","Distraction"],"picked":"Singing Bowl","floor":48},{"not_picked":["Phantasmal Killer","Night Terror"],"picked":"After Image","floor":50},{"not_picked":["Dodge and Roll","Dagger Spray","Calculated Gamble"],"picked":"Singing Bowl","floor":52},{"not_picked":["Dagger Spray","Sucker Punch","Bane"],"picked":"Singing Bowl","floor":58},{"not_picked":["Deadly Poison","Flying Knee","Outmaneuver"],"picked":"Singing Bowl","floor":64},{"not_picked":["Setup","Slice","Tactician"],"picked":"Singing Bowl","floor":65},{"not_picked":["Burst","Night Terror","Grand Finale"],"picked":"Singing Bowl","floor":67},{"not_picked":["Outmaneuver+1","Flying Knee","Blade Dance"],"picked":"Singing Bowl","floor":69},{"not_picked":["hubris:Fate","infinitespire:Fortify"],"picked":"infinitespire:NeuralNetwork","floor":72},{"not_picked":["Cloak And Dagger","Prepared","PiercingWail"],"picked":"Singing Bowl","floor":72},{"not_picked":["Blade Dance","Caltrops","Acrobatics"],"picked":"Singing Bowl","floor":75},{"not_picked":["Dagger Spray","Slice","PiercingWail"],"picked":"Singing Bowl","floor":76},{"not_picked":["Underhanded Strike","Dagger Spray","Cloak And Dagger+1"],"picked":"Singing Bowl","floor":78},{"not_picked":["Calculated Gamble+1","Underhanded Strike+1","Terror"],"picked":"Singing Bowl","floor":81}],"player_experience":1793690,"relics_obtained":[{"floor":6,"key":"Omamori"},{"floor":9,"key":"halation:LettersToHer"},{"floor":13,"key":"halation:LettersToHer"},{"floor":13,"key":"aspiration:ChemicalBlood"},{"floor":26,"key":"halation:LettersToHer"},{"floor":26,"key":"Whetstone"},{"floor":28,"key":"Strawberry"},{"floor":30,"key":"Blood Vial"},{"floor":42,"key":"halation:LettersToHer"},{"floor":42,"key":"HornCleat"},{"floor":43,"key":"halation:LettersToHer"},{"floor":43,"key":"Juzu Bracelet"},{"floor":45,"key":"Ginger"},{"floor":60,"key":"Pantograph"},{"floor":60,"key":"halation:LettersToHer"},{"floor":64,"key":"infinitespire:Bottled Soul"},{"floor":77,"key":"halation:LettersToHer"},{"floor":77,"key":"Ornamental Fan"}],"event_choices":[{"damage_healed":0,"gold_gain":0,"player_choice":"Grow","damage_taken":0,"max_hp_gain":0,"max_hp_loss":0,"event_name":"Living Wall","floor":5,"gold_loss":0,"cards_upgraded":["Escape Plan"]},{"damage_healed":0,"gold_gain":0,"player_choice":"Ignored","damage_taken":0,"max_hp_gain":0,"max_hp_loss":0,"event_name":"The Mausoleum","floor":19,"gold_loss":0},{"damage_healed":0,"gold_gain":99,"player_choice":"Stole From Cult","damage_taken":0,"max_hp_gain":0,"max_hp_loss":0,"event_name":"Nest","floor":29,"gold_loss":0},{"damage_healed":0,"gold_gain":0,"player_choice":"Ignored","damage_taken":0,"max_hp_gain":0,"max_hp_loss":0,"event_name":"WeMeetAgain","floor":39,"gold_loss":0},{"damage_healed":0,"gold_gain":0,"player_choice":"Invest 1","damage_taken":0,"max_hp_gain":0,"max_hp_loss":0,"event_name":"conspire:Investor","floor":53,"gold_loss":0},{"damage_healed":0,"gold_gain":0,"player_choice":"Shed Blood","damage_taken":25,"max_hp_gain":5,"max_hp_loss":0,"event_name":"Forgotten Altar","floor":70,"gold_loss":0},{"damage_healed":0,"gold_gain":0,"player_choice":"Forge","damage_taken":0,"max_hp_gain":0,"max_hp_loss":0,"event_name":"Accursed Blacksmith","floor":71,"gold_loss":0,"cards_upgraded":["conspire:SpireCoStock"]},{"damage_healed":0,"gold_gain":0,"player_choice":"Punched","damage_taken":3,"max_hp_gain":0,"max_hp_loss":0,"event_name":"Designer","floor":80,"gold_loss":0}],"is_beta":false,"boss_relics":[{"not_picked":["conspire:SeveredTorchhead","halation:LoveArrow"],"picked":"aspiration:FutureDiary"},{"not_picked":["halation:CatFaceCupcake","Astrolabe"],"picked":"vexMod:MysteryBossChallenge"},{"not_picked":["halation:Yufonium","vexMod:RockOfEvil","WristBlade"]},{"not_picked":["hubris:BlackHole","halation:PlatinumPhoenix","hubris:GrandSneckoEye"]}],"items_purged_floors":[7,22,36,54],"is_endless":true,"potions_floor_spawned":[1,4,14,25,28,31,41,45,46,65,67,72,76,78],"killed_by":"Collector","ascension_level":0}}