{"host":"5fasz840ryq7obdf","time":1609122249,"event":{"mods":["AchievementEnabler","BaseMod","Bestiary","Better Altar","Better Skull","Better Third Choice","BetterRewards","Block Reminder","Colored Powertips","Curses Come First","Highlight Path","Minty Spire (QoL Compilation)","Quick Restart","Rare Cards Sparkle","Relic Stats","Replay The Spire","Shop Mod","Spicy Shops","StSLib","SuperFastMode"],"gold_per_floor":[116,53,71,81,81,111,111,142,168,2,34,34,68,86,86,160,160,175,175,41,41,41,66,80,90,114,144,144,161,161,190,190,269,269,284,302,302,321,646,679,679,691,691,716,716,555,589,639,639,639,639,639,639,13,39,39],"floor_reached":57,"playtime":3377,"items_purged":["Strike_G","Strike_G","Defend_G","Defend_G","Strike_G","Strike_G","Defend_G","Defend_G"],"score":4223,"play_id":"0bf78ab9-7764-4fca-ad98-b726248ccc25","local_time":"20201228022409","is_ascension_mode":true,"campfire_choices":[{"data":"Well Laid Plans","floor":15,"key":"SMITH"},{"data":"Burst","floor":30,"key":"SMITH"},{"floor":45,"key":"RECALL"},{"data":"Catalyst","floor":49,"key":"SMITH"},{"floor":53,"key":"DIG"}],"circlet_count":0,"master_deck":["AscendersBane","Defend_G","Survivor","Neutralize+1","Draining Mist","PiercingWail","Blur","Poisoned Stab+1","Blur","Draining Mist","Poison Darts","Burst+1","Footwork","Catalyst+1","Well Laid Plans+1","Footwork+1","Backflip","Toxin Wave","Prepared","Corpse Explosion","Crippling Poison","Noxious Fumes","Deadly Poison","Poisoned Stab","Deflect","Catalyst+1","Deadly Poison","Pot Of Greed","Pot Of Greed","Pot Of Greed","Malaise","Outmaneuver","Concentrate","Catalyst","Expertise","Calculated Gamble","Pot Of Greed","Tools of the Trade","Footwork","Deflect","Insight+1","Deadly Poison","Deflect","Poisoned Stab","Deadly Poison","Madness","Madness","Sneak Up+1","Draining Mist+1","Pot Of Greed+1","Burst+1","Noxious Fumes+1","Noxious Fumes+1","Footwork+1","Escape Plan+1","Escape Plan+1","PanicButton+1","Poisoned Stab+1"],"relics":["Orrery","TwistedFunnel","Gremlin Food","Membership Card","Pondfish Scales","Snake Skull","Oddly Smooth Stone","Chemical X","Turnip","Art of War","Lantern","Grinning Jar","Eternal Feather","Replay:Mystery Machine","Replay:Multitool","Sizzling Blood","Blue Doll","Busted Crown","Happy Flower","Matryoshka","Omamori","Whetstone","Dream Catcher","Letter Opener","Meat on the Bone","Sozu","Old Coin","Replay:Baseball","Bag of Marbles","Golden Egg","The Courier","Replay:Ringing Soul","Strange Spoon","ReplayFunnel","Replay:Rubber Ducky","Replay:Wax Seal","Lizard Tail","Pear","Bag of Preparation","Toy Ornithopter","Akabeko"],"acts_visited":["Exordium","TheCity","TheBeyond","TheEnding"],"potions_floor_usage":[],"damage_taken":[{"damage":0,"enemies":"Small Slimes","floor":1,"turns":2},{"damage":0,"enemies":"2 Louse","floor":3,"turns":2},{"damage":0,"enemies":"Jaw Worm","floor":4,"turns":2},{"damage":0,"enemies":"3 Sentries","floor":6,"turns":4},{"damage":0,"enemies":"Lagavulin","floor":8,"turns":4},{"damage":0,"enemies":"Gremlin Nob","floor":11,"turns":2},{"damage":0,"enemies":"Lagavulin","floor":13,"turns":5},{"damage":0,"enemies":"Exordium Wildlife","floor":14,"turns":2},{"damage":2,"enemies":"Slime Boss","floor":16,"turns":7},{"damage":0,"enemies":"3 Byrds","floor":18,"turns":2},{"damage":0,"enemies":"Slavers","floor":23,"turns":2},{"damage":1,"enemies":"Chosen","floor":24,"turns":3},{"damage":16,"enemies":"Snake Plant","floor":25,"turns":3},{"damage":0,"enemies":"Book of Stabbing","floor":27,"turns":4},{"damage":3,"enemies":"Centurion and Healer","floor":29,"turns":5},{"damage":0,"enemies":"Gremlin Leader","floor":31,"turns":3},{"damage":0,"enemies":"Collector","floor":33,"turns":5},{"damage":4,"enemies":"Orb Walker","floor":35,"turns":3},{"damage":16,"enemies":"3 Darklings","floor":36,"turns":6},{"damage":21,"enemies":"Spire Growth","floor":38,"turns":4},{"damage":0,"enemies":"Mind Bloom Boss Battle","floor":39,"turns":4},{"damage":17,"enemies":"R_Hoarder","floor":40,"turns":5},{"damage":0,"enemies":"4 Shapes","floor":42,"turns":2},{"damage":19,"enemies":"Reptomancer","floor":44,"turns":4},{"damage":27,"enemies":"Giant Head","floor":47,"turns":6},{"damage":0,"enemies":"Awakened One","floor":50,"turns":9},{"damage":24,"enemies":"Donu and Deca","floor":51,"turns":5},{"damage":29,"enemies":"Shield and Spear","floor":55,"turns":7},{"damage":5,"enemies":"The Heart","floor":56,"turns":7}],"seed_played":"6768356071807259455","potions_obtained":[{"floor":1,"key":"Elixir"},{"floor":13,"key":"Venom Potion"},{"floor":14,"key":"SpeedPotion"},{"floor":27,"key":"Languid Potion"},{"floor":29,"key":"EntropicBrew"}],"is_trial":false,"path_per_floor":["M","?","M","M","?","E","?","E","T","$","E","?","E","M","R","B",null,"M","?","$","?","$","E","M","M","T","E","?","M","R","E","R","B",null,"M","M","$","M","?","E","?","M","T","E","R","$","E","?","R","B","B",null,"R","$","E","B",null],"character_chosen":"THE_SILENT","items_purchased":["Orrery","Draining Mist","TwistedFunnel","Poison Darts","Burst","Footwork","Gremlin Food","Membership Card","Pondfish Scales","Catalyst","Well Laid Plans","Footwork+1","Backflip","Snake Skull","Toxin Wave","Oddly Smooth Stone","Chemical X","Turnip","Prepared","ReplayTheSpireMod:From All Sides","Art of War","Corpse Explosion","Crippling Poison","Noxious Fumes","Lantern","Deadly Poison","Poisoned Stab","Concentrate","Happy Flower","Footwork","Deflect","Draining Mist+1","Burst","Noxious Fumes","Footwork+1","Escape Plan","PanicButton","Strange Spoon","ReplayFunnel","Replay:Rubber Ducky","Replay:Wax Seal","Lizard Tail","Pear","Bag of Preparation","Poisoned Stab","Toy Ornithopter"],"campfire_rested":0,"item_purchase_floors":[0,0,0,0,0,0,0,0,0,0,0,0,0,0,0,0,0,0,0,0,0,0,0,0,0,0,0,10,20,20,20,46,46,46,54,54,54,54,54,54,54,54,54,54,54,54],"current_hp_per_floor":[10,10,10,10,10,10,3,3,3,3,3,7,11,15,36,38,62,66,66,66,66,66,70,70,58,58,62,62,63,70,70,80,80,80,80,68,68,51,55,54,40,56,56,53,80,80,57,57,80,80,60,75,80,93,68,67],"gold":39,"neow_bonus":"","is_daily":false,"chose_seed":false,"campfire_upgraded":3,"win_rate":0.0,"timestamp":1609122249,"path_taken":["M","?","M","M","?","E","?","E","T","$","E","?","E","M","R","BOSS","M","?","$","?","?","E","M","M","T","E","?","M","R","E","R","BOSS","M","M","$","M","?","E","?","M","T","E","R","$","E","?","R","BOSS","BOSS","R","$","E","BOSS"],"items_purchased_type":["Relic","Card","Relic","Card","Card","Card","Relic","Relic","Relic","Card","Card","Card","Card","Relic","Card","Relic","Relic","Relic","Card","Card","Relic","Card","Card","Card","Relic","Card","Card","Card","Relic","Card","Card","Card","Card","Card","Card","Card","Card","Relic","Relic","Relic","Relic","Relic","Relic","Relic","Card","Relic"],"build_version":"2020-12-22","purchased_purges":8,"victory":true,"max_hp_per_floor":[66,66,66,66,66,66,66,66,66,66,66,70,70,70,70,70,70,70,70,70,70,70,70,70,70,70,70,70,70,70,70,80,80,80,80,80,80,80,80,80,80,80,80,80,80,80,80,80,80,80,80,80,80,93,93,93],"relic_stats":{"Happy Flower":[29],"counters":[325,1245],"Eternal Feather":83,"Snake Skull":[325],"Bag of Preparation":[4],"Whetstone":["Neutralize","Poisoned Stab"],"Letter Opener":[632],"Sozu":5,"Strange Spoon":[10],"Dream Catcher":0,"Lizard Tail":0,"Busted Crown":34,"Turnip":[13],"Art of War":[54],"Chemical X":[40],"obtain_stats":[{"TwistedFunnel":19,"Golden Egg":40,"Replay:Accelerometer":10,"Vampiric Spirits":4,"Spirit Poop":5,"Whetstone":40,"Ginger":0,"Bottled Tornado":0,"Sling":0,"Boot":3,"Old Coin":39,"Blood Vial":48,"Replay:Wanted Poster":36,"Replay:Ringing Soul":40,"Sundial":11,"MealTicket":0,"HandDrill":2,"Kunai":26,"Replay:Wax Seal":0,"Replay:Bottled Steam":12,"Pear":27,"Blue Candle":41,"Counterbalance":39,"Tingsha":0,"Eternal Feather":26,"Pen Nib":36,"Paper Crane":36,"Akabeko":2,"SlaversCollar":17,"Bird Faced Urn":6,"ReplayTheSpireMod:Ring of Collecting":47,"Kintsugi":34,"Unceasing Top":0,"Ring of the Serpent":17,"Lantern":23,"Regal Pillow":28,"Singing Bowl":36,"Torii":25,"Blue Doll":0,"Bag of Preparation":6,"Replay:Multitool":11,"Smiling Mask":20,"Cursed Key":34,"Pet Ghost":23,"Replay:Rubber Ducky":21,"Matryoshka":8,"Ring of Fangs":25,"Ninja Scroll":10,"Ring of Peace":22,"Chemical X":0,"Replay:Bottled Eggs":12,"InkBottle":21,"Ring of the Snake":0,"Potion Belt":9,"Lee\u0027s Waffle":0,"The Specimen":17,"Golden Idol":2,"Basket Of Snakes":5,"PreservedInsect":9,"The Courier":28,"Omamori":0,"Ring of Greed":47,"Frozen Egg 2":17,"MawBank":14,"Replay:Arrowhead":0,"Busted Crown":17,"Ornamental Fan":54,"Bloody Idol":19,"Orrery":0,"Turnip":0,"Art of War":40,"Durian":42,"Garlic":23,"Bottled Lightning":26,"Toy Ornithopter":9,"Ice Cream":0,"Tiny House":17,"Calipers":43,"Gremlin Horn":0,"CeramicFish":44,"Vajra":0,"HoveringKite":34,"Sozu":34,"Centennial Puzzle":22,"Lizard Tail":38,"DollysMirror":25,"Strawberry":46,"Prayer Wheel":17,"Philosopher\u0027s Stone":34,"Toxic Egg 2":7,"Byrd Skull":13,"Girya":44,"Happy Flower":0,"Ring of Hypnosis":38,"ReplayTheSpireMod:CursedCoin":48,"Astrolabe":17,"Oddly Smooth Stone":11,"Letter Opener":40,"Replay:Kaleidoscope":28,"War Paint":0,"Question Card":17,"Du-Vu Doll":13,"Bottled Flame":32,"Replay:Baseball":40,"ReplayTheSpireMod:Shallot":9,"Shuriken":25,"Bronze Scales":26,"Onion Ring":0,"Molten Egg 2":9,"ReplayTheSpireMod:TigerMarble":44,"Grinning Jar":15,"Mirror":40,"ReplayTheSpireMod:DimensionalGlitch":34,"Pocketwatch":14,"Meat on the Bone":0,"Darkstone Periapt":9,"ReplayFunnel":15,"ReplayTheSpireMod:Ring of Exchange":25,"Snake Skull":0,"Juzu Bracelet":30,"Incense Burner":0,"Sizzling Blood":12,"Replay:Mystery Machine":55,"Empty Cage":34,"Frozen Eye":10,"Nunchaku":43,"Dream Catcher":26,"Replay:Bandana":14,"Tough Bandages":14,"Mummified Hand":31,"Pantograph":55,"Tiny Chest":6,"Red Mask":36,"Replay:Bottled Snecko":10,"Runic Pyramid":17,"Gremlin Food":26,"BargainBundle":0,"ReplayTheSpireMod:Ninjato":0,"Replay:Towering Pillar of Hats":0,"Guide Book":0,"Orichalcum":55,"Medical Kit":46,"White Beast Statue":19,"Mercury Hourglass":8,"Calling Bell":17,"Strange Spoon":0,"Anchor":55,"Pondfish Scales":42,"Ring of Fury":22,"Bag of Marbles":49,"Snack Pack":0,"Coffee Dripper":17,"Membership Card":8},{"TwistedFunnel":77,"Golden Egg":144,"Replay:Accelerometer":270,"Vampiric Spirits":153,"Spirit Poop":68,"Whetstone":88,"Ginger":127,"Bottled Tornado":42,"Sling":29,"Boot":43,"Old Coin":317,"Blood Vial":27,"Replay:Wanted Poster":141,"Replay:Ringing Soul":201,"Sundial":37,"MealTicket":32,"HandDrill":97,"Kunai":16,"Replay:Wax Seal":150,"Replay:Bottled Steam":217,"Pear":83,"Blue Candle":88,"Counterbalance":172,"Tingsha":29,"Eternal Feather":251,"Pen Nib":21,"Paper Crane":21,"Akabeko":33,"SlaversCollar":247,"Bird Faced Urn":184,"ReplayTheSpireMod:Ring of Collecting":205,"Kintsugi":169,"Unceasing Top":29,"Ring of the Serpent":40,"Lantern":14,"Regal Pillow":17,"Singing Bowl":86,"Torii":110,"Blue Doll":127,"Bag of Preparation":4,"Replay:Multitool":302,"Smiling Mask":51,"Cursed Key":85,"Pet Ghost":138,"Replay:Rubber Ducky":136,"Matryoshka":46,"Ring of Fangs":224,"Ninja Scroll":131,"Ring of Peace":248,"Chemical X":296,"Replay:Bottled Eggs":132,"InkBottle":51,"Ring of the Snake":0,"Potion Belt":46,"Lee\u0027s Waffle":96,"The Specimen":105,"Golden Idol":1,"Basket Of Snakes":153,"PreservedInsect":70,"The Courier":83,"Omamori":96,"Ring of Greed":205,"Frozen Egg 2":105,"MawBank":39,"Replay:Arrowhead":150,"Busted Crown":187,"Ornamental Fan":125,"Bloody Idol":248,"Orrery":29,"Turnip":296,"Art of War":61,"Durian":174,"Garlic":224,"Bottled Lightning":82,"Toy Ornithopter":5,"Ice Cream":96,"Tiny House":9,"Calipers":89,"Gremlin Horn":0,"CeramicFish":25,"Vajra":0,"HoveringKite":20,"Sozu":313,"Centennial Puzzle":79,"Lizard Tail":117,"DollysMirror":110,"Strawberry":146,"Prayer Wheel":76,"Philosopher\u0027s Stone":115,"Toxic Egg 2":36,"Byrd Skull":158,"Girya":290,"Happy Flower":96,"Ring of Hypnosis":285,"ReplayTheSpireMod:CursedCoin":175,"Astrolabe":134,"Oddly Smooth Stone":7,"Letter Opener":24,"Replay:Kaleidoscope":225,"War Paint":32,"Question Card":76,"Du-Vu Doll":74,"Bottled Flame":140,"Replay:Baseball":318,"ReplayTheSpireMod:Shallot":214,"Shuriken":16,"Bronze Scales":110,"Onion Ring":127,"Molten Egg 2":155,"ReplayTheSpireMod:TigerMarble":145,"Grinning Jar":159,"Mirror":231,"ReplayTheSpireMod:DimensionalGlitch":283,"Pocketwatch":8,"Meat on the Bone":66,"Darkstone Periapt":46,"ReplayFunnel":159,"ReplayTheSpireMod:Ring of Exchange":224,"Snake Skull":32,"Juzu Bracelet":18,"Incense Burner":96,"Sizzling Blood":302,"Replay:Mystery Machine":265,"Empty Cage":58,"Frozen Eye":131,"Nunchaku":24,"Dream Catcher":55,"Replay:Bandana":219,"Tough Bandages":273,"Mummified Hand":114,"Pantograph":126,"Tiny Chest":45,"Red Mask":59,"Replay:Bottled Snecko":243,"Runic Pyramid":50,"Gremlin Food":139,"BargainBundle":127,"ReplayTheSpireMod:Ninjato":127,"Replay:Towering Pillar of Hats":150,"Guide Book":179,"Orichalcum":95,"Medical Kit":291,"White Beast Statue":77,"Mercury Hourglass":5,"Calling Bell":76,"Strange Spoon":210,"Anchor":178,"Pondfish Scales":232,"Ring of Fury":248,"Bag of Marbles":147,"Snack Pack":179,"Coffee Dripper":220,"Membership Card":36},{"TwistedFunnel":427,"Golden Egg":660,"Replay:Accelerometer":1067,"Vampiric Spirits":686,"Spirit Poop":395,"Whetstone":467,"Ginger":613,"Bottled Tornado":241,"Sling":179,"Boot":244,"Old Coin":1200,"Blood Vial":148,"Replay:Wanted Poster":648,"Replay:Ringing Soul":817,"Sundial":209,"MealTicket":186,"HandDrill":504,"Kunai":93,"Replay:Wax Seal":681,"Replay:Bottled Steam":877,"Pear":450,"Blue Candle":467,"Counterbalance":729,"Tingsha":179,"Eternal Feather":986,"Pen Nib":120,"Paper Crane":120,"Akabeko":190,"SlaversCollar":973,"Bird Faced Urn":760,"ReplayTheSpireMod:Ring of Collecting":833,"Kintsugi":726,"Unceasing Top":179,"Ring of the Serpent":230,"Lantern":82,"Regal Pillow":97,"Singing Bowl":460,"Torii":544,"Blue Doll":613,"Bag of Preparation":20,"Replay:Multitool":1142,"Smiling Mask":286,"Cursed Key":456,"Pet Ghost":640,"Replay:Rubber Ducky":637,"Matryoshka":260,"Ring of Fangs":898,"Ninja Scroll":622,"Ring of Peace":975,"Chemical X":1126,"Replay:Bottled Eggs":625,"InkBottle":286,"Ring of the Snake":0,"Potion Belt":260,"Lee\u0027s Waffle":501,"The Specimen":525,"Golden Idol":2,"Basket Of Snakes":686,"PreservedInsect":401,"The Courier":450,"Omamori":501,"Ring of Greed":833,"Frozen Egg 2":525,"MawBank":219,"Replay:Arrowhead":681,"Busted Crown":775,"Ornamental Fan":602,"Bloody Idol":975,"Orrery":179,"Turnip":1126,"Art of War":353,"Durian":733,"Garlic":898,"Bottled Lightning":446,"Toy Ornithopter":24,"Ice Cream":501,"Tiny House":46,"Calipers":472,"Gremlin Horn":0,"CeramicFish":136,"Vajra":0,"HoveringKite":115,"Sozu":1183,"Centennial Puzzle":435,"Lizard Tail":569,"DollysMirror":544,"Strawberry":664,"Prayer Wheel":425,"Philosopher\u0027s Stone":563,"Toxic Egg 2":204,"Byrd Skull":700,"Girya":1110,"Happy Flower":501,"Ring of Hypnosis":1099,"ReplayTheSpireMod:CursedCoin":734,"Astrolabe":632,"Oddly Smooth Stone":32,"Letter Opener":132,"Replay:Kaleidoscope":902,"War Paint":186,"Question Card":425,"Du-Vu Doll":415,"Bottled Flame":645,"Replay:Baseball":1205,"ReplayTheSpireMod:Shallot":869,"Shuriken":93,"Bronze Scales":544,"Onion Ring":613,"Molten Egg 2":694,"ReplayTheSpireMod:TigerMarble":663,"Grinning Jar":701,"Mirror":922,"ReplayTheSpireMod:DimensionalGlitch":1094,"Pocketwatch":39,"Meat on the Bone":392,"Darkstone Periapt":260,"ReplayFunnel":701,"ReplayTheSpireMod:Ring of Exchange":898,"Snake Skull":186,"Juzu Bracelet":102,"Incense Burner":501,"Sizzling Blood":1142,"Replay:Mystery Machine":1051,"Empty Cage":333,"Frozen Eye":622,"Nunchaku":132,"Dream Catcher":308,"Replay:Bandana":881,"Tough Bandages":1072,"Mummified Hand":557,"Pantograph":606,"Tiny Chest":254,"Red Mask":338,"Replay:Bottled Snecko":960,"Runic Pyramid":281,"Gremlin Food":642,"BargainBundle":613,"ReplayTheSpireMod:Ninjato":613,"Replay:Towering Pillar of Hats":681,"Guide Book":749,"Orichalcum":496,"Medical Kit":1112,"White Beast Statue":427,"Mercury Hourglass":24,"Calling Bell":425,"Strange Spoon":858,"Anchor":744,"Pondfish Scales":926,"Ring of Fury":975,"Bag of Marbles":668,"Snack Pack":749,"Coffee Dripper":886,"Membership Card":204}],"Toy Ornithopter":0,"Meat on the Bone":36},"card_choices":[{"not_picked":["Bane","Dagger Spray"],"picked":"Draining Mist","floor":0},{"not_picked":["Sucker Punch","Blade Dance"],"picked":"PiercingWail","floor":0},{"not_picked":["Bane","Slice"],"picked":"Blur","floor":0},{"not_picked":["Hidden Blade","Slice"],"picked":"Poisoned Stab","floor":0},{"not_picked":["Toxin Wave","Blade Dance"],"picked":"Blur","floor":0},{"not_picked":["Hidden Blade","Fluid Movement"],"picked":"Deflect","floor":1},{"not_picked":["Hidden Blade","Poisoned Stab"],"picked":"Catalyst","floor":3},{"not_picked":["PiercingWail","Dagger Spray"],"picked":"Deadly Poison","floor":4},{"not_picked":["Hidden Blade","Escape Plan"],"picked":"Malaise","floor":6},{"not_picked":["Dodge and Roll","ReplayTheSpireMod:Tripwire"],"picked":"Outmaneuver","floor":8},{"not_picked":["Underhanded Strike","Cloak And Dagger"],"picked":"Catalyst","floor":11},{"not_picked":["Poisoned Stab","Escape Plan"],"picked":"Expertise","floor":13},{"not_picked":["Dodge and Roll","Blade Dance"],"picked":"Calculated Gamble","floor":14},{"not_picked":["Storm of Steel","Phantasmal Killer"],"picked":"Tools of the Trade","floor":16},{"not_picked":["Accuracy"],"picked":"SKIP","floor":18},{"not_picked":["Sucker Punch+1"],"picked":"SKIP","floor":23},{"not_picked":["Slice"],"picked":"SKIP","floor":24},{"not_picked":[],"picked":"Deadly Poison","floor":25},{"not_picked":["Blade Dance"],"picked":"SKIP","floor":27},{"not_picked":["Terror"],"picked":"SKIP","floor":29},{"not_picked":["Caltrops"],"picked":"SKIP","floor":31},{"not_picked":[],"picked":"Deflect","floor":35},{"not_picked":["Hidden Blade+1"],"picked":"SKIP","floor":36},{"not_picked":["Cloak And Dagger+1"],"picked":"SKIP","floor":38},{"not_picked":[],"picked":"Poisoned Stab","floor":39},{"not_picked":[],"picked":"Deadly Poison","floor":40},{"not_picked":[],"picked":"Sneak Up+1","floor":42},{"not_picked":["Dagger Throw+1"],"picked":"SKIP","floor":44},{"not_picked":["Flechettes"],"picked":"SKIP","floor":47},{"not_picked":["Prepared"],"picked":"SKIP","floor":55}],"player_experience":1198009,"relics_obtained":[{"floor":6,"key":"Grinning Jar"},{"floor":8,"key":"Eternal Feather"},{"floor":9,"key":"Replay:Mystery Machine"},{"floor":11,"key":"Replay:Multitool"},{"floor":13,"key":"Blue Doll"},{"floor":23,"key":"Matryoshka"},{"floor":26,"key":"Omamori"},{"floor":26,"key":"Whetstone"},{"floor":27,"key":"Dream Catcher"},{"floor":31,"key":"Meat on the Bone"},{"floor":39,"key":"Old Coin"},{"floor":40,"key":"Replay:Baseball"},{"floor":43,"key":"Bag of Marbles"},{"floor":44,"key":"Golden Egg"},{"floor":47,"key":"The Courier"},{"floor":53,"key":"Replay:Ringing Soul"},{"floor":55,"key":"Akabeko"}],"event_choices":[{"damage_healed":0,"gold_gain":0,"player_choice":"Left","damage_taken":0,"max_hp_gain":0,"max_hp_loss":0,"event_name":"betterThird:BetterGoop","floor":2,"gold_loss":63},{"damage_healed":0,"gold_gain":0,"player_choice":"Grow","damage_taken":0,"max_hp_gain":0,"max_hp_loss":0,"event_name":"Living Wall","floor":5,"gold_loss":0,"cards_upgraded":["Catalyst"]},{"cards_removed":["Strike_G"],"damage_healed":0,"gold_gain":0,"player_choice":"Card Removal","damage_taken":7,"max_hp_gain":0,"max_hp_loss":0,"event_name":"Golden Wing","floor":7,"gold_loss":0},{"damage_healed":0,"gold_gain":0,"player_choice":"Ignored","damage_taken":0,"max_hp_gain":0,"max_hp_loss":0,"event_name":"Cursed Tome","floor":19,"gold_loss":0},{"damage_healed":0,"gold_gain":0,"player_choice":"Insight","damage_taken":1,"max_hp_gain":0,"max_hp_loss":0,"event_name":"betterThird:BetterWriting","floor":21,"gold_loss":0,"cards_obtained":["Insight"]},{"damage_healed":0,"gold_gain":0,"player_choice":"Gave Potion","damage_taken":0,"relics_obtained":["Letter Opener"],"max_hp_gain":0,"max_hp_loss":0,"event_name":"WeMeetAgain","floor":28,"gold_loss":0},{"cards_removed":["ReplayTheSpireMod:From All Sides"],"damage_healed":0,"gold_gain":0,"player_choice":"Offered Rare","damage_taken":0,"max_hp_gain":10,"max_hp_loss":0,"event_name":"Bonfire Elementals","floor":32,"gold_loss":0},{"damage_healed":0,"gold_gain":0,"player_choice":"Fight","damage_taken":0,"max_hp_gain":0,"max_hp_loss":0,"event_name":"MindBloom","floor":39,"gold_loss":0},{"damage_healed":0,"gold_gain":0,"player_choice":"Embrace Madness","damage_taken":14,"max_hp_gain":0,"max_hp_loss":0,"event_name":"Winding Halls","floor":41,"gold_loss":0,"cards_obtained":["Madness","Madness"]},{"damage_healed":0,"gold_gain":50,"player_choice":"Pray","damage_taken":0,"max_hp_gain":0,"max_hp_loss":0,"event_name":"Golden Shrine","floor":48,"gold_loss":0}],"is_beta":false,"boss_relics":[{"not_picked":["Ectoplasm","Replay:Bronze Core"],"picked":"Busted Crown"},{"not_picked":["ReplayTheSpireMod:DimensionalGlitch","Kintsugi"],"picked":"Sozu"}],"items_purged_floors":[0,0,0,0,0,0,0,10],"is_endless":false,"potions_floor_spawned":[1,4,13,14,27,29,31,36,38,39,40,55],"ascension_level":20}}