{"host":"sav7uxregyirlf69","time":1609139557,"event":{"mods":["AchievementEnabler","BaseMod","Colored Map","DeckTracker","Keyboard Shortcuts","Minty Spire (QoL Compilation)","READ ME - Guardian Mod","StSLib","SuperFastMode"],"gold_per_floor":[112,162,87,107,107,139,154,11,36,36,36,36,57,75,75,75,75],"floor_reached":16,"playtime":185,"items_purged":["Strike_G","Strike_G"],"score":246,"play_id":"4fdc5a3a-8770-495a-88ff-7dc568342877","local_time":"20201228161237","is_ascension_mode":true,"campfire_choices":[{"data":"Skewer","floor":10,"key":"SMITH"},{"data":"Blade Dance","floor":12,"key":"SMITH"},{"data":"Well Laid Plans","floor":15,"key":"SMITH"}],"circlet_count":0,"master_deck":["AscendersBane","Strike_G","Strike_G","Strike_G","Defend_G","Defend_G","Defend_G","Defend_G","Defend_G","Survivor","Neutralize","Backflip","Blade Dance+1","Dagger Spray","Skewer+1","Well Laid Plans+1"],"relics":["Ring of the Snake","NeowsBlessing","Bag of Preparation","Pen Nib","Odd Mushroom"],"acts_visited":["Exordium"],"potions_floor_usage":[],"damage_taken":[{"damage":0,"enemies":"2 Louse","floor":1,"turns":1},{"damage":0,"enemies":"Cultist","floor":4,"turns":1},{"damage":0,"enemies":"Lagavulin","floor":6,"turns":1},{"damage":3,"enemies":"Jaw Worm","floor":7,"turns":5},{"damage":28,"enemies":"The Mushroom Lair","floor":13,"turns":3},{"damage":8,"enemies":"Large Slime","floor":14,"turns":5},{"damage":0,"enemies":"The Guardian","floor":16,"turns":4}],"seed_played":"7282913435066265035","potions_obtained":[{"floor":4,"key":"Dexterity Potion"},{"floor":6,"key":"Dexterity Potion"}],"is_trial":false,"path_per_floor":["M","?","$","M","?","E","M","$","T","R","$","R","?","M","R","B"],"character_chosen":"THE_SILENT","items_purchased":["Well Laid Plans"],"campfire_rested":0,"item_purchase_floors":[8],"current_hp_per_floor":[59,59,59,59,59,59,56,56,56,56,56,56,28,20,20,20,20],"gold":75,"neow_bonus":"THREE_ENEMY_KILL","is_daily":false,"chose_seed":false,"campfire_upgraded":3,"win_rate":0.0,"timestamp":1609139557,"path_taken":["M","?","?","?","?","E","M","$","T","R","$","R","?","M","R","BOSS"],"items_purchased_type":["Card"],"build_version":"2020-12-22","purchased_purges":2,"victory":false,"max_hp_per_floor":[66,66,66,66,66,66,66,66,66,66,66,66,66,66,66,66,66],"card_choices":[{"not_picked":["PiercingWail","Quick Slash"],"picked":"Backflip","floor":1},{"not_picked":["Bane","Dodge and Roll"],"picked":"Blade Dance","floor":4},{"not_picked":["Expertise","Burst"],"picked":"Dagger Spray","floor":6},{"not_picked":["Slice","Quick Slash"],"picked":"Skewer","floor":7},{"not_picked":["Riddle With Holes","Cloak And Dagger","Bane"],"picked":"SKIP","floor":14}],"player_experience":1024655,"relics_obtained":[{"floor":6,"key":"Bag of Preparation"},{"floor":9,"key":"Pen Nib"},{"floor":13,"key":"Odd Mushroom"}],"event_choices":[{"damage_healed":0,"gold_gain":50,"player_choice":"Pray","damage_taken":0,"max_hp_gain":0,"max_hp_loss":0,"event_name":"Golden Shrine","floor":2,"gold_loss":0},{"damage_healed":0,"gold_gain":0,"player_choice":"Ignored","damage_taken":0,"max_hp_gain":0,"max_hp_loss":0,"event_name":"Liars Game","floor":5,"gold_loss":0},{"damage_healed":0,"gold_gain":0,"player_choice":"Fought Mushrooms","damage_taken":0,"max_hp_gain":0,"max_hp_loss":0,"event_name":"Mushrooms","floor":13,"gold_loss":0}],"is_beta":false,"boss_relics":[],"items_purged_floors":[3,8],"is_endless":false,"potions_floor_spawned":[4,6],"killed_by":"The Guardian","ascension_level":20}}