{"host":"w3q5ijqu8eoknil3","time":1609119903,"event":{"mods":["AchievementEnabler","BaseMod","Block Reminder","Colored Powertips","Minty Spire (QoL Compilation)","Quick Restart","Relic Stats","ojb\u0027s Better Paths Mod","ojb\u0027s Info Mod","slay the spire mod where everything is the same but ironclad has a cowboy hat"],"gold_per_floor":[109,109,109,109,125,125,153,153,153,153,153,153],"floor_reached":11,"playtime":290,"items_purged":[],"score":138,"play_id":"94da0be5-a0d2-44bb-bac3-94c609db62da","local_time":"20201228014503","is_ascension_mode":true,"campfire_choices":[{"data":"Second Wind","floor":6,"key":"SMITH"},{"floor":8,"key":"REST"},{"data":"Bash","floor":10,"key":"SMITH"}],"circlet_count":0,"master_deck":["AscendersBane","Strike_R","Strike_R","Strike_R","Strike_R","Strike_R","Defend_R","Defend_R","Defend_R","Defend_R","Bash+1","Second Wind+1","Pain","Metallicize","Power Through"],"relics":["Runic Cube","Boot","WarpedTongs","Anchor"],"acts_visited":["Exordium"],"potions_floor_usage":[7],"damage_taken":[{"damage":9,"enemies":"Jaw Worm","floor":1,"turns":6},{"damage":13,"enemies":"Small Slimes","floor":5,"turns":4},{"damage":34,"enemies":"Gremlin Nob","floor":7,"turns":5},{"damage":24,"enemies":"Lagavulin","floor":11,"turns":8}],"seed_played":"3032878879823730023","potions_obtained":[{"floor":5,"key":"ColorlessPotion"}],"is_trial":false,"path_per_floor":["M","?","?","?","M","R","E","R","T","R","E"],"character_chosen":"IRONCLAD","items_purchased":[],"campfire_rested":1,"item_purchase_floors":[],"current_hp_per_floor":[59,48,48,48,35,35,1,23,23,23,0,0],"gold":153,"neow_bonus":"BOSS_RELIC","is_daily":false,"chose_seed":false,"campfire_upgraded":2,"win_rate":0.0,"timestamp":1609119903,"path_taken":["M","?","?","?","M","R","E","R","T","R","E"],"items_purchased_type":[],"build_version":"2020-12-22","purchased_purges":0,"victory":false,"max_hp_per_floor":[75,75,75,75,75,75,75,75,75,75,75,75],"relic_stats":{"counters":[4,23],"Boot":[3],"obtain_stats":[{"Anchor":7,"Boot":2,"Burning Blood":0,"Runic Cube":0,"WarpedTongs":4},{"Anchor":3,"Boot":1,"Burning Blood":0,"Runic Cube":0,"WarpedTongs":1},{"Anchor":15,"Boot":6,"Burning Blood":0,"Runic Cube":0,"WarpedTongs":6}],"Runic Cube":[17],"WarpedTongs":[16]},"card_choices":[{"not_picked":["Shrug It Off","True Grit"],"picked":"Second Wind","floor":1},{"not_picked":["Dropkick","Pommel Strike"],"picked":"Metallicize","floor":5},{"not_picked":["Sword Boomerang","Heavy Blade"],"picked":"Power Through","floor":7}],"player_experience":949131,"relics_obtained":[{"floor":7,"key":"Anchor"}],"event_choices":[{"damage_healed":0,"gold_gain":0,"player_choice":"Success","damage_taken":11,"relics_obtained":["Boot"],"max_hp_gain":0,"max_hp_loss":0,"event_name":"Scrap Ooze","floor":2,"gold_loss":0},{"damage_healed":0,"gold_gain":0,"player_choice":"Ignored","damage_taken":0,"max_hp_gain":0,"max_hp_loss":0,"event_name":"Shining Light","floor":3,"gold_loss":0},{"damage_healed":0,"gold_gain":0,"player_choice":"Rummage","damage_taken":0,"relics_obtained":["WarpedTongs"],"max_hp_gain":0,"max_hp_loss":0,"event_name":"Accursed Blacksmith","floor":4,"gold_loss":0,"cards_obtained":["Pain"]}],"is_beta":false,"boss_relics":[],"items_purged_floors":[],"is_endless":false,"potions_floor_spawned":[5],"killed_by":"Lagavulin","ascension_level":20}}