{"host":"5bdt6s51dmpd4l3v","time":1609148665,"event":{"mods":["AchievementEnabler","BaseMod","Colored Map","Colored Powertips","Highlight Path","Minty Spire (QoL Compilation)","Quick Restart","Rare Cards Sparkle","StSLib"],"gold_per_floor":[117,129,41,41,41,41,68,68,115,133,163,177,177,147,147,218,218,234,246,257,203,214,231,231,251,276,276,276,287,287,287,287],"floor_reached":31,"playtime":777,"items_purged":[],"score":564,"play_id":"087b8331-2a61-4c73-bde9-54bc646be2e7","local_time":"20201228174425","is_ascension_mode":true,"campfire_choices":[{"data":"Whirlwind","floor":6.0,"key":"SMITH"},{"data":"Spot Weakness","floor":8.0,"key":"SMITH"},{"data":"Flex","floor":13.0,"key":"SMITH"},{"data":"Double Tap","floor":15.0,"key":"SMITH"},{"floor":24,"key":"REST"},{"data":"Flex","floor":28,"key":"SMITH"},{"floor":30,"key":"REST"}],"circlet_count":0,"master_deck":["AscendersBane","Strike_R","Strike_R","Strike_R","Strike_R","Strike_R","Defend_R","Defend_R","Defend_R","Defend_R","Bash","Whirlwind+1","Spot Weakness+1","Shockwave+1","Bloodletting","Double Tap+1","Flex+1","Flex+1","Berserk","Inflame+1","Bloodletting+1","Headbutt+1","Armaments+1","Seeing Red"],"relics":["Burning Blood","NeowsBlessing","Unceasing Top","Orichalcum","InkBottle","Black Star","Pen Nib"],"acts_visited":["Exordium","TheCity"],"potions_floor_usage":[18,19,20,22,23,29],"damage_taken":[{"damage":0.0,"enemies":"Cultist","floor":1.0,"turns":1.0},{"damage":0.0,"enemies":"Jaw Worm","floor":2.0,"turns":1.0},{"damage":0.0,"enemies":"Lagavulin","floor":7.0,"turns":1.0},{"damage":3.0,"enemies":"Small Slimes","floor":10.0,"turns":3.0},{"damage":3.0,"enemies":"Gremlin Nob","floor":11.0,"turns":2.0},{"damage":19.0,"enemies":"Exordium Thugs","floor":12.0,"turns":4.0},{"damage":40.0,"enemies":"The Guardian","floor":16.0,"turns":8.0},{"damage":22,"enemies":"Shell Parasite","floor":18,"turns":3},{"damage":0,"enemies":"2 Thieves","floor":19,"turns":1},{"damage":7,"enemies":"Snecko","floor":20,"turns":3},{"damage":25,"enemies":"Centurion and Healer","floor":22,"turns":5},{"damage":22,"enemies":"3 Cultists","floor":23,"turns":4},{"damage":23,"enemies":"Cultist and Chosen","floor":25,"turns":4},{"damage":10,"enemies":"Centurion and Healer","floor":29,"turns":4},{"damage":27,"enemies":"Gremlin Leader","floor":31,"turns":3}],"seed_played":"-4698754662300106082","potions_obtained":[{"floor":10.0,"key":"AttackPotion"},{"floor":11.0,"key":"Fruit Juice"},{"floor":14.0,"key":"AttackPotion"},{"floor":14.0,"key":"DuplicationPotion"},{"floor":16.0,"key":"SkillPotion"},{"floor":18,"key":"Fire Potion"},{"floor":22,"key":"PowerPotion"},{"floor":25,"key":"Weak Potion"}],"is_trial":false,"path_per_floor":["M","M","$","?","?","R","E","R","T","M","E","M","R","?","R","B",null,"M","M","M","$","M","M","R","M","T","?","R","M","R","E"],"character_chosen":"IRONCLAD","items_purchased":["Shockwave","Block Potion"],"campfire_rested":2,"item_purchase_floors":[3,21],"current_hp_per_floor":[74,75,75,80,80,80,80,80,80,80,80,72,72,72,72,38,73,57,63,62,62,43,27,52,35,35,29,29,25,50,23,23],"gold":287,"neow_bonus":"THREE_ENEMY_KILL","is_daily":false,"chose_seed":false,"campfire_upgraded":5,"win_rate":0.0,"timestamp":1609148665,"path_taken":["M","M","$","?","?","R","E","R","T","?","E","M","R","?","R","BOSS","M","M","M","$","M","M","R","M","T","?","R","M","R","E"],"items_purchased_type":["Card","Potion"],"build_version":"2020-12-22","purchased_purges":0,"victory":false,"max_hp_per_floor":[75,75,75,80,80,80,80,80,80,80,80,85,85,85,85,85,85,85,85,85,85,85,85,85,85,85,85,85,85,85,85,85],"card_choices":[{"not_picked":["Body Slam","Intimidate"],"picked":"Whirlwind","floor":1.0},{"not_picked":["Clothesline","Hemokinesis"],"picked":"Spot Weakness","floor":2.0},{"not_picked":["Iron Wave","True Grit"],"picked":"Bloodletting","floor":7.0},{"not_picked":["Havoc","Perfected Strike"],"picked":"Double Tap","floor":10.0},{"not_picked":["True Grit","Dark Embrace"],"picked":"Flex","floor":11.0},{"not_picked":["Havoc","Cleave"],"picked":"Flex","floor":12.0},{"not_picked":["Exhume","Fiend Fire"],"picked":"Berserk","floor":16.0},{"not_picked":["Uppercut+1","Perfected Strike"],"picked":"Inflame+1","floor":18},{"not_picked":["Anger","Perfected Strike"],"picked":"Bloodletting+1","floor":19},{"not_picked":["True Grit","Dark Embrace","Disarm"],"picked":"SKIP","floor":20},{"not_picked":["Thunderclap","Rupture"],"picked":"Headbutt+1","floor":22},{"not_picked":["Heavy Blade","Disarm"],"picked":"Armaments+1","floor":23},{"not_picked":["Evolve","Anger","Heavy Blade"],"picked":"SKIP","floor":25},{"not_picked":["Sever Soul","Ghostly Armor"],"picked":"Seeing Red","floor":29}],"player_experience":35084,"relics_obtained":[{"floor":7.0,"key":"Unceasing Top"},{"floor":9.0,"key":"Orichalcum"},{"floor":11.0,"key":"InkBottle"},{"floor":26,"key":"Pen Nib"}],"event_choices":[{"damage_healed":0.0,"max_hp_gain":5.0,"max_hp_loss":0.0,"gold_gain":0.0,"event_name":"Big Fish","player_choice":"Donut","floor":4.0,"gold_loss":0.0,"damage_taken":0.0},{"damage_healed":0.0,"max_hp_gain":0.0,"max_hp_loss":0.0,"gold_gain":0.0,"event_name":"Accursed Blacksmith","player_choice":"Forge","floor":5.0,"gold_loss":0.0,"damage_taken":0.0,"cards_upgraded":["Shockwave"]},{"damage_healed":0.0,"max_hp_gain":0.0,"max_hp_loss":0.0,"gold_gain":0.0,"event_name":"The Woman in Blue","player_choice":"Bought 2 Potions","floor":14.0,"gold_loss":0.0,"damage_taken":0.0},{"damage_healed":0,"gold_gain":0,"player_choice":"","damage_taken":6,"max_hp_gain":0,"max_hp_loss":0,"event_name":"Knowing Skull","floor":27,"potions_obtained":[],"gold_loss":0,"cards_obtained":[]}],"is_beta":false,"boss_relics":[{"not_picked":["Calling Bell","SacredBark"],"picked":"Black Star"}],"items_purged_floors":[],"is_endless":false,"potions_floor_spawned":[10,11,16,18,22,25],"killed_by":"Gremlin Leader","ascension_level":18}}