{"host":"xt3o4iokwksypl90","time":1609198095,"event":{"mods":["AchievementEnabler","BaseMod","Googly Eyes","Highlight Path","Minty Spire (QoL Compilation)","Permanent Neow"],"gold_per_floor":[211,211,221,64,84,109,109,144,183,225,312,324,692,704,716,823,835,861,788,800,831,506,506,535,535,535,535,552,581,112,128,128,226,226,243,255,265,315,332,367,367,367,393,85,119,119,119,147,147,147,147,147,2,37,37],"floor_reached":56,"playtime":5107,"items_purged":["Strike_G","Strike_G"],"score":1578,"play_id":"182816b8-b566-47a7-bda2-d58f617e78f4","local_time":"20201229002815","is_ascension_mode":true,"campfire_choices":[{"data":"Envenom","floor":7.0,"key":"SMITH"},{"floor":12.0,"key":"REST"},{"floor":15.0,"key":"REST"},{"floor":23.0,"key":"REST"},{"floor":25.0,"key":"REST"},{"data":"Infinite Blades","floor":32.0,"key":"SMITH"},{"data":"Accuracy","floor":41.0,"key":"SMITH"},{"floor":49.0,"key":"RECALL"},{"data":"After Image","floor":52.0,"key":"SMITH"}],"circlet_count":0,"master_deck":["Defend_G","Defend_G","Defend_G","Defend_G","Survivor","Neutralize+1","Cloak And Dagger","Leg Sweep","Poisoned Stab","Envenom+1","Blade Dance","Blade Dance","Bouncing Flask","Footwork","Blade Dance","After Image+1","Finisher+1","Blur+1","Corpse Explosion+1","PiercingWail","Backstab","Accuracy+1","Footwork","Prepared+1","Dash","Infinite Blades+1","Footwork","Adrenaline","Cloak And Dagger+1","Cloak And Dagger+1","Blade Dance+1","Dodge and Roll+1","PiercingWail+1","Finesse","Mind Blast+1","Caltrops+1","Accuracy+1","Malaise"],"relics":["Ring of the Snake","Juzu Bracelet","MawBank","Dream Catcher","Odd Mushroom","Old Coin","Astrolabe","Mummified Hand","Ancient Tea Set","Bottled Lightning","Pantograph","Turnip","TwistedFunnel","Molten Egg 2","WristBlade","Ginger","MealTicket","Anchor","Oddly Smooth Stone","Vajra","Blue Candle","Pen Nib","DollysMirror","Bag of Marbles"],"acts_visited":["Exordium","TheCity","TheBeyond","TheEnding"],"potions_floor_usage":[55,55],"damage_taken":[{"damage":7.0,"enemies":"Small Slimes","floor":1.0,"turns":4.0},{"damage":0.0,"enemies":"Jaw Worm","floor":3.0,"turns":5.0},{"damage":0.0,"enemies":"2 Louse","floor":5.0,"turns":4.0},{"damage":16.0,"enemies":"3 Sentries","floor":6.0,"turns":13.0},{"damage":4.0,"enemies":"Gremlin Nob","floor":8.0,"turns":4.0},{"damage":11.0,"enemies":"The Mushroom Lair","floor":10.0,"turns":6.0},{"damage":20.0,"enemies":"Lagavulin Event","floor":13.0,"turns":5.0},{"damage":17.0,"enemies":"The Guardian","floor":16.0,"turns":10.0},{"damage":12.0,"enemies":"2 Thieves","floor":18.0,"turns":5.0},{"damage":1.0,"enemies":"Shell Parasite","floor":21.0,"turns":7.0},{"damage":10.0,"enemies":"Book of Stabbing","floor":24.0,"turns":4.0},{"damage":0.0,"enemies":"Cultist and Chosen","floor":28.0,"turns":4.0},{"damage":7.0,"enemies":"Slavers","floor":29.0,"turns":4.0},{"damage":5.0,"enemies":"Snecko","floor":31.0,"turns":5.0},{"damage":15.0,"enemies":"Champ","floor":33.0,"turns":12.0},{"damage":0.0,"enemies":"Orb Walker","floor":35.0,"turns":4.0},{"damage":0.0,"enemies":"3 Darklings","floor":36.0,"turns":2.0},{"damage":26.0,"enemies":"Spire Growth","floor":37.0,"turns":4.0},{"damage":0.0,"enemies":"Mind Bloom Boss Battle","floor":38.0,"turns":5.0},{"damage":2.0,"enemies":"Transient","floor":39.0,"turns":5.0},{"damage":0.0,"enemies":"Giant Head","floor":40.0,"turns":5.0},{"damage":0.0,"enemies":"Reptomancer","floor":45.0,"turns":4.0},{"damage":12.0,"enemies":"Nemesis","floor":48.0,"turns":5.0},{"damage":44.0,"enemies":"Awakened One","floor":50.0,"turns":8.0},{"damage":19.0,"enemies":"Shield and Spear","floor":54.0,"turns":4.0},{"damage":55,"enemies":"The Heart","floor":55,"turns":9}],"seed_played":"747119113127463654","potions_obtained":[{"floor":5.0,"key":"LiquidMemories"},{"floor":10.0,"key":"CunningPotion"},{"floor":13.0,"key":"Explosive Potion"},{"floor":28.0,"key":"Poison Potion"},{"floor":33.0,"key":"Dexterity Potion"},{"floor":35.0,"key":"SkillPotion"},{"floor":38.0,"key":"Dexterity Potion"},{"floor":45.0,"key":"SpeedPotion"}],"is_trial":false,"path_per_floor":["M","?","M","$","M","E","R","E","T","?","?","R","?","?","R","B",null,"M","?","?","M","$","R","E","R","T","?","M","E","$","M","R","B",null,"M","M","M","?","M","E","R","T","T","$","E","?","?","E","R","B",null,"R","$","E","B",null],"character_chosen":"THE_SILENT","items_purchased":["Leg Sweep","Accuracy","Ancient Tea Set","TwistedFunnel","Molten Egg 2","Footwork","Oddly Smooth Stone","Vajra","DollysMirror"],"campfire_rested":4,"item_purchase_floors":[4,22,22,30,30,30,44,44,53],"current_hp_per_floor":[63,49,49,49,49,33,33,29,29,18,7,28,8,31,52,35,61,49,49,36,35,35,57,47,69,69,69,69,62,62,57,57,60,71,71,71,45,70,68,68,68,68,68,75,75,75,70,58,58,31,64,64,75,56,20],"gold":37,"neow_bonus":"HUNDRED_GOLD","is_daily":false,"chose_seed":false,"campfire_upgraded":4,"win_rate":0.0,"timestamp":1609198095,"path_taken":["M","?","M","$","M","E","R","E","T","?","?","R","?","?","R","BOSS","M","?","?","M","$","R","E","R","T","?","M","E","$","M","R","BOSS","M","M","M","?","M","E","R","?","T","$","E","?","?","E","R","BOSS","R","$","E","BOSS"],"items_purchased_type":["Card","Card","Relic","Relic","Relic","Card","Relic","Relic","Relic"],"build_version":"2020-12-22","purchased_purges":2,"victory":true,"max_hp_per_floor":[70,70,70,70,70,70,70,70,70,70,70,70,70,70,70,70,70,70,70,75,75,75,75,75,75,75,75,75,75,75,75,75,75,75,75,75,75,75,75,75,75,75,75,75,75,75,75,75,75,75,75,75,75,75,75],"card_choices":[{"not_picked":["Prepared","Dodge and Roll"],"picked":"Cloak And Dagger","floor":1.0},{"not_picked":["Backflip","Accuracy"],"picked":"Sucker Punch","floor":3.0},{"not_picked":["Cloak And Dagger","Underhanded Strike"],"picked":"Poisoned Stab","floor":5.0},{"not_picked":["Leg Sweep","Deadly Poison"],"picked":"Envenom","floor":6.0},{"not_picked":["After Image","Underhanded Strike"],"picked":"Blade Dance","floor":8.0},{"not_picked":["Predator","Eviscerate"],"picked":"Blade Dance","floor":10.0},{"not_picked":["Bane","Sucker Punch"],"picked":"Bouncing Flask","floor":12.0},{"not_picked":["Poisoned Stab","Acrobatics"],"picked":"Footwork","floor":13.0},{"not_picked":["Poisoned Stab","Underhanded Strike"],"picked":"Blade Dance","floor":15.0},{"not_picked":["Malaise","Unload"],"picked":"After Image","floor":16.0},{"not_picked":["Cloak And Dagger","Distraction"],"picked":"PiercingWail","floor":18.0},{"not_picked":["Backflip","Prepared"],"picked":"Backstab","floor":21.0},{"not_picked":["Dagger Throw","Bane"],"picked":"Footwork","floor":23.0},{"not_picked":["Acrobatics","Slice+1"],"picked":"Prepared+1","floor":24.0},{"not_picked":["Doppelganger","Blade Dance"],"picked":"Dash","floor":28.0},{"not_picked":["Cloak And Dagger","A Thousand Cuts"],"picked":"Infinite Blades","floor":29.0},{"not_picked":["Underhanded Strike+1","Masterful Stab+1","Sucker Punch+1"],"picked":"SKIP","floor":31.0},{"not_picked":["Envenom","Grand Finale+1"],"picked":"Adrenaline","floor":33.0},{"not_picked":["Bane+1","Choke+1","Backstab+1"],"picked":"SKIP","floor":35.0},{"not_picked":["Outmaneuver+1","Backstab+1"],"picked":"Cloak And Dagger+1","floor":36.0},{"not_picked":["Backflip","Poisoned Stab+1"],"picked":"Cloak And Dagger+1","floor":37.0},{"not_picked":["Unload+1","Outmaneuver"],"picked":"Blade Dance+1","floor":39.0},{"not_picked":["Blade Dance+1","Acrobatics+1"],"picked":"Dodge and Roll+1","floor":40.0},{"not_picked":["Underhanded Strike+1","Leg Sweep+1"],"picked":"PiercingWail+1","floor":45.0},{"not_picked":["Blind","Madness"],"picked":"Finesse","floor":47.0},{"not_picked":["Good Instincts","Madness"],"picked":"Mind Blast+1","floor":47.0},{"not_picked":["A Thousand Cuts","Sucker Punch+1"],"picked":"Caltrops+1","floor":48.0},{"not_picked":["Distraction","Expertise"],"picked":"Malaise","floor":54.0}],"player_experience":224925,"relics_obtained":[{"floor":6.0,"key":"Juzu Bracelet"},{"floor":8.0,"key":"MawBank"},{"floor":9.0,"key":"Dream Catcher"},{"floor":10.0,"key":"Odd Mushroom"},{"floor":13.0,"key":"Old Coin"},{"floor":24.0,"key":"Bottled Lightning"},{"floor":26.0,"key":"Pantograph"},{"floor":29.0,"key":"Turnip"},{"floor":38.0,"key":"Ginger"},{"floor":40.0,"key":"MealTicket"},{"floor":43.0,"key":"Anchor"},{"floor":45.0,"key":"Blue Candle"},{"floor":48.0,"key":"Pen Nib"},{"floor":54.0,"key":"Bag of Marbles"}],"event_choices":[{"damage_healed":0.0,"max_hp_gain":0.0,"max_hp_loss":0.0,"gold_gain":0.0,"event_name":"Shining Light","player_choice":"Entered Light","floor":2.0,"gold_loss":0.0,"damage_taken":14.0,"cards_upgraded":["Strike_G","Neutralize"]},{"damage_healed":0.0,"max_hp_gain":0.0,"max_hp_loss":0.0,"gold_gain":0.0,"event_name":"Mushrooms","player_choice":"Fought Mushrooms","floor":10.0,"gold_loss":0.0,"damage_taken":0.0},{"damage_healed":0.0,"max_hp_gain":0.0,"max_hp_loss":0.0,"gold_gain":75.0,"event_name":"World of Goop","player_choice":"Gather Gold","floor":11.0,"gold_loss":0.0,"damage_taken":11.0},{"damage_healed":0.0,"max_hp_gain":0.0,"max_hp_loss":0.0,"gold_gain":0.0,"event_name":"Dead Adventurer","player_choice":"Searched \u00272\u0027 times","floor":13.0,"gold_loss":0.0,"damage_taken":0.0},{"damage_healed":23.0,"max_hp_gain":0.0,"max_hp_loss":0.0,"gold_gain":0.0,"event_name":"Big Fish","player_choice":"Banana","floor":14.0,"gold_loss":0.0,"damage_taken":0.0},{"damage_healed":0.0,"max_hp_gain":0.0,"max_hp_loss":0.0,"gold_gain":0.0,"event_name":"Addict","player_choice":"Obtained Relic","floor":19.0,"gold_loss":85.0,"damage_taken":0.0,"relics_obtained":["Mummified Hand"]},{"damage_healed":0.0,"max_hp_gain":5.0,"max_hp_loss":0.0,"gold_gain":0.0,"event_name":"Forgotten Altar","player_choice":"Shed Blood","floor":20.0,"gold_loss":0.0,"damage_taken":18.0},{"cards_removed":["Strike_G"],"damage_healed":0.0,"max_hp_gain":0.0,"max_hp_loss":0.0,"gold_gain":0.0,"event_name":"Purifier","player_choice":"Purged","floor":27.0,"gold_loss":0.0,"damage_taken":0.0},{"damage_healed":0.0,"max_hp_gain":0.0,"max_hp_loss":0.0,"gold_gain":0.0,"event_name":"MindBloom","player_choice":"Fight","floor":38.0,"gold_loss":0.0,"damage_taken":0.0},{"cards_removed":["Sucker Punch"],"damage_healed":0.0,"max_hp_gain":0.0,"max_hp_loss":0.0,"gold_gain":0.0,"event_name":"Falling","player_choice":"Removed Attack","floor":46.0,"gold_loss":0.0,"damage_taken":0.0},{"damage_healed":0.0,"max_hp_gain":0.0,"max_hp_loss":0.0,"gold_gain":0.0,"event_name":"SensoryStone","player_choice":"Memory 2","floor":47.0,"gold_loss":0.0,"damage_taken":5.0}],"is_beta":false,"boss_relics":[{"not_picked":["Tiny House","Calling Bell"],"picked":"Astrolabe"},{"not_picked":["Fusion Hammer","Black Star"],"picked":"WristBlade"}],"items_purged_floors":[4,22],"is_endless":false,"potions_floor_spawned":[5,10,13,28,33,35,38,39,40,45],"ascension_level":5}}