{"host":"ibfpjm2kz059o009","time":1609195436,"event":{"mods":["AchievementEnabler","BaseMod","Block Reminder","Colored Powertips","DeckTracker","Googly Eyes","Key Reminder","Minty Spire (QoL Compilation)","Shop Mod","Unceasing Turn Reminder"],"gold_per_floor":[116,132,132,145,145,145,0,33,33,33,33,67,83,83,83,186,186,201,201,216,5,17,17,17,17,17,17,17,36,49,49,49],"floor_reached":31,"playtime":1393,"items_purged":[],"score":267,"play_id":"afec2c62-a41a-4255-b46b-3e92f514e802","local_time":"20201228174356","is_ascension_mode":true,"campfire_choices":[{"floor":6,"key":"RECALL"},{"floor":11,"key":"REST"},{"floor":15,"key":"REST"},{"floor":23,"key":"REST"},{"data":"Venomology","floor":25,"key":"SMITH"},{"data":"Burst","floor":27,"key":"SMITH"}],"circlet_count":0,"master_deck":["Strike_G+1","Strike_G+1","Strike_G","Strike_G","Strike_G","Defend_G","Defend_G","Defend_G","Defend_G+1","Defend_G","Survivor","Neutralize","Predator+1","Blade Dance","Deadly Poison","PiercingWail+1","Footwork","Poisoned Stab","Infinite Blades","Burst+1","Slice","Venomology+1","Bane+1","Caltrops+1","Caltrops","Well Laid Plans+1","Injury","Blur+1","Adrenaline+1"],"relics":["White Beast Statue","Bottled Tornado","Cursed Key","Regal Pillow","MerchantsRug","PreservedInsect","Toxic Egg 2"],"acts_visited":["Exordium","TheCity"],"potions_floor_usage":[8,12,16,16,20,20,22,22,29,29,30,30,31],"damage_taken":[{"damage":4,"enemies":"Cultist","floor":1,"turns":5},{"damage":2,"enemies":"Jaw Worm","floor":2,"turns":3},{"damage":4,"enemies":"2 Louse","floor":4,"turns":2},{"damage":18,"enemies":"Gremlin Nob","floor":8,"turns":4},{"damage":21,"enemies":"Lagavulin","floor":12,"turns":6},{"damage":0,"enemies":"Looter","floor":13,"turns":3},{"damage":31,"enemies":"The Guardian","floor":16,"turns":11},{"damage":0,"enemies":"Chosen","floor":18,"turns":4},{"damage":12,"enemies":"Spheric Guardian","floor":20,"turns":4},{"damage":33,"enemies":"Chosen and Byrds","floor":22,"turns":4},{"damage":35,"enemies":"Shelled Parasite and Fungi","floor":29,"turns":5},{"damage":25,"enemies":"Sentry and Sphere","floor":30,"turns":5},{"damage":4,"enemies":"Snecko","floor":31,"turns":4}],"seed_played":"-1412597131280699288","potions_obtained":[{"floor":1,"key":"PowerPotion"},{"floor":8,"key":"CunningPotion"},{"floor":12,"key":"Ancient Potion"},{"floor":13,"key":"Dexterity Potion"},{"floor":16,"key":"Strength Potion"},{"floor":18,"key":"Fire Potion"},{"floor":20,"key":"SkillPotion"},{"floor":22,"key":"Explosive Potion"},{"floor":29,"key":"AttackPotion"},{"floor":30,"key":"Dexterity Potion"}],"is_trial":false,"path_per_floor":["M","M","?","M","$","R","$","E","T","?","R","E","M","T","R","B",null,"M","?","M","$","M","R","$","R","T","R","?","M","M","M"],"character_chosen":"THE_SILENT","items_purchased":["PiercingWail","Footwork","Poisoned Stab","MerchantsRug","PreservedInsect","Caltrops"],"campfire_rested":3,"item_purchase_floors":[7,7,7,21,21,21],"current_hp_per_floor":[66,64,64,60,60,60,60,42,42,28,49,28,28,28,49,18,70,70,70,58,58,25,61,61,61,61,61,61,26,1,0,0],"gold":49,"neow_bonus":"BOSS_RELIC","is_daily":false,"chose_seed":false,"campfire_upgraded":2,"win_rate":0.0,"timestamp":1609195436,"path_taken":["M","M","?","M","?","R","$","E","T","?","R","E","M","?","R","BOSS","M","?","M","$","M","R","?","R","T","R","?","M","?","M"],"items_purchased_type":["Card","Card","Card","Relic","Relic","Card"],"build_version":"2020-12-22","purchased_purges":0,"victory":false,"max_hp_per_floor":[70,70,70,70,70,70,70,70,70,70,70,70,70,70,70,70,70,70,70,70,70,70,70,70,70,70,70,70,70,70,70,70],"card_choices":[{"not_picked":["Heel Hook","Underhanded Strike"],"picked":"Predator","floor":1},{"not_picked":["Dagger Throw","Bane"],"picked":"Blade Dance","floor":2},{"not_picked":["Prepared","Cloak And Dagger"],"picked":"Deadly Poison","floor":4},{"not_picked":["Cloak And Dagger","Dagger Throw"],"picked":"Infinite Blades","floor":8},{"not_picked":["Bane","Deadly Poison"],"picked":"Burst","floor":12},{"not_picked":["Underhanded Strike","Prepared"],"picked":"Slice","floor":13},{"not_picked":["Die Die Die","Doppelganger"],"picked":"Venomology","floor":16},{"not_picked":["Cloak And Dagger","Acrobatics"],"picked":"Bane+1","floor":18},{"not_picked":["Riddle With Holes","Bane"],"picked":"Caltrops+1","floor":20},{"not_picked":["Dodge and Roll","Underhanded Strike"],"picked":"Well Laid Plans+1","floor":22},{"not_picked":["Concentrate+1","Expertise+1"],"picked":"Blur+1","floor":29},{"not_picked":["Prepared+1","Caltrops+1"],"picked":"Adrenaline+1","floor":30}],"player_experience":593988,"relics_obtained":[{"floor":8,"key":"White Beast Statue"},{"floor":12,"key":"Whetstone"},{"floor":14,"key":"Bottled Tornado"},{"floor":26,"key":"Toxic Egg 2"}],"event_choices":[{"damage_healed":0,"gold_gain":0,"player_choice":"Upgraded","damage_taken":0,"max_hp_gain":0,"max_hp_loss":0,"event_name":"Upgrade Shrine","floor":3,"gold_loss":0,"cards_upgraded":["Predator"]},{"damage_healed":0,"gold_gain":0,"player_choice":"Entered Light","damage_taken":14,"max_hp_gain":0,"max_hp_loss":0,"event_name":"Shining Light","floor":10,"gold_loss":0,"cards_upgraded":["Defend_G","PiercingWail"]},{"damage_healed":0,"gold_gain":0,"player_choice":"Gave Potion","damage_taken":0,"relics_obtained":["Regal Pillow"],"max_hp_gain":0,"max_hp_loss":0,"event_name":"WeMeetAgain","floor":19,"gold_loss":0},{"damage_healed":0,"gold_gain":0,"player_choice":"Ignored","damage_taken":0,"max_hp_gain":0,"max_hp_loss":0,"event_name":"Ghosts","floor":28,"gold_loss":0}],"is_beta":false,"boss_relics":[{"not_picked":["SacredBark","Tiny House"],"picked":"Cursed Key"}],"items_purged_floors":[],"is_endless":false,"potions_floor_spawned":[1,8,12,13,16,18,20,22,29,30],"killed_by":"Snecko","ascension_level":2}}