{"host":"s4ae7avgknp5vwpe","time":1609179604,"event":{"mods":["BaseMod","Minty Spire (QoL Compilation)"],"gold_per_floor":[113,113,131,131,131,131,158,158,158,158,98,118,118,38,38,38,38],"floor_reached":16,"playtime":427,"items_purged":["Strike_P","Strike_P"],"score":127,"play_id":"8a0fe3e9-fa7c-409e-b91d-f2a7a185e796","local_time":"20201228102004","is_ascension_mode":true,"campfire_choices":[{"data":"Eruption","floor":6,"key":"SMITH"},{"data":"JustLucky","floor":8,"key":"SMITH"},{"data":"FlurryOfBlows","floor":10,"key":"SMITH"},{"data":"Pray","floor":15,"key":"SMITH"}],"circlet_count":0,"master_deck":["Strike_P","Defend_P","Defend_P","Defend_P","Defend_P","Eruption+1","Vigilance","JustLucky+1","FlurryOfBlows+1","Pray+1"],"relics":["PureWater","NeowsBlessing","The Courier","Ginger","Blue Candle"],"acts_visited":["Exordium"],"potions_floor_usage":[16],"damage_taken":[{"damage":0,"enemies":"Jaw Worm","floor":1,"turns":1},{"damage":0,"enemies":"2 Louse","floor":3,"turns":1},{"damage":0,"enemies":"Gremlin Nob","floor":7,"turns":1},{"damage":0,"enemies":"Cultist","floor":12,"turns":1},{"damage":77,"enemies":"Hexaghost","floor":16,"turns":11}],"seed_played":"4370799952585147301","potions_obtained":[{"floor":1,"key":"Strength Potion"}],"is_trial":false,"path_per_floor":["M","?","M","?","?","R","E","R","T","R","$","M","T","$","R","B"],"character_chosen":"WATCHER","items_purchased":[],"campfire_rested":0,"item_purchase_floors":[],"current_hp_per_floor":[72,77,77,77,77,77,77,77,77,77,77,77,77,77,77,0,0],"gold":38,"neow_bonus":"THREE_ENEMY_KILL","is_daily":false,"chose_seed":false,"campfire_upgraded":4,"win_rate":0.0,"timestamp":1609179604,"path_taken":["M","?","M","?","?","R","E","R","T","R","$","?","?","?","R","BOSS"],"items_purchased_type":[],"build_version":"2020-12-22","purchased_purges":2,"victory":false,"max_hp_per_floor":[72,77,77,77,77,77,77,77,77,77,77,77,77,77,77,77,77],"card_choices":[{"not_picked":["CarveReality","Evaluate"],"picked":"JustLucky","floor":1},{"not_picked":["Sanctity","EmptyBody"],"picked":"FlurryOfBlows","floor":3},{"not_picked":["CrushJoints","ReachHeaven","ForeignInfluence"],"picked":"SKIP","floor":7},{"not_picked":["Vault","JustLucky"],"picked":"Pray","floor":12}],"player_experience":239751,"relics_obtained":[{"floor":7,"key":"The Courier"},{"floor":9,"key":"Ginger"},{"floor":13,"key":"Blue Candle"}],"event_choices":[{"damage_healed":0,"gold_gain":0,"player_choice":"Donut","damage_taken":0,"max_hp_gain":5,"max_hp_loss":0,"event_name":"Big Fish","floor":2,"gold_loss":0},{"damage_healed":0,"gold_gain":0,"player_choice":"Ignored","damage_taken":0,"max_hp_gain":0,"max_hp_loss":0,"event_name":"Liars Game","floor":4,"gold_loss":0},{"cards_removed":["Strike_P"],"damage_healed":0,"gold_gain":0,"player_choice":"Purged","damage_taken":0,"max_hp_gain":0,"max_hp_loss":0,"event_name":"Purifier","floor":5,"gold_loss":0}],"is_beta":false,"boss_relics":[],"items_purged_floors":[11,14],"is_endless":false,"potions_floor_spawned":[1],"killed_by":"Hexaghost","ascension_level":1}}