{"host":"b5k9dtspx1cjm4w0","time":1609128231,"event":{"mods":["AchievementEnabler","BaseMod","Better Third Choice","Colored Map","Colored Powertips","Highlight Path","Minty Spire (QoL Compilation)","Permanent Neow","Quick Restart","Relic Stats","StSLib"],"gold_per_floor":[118,68,80,140,215,245,245,38,109,142,153,153,168,182,182,281,281,300,19,35,54,54,89,9,38,90,90,90],"floor_reached":27,"playtime":1026,"items_purged":["Defend_R"],"score":261,"play_id":"5cd43b96-453a-4b28-9b95-92afcd5e6f0c","local_time":"20201228040351","is_ascension_mode":false,"campfire_choices":[{"data":"Uppercut","floor":7,"key":"SMITH"},{"data":"Armaments","floor":12,"key":"SMITH"},{"data":"Metallicize","floor":15,"key":"SMITH"}],"circlet_count":0,"master_deck":["Strike_R","Strike_R","Strike_R","Strike_R","Defend_R","Defend_R","Defend_R","Bash","Carnage","Uppercut+1","Combust","Fire Breathing","Armaments+1","Metallicize+1","Pommel Strike","Demon Form","Rupture","Magnetism","Disarm","Reaper","Feel No Pain","Normality"],"relics":["Burning Blood","Mango","Bird Faced Urn","Bottled Flame","Bottled Lightning","Cursed Key","Strawberry","Prayer Wheel","Ancient Tea Set"],"acts_visited":["Exordium","TheCity"],"potions_floor_usage":[6,16,16,23,25],"damage_taken":[{"damage":2,"enemies":"Small Slimes","floor":1,"turns":4},{"damage":6,"enemies":"2 Louse","floor":3,"turns":2},{"damage":36,"enemies":"Lagavulin","floor":6,"turns":5},{"damage":38,"enemies":"3 Sentries","floor":10,"turns":5},{"damage":0,"enemies":"Cultist","floor":11,"turns":3},{"damage":12,"enemies":"2 Fungi Beasts","floor":13,"turns":5},{"damage":11,"enemies":"Exordium Thugs","floor":14,"turns":4},{"damage":18,"enemies":"Hexaghost","floor":16,"turns":8},{"damage":37,"enemies":"2 Thieves","floor":18,"turns":4},{"damage":16,"enemies":"Shell Parasite","floor":20,"turns":4},{"damage":23,"enemies":"Snake Plant","floor":21,"turns":4},{"damage":36,"enemies":"Gremlin Leader","floor":23,"turns":7},{"damage":62,"enemies":"Slavers","floor":25,"turns":6},{"damage":39,"enemies":"Colosseum Slavers","floor":27,"turns":3}],"seed_played":"3442792844682504082","potions_obtained":[{"floor":1,"key":"Regen Potion"},{"floor":13,"key":"AttackPotion"},{"floor":14,"key":"SteroidPotion"},{"floor":16,"key":"SpeedPotion"},{"floor":23,"key":"Block Potion"}],"is_trial":false,"path_per_floor":["M","?","M","?","?","E","R","$","T","E","M","R","M","M","R","B",null,"M","$","M","M","?","E","$","E","T","?"],"character_chosen":"IRONCLAD","items_purchased":["Fire Breathing","Armaments","Rupture","Magnetism","AttackPotion","Feel No Pain"],"campfire_rested":0,"item_purchase_floors":[8,8,19,19,19,24],"current_hp_per_floor":[86,86,86,86,78,60,60,60,60,32,40,40,36,33,33,27,86,57,57,59,54,54,61,61,21,21,0,0],"gold":90,"neow_bonus":"ONE_RARE_RELIC","is_daily":false,"chose_seed":false,"campfire_upgraded":3,"win_rate":0.0,"timestamp":1609128231,"path_taken":["M","?","M","?","?","E","R","$","T","E","M","R","M","M","R","BOSS","M","$","M","?","?","E","?","E","T","?"],"items_purchased_type":["Card","Card","Card","Card","Potion","Card"],"build_version":"2020-12-22","purchased_purges":1,"victory":false,"max_hp_per_floor":[86,86,86,86,86,86,86,86,86,86,86,86,86,86,86,86,86,86,86,86,86,86,93,93,93,93,93,93],"relic_stats":{"counters":[14,64],"Bird Faced Urn":[78],"Prayer Wheel":0,"Cursed Key":1,"obtain_stats":[{"Bottled Flame":9,"Bird Faced Urn":6,"Strawberry":23,"Mango":0,"Prayer Wheel":25,"Bottled Lightning":10,"Cursed Key":17,"Ancient Tea Set":26,"Burning Blood":0},{"Bottled Flame":3,"Bird Faced Urn":3,"Strawberry":12,"Mango":0,"Prayer Wheel":13,"Bottled Lightning":4,"Cursed Key":8,"Ancient Tea Set":13,"Burning Blood":0},{"Bottled Flame":11,"Bird Faced Urn":11,"Strawberry":55,"Mango":0,"Prayer Wheel":61,"Bottled Lightning":16,"Cursed Key":36,"Ancient Tea Set":61,"Burning Blood":0}],"Burning Blood":74},"card_choices":[{"not_picked":["True Grit","Iron Wave"],"picked":"Carnage","floor":1},{"not_picked":["Clash","Havoc"],"picked":"Uppercut","floor":3},{"not_picked":["Burning Pact","Havoc"],"picked":"Combust","floor":6},{"not_picked":["Shrug It Off","Iron Wave"],"picked":"Metallicize","floor":10},{"not_picked":["Clash","Seeing Red","Uppercut"],"picked":"SKIP","floor":11},{"not_picked":["Rage","Iron Wave"],"picked":"Pommel Strike","floor":13},{"not_picked":["Flex","Burning Pact","Havoc"],"picked":"SKIP","floor":14},{"not_picked":["Double Tap","Brutality"],"picked":"Demon Form","floor":16},{"not_picked":["Iron Wave","Anger+1","Thunderclap+1"],"picked":"SKIP","floor":18},{"not_picked":["Power Through","Pommel Strike","Blood for Blood"],"picked":"SKIP","floor":20},{"not_picked":["Clothesline","Flex"],"picked":"Disarm","floor":21},{"not_picked":["Power Through","True Grit","Shrug It Off"],"picked":"SKIP","floor":23},{"not_picked":["Blood for Blood","Immolate","Havoc"],"picked":"SKIP","floor":25}],"player_experience":1613908,"relics_obtained":[{"floor":6,"key":"Bird Faced Urn"},{"floor":9,"key":"Bottled Flame"},{"floor":10,"key":"Bottled Lightning"},{"floor":23,"key":"Strawberry"},{"floor":25,"key":"Prayer Wheel"},{"floor":26,"key":"Ancient Tea Set"}],"event_choices":[{"cards_removed":["Strike_R"],"damage_healed":0,"gold_gain":0,"player_choice":"Card Removal","damage_taken":0,"max_hp_gain":0,"max_hp_loss":0,"event_name":"The Cleric","floor":2,"gold_loss":50},{"damage_healed":0,"gold_gain":60,"player_choice":"Gained Gold","damage_taken":0,"max_hp_gain":0,"max_hp_loss":0,"event_name":"Golden Wing","floor":4,"gold_loss":0},{"damage_healed":0,"gold_gain":75,"player_choice":"Touch","damage_taken":8,"max_hp_gain":0,"max_hp_loss":0,"event_name":"FaceTrader","floor":5,"gold_loss":0},{"damage_healed":0,"gold_gain":0,"player_choice":"1 cards matched","damage_taken":0,"max_hp_gain":0,"max_hp_loss":0,"event_name":"Match and Keep!","floor":22,"gold_loss":0,"cards_obtained":["Reaper"]},{"damage_healed":0,"gold_gain":0,"player_choice":"Fight","damage_taken":0,"max_hp_gain":0,"max_hp_loss":0,"event_name":"Colosseum","floor":27,"gold_loss":0}],"is_beta":false,"boss_relics":[{"not_picked":["Coffee Dripper","Black Blood"],"picked":"Cursed Key"}],"items_purged_floors":[8],"is_endless":false,"potions_floor_spawned":[1,13,14,16,23],"killed_by":"Colosseum Slavers","ascension_level":0}}