{"host":"1a8vswsp13vmqqwt","time":1609178433,"event":{"mods":["AchievementEnabler","BaseMod","Minty Spire (QoL Compilation)","Replay The Spire","StSLib"],"gold_per_floor":[115,131,142,142,105,135,135,160,160,172,187,187,187,212,284,388,388,407,55,68,85,98,98,48,48,48,76,95,105,121,121,121],"floor_reached":31,"playtime":1259,"items_purged":["Amnesia"],"score":318,"play_id":"fe9ea0c3-a552-453a-b05f-0613724ea39f","local_time":"20201228210033","is_ascension_mode":true,"campfire_choices":[{"data":"Noxious Fumes","floor":7,"key":"SMITH"},{"floor":12,"key":"REST"},{"floor":23,"key":"REST"},{"data":"Poisoned Stab","floor":25,"key":"SMITH"}],"circlet_count":0,"master_deck":["Strike_G","Strike_G","Strike_G","Strike_G","Strike_G","Defend_G+1","Defend_G","Defend_G","Defend_G+1","Defend_G+1","Survivor","Neutralize","Backflip","Noxious Fumes+1","Deflect","Deadly Poison+1","Deadly Poison+1","Endless Agony","Poisoned Stab+1","Deadly Poison+1","Concentrate","Corpse Explosion","Outmaneuver+1","Enlightenment","Poisoned Stab","Deadly Poison+1","Sucker Punch+1","Cloak And Dagger+1","Leg Sweep+1"],"relics":["Ring of Misfortune","Ring of Hypnosis","Calipers","Replay:Bottled Eggs","Onion Ring","Sizzling Blood","Durian","Ring of Chaos","ReplayTheSpireMod:ShopPack","War Paint","Tiny Chest"],"acts_visited":["Exordium","TheCity"],"potions_floor_usage":[16,18,21,21,31],"damage_taken":[{"damage":1,"enemies":"Cultist","floor":1,"turns":4},{"damage":5,"enemies":"Jaw Worm","floor":2,"turns":5},{"damage":2,"enemies":"2 Louse","floor":3,"turns":4},{"damage":9,"enemies":"3 Sentries","floor":6,"turns":8},{"damage":30,"enemies":"Gremlin Nob","floor":8,"turns":5},{"damage":4,"enemies":"Gremlin Gang","floor":10,"turns":4},{"damage":1,"enemies":"Looter","floor":11,"turns":2},{"damage":12,"enemies":"Lagavulin","floor":14,"turns":5},{"damage":21,"enemies":"Fading Forest","floor":16,"turns":11},{"damage":30,"enemies":"2 Thieves","floor":18,"turns":3},{"damage":11,"enemies":"Shell Parasite","floor":20,"turns":5},{"damage":7,"enemies":"Centurion and Healer","floor":21,"turns":4},{"damage":17,"enemies":"Cultist and Chosen","floor":22,"turns":5},{"damage":11,"enemies":"Book of Stabbing","floor":27,"turns":5},{"damage":13,"enemies":"Chosen and Byrds","floor":28,"turns":6},{"damage":18,"enemies":"Sentry and Sphere","floor":29,"turns":4},{"damage":5,"enemies":"Snake Plant","floor":30,"turns":4},{"damage":22,"enemies":"Centurion and Healer","floor":31,"turns":5}],"seed_played":"-2784639065995265319","potions_obtained":[{"floor":8,"key":"Languid Potion"},{"floor":11,"key":"Venom Potion"},{"floor":14,"key":"Energy Potion"},{"floor":16,"key":"ColorlessPotion"},{"floor":28,"key":"LiquidBronze"},{"floor":29,"key":"DuplicationPotion"}],"is_trial":false,"path_per_floor":["M","M","M","?","$","E","R","E","T","M","M","R","?","E","R","B",null,"M","$","M","M","M","R","?","R","T","E","M","M","M","M"],"character_chosen":"THE_SILENT","items_purchased":["Deadly Poison","ReplayTheSpireMod:ShopPack","War Paint"],"campfire_rested":2,"item_purchase_floors":[5,19,19],"current_hp_per_floor":[69,64,62,62,62,53,53,23,23,19,18,39,43,40,40,47,79,53,53,46,43,30,53,53,53,53,46,37,23,22,0,0],"gold":121,"neow_bonus":"RANDOM_EVENT","is_daily":false,"chose_seed":false,"campfire_upgraded":2,"win_rate":0.0,"timestamp":1609178433,"path_taken":["M","?","M","?","$","E","R","E","T","M","M","R","?","E","R","BOSS","M","$","M","M","M","R","?","R","T","E","M","M","?","M"],"items_purchased_type":["Card","Relic","Relic"],"build_version":"2020-12-22","purchased_purges":1,"victory":false,"max_hp_per_floor":[70,70,70,70,70,70,70,70,70,70,70,70,74,79,79,79,79,79,79,79,79,79,79,79,79,79,79,79,79,79,79,79],"card_choices":[{"not_picked":["Slice","Prepared"],"picked":"Backflip","floor":1},{"not_picked":["Cloak And Dagger","Sucker Punch"],"picked":"Noxious Fumes","floor":2},{"not_picked":["Expertise","Well Laid Plans"],"picked":"Deflect","floor":3},{"not_picked":["Hidden Blade","Acrobatics"],"picked":"Endless Agony","floor":6},{"not_picked":["Dagger Spray","Backflip","Slice"],"picked":"SKIP","floor":8},{"not_picked":["PiercingWail","Choke"],"picked":"Poisoned Stab","floor":10},{"not_picked":["Dagger Spray","Doppelganger"],"picked":"Deadly Poison","floor":11},{"not_picked":["Hidden Blade","Masterful Stab"],"picked":"Concentrate","floor":14},{"not_picked":["ReplayTheSpireMod:From All Sides","Glass Knife"],"picked":"Corpse Explosion","floor":16},{"not_picked":["Dagger Spray","Dagger Throw"],"picked":"Outmaneuver+1","floor":18},{"not_picked":["Forethought","Deep Breath"],"picked":"Enlightenment","floor":19},{"not_picked":["PiercingWail","Cloak And Dagger"],"picked":"Poisoned Stab","floor":20},{"not_picked":["Tactician+1","Reflex"],"picked":"Deadly Poison","floor":21},{"not_picked":["Backflip+1","Quick Slash+1"],"picked":"Sucker Punch+1","floor":22},{"not_picked":["Quick Slash","Phantasmal Killer","Reflex"],"picked":"SKIP","floor":27},{"not_picked":["Quick Slash+1","Dagger Spray+1","Hidden Blade+1"],"picked":"SKIP","floor":28},{"not_picked":["All Out Attack","Masterful Stab"],"picked":"Cloak And Dagger+1","floor":29},{"not_picked":["Dagger Throw","Eviscerate"],"picked":"Leg Sweep+1","floor":30}],"player_experience":154114,"relics_obtained":[{"floor":4,"key":"Ring of Misfortune"},{"floor":4,"key":"Ring of Hypnosis"},{"floor":6,"key":"Calipers"},{"floor":8,"key":"Replay:Bottled Eggs"},{"floor":9,"key":"Onion Ring"},{"floor":14,"key":"Durian"},{"floor":27,"key":"Tiny Chest"}],"event_choices":[{"damage_healed":0,"gold_gain":0,"player_choice":"Bet on Owner","damage_taken":0,"max_hp_gain":0,"max_hp_loss":0,"event_name":"The Joust","floor":24,"gold_loss":50}],"is_beta":false,"boss_relics":[{"not_picked":["SlaversCollar","Replay:Bronze Core"],"picked":"Ring of Chaos"}],"items_purged_floors":[19],"is_endless":false,"potions_floor_spawned":[8,11,14,16,28,29],"killed_by":"Centurion and Healer","ascension_level":1}}