{"host":"pbf6u3tyx46snqc7","time":1609196400,"event":{"mods":["AchievementEnabler","BaseMod","Colored Map","Minty Spire (QoL Compilation)","Permanent Neow","Rare Cards Sparkle","Shop Mod","SuperFastMode"],"gold_per_floor":[113,63,78,95,95,95,95,95,95,120,164,22,41,81,81,212,212,231,249,265,23,46,46,90,90,90,90,90,90,37,50,50,50,50],"floor_reached":33,"playtime":1367,"items_purged":[],"score":344,"play_id":"1047922e-a655-40dd-94b4-5846ba9cbd08","local_time":"20201229080000","is_ascension_mode":true,"campfire_choices":[{"data":"Havoc","floor":6.0,"key":"SMITH"},{"data":"Perfected Strike","floor":8.0,"key":"SMITH"},{"data":"Perfected Strike","floor":15.0,"key":"SMITH"},{"data":"Body Slam","floor":23.0,"key":"SMITH"},{"floor":25,"key":"REST"},{"data":"Dark Embrace","floor":29,"key":"SMITH"},{"data":"Entrench","floor":32,"key":"SMITH"}],"circlet_count":0,"master_deck":["Strike_R","Strike_R+1","Strike_R+1","Strike_R","Strike_R","Defend_R+1","Defend_R","Defend_R","Defend_R+1","Bash+1","Havoc+1","Shrug It Off","Perfected Strike+1","Headbutt","Wild Strike","Perfected Strike+1","Finesse","Barricade","True Grit+1","Body Slam+1","Flash of Steel","Rage+1","Armaments","Dark Embrace+1","Perfected Strike","Entrench+1"],"relics":["Burning Blood","Unceasing Top","Golden Idol","Kunai","White Beast Statue","Whetstone","SacredBark","Regal Pillow","War Paint","Juzu Bracelet"],"acts_visited":["Exordium","TheCity"],"potions_floor_usage":[24,24,31,33,33],"damage_taken":[{"damage":5.0,"enemies":"2 Louse","floor":1.0,"turns":3.0},{"damage":9.0,"enemies":"Jaw Worm","floor":3.0,"turns":4.0},{"damage":2.0,"enemies":"Small Slimes","floor":4.0,"turns":3.0},{"damage":1.0,"enemies":"Looter","floor":10.0,"turns":3.0},{"damage":16.0,"enemies":"Gremlin Nob","floor":11.0,"turns":4.0},{"damage":0.0,"enemies":"Large Slime","floor":13.0,"turns":3.0},{"damage":17.0,"enemies":"Lagavulin","floor":14.0,"turns":4.0},{"damage":2.0,"enemies":"Slime Boss","floor":16.0,"turns":7.0},{"damage":14.0,"enemies":"2 Thieves","floor":18.0,"turns":3.0},{"damage":19.0,"enemies":"Shell Parasite","floor":19.0,"turns":5.0},{"damage":6.0,"enemies":"3 Cultists","floor":20.0,"turns":3.0},{"damage":25.0,"enemies":"Shelled Parasite and Fungi","floor":22.0,"turns":9.0},{"damage":20,"enemies":"Gremlin Leader","floor":24,"turns":6},{"damage":0,"enemies":"Centurion and Healer","floor":31,"turns":3},{"damage":68,"enemies":"Automaton","floor":33,"turns":6}],"seed_played":"5122888117469079905","potions_obtained":[{"floor":4.0,"key":"Weak Potion"},{"floor":10.0,"key":"SteroidPotion"},{"floor":13.0,"key":"SteroidPotion"},{"floor":14.0,"key":"Swift Potion"},{"floor":16.0,"key":"CultistPotion"},{"floor":18.0,"key":"LiquidBronze"},{"floor":19.0,"key":"Explosive Potion"},{"floor":20.0,"key":"Ancient Potion"},{"floor":22.0,"key":"HeartOfIron"},{"floor":24,"key":"Block Potion"},{"floor":31,"key":"SneckoOil"}],"is_trial":false,"path_per_floor":["M","?","M","M","?","R","?","R","T","M","E","$","M","E","R","B",null,"M","M","M","$","M","R","E","R","T","?","?","R","$","M","R","B"],"character_chosen":"IRONCLAD","items_purchased":["Perfected Strike","Finesse","Flash of Steel","Regal Pillow","Perfected Strike"],"campfire_rested":1,"item_purchase_floors":[12,12,21,21,30],"current_hp_per_floor":[80,80,77,80,60,60,60,60,60,65,55,55,61,50,50,54,74,66,53,53,53,34,34,20,59,59,59,59,59,59,65,65,0,0],"gold":50,"neow_bonus":"ONE_RARE_RELIC","is_daily":false,"chose_seed":false,"campfire_upgraded":6,"win_rate":0.0,"timestamp":1609196400,"path_taken":["M","?","M","M","?","R","?","R","T","M","E","$","M","E","R","BOSS","M","M","M","$","M","R","E","R","T","?","?","R","$","M","R","BOSS"],"items_purchased_type":["Card","Card","Card","Relic","Card"],"build_version":"2020-12-22","purchased_purges":0,"victory":false,"max_hp_per_floor":[80,80,80,80,80,80,80,80,80,80,80,80,80,80,80,80,80,80,80,80,80,80,80,80,80,80,80,80,80,80,80,80,80,80],"card_choices":[{"not_picked":["Cleave","Perfected Strike"],"picked":"Havoc","floor":1.0},{"not_picked":["Headbutt","Pommel Strike"],"picked":"Shrug It Off","floor":3.0},{"not_picked":["Twin Strike","Flame Barrier"],"picked":"Perfected Strike","floor":4.0},{"not_picked":["Reckless Charge","Pummel"],"picked":"Headbutt","floor":10.0},{"not_picked":["Thunderclap","Warcry"],"picked":"Wild Strike","floor":11.0},{"not_picked":["Entrench","Flex","Clash"],"picked":"SKIP","floor":13.0},{"not_picked":["Barricade","Anger","Body Slam"],"picked":"SKIP","floor":14.0},{"not_picked":["Impervious","Brutality"],"picked":"Barricade","floor":16.0},{"not_picked":["Anger","Flex"],"picked":"True Grit+1","floor":18.0},{"not_picked":["Inflame","Headbutt","Clothesline"],"picked":"SKIP","floor":19.0},{"not_picked":["Warcry","Blood for Blood"],"picked":"Body Slam","floor":20.0},{"not_picked":["Wild Strike","Spot Weakness"],"picked":"Rage+1","floor":22.0},{"not_picked":["Metallicize","Uppercut"],"picked":"Armaments","floor":24},{"not_picked":["Clothesline","Reckless Charge"],"picked":"Entrench","floor":31}],"player_experience":359475,"relics_obtained":[{"floor":9.0,"key":"Kunai"},{"floor":11.0,"key":"White Beast Statue"},{"floor":14.0,"key":"Whetstone"},{"floor":24,"key":"War Paint"},{"floor":26,"key":"Juzu Bracelet"}],"event_choices":[{"cards_removed":["Regret"],"damage_healed":0.0,"max_hp_gain":0.0,"max_hp_loss":0.0,"gold_gain":0.0,"event_name":"The Cleric","player_choice":"Card Removal","floor":2.0,"gold_loss":50.0,"damage_taken":0.0},{"damage_healed":0.0,"max_hp_gain":0.0,"max_hp_loss":0.0,"gold_gain":0.0,"event_name":"Golden Idol","player_choice":"Take Damage","floor":5.0,"gold_loss":0.0,"damage_taken":20.0,"relics_obtained":["Golden Idol"]},{"damage_healed":0.0,"max_hp_gain":0.0,"max_hp_loss":0.0,"gold_gain":0.0,"event_name":"Living Wall","player_choice":"Grow","floor":7.0,"gold_loss":0.0,"damage_taken":0.0,"cards_upgraded":["Bash"]},{"damage_healed":0,"gold_gain":0,"player_choice":"Ignored","damage_taken":0,"max_hp_gain":0,"max_hp_loss":0,"event_name":"Vampires","floor":27,"gold_loss":0},{"damage_healed":0,"gold_gain":0,"player_choice":"Read","damage_taken":0,"max_hp_gain":0,"max_hp_loss":0,"event_name":"The Library","floor":28,"gold_loss":0,"cards_obtained":["Dark Embrace"]}],"is_beta":false,"boss_relics":[{"not_picked":["Velvet Choker","Tiny House"],"picked":"SacredBark"}],"items_purged_floors":[],"is_endless":false,"potions_floor_spawned":[4,10,13,14,16,18,19,20,22,24,31],"killed_by":"Automaton","ascension_level":5}}