{"host":"08sn1703g14rasc1","time":1609198249,"event":{"mods":["AchievementEnabler","BaseMod","Colored Map","Colored Powertips","Hermit","Minty Spire (QoL Compilation)","StSLib"],"gold_per_floor":[216,391,18,29,29,29,43,43,114,127,127,145,168,186,186,311,311,326,5,23,43,64,88,88,48,48,48,63,86,11,11,11],"floor_reached":31,"playtime":1099,"items_purged":["hermit:Strike_Hermit"],"score":315,"play_id":"aff23dfc-5b82-4e99-9789-44f0599eadb5","local_time":"20201228153049","is_ascension_mode":true,"campfire_choices":[{"data":"Discovery","floor":6.0,"key":"SMITH"},{"data":"hermit:CursedWeapon","floor":8.0,"key":"SMITH"},{"data":"hermit:Roughhouse","floor":15.0,"key":"SMITH"},{"floor":24.0,"key":"REST"},{"floor":27.0,"key":"REST"}],"circlet_count":0,"master_deck":["hermit:Strike_Hermit","hermit:Strike_Hermit","hermit:Strike_Hermit","hermit:Defend_Hermit","hermit:Defend_Hermit","hermit:Defend_Hermit","hermit:Defend_Hermit","hermit:Snapshot","hermit:Covet","hermit:CursedWeapon+1","Doubt","Discovery+1","hermit:Dive","Injury","hermit:Misfire","hermit:Gestalt","hermit:Brawl","hermit:Roughhouse+1","hermit:GhostlyPresence","hermit:Reprieve","hermit:PistolWhip+1","Apotheosis","hermit:BodyArmor","hermit:Spite","hermit:TakeAim","hermit:Glare","hermit:Dive","hermit:Feint"],"relics":["hermit:ClaspedLocket","Du-Vu Doll","Golden Idol","Pear","NlothsMask","Medical Kit"],"acts_visited":["Exordium","TheCity"],"potions_floor_usage":[28,31,31],"damage_taken":[{"damage":0.0,"enemies":"2 Louse","floor":1.0,"turns":3.0},{"damage":2.0,"enemies":"Jaw Worm","floor":4.0,"turns":2.0},{"damage":2.0,"enemies":"Cultist","floor":7.0,"turns":3.0},{"damage":6.0,"enemies":"Looter","floor":10.0,"turns":2.0},{"damage":4.0,"enemies":"Exordium Thugs","floor":12.0,"turns":5.0},{"damage":3.0,"enemies":"3 Louse","floor":13.0,"turns":3.0},{"damage":0.0,"enemies":"Red Slaver","floor":14.0,"turns":2.0},{"damage":24.0,"enemies":"Hexaghost","floor":16.0,"turns":10.0},{"damage":2.0,"enemies":"Chosen","floor":18.0,"turns":5.0},{"damage":22.0,"enemies":"Shell Parasite","floor":20.0,"turns":6.0},{"damage":34.0,"enemies":"Chosen and Byrds","floor":21.0,"turns":10.0},{"damage":13.0,"enemies":"Sentry and Sphere","floor":22.0,"turns":4.0},{"damage":21.0,"enemies":"Cultist and Chosen","floor":23.0,"turns":8.0},{"damage":42,"enemies":"3 Cultists","floor":28,"turns":5},{"damage":13,"enemies":"Snake Plant","floor":29,"turns":2},{"damage":29,"enemies":"Slavers","floor":31,"turns":2}],"seed_played":"8338578313462981781","potions_obtained":[{"floor":12.0,"key":"Weak Potion"},{"floor":13.0,"key":"Energy Potion"},{"floor":14.0,"key":"FearPotion"},{"floor":20.0,"key":"Ancient Potion"},{"floor":25.0,"key":"Regen Potion"},{"floor":25.0,"key":"Strength Potion"},{"floor":29,"key":"AttackPotion"}],"is_trial":false,"path_per_floor":["M","?","$","M","?","R","M","R","T","M","?","M","M","M","R","B",null,"M","$","M","M","M","M","R","?","T","R","M","M","$","E"],"character_chosen":"HERMIT","items_purchased":["Du-Vu Doll","Discovery","Apotheosis","Medical Kit"],"campfire_rested":2,"item_purchase_floors":[3,3,19,19],"current_hp_per_floor":[68,68,68,66,66,66,64,64,74,68,68,64,61,61,61,37,73,79,79,57,31,26,13,38,38,38,63,41,28,28,0,0],"gold":11,"neow_bonus":"HUNDRED_GOLD","is_daily":false,"chose_seed":false,"campfire_upgraded":3,"win_rate":0.0,"timestamp":1609198249,"path_taken":["M","?","$","M","?","R","M","R","T","M","?","M","M","?","R","BOSS","M","$","M","M","M","M","R","?","T","R","M","M","?","E"],"items_purchased_type":["Relic","Card","Card","Relic"],"build_version":"2020-12-22","purchased_purges":1,"victory":false,"max_hp_per_floor":[75,75,75,75,75,75,75,75,85,85,85,85,85,85,85,85,85,85,85,85,85,85,85,85,85,85,85,85,85,85,85,85],"card_choices":[{"not_picked":["hermit:Roulette","hermit:WideOpen"],"picked":"hermit:CursedWeapon","floor":1.0},{"not_picked":["hermit:HoleUp","hermit:WideOpen"],"picked":"hermit:Dive","floor":4.0},{"not_picked":["hermit:Headshot","hermit:LowProfile"],"picked":"hermit:Misfire","floor":7.0},{"not_picked":["hermit:Deadeye","hermit:FullyLoaded"],"picked":"hermit:Gestalt","floor":10.0},{"not_picked":["hermit:Quickdraw","hermit:Combo"],"picked":"hermit:Brawl","floor":12.0},{"not_picked":["hermit:Roulette","hermit:Manifest"],"picked":"hermit:Roughhouse","floor":13.0},{"not_picked":["hermit:Dive","hermit:LowProfile"],"picked":"hermit:GhostlyPresence","floor":14.0},{"not_picked":["hermit:Roughhouse","hermit:EternalForm"],"picked":"hermit:Reprieve","floor":16.0},{"not_picked":["hermit:LowProfile+1","hermit:Ricochet"],"picked":"hermit:PistolWhip+1","floor":18.0},{"not_picked":["hermit:HoleUp","hermit:DeadMansHand"],"picked":"hermit:BodyArmor","floor":20.0},{"not_picked":["hermit:Showdown+1","hermit:Malice"],"picked":"hermit:Spite","floor":21.0},{"not_picked":["hermit:Grudge","hermit:Ricochet"],"picked":"hermit:TakeAim","floor":22.0},{"not_picked":["hermit:Manifest","hermit:Shortfuse"],"picked":"hermit:Glare","floor":23.0},{"not_picked":["hermit:LuckOfTheDraw","hermit:Ricochet+1"],"picked":"hermit:Dive","floor":28},{"not_picked":["hermit:Headshot","hermit:HighCaliber"],"picked":"hermit:Feint","floor":29}],"player_experience":440491,"relics_obtained":[{"floor":9.0,"key":"Pear"}],"event_choices":[{"damage_healed":0.0,"max_hp_gain":0.0,"max_hp_loss":0.0,"gold_gain":175.0,"event_name":"Liars Game","player_choice":"AGREE","floor":2.0,"gold_loss":0.0,"damage_taken":0.0,"cards_obtained":["Doubt"]},{"damage_healed":0.0,"max_hp_gain":0.0,"max_hp_loss":0.0,"gold_gain":0.0,"event_name":"Golden Idol","player_choice":"Take Wound","floor":5.0,"gold_loss":0.0,"damage_taken":0.0,"relics_obtained":["Golden Idol"],"cards_obtained":["Injury"]},{"damage_healed":0.0,"max_hp_gain":0.0,"max_hp_loss":0.0,"gold_gain":0.0,"event_name":"FaceTrader","player_choice":"Trade","floor":11.0,"gold_loss":0.0,"damage_taken":0.0,"relics_obtained":["NlothsMask"]},{"damage_healed":0.0,"max_hp_gain":0.0,"max_hp_loss":0.0,"gold_gain":0.0,"event_name":"The Woman in Blue","player_choice":"Bought 3 Potions","floor":25.0,"gold_loss":0.0,"damage_taken":0.0}],"is_beta":false,"boss_relics":[{"not_picked":["Snecko Eye","Sozu"],"picked":"hermit:ClaspedLocket"}],"items_purged_floors":[30],"is_endless":false,"potions_floor_spawned":[12,13,14,20,21,29],"killed_by":"Slavers","ascension_level":7}}