{"host":"s1gi8xs3so6zkrm7","time":1609178057,"event":{"mods":["BaseMod","Filter the Spire","Minty Spire (QoL Compilation)"],"gold_per_floor":[116,131,18,34,52,52,85,85,85,85,85,85,12,12,12],"floor_reached":14,"playtime":424,"items_purged":["Perfected Strike"],"score":106,"play_id":"714c17ab-dccb-4628-84d6-6f27af60c200","local_time":"20201228115417","is_ascension_mode":true,"campfire_choices":[{"data":"Searing Blow","floor":6,"key":"SMITH"},{"floor":10,"key":"REST"},{"data":"Searing Blow+1","floor":12,"key":"SMITH"}],"circlet_count":0,"master_deck":["Bash","Juggernaut","Limit Break","Metallicize","Barricade","Combust","Double Tap","Cleave","Warcry","Searing Blow+2","Entrench","Inflame","Heavy Blade","Flex","Brutality","Power Through"],"relics":["Pandora\u0027s Box","Omamori","Sundial"],"acts_visited":["Exordium"],"potions_floor_usage":[7,7],"damage_taken":[{"damage":16,"enemies":"Cultist","floor":1,"turns":4},{"damage":8,"enemies":"2 Louse","floor":2,"turns":2},{"damage":9,"enemies":"Jaw Worm","floor":4,"turns":2},{"damage":20,"enemies":"Looter","floor":5,"turns":3},{"damage":23,"enemies":"3 Sentries","floor":7,"turns":4},{"damage":23,"enemies":"Gremlin Nob","floor":14,"turns":4}],"seed_played":"-4514412530316781861","potions_obtained":[{"floor":2,"key":"Strength Potion"},{"floor":4,"key":"Strength Potion"}],"is_trial":false,"path_per_floor":["M","M","$","M","M","R","E","?","T","R","$","R","$","E"],"character_chosen":"IRONCLAD","items_purchased":["Inflame","Power Through"],"campfire_rested":1,"item_purchase_floors":[3,13],"current_hp_per_floor":[64,56,56,47,27,27,4,4,4,28,28,28,28,5,5],"gold":12,"neow_bonus":"BOSS_RELIC","is_daily":false,"chose_seed":false,"campfire_upgraded":2,"win_rate":0.0,"timestamp":1609178057,"path_taken":["M","?","?","?","?","R","E","?","T","R","?","R","$","E"],"items_purchased_type":["Card","Card"],"build_version":"2020-12-22","purchased_purges":1,"victory":false,"max_hp_per_floor":[80,80,80,80,80,80,80,80,80,80,80,80,80,80,80],"card_choices":[{"not_picked":["Warcry","Power Through"],"picked":"Searing Blow","floor":1},{"not_picked":["Flex","Clash"],"picked":"Entrench","floor":2},{"not_picked":["Iron Wave","Warcry"],"picked":"Heavy Blade","floor":4},{"not_picked":["Wild Strike","Warcry"],"picked":"Flex","floor":5},{"not_picked":["Searing Blow","Evolve"],"picked":"Brutality","floor":7}],"player_experience":194758,"relics_obtained":[{"floor":7,"key":"Omamori"},{"floor":9,"key":"Sundial"}],"event_choices":[{"damage_healed":0,"gold_gain":0,"player_choice":"Fled","damage_taken":0,"max_hp_gain":0,"max_hp_loss":0,"event_name":"Scrap Ooze","floor":8,"gold_loss":0}],"is_beta":false,"boss_relics":[],"items_purged_floors":[3],"is_endless":false,"potions_floor_spawned":[2,4],"killed_by":"Gremlin Nob","ascension_level":4}}