{"host":"dcj2yvrgcvh5dl2s","time":1609113874,"event":{"mods":["BaseMod","Better Note","Block Reminder","Colored Powertips","DeckTracker","Minty Spire (QoL Compilation)","Quick Restart","Rare Cards Sparkle","Relic Stats","StSLib"],"gold_per_floor":[110,110,110,129,129,157,82,114,114,114,150,50,63,63,63,153,153,173,193,24,49,324,360,360,396,396,408,43,68,68,79,79,79,79],"floor_reached":33,"playtime":666,"items_purged":["Bash","Strike_R","Regret"],"score":599,"play_id":"d02fb222-5e69-4e74-8463-2f67df447a46","local_time":"20201228100434","is_ascension_mode":true,"campfire_choices":[{"data":"Disarm","floor":15,"key":"SMITH"},{"floor":24,"key":"REST"},{"floor":27,"key":"REST"},{"floor":32,"key":"REST"}],"circlet_count":0,"master_deck":["AscendersBane","Strike_R","Strike_R","Strike_R","Strike_R","Defend_R","Defend_R","Defend_R","Defend_R","Whirlwind+1","Thunderclap","Shrug It Off","Offering","Double Tap+1","Disarm+1","Limit Break","Flex","Dropkick+1","Battle Trance","Heavy Blade+1","Shrug It Off","Intimidate","Shrug It Off","Pummel+1"],"relics":["Burning Blood","NeowsBlessing","Molten Egg 2","Anchor","Bronze Scales","Pear","Bloody Idol","Singing Bowl","Sozu","Akabeko","Unceasing Top","Dream Catcher","MawBank","Bag of Marbles","Lantern"],"acts_visited":["Exordium","TheCity"],"potions_floor_usage":[8,16],"damage_taken":[{"damage":0,"enemies":"2 Louse","floor":1,"turns":1},{"damage":0,"enemies":"Jaw Worm","floor":4,"turns":1},{"damage":0,"enemies":"Lagavulin","floor":6,"turns":2},{"damage":29,"enemies":"Gremlin Nob","floor":8,"turns":4},{"damage":16,"enemies":"3 Sentries","floor":11,"turns":4},{"damage":12,"enemies":"Small Slimes","floor":13,"turns":2},{"damage":32,"enemies":"The Guardian","floor":16,"turns":16},{"damage":6,"enemies":"3 Byrds","floor":18,"turns":3},{"damage":19,"enemies":"2 Thieves","floor":19,"turns":3},{"damage":6,"enemies":"Centurion and Healer","floor":21,"turns":2},{"damage":37,"enemies":"Book of Stabbing","floor":23,"turns":5},{"damage":42,"enemies":"Slavers","floor":25,"turns":4},{"damage":0,"enemies":"3 Cultists","floor":31,"turns":1},{"damage":74,"enemies":"Automaton","floor":33,"turns":8}],"seed_played":"-5602708298933429771","potions_obtained":[{"floor":4,"key":"AttackPotion"},{"floor":11,"key":"Weak Potion"}],"is_trial":false,"path_per_floor":["M","?","$","M","?","E","$","E","T","?","E","$","M","?","R","B",null,"M","M","$","M","?","E","R","E","T","R","$","T","?","M","R","B"],"character_chosen":"IRONCLAD","items_purchased":["Akabeko","Bag of Marbles","Shrug It Off","Intimidate"],"campfire_rested":3,"item_purchase_floors":[20,28,28,28],"current_hp_per_floor":[74,74,74,75,70,75,75,52,62,62,52,52,46,46,46,20,63,63,52,52,52,52,23,47,11,11,35,35,35,35,46,70,0,0],"gold":79,"neow_bonus":"THREE_ENEMY_KILL","is_daily":false,"chose_seed":false,"campfire_upgraded":1,"win_rate":0.0,"timestamp":1609113874,"path_taken":["M","?","$","M","?","E","?","E","T","?","E","$","M","?","R","BOSS","M","?","$","M","?","E","R","E","T","R","$","?","?","M","R","BOSS"],"items_purchased_type":["Relic","Relic","Card","Card"],"build_version":"2020-12-22","purchased_purges":3,"victory":false,"max_hp_per_floor":[75,75,75,75,75,75,75,75,85,77,77,77,77,77,77,77,77,77,79,79,79,79,81,81,81,81,81,81,81,81,81,81,81,81],"relic_stats":{"Sozu":2,"Dream Catcher":2,"Singing Bowl":4,"counters":[14,56],"Bronze Scales":[196],"Bloody Idol":5,"MawBank":24,"obtain_stats":[{"Lantern":29,"Pear":9,"NeowsBlessing":0,"Singing Bowl":11,"Golden Idol":10,"MawBank":26,"Burning Blood":0,"Akabeko":20,"Sozu":17,"Anchor":6,"Dream Catcher":25,"Bronze Scales":8,"Bloody Idol":30,"Molten Egg 2":5,"Bag of Marbles":28,"Unceasing Top":23},{"Lantern":12,"Pear":4,"NeowsBlessing":0,"Singing Bowl":5,"Golden Idol":4,"MawBank":12,"Burning Blood":0,"Akabeko":9,"Sozu":7,"Anchor":3,"Dream Catcher":12,"Bronze Scales":4,"Bloody Idol":12,"Molten Egg 2":2,"Bag of Marbles":12,"Unceasing Top":11},{"Lantern":47,"Pear":8,"NeowsBlessing":0,"Singing Bowl":12,"Golden Idol":8,"MawBank":47,"Burning Blood":0,"Akabeko":36,"Sozu":30,"Anchor":4,"Dream Catcher":47,"Bronze Scales":8,"Bloody Idol":47,"Molten Egg 2":2,"Bag of Marbles":47,"Unceasing Top":43}],"Burning Blood":72,"Unceasing Top":[0]},"card_choices":[{"not_picked":["Perfected Strike","Cleave"],"picked":"Whirlwind","floor":1},{"not_picked":["Burning Pact","Twin Strike"],"picked":"Thunderclap","floor":4},{"not_picked":["True Grit","Wild Strike+1"],"picked":"Shrug It Off","floor":6},{"not_picked":["Iron Wave+1","Cleave+1"],"picked":"Offering","floor":8},{"not_picked":["Headbutt+1","Flame Barrier"],"picked":"Double Tap","floor":11},{"not_picked":["Iron Wave+1","Sentinel"],"picked":"Disarm","floor":13},{"not_picked":["Corruption","Fiend Fire+1"],"picked":"Limit Break","floor":16},{"not_picked":["Headbutt+1","Iron Wave+1"],"picked":"Flex","floor":18},{"not_picked":["Evolve","Headbutt+1","Infernal Blade"],"picked":"Singing Bowl","floor":19},{"not_picked":["Infernal Blade","Headbutt+1"],"picked":"Dropkick+1","floor":21},{"not_picked":["Juggernaut","Body Slam+1","True Grit"],"picked":"Singing Bowl","floor":23},{"not_picked":["Armaments","Twin Strike+1"],"picked":"Battle Trance","floor":25},{"not_picked":["Iron Wave+1","Infernal Blade"],"picked":"Heavy Blade+1","floor":27},{"not_picked":["Thunderclap+1","Spot Weakness"],"picked":"Shrug It Off","floor":31},{"not_picked":["Wild Strike+1","Feed+1"],"picked":"Pummel+1","floor":32}],"player_experience":2079968,"relics_obtained":[{"floor":6,"key":"Anchor"},{"floor":8,"key":"Bronze Scales"},{"floor":9,"key":"Pear"},{"floor":11,"key":"Singing Bowl"},{"floor":23,"key":"Unceasing Top"},{"floor":25,"key":"Dream Catcher"},{"floor":26,"key":"MawBank"},{"floor":29,"key":"Lantern"}],"event_choices":[{"damage_healed":0,"gold_gain":0,"player_choice":"Grow","damage_taken":0,"max_hp_gain":0,"max_hp_loss":0,"event_name":"Living Wall","floor":2,"gold_loss":0,"cards_upgraded":["Whirlwind"]},{"damage_healed":0,"gold_gain":0,"player_choice":"Success","damage_taken":5,"relics_obtained":["Molten Egg 2"],"max_hp_gain":0,"max_hp_loss":0,"event_name":"Scrap Ooze","floor":5,"gold_loss":0},{"damage_healed":0,"gold_gain":0,"player_choice":"Lose Max HP","damage_taken":0,"relics_obtained":["Golden Idol"],"max_hp_gain":0,"max_hp_loss":8,"event_name":"Golden Idol","floor":10,"gold_loss":0},{"damage_healed":0,"gold_gain":0,"player_choice":"Upgraded","damage_taken":0,"max_hp_gain":0,"max_hp_loss":0,"event_name":"Upgrade Shrine","floor":14,"gold_loss":0,"cards_upgraded":["Double Tap"]},{"damage_healed":0,"gold_gain":275,"player_choice":"Desecrate","damage_taken":0,"max_hp_gain":0,"max_hp_loss":0,"event_name":"Golden Shrine","floor":22,"gold_loss":0,"cards_obtained":["Regret"]},{"damage_healed":0,"gold_gain":0,"player_choice":"Gave Idol","damage_taken":0,"relics_obtained":["Bloody Idol"],"max_hp_gain":0,"max_hp_loss":0,"event_name":"Forgotten Altar","floor":30,"relics_lost":["Golden Idol"],"gold_loss":0}],"is_beta":false,"boss_relics":[{"not_picked":["Ectoplasm","Calling Bell"],"picked":"Sozu"}],"items_purged_floors":[7,12,28],"is_endless":false,"potions_floor_spawned":[4,11,21,31],"killed_by":"Automaton","ascension_level":17}}