{"host":"reretk0dz0kj8f1n","time":1609116619,"event":{"mods":["Arknights The Spire","BaseMod","Colored Map","Minty Spire (QoL Compilation)","StSLib"],"gold_per_floor":[113,131,131,56,56,56,91,91,91,118,118,118],"floor_reached":11,"playtime":262,"items_purged":["ats:Defend"],"score":76,"play_id":"983ae564-4ba9-483c-8816-e6b76377879b","local_time":"20201228095019","is_ascension_mode":true,"campfire_choices":[{"data":"ats:Burning Ground","floor":6,"key":"SMITH"}],"circlet_count":0,"master_deck":["ats:Strike C","ats:Strike G+1","ats:Strike S+1","ats:Armor Crushing Shot","ats:Defend","ats:Defend","ats:Defend","ats:Emotion Absorption","ats:Burning Ground+1","ats:Sunburst"],"relics":["ats:Sanity","Whetstone","Pocketwatch","ats:Originium","Pen Nib","Peace Pipe","Odd Mushroom"],"acts_visited":["Exordium"],"potions_floor_usage":[7,11],"damage_taken":[{"damage":2,"enemies":"2 Louse","floor":1,"turns":3},{"damage":11,"enemies":"Small Slimes","floor":2,"turns":4},{"damage":25,"enemies":"Gremlin Nob","floor":7,"turns":4},{"damage":22,"enemies":"The Mushroom Lair","floor":10,"turns":3},{"damage":9,"enemies":"3 Sentries","floor":11,"turns":2}],"seed_played":"-4156649242210030188","potions_obtained":[{"floor":1,"key":"SkillPotion"},{"floor":7,"key":"SpeedPotion"}],"is_trial":false,"path_per_floor":["M","M","?","$","?","R","E","$","T","?","E"],"character_chosen":"DOCTOR_CLASS","items_purchased":[],"campfire_rested":0,"item_purchase_floors":[],"current_hp_per_floor":[70,59,52,52,49,49,24,24,24,2,0,0],"gold":118,"neow_bonus":"RANDOM_COMMON_RELIC","is_daily":false,"chose_seed":false,"campfire_upgraded":1,"win_rate":0.0,"timestamp":1609116619,"path_taken":["M","M","?","$","?","R","E","$","T","?","E"],"items_purchased_type":[],"build_version":"2020-12-22","purchased_purges":1,"victory":false,"max_hp_per_floor":[72,72,72,72,72,72,72,72,72,72,72,72],"card_choices":[{"not_picked":["ats:Leaping Hammer","ats:Curse Doll","ats:Consecutive Shot Auto"],"picked":"SKIP","floor":1},{"not_picked":["ats:Part Time Job","ats:Consecutive Shot Auto"],"picked":"ats:Burning Ground","floor":2},{"not_picked":["ats:Defend Order","ats:Echo Reverb"],"picked":"ats:Sunburst","floor":7}],"player_experience":255791,"relics_obtained":[{"floor":7,"key":"ats:Originium"},{"floor":7,"key":"Pen Nib"},{"floor":9,"key":"Peace Pipe"},{"floor":10,"key":"Odd Mushroom"}],"event_choices":[{"cards_removed":["ats:Strike V"],"damage_healed":0,"gold_gain":0,"player_choice":"Card Removal","damage_taken":7,"max_hp_gain":0,"max_hp_loss":0,"event_name":"Golden Wing","floor":3,"gold_loss":0},{"damage_healed":0,"gold_gain":0,"player_choice":"Success","damage_taken":3,"relics_obtained":["Pocketwatch"],"max_hp_gain":0,"max_hp_loss":0,"event_name":"Scrap Ooze","floor":5,"gold_loss":0},{"damage_healed":0,"gold_gain":0,"player_choice":"Fought Mushrooms","damage_taken":0,"max_hp_gain":0,"max_hp_loss":0,"event_name":"Mushrooms","floor":10,"gold_loss":0}],"is_beta":false,"boss_relics":[],"items_purged_floors":[4],"is_endless":false,"potions_floor_spawned":[1,7],"killed_by":"3 Sentries","ascension_level":2}}