{"host":"6b00v7211em4ihns","time":1609119369,"event":{"mods":["BaseMod","Bestiary","Better Match","Minty Spire (QoL Compilation)","Relic Stats","Spicy Shops","StSLib","The Marked"],"gold_per_floor":[116,135,151,161,178,178,152,184,211,211,211,211,230,259,259,360,360,380,380,399,126,144,183,198,198,198,24,35,47,47,64,64,168,168,187,204,227,227,4,44,44,70,79,79,93,93,134,184,184,184,184,184,17,51,51,51],"floor_reached":55,"playtime":5191,"items_purged":["theMarked:Strike","theMarked:Strike","theMarked:Strike"],"score":786,"play_id":"1ae7769e-0e36-42e3-a275-cb184158edb1","local_time":"20201228013609","is_ascension_mode":false,"campfire_choices":[{"data":"theMarked:BanishingWave","floor":6,"key":"SMITH"},{"data":"theMarked:SoldierOfQuellstein","floor":12,"key":"SMITH"},{"data":"theMarked:ChainLightning","floor":15,"key":"SMITH"},{"floor":25,"key":"REST"},{"floor":30,"key":"REST"},{"data":"theMarked:HeritageOfTheMarked","floor":32,"key":"SMITH"},{"data":"theMarked:WastefulDefense","floor":41,"key":"SMITH"},{"floor":44,"key":"REST"},{"floor":46,"key":"RECALL"},{"floor":49,"key":"REST"},{"data":"theMarked:HeritageOfTheMarked","floor":52,"key":"SMITH"}],"circlet_count":0,"master_deck":["theMarked:Strike","theMarked:Strike","theMarked:Defend","theMarked:Defend","theMarked:Defend","theMarked:Defend","theMarked:SoldierOfQuellstein+1","theMarked:SwordAndMagic","theMarked:TwofoldDefense","theMarked:BanishingWave+1","theMarked:BanishingStrike","theMarked:EnhanceMovement","theMarked:SwordAndMagic","theMarked:TunnelVision+1","theMarked:Polarize","theMarked:ChainLightning+1","theMarked:Levitate","theMarked:HeritageOfTheMarked+1","theMarked:BanishingWave","Dark Shackles","theMarked:DeterminationOfTheMarked+1","theMarked:MuscleMemory","theMarked:WardOff+1","theMarked:WastefulDefense+1","theMarked:Convert+1","theMarked:TwofoldDefense","Decay","theMarked:HeritageOfTheMarked+1","theMarked:BindingBlade","theMarked:MagicAdept+1"],"relics":["theMarked:ArtifactOfAir","Pear","PreservedInsect","Bronze Scales","theMarked:Eyepatch","CeramicFish","Art of War","Cursed Key","Oddly Smooth Stone","Happy Flower","Meat on the Bone","Unceasing Top","Sundial"],"acts_visited":["Exordium","TheCity","TheBeyond","TheEnding"],"potions_floor_usage":[5,16,20,20,24,29,33,33,47,47,48,55,55,55],"damage_taken":[{"damage":1,"enemies":"Cultist","floor":1,"turns":4},{"damage":0,"enemies":"2 Louse","floor":2,"turns":2},{"damage":5,"enemies":"Small Slimes","floor":3,"turns":2},{"damage":2,"enemies":"2 Fungi Beasts","floor":4,"turns":4},{"damage":0,"enemies":"Gremlin Gang","floor":5,"turns":4},{"damage":19,"enemies":"3 Sentries","floor":8,"turns":6},{"damage":0,"enemies":"Red Slaver","floor":13,"turns":1},{"damage":0,"enemies":"Gremlin Nob","floor":14,"turns":2},{"damage":0,"enemies":"Slime Boss","floor":16,"turns":3},{"damage":7,"enemies":"Shell Parasite","floor":18,"turns":4},{"damage":11,"enemies":"2 Thieves","floor":20,"turns":4},{"damage":16,"enemies":"Sentry and Sphere","floor":22,"turns":6},{"damage":22,"enemies":"Gremlin Leader","floor":23,"turns":4},{"damage":23,"enemies":"Shelled Parasite and Fungi","floor":24,"turns":6},{"damage":13,"enemies":"3 Cultists","floor":28,"turns":4},{"damage":3,"enemies":"Centurion and Healer","floor":29,"turns":5},{"damage":0,"enemies":"Snake Plant","floor":31,"turns":3},{"damage":46,"enemies":"Champ","floor":33,"turns":11},{"damage":24,"enemies":"3 Darklings","floor":35,"turns":5},{"damage":8,"enemies":"Orb Walker","floor":36,"turns":3},{"damage":23,"enemies":"3 Darklings","floor":37,"turns":4},{"damage":33,"enemies":"Reptomancer","floor":40,"turns":5},{"damage":16,"enemies":"Sphere and 2 Shapes","floor":42,"turns":5},{"damage":0,"enemies":"4 Shapes","floor":45,"turns":3},{"damage":13,"enemies":"Giant Head","floor":47,"turns":5},{"damage":5,"enemies":"Mind Bloom Boss Battle","floor":48,"turns":6},{"damage":42,"enemies":"Time Eater","floor":50,"turns":13},{"damage":30,"enemies":"Shield and Spear","floor":54,"turns":5},{"damage":82,"enemies":"The Heart","floor":55,"turns":3}],"seed_played":"-6364890235182852836","potions_obtained":[{"floor":1,"key":"Energy Potion"},{"floor":5,"key":"PowerPotion"},{"floor":16,"key":"DistilledChaos"},{"floor":18,"key":"Strength Potion"},{"floor":19,"key":"EssenceOfSteel"},{"floor":19,"key":"Swift Potion"},{"floor":23,"key":"Weak Potion"},{"floor":28,"key":"theMarked:ChargePotion"},{"floor":29,"key":"ColorlessPotion"},{"floor":37,"key":"PowerPotion"},{"floor":42,"key":"Strength Potion"},{"floor":47,"key":"SneckoOil"}],"is_trial":false,"path_per_floor":["M","M","M","M","M","R","$","E","T","?","?","R","M","E","R","B",null,"M","?","M","$","M","E","M","R","T","$","M","M","R","M","R","B",null,"M","M","M","?","$","E","R","M","T","R","M","R","E","?","R","B",null,"R","$","E","B"],"character_chosen":"THE_DEFAULT","items_purchased":["theMarked:SwordAndMagic","Dark Shackles","Energy Potion","theMarked:WastefulDefense","Oddly Smooth Stone","theMarked:BindingBlade","BlessingOfTheForge","BlessingOfTheForge"],"campfire_rested":4,"item_purchase_floors":[7,21,27,39,39,53,53,53],"current_hp_per_floor":[76,76,71,69,69,69,69,60,60,65,65,65,65,65,65,65,92,85,85,74,74,58,36,13,40,40,40,27,24,51,51,51,5,92,68,60,37,80,80,47,47,31,31,55,55,55,42,49,73,43,80,80,80,50,0,0],"gold":51,"neow_bonus":"TEN_PERCENT_HP_BONUS","is_daily":false,"chose_seed":false,"campfire_upgraded":6,"win_rate":0.0,"timestamp":1609119369,"path_taken":["M","?","M","M","M","R","$","E","T","?","?","R","M","E","R","BOSS","M","?","?","$","M","E","?","R","T","$","M","M","R","M","R","BOSS","M","M","M","?","$","E","R","M","T","R","M","R","E","?","R","BOSS","R","$","E","BOSS"],"items_purchased_type":["Card","Card","Potion","Card","Relic","Card","Potion","Potion"],"build_version":"2020-12-22","purchased_purges":3,"victory":false,"max_hp_per_floor":[77,77,77,77,77,77,77,87,87,92,92,92,92,92,92,92,92,92,92,92,92,92,92,92,92,92,92,92,92,92,92,92,92,92,92,92,92,80,80,80,80,80,80,80,80,80,80,80,80,80,80,80,80,80,80,80],"relic_stats":{"Happy Flower":[13],"counters":[29,130],"Sundial":[0],"Bronze Scales":[325],"CeramicFish":90,"PreservedInsect":320,"Art of War":[12],"Cursed Key":1,"obtain_stats":[{"Pear":8,"Happy Flower":40,"CeramicFish":23,"Oddly Smooth Stone":39,"PreservedInsect":9,"Cursed Key":34,"theMarked:ArtifactOfAir":0,"Sundial":54,"Bronze Scales":14,"Art of War":26,"Unceasing Top":48,"theMarked:Eyepatch":17,"Meat on the Bone":47},{"Pear":6,"Happy Flower":22,"CeramicFish":13,"Oddly Smooth Stone":21,"PreservedInsect":6,"Cursed Key":18,"theMarked:ArtifactOfAir":0,"Sundial":28,"Bronze Scales":8,"Art of War":14,"Unceasing Top":26,"theMarked:Eyepatch":9,"Meat on the Bone":25},{"Pear":22,"Happy Flower":91,"CeramicFish":45,"Oddly Smooth Stone":86,"PreservedInsect":22,"Cursed Key":74,"theMarked:ArtifactOfAir":0,"Sundial":127,"Bronze Scales":25,"Art of War":51,"Unceasing Top":110,"theMarked:Eyepatch":28,"Meat on the Bone":104}],"Unceasing Top":[0],"Meat on the Bone":24},"card_choices":[{"not_picked":["theMarked:MysticalArsenal","theMarked:WastefulAttack"],"picked":"theMarked:SwordAndMagic","floor":1},{"not_picked":["theMarked:RepellingDischarge","theMarked:ComboAttacks"],"picked":"theMarked:TwofoldDefense","floor":2},{"not_picked":["theMarked:WardOff","theMarked:Static"],"picked":"theMarked:BanishingWave","floor":3},{"not_picked":["theMarked:EmpowerWeapon","theMarked:ElectricStrings"],"picked":"theMarked:BanishingStrike","floor":4},{"not_picked":["theMarked:EmpowerWeapon","theMarked:WastefulAttack"],"picked":"theMarked:EnhanceMovement","floor":5},{"not_picked":["theMarked:Generate","theMarked:Aftermath"],"picked":"theMarked:TunnelVision","floor":8},{"not_picked":["theMarked:Generate","theMarked:Parkour"],"picked":"theMarked:Polarize","floor":13},{"not_picked":["theMarked:Static","theMarked:GodGivenPower"],"picked":"theMarked:ChainLightning","floor":14},{"not_picked":["theMarked:FavorableWinds","theMarked:SoldierForm"],"picked":"theMarked:Levitate","floor":16},{"not_picked":["theMarked:Electrocute","theMarked:BanishingStrike"],"picked":"theMarked:HeritageOfTheMarked","floor":18},{"not_picked":["theMarked:BanishingStrike","theMarked:Aftermath"],"picked":"theMarked:BanishingWave","floor":20},{"not_picked":["theMarked:ResourceFulStrike","theMarked:WardOff","theMarked:Electrocute+1"],"picked":"SKIP","floor":22},{"not_picked":["theMarked:HeightenedSenses","theMarked:EmpowerWeapon"],"picked":"theMarked:DeterminationOfTheMarked+1","floor":23},{"not_picked":["theMarked:BanishingStrike","theMarked:Static","theMarked:ChainLightning"],"picked":"SKIP","floor":24},{"not_picked":["theMarked:ResourceFulStrike","theMarked:TunnelVision","theMarked:Aftermath"],"picked":"SKIP","floor":28},{"not_picked":["theMarked:ElectricStrings","theMarked:EmpowerWeapon","theMarked:BanishingStrike"],"picked":"SKIP","floor":29},{"not_picked":["theMarked:Defy","theMarked:Aftermath+1","theMarked:Parkour"],"picked":"SKIP","floor":31},{"not_picked":["theMarked:Snap","theMarked:ChannelForce"],"picked":"theMarked:MuscleMemory","floor":33},{"not_picked":["theMarked:Electrocute+1","theMarked:BanishingStrike","theMarked:Aftermath+1"],"picked":"SKIP","floor":35},{"not_picked":["theMarked:ResourceFulStrike+1","theMarked:KeepCalmAndFightOn+1","theMarked:Aftermath+1"],"picked":"SKIP","floor":36},{"not_picked":["theMarked:TunnelVision+1","theMarked:SwordAndMagic+1"],"picked":"theMarked:WardOff+1","floor":37},{"not_picked":["theMarked:RepellingDischarge","theMarked:Electrocute"],"picked":"theMarked:Convert+1","floor":40},{"not_picked":["theMarked:ChainLightning","theMarked:Challenge"],"picked":"theMarked:TwofoldDefense","floor":42},{"not_picked":["theMarked:RogueSparks+1","theMarked:WardOff+1","theMarked:Parkour+1"],"picked":"SKIP","floor":45},{"not_picked":["theMarked:RogueSparks+1","theMarked:WardOff+1","theMarked:Parkour+1"],"picked":"SKIP","floor":45},{"not_picked":["theMarked:RogueSparks+1","theMarked:WardOff+1","theMarked:Parkour+1"],"picked":"SKIP","floor":45},{"not_picked":["theMarked:Aftermath+1","theMarked:Parkour"],"picked":"theMarked:HeritageOfTheMarked","floor":47},{"not_picked":["theMarked:DeterminationOfTheMarked+1","theMarked:Overcharge+1"],"picked":"theMarked:MagicAdept+1","floor":54}],"player_experience":2457468,"relics_obtained":[{"floor":8,"key":"Pear"},{"floor":9,"key":"PreservedInsect"},{"floor":14,"key":"Bronze Scales"},{"floor":23,"key":"CeramicFish"},{"floor":26,"key":"Art of War"},{"floor":40,"key":"Happy Flower"},{"floor":47,"key":"Meat on the Bone"},{"floor":48,"key":"Unceasing Top"},{"floor":54,"key":"Sundial"}],"event_choices":[{"damage_healed":0,"gold_gain":0,"player_choice":"Donut","damage_taken":0,"max_hp_gain":5,"max_hp_loss":0,"event_name":"Big Fish","floor":10,"gold_loss":0},{"damage_healed":0,"gold_gain":0,"player_choice":"Grow","damage_taken":0,"max_hp_gain":0,"max_hp_loss":0,"event_name":"Living Wall","floor":11,"gold_loss":0,"cards_upgraded":["theMarked:TunnelVision"]},{"damage_healed":0,"gold_gain":0,"player_choice":"Got Potions","damage_taken":0,"max_hp_gain":0,"max_hp_loss":0,"event_name":"Lab","floor":19,"gold_loss":0},{"damage_healed":80,"gold_gain":0,"player_choice":"Heal","damage_taken":0,"max_hp_gain":0,"max_hp_loss":12,"event_name":"The Moai Head","floor":38,"gold_loss":0},{"damage_healed":0,"gold_gain":0,"player_choice":"Fight","damage_taken":0,"max_hp_gain":0,"max_hp_loss":0,"event_name":"MindBloom","floor":48,"gold_loss":0}],"is_beta":false,"boss_relics":[{"not_picked":["Ectoplasm","Snecko Eye"],"picked":"theMarked:Eyepatch"},{"not_picked":["Empty Cage","SacredBark"],"picked":"Cursed Key"}],"items_purged_floors":[21,21,27],"is_endless":false,"potions_floor_spawned":[1,5,16,18,23,28,29,37,42,47],"killed_by":"The Heart","ascension_level":0}}