{"host":"i0avyit1s6jb1siw","time":1609188810,"event":{"mods":["BaseMod","DeckTracker","Dota2Spire","Highlight Path","Minty Spire (QoL Compilation)","Quick Restart","Replay The Spire","StSLib","SuperFastMode"],"gold_per_floor":[115,115,115,115,129,163,163,163,163,51,51,70,70,81,81,81,81],"floor_reached":16,"playtime":218,"items_purged":["Strike_G"],"score":246,"play_id":"881ba2f1-7627-4981-98be-5c1a74f05d34","local_time":"20201228215330","is_ascension_mode":true,"campfire_choices":[{"data":"Neutralize","floor":7,"key":"SMITH"},{"data":"Dagger Spray","floor":11,"key":"SMITH"},{"data":"Noxious Fumes","floor":13,"key":"SMITH"},{"data":"Hidden Blade","floor":15,"key":"SMITH"}],"circlet_count":0,"master_deck":["AscendersBane","Strike_G","Strike_G","Strike_G","Defend_G","Defend_G","Defend_G+1","Defend_G","Defend_G+1","Survivor","Neutralize+1","Dagger Throw","Dagger Spray+1","Grand Finale","Noxious Fumes+1","Hidden Blade+1"],"relics":["Ring of the Snake","NeowsBlessing","WingedGreaves","Dota2Spire:Vanguard"],"acts_visited":["Exordium"],"potions_floor_usage":[16,16],"damage_taken":[{"damage":0.0,"enemies":"Small Slimes","floor":1.0,"turns":1.0},{"damage":0.0,"enemies":"2 Louse","floor":5.0,"turns":1.0},{"damage":0.0,"enemies":"3 Sentries","floor":6.0,"turns":1.0},{"damage":0,"enemies":"Cultist","floor":12,"turns":3},{"damage":0,"enemies":"Red Slaver","floor":14,"turns":5},{"damage":39,"enemies":"Slime Boss","floor":16,"turns":9}],"seed_played":"-319465964168097076","potions_obtained":[{"floor":5.0,"key":"Dota2Spire:Clarity"},{"floor":14,"key":"DistilledChaos"}],"is_trial":false,"path_per_floor":["M","?","?","?","M","E","R","?","T","$","R","M","R","M","R","B"],"character_chosen":"THE_SILENT","items_purchased":["Noxious Fumes"],"campfire_rested":0,"item_purchase_floors":[10],"current_hp_per_floor":[59,52,52,32,32,32,32,32,32,32,32,32,32,32,32,0,0],"gold":81,"neow_bonus":"THREE_ENEMY_KILL","is_daily":false,"chose_seed":false,"campfire_upgraded":4,"win_rate":0.0,"timestamp":1609188810,"path_taken":["M","?","?","?","M","E","R","?","T","$","R","?","R","M","R","BOSS"],"items_purchased_type":["Card"],"build_version":"2020-12-22","purchased_purges":1,"victory":false,"max_hp_per_floor":[66,66,66,66,66,66,66,66,66,66,66,66,66,66,66,66,66],"card_choices":[{"not_picked":["PiercingWail","Quick Slash"],"picked":"Dagger Throw","floor":1.0},{"not_picked":["Flying Knee","Leg Sweep"],"picked":"Dagger Spray","floor":5.0},{"not_picked":["Quick Slash","Footwork"],"picked":"Grand Finale","floor":6},{"not_picked":["Slice","Fluid Movement","Poisoned Stab"],"picked":"SKIP","floor":12},{"not_picked":["Cloak And Dagger","Bane"],"picked":"Hidden Blade","floor":14}],"player_experience":2127919,"relics_obtained":[{"floor":6,"key":"WingedGreaves"},{"floor":9,"key":"Dota2Spire:Vanguard"}],"event_choices":[{"cards_removed":["Strike_G"],"damage_healed":0.0,"max_hp_gain":0.0,"max_hp_loss":0.0,"gold_gain":0.0,"event_name":"Golden Wing","player_choice":"Card Removal","floor":2.0,"gold_loss":0.0,"damage_taken":7.0},{"damage_healed":0.0,"max_hp_gain":0.0,"max_hp_loss":0.0,"gold_gain":0.0,"event_name":"Shining Light","player_choice":"Entered Light","floor":4.0,"gold_loss":0.0,"damage_taken":20.0,"cards_upgraded":["Defend_G","Defend_G"]},{"damage_healed":0,"gold_gain":0,"player_choice":"0 cards matched","damage_taken":0,"max_hp_gain":0,"max_hp_loss":0,"event_name":"Match and Keep!","floor":8,"gold_loss":0,"cards_obtained":[]}],"is_beta":false,"boss_relics":[],"items_purged_floors":[10],"is_endless":false,"potions_floor_spawned":[5,14],"killed_by":"Slime Boss","ascension_level":20}}