{"host":"i0m9g0siyue4991n","time":1609146116,"event":{"mods":["ATMod(阿瑾Mod)","Act Like it!","BaseMod","BetterRewards","CapriCore","Challenge The Spire","Custom Start","Decade(王小明)","Friendly Minions","Gensokyo","Minty Spire (QoL Compilation)","Quick Restart","Reimu（博丽灵梦）","RumiaBox-露米娅的神秘盒子","StSLib","The Animator","The Bug Knight","The Immortal","The Servant 0.9.4","TheWitcher"],"gold_per_floor":[118,118,118,6,16,16,47,47,70,125,125,175,195,95,95,196,196,209,209,224,235,335,335,352,47,47,63,94,107,107,0,0,101,101,113,132,132,295,39,69,84,84,110,20,55,74,102,118,118,118,118,118,118,148,148],"floor_reached":56,"playtime":2626,"items_purged":["Strike_S","Strike_S"],"score":2044,"play_id":"5d828c2b-bf04-41ad-918d-1f0c47bbcddc","local_time":"20201228170156","is_ascension_mode":true,"campfire_choices":[{"data":"AT_FamilyPortrait","floor":6.0,"key":"SMITH"},{"floor":8.0,"key":"REST"},{"data":"FloweringNight","floor":11.0,"key":"SMITH"},{"data":"SilverBlades","floor":15.0,"key":"SMITH"},{"data":"AT_EmpoweredMortalDraw","floor":23.0,"key":"SMITH"},{"data":"TheWorld","floor":30.0,"key":"SMITH"},{"data":"Solidify","floor":32.0,"key":"SMITH"},{"floor":42,"key":"RECALL"},{"data":"SoulSculpture","floor":49,"key":"SMITH"},{"data":"SurpressingFire","floor":52,"key":"SMITH"}],"circlet_count":0,"master_deck":["Defend_S","KidneyShot+1","Exchange","AT_FamilyPortrait+1","FloweringNight+1","Defy","Orbit+1","SilverBlades+1","Solidify+1","ShiftingGears+1","BottledTime","BottledTime","TheWorld+1","AT_EmpoweredMortalDraw+1","DancingSilver+1","SurpressingFire+1","SilverMatrix+1","BottledTime+1","SoulSculpture+1","BottledTime+1","Gensokyo:MorningStar+1","Gensokyo:CustomPotion","TimeTheft+1","StarChef"],"relics":["Uniform","AT_ATBox","Regal Pillow","Shuriken","RuthlessExorcism:ReiMu","Lizard Tail","HornCleat","AT_MortalBlade","PlanX","Calipers","Pan","Unceasing Top","Ccalipers","Toxic Egg 2","AT_TrinityForce","AT_EbonyIvory","Boot","AT_SunfireAegis","AT_SpeedBoots","StoneCalendar","Mango"],"acts_visited":["Exordium","Gensokyo:Gensokyo","Gensokyo:Gensokyoer","TheEnding"],"potions_floor_usage":[55,55,55],"damage_taken":[{"damage":2.0,"enemies":"Gensokyo:2_Kodama","floor":1.0,"turns":7.0},{"damage":4.0,"enemies":"Gensokyo:Python","floor":5.0,"turns":4.0},{"damage":6.0,"enemies":"Gensokyo:Aya","floor":7.0,"turns":4.0},{"damage":4.0,"enemies":"Gensokyo:Cirno","floor":10.0,"turns":4.0},{"damage":19.0,"enemies":"Gensokyo:Aya","floor":12.0,"turns":5.0},{"damage":0.0,"enemies":"Gensokyo:3_Fairies","floor":13.0,"turns":2.0},{"damage":4.0,"enemies":"Gensokyo:Yukari","floor":16.0,"turns":5.0},{"damage":0.0,"enemies":"Gensokyo:3_Dogs","floor":18.0,"turns":1.0},{"damage":0.0,"enemies":"Gensokyo:CosmicMonolith","floor":20.0,"turns":1.0},{"damage":0.0,"enemies":"Gensokyo:Wraith","floor":21.0,"turns":1.0},{"damage":16.0,"enemies":"Gensokyo:Wraith","floor":22.0,"turns":4.0},{"damage":0.0,"enemies":"Gensokyo:Chomper_and_Gloop","floor":24.0,"turns":2.0},{"damage":0.0,"enemies":"Gensokyo:3_Gloops","floor":27.0,"turns":2.0},{"damage":5.0,"enemies":"Gensokyo:Tenshi","floor":28.0,"turns":3.0},{"damage":0.0,"enemies":"Gensokyo:Wraith","floor":29.0,"turns":4.0},{"damage":0.0,"enemies":"Gensokyo:Eiki","floor":33.0,"turns":5.0},{"damage":0.0,"enemies":"Gensokyo:3_Bats","floor":35.0,"turns":1.0},{"damage":0.0,"enemies":"Gensokyo:3_Boulders","floor":36.0,"turns":1.0},{"damage":0.0,"enemies":"Gensokyo:3_Boulders","floor":37.0,"turns":5.0},{"damage":0.0,"enemies":"Gensokyo:SeedOfUnknown","floor":38.0,"turns":2.0},{"damage":0,"enemies":"Gensokyo:Marisa","floor":40,"turns":3},{"damage":0,"enemies":"Gensokyo:AtlasGolem","floor":41,"turns":2},{"damage":0,"enemies":"Gensokyo:Kasen","floor":45,"turns":2},{"damage":0,"enemies":"Gensokyo:Sharpion","floor":46,"turns":2},{"damage":0,"enemies":"Gensokyo:Doremy","floor":47,"turns":2},{"damage":0,"enemies":"Gensokyo:Dusk_and_Dawn","floor":48,"turns":1},{"damage":0,"enemies":"Gensokyo:Yuyuko","floor":50,"turns":3},{"damage":0,"enemies":"Shield and Spear","floor":54,"turns":1},{"damage":0,"enemies":"The Heart","floor":55,"turns":5}],"seed_played":"-8971013208593040614","potions_obtained":[{"floor":1.0,"key":"DistilledChaos"},{"floor":5.0,"key":"Strength Potion"},{"floor":13.0,"key":"Swift Potion"},{"floor":16.0,"key":"AttackPotion"},{"floor":18.0,"key":"Regen Potion"},{"floor":21.0,"key":"LiquidMemories"},{"floor":35.0,"key":"Swift Potion"},{"floor":45,"key":"CultistPotion"},{"floor":48,"key":"Block Potion"}],"is_trial":false,"path_per_floor":["M","?","?","COS","M","R","E","R","T","E","R","E","M","$","R","B",null,"M","?","M","M","?","R","M","COS","T","M","E","M","R","?","R","B",null,"M","M","?","M","$","E","M","R","T","?","E","M","E","M","R","B",null,"R","$","E","B",null],"character_chosen":"THE_SERVANT","items_purchased":["AttackPotion","AT_EbonyIvory"],"campfire_rested":1,"item_purchase_floors":[14,39],"current_hp_per_floor":[57,31,31,31,27,27,21,55,55,51,51,32,32,32,32,28,56,56,56,56,56,40,40,40,40,40,40,35,35,35,35,35,40,59,59,59,59,59,59,59,59,59,59,59,59,59,59,59,59,59,64,64,64,78,78],"gold":148,"neow_bonus":"ONE_RANDOM_RARE_CARD","is_daily":false,"chose_seed":false,"campfire_upgraded":8,"win_rate":0.0,"timestamp":1609146116,"path_taken":["M","?","?","COS","M","R","E","R","T","E","R","E","M","$","R","BOSS","M","?","M","M","?","R","?","COS","T","?","E","M","R","?","R","BOSS","M","M","?","?","?","E","M","R","T","?","E","M","E","M","R","BOSS","R","$","E","BOSS"],"items_purchased_type":["Potion","Relic"],"build_version":"2020-12-22","purchased_purges":2,"victory":true,"max_hp_per_floor":[65,65,65,65,65,65,65,65,65,65,65,65,65,65,65,65,65,65,65,65,65,65,65,65,65,65,65,65,65,65,65,65,65,65,65,65,65,65,65,65,65,65,65,65,65,65,65,65,65,65,65,65,65,79,79],"card_choices":[{"not_picked":["FastForward","Unruled"],"picked":"Defy","floor":1.0},{"not_picked":["MoonPhase","Collapse"],"picked":"SilverBlades","floor":5.0},{"not_picked":["Contraction","Read"],"picked":"Solidify","floor":7.0},{"not_picked":["PendulumOfEternity","WasteNot"],"picked":"ShiftingGears","floor":10.0},{"not_picked":["SilverMatrix","GearUp"],"picked":"BottledTime","floor":12.0},{"not_picked":["Potential","Revamp"],"picked":"BottledTime","floor":13.0},{"not_picked":["FloweringNight","FlawlessForm"],"picked":"TheWorld","floor":16.0},{"not_picked":["Defy","DoubleEdge","Replace+1"],"picked":"SKIP","floor":18.0},{"not_picked":["ShatteredReality","WasteNot+1","Collapse"],"picked":"SKIP","floor":20.0},{"not_picked":["Replace","Alleviate+1"],"picked":"DancingSilver+1","floor":21.0},{"not_picked":["Alleviate+1","FastForward"],"picked":"SurpressingFire","floor":22.0},{"not_picked":["Sabotage","BestPractice"],"picked":"SilverMatrix","floor":24.0},{"not_picked":["Replace","TimeWarp"],"picked":"BottledTime+1","floor":27.0},{"not_picked":["Dilation","TrueSight"],"picked":"Duplication","floor":28.0},{"not_picked":["Snipe","Barrier","ShatteredReality"],"picked":"SKIP","floor":28.0},{"not_picked":["FastForward","Replace+1","Potential+1"],"picked":"SKIP","floor":29.0},{"not_picked":["FlawlessForm","TrueSight"],"picked":"SoulSculpture","floor":33.0},{"not_picked":["SpecialFormula+1","BestPractice"],"picked":"BottledTime+1","floor":35.0},{"not_picked":["Unruled+1","ShatteredReality","Shuttle+1"],"picked":"SKIP","floor":36.0},{"not_picked":["Gensokyo:DreamlikeParadise+1","Gensokyo:RisingWorld+1"],"picked":"Gensokyo:MorningStar+1","floor":37.0},{"not_picked":["MoonPhase","Rewind+1","TimeWarp"],"picked":"SKIP","floor":38.0},{"not_picked":["ShatteredReality+1","Unruled+1","TimeWarp"],"picked":"SKIP","floor":40},{"not_picked":["Revamp+1","FastForward+1","Read+1"],"picked":"SKIP","floor":41},{"not_picked":["Defy+1","DoubleEdge+1","Deadline+1"],"picked":"SKIP","floor":45},{"not_picked":["Hightail+1","SilverBlades"],"picked":"TimeTheft+1","floor":46},{"not_picked":["Potential","Orbit+1","Starlight+1"],"picked":"SKIP","floor":47},{"not_picked":["Alleviate+1","Defy+1","Desolation"],"picked":"SKIP","floor":48},{"not_picked":["Moonlight+1","LightFlow"],"picked":"StarChef","floor":54}],"player_experience":669267,"relics_obtained":[{"floor":7.0,"key":"Shuriken"},{"floor":9.0,"key":"RuthlessExorcism:ReiMu"},{"floor":10.0,"key":"Smiling Mask"},{"floor":12.0,"key":"HornCleat"},{"floor":22.0,"key":"PlanX"},{"floor":22.0,"key":"Calipers"},{"floor":28.0,"key":"Unceasing Top"},{"floor":40,"key":"Boot"},{"floor":43,"key":"AT_SunfireAegis"},{"floor":45,"key":"AT_SpeedBoots"},{"floor":47,"key":"StoneCalendar"},{"floor":54,"key":"Mango"}],"event_choices":[],"is_beta":false,"boss_relics":[{"not_picked":["SlaversCollar","Fusion Hammer"],"picked":"AT_MortalBlade"},{"not_picked":["EasyGame_NEW","Cursed Key"],"picked":"AT_TrinityForce"}],"items_purged_floors":[14,39],"is_endless":false,"potions_floor_spawned":[1,5,13,16,18,21,24,28,33,35,40,45,48],"ascension_level":8}}