{"host":"x039aayur7qovk2d","time":1609135925,"event":{"mods":["AchievementEnabler","BaseMod","Block Reminder","Colored Map","Colored Powertips","DeckTracker","Googly Eyes","Highlight Path","Minty Spire (QoL Compilation)","Permanent Neow","Quick Restart","Rare Cards Sparkle","Relic Sorter","Relic Stats"],"gold_per_floor":[314,325,337,352,366,393,450,450,450,450,465,113,148,166,166,268,268,287,300,313,328,328,328,253,279,305,305,305,315,328,345,345,444,444,461,99,99,99,117,152,152,186,186,236,254,264,264,277,277,277,277],"floor_reached":50,"playtime":4589,"items_purged":["Strike_G","Defend_G"],"score":663,"play_id":"ced241bc-e9d4-4425-b9bb-23fe7c1c40b4","local_time":"20201227221205","is_ascension_mode":false,"campfire_choices":[{"floor":10.0,"key":"REST"},{"floor":15.0,"key":"REST"},{"floor":23.0,"key":"REST"},{"data":"Infinite Blades","floor":28.0,"key":"SMITH"},{"floor":32.0,"key":"REST"},{"data":"Blade Dance","floor":41.0,"key":"SMITH"},{"data":"Bouncing Flask","floor":49,"key":"SMITH"}],"circlet_count":0,"master_deck":["Strike_G","Strike_G","Strike_G","Defend_G","Defend_G","Defend_G","Survivor","Neutralize","Dagger Throw","Cloak And Dagger+1","Blade Dance","Backflip","Blade Dance","Slice","Adrenaline","Infinite Blades+1","Blade Dance+1","Poisoned Stab","Phantasmal Killer","Endless Agony","Dagger Throw+1","Acrobatics+1","Accuracy","Cloak And Dagger+1","Adrenaline","Bouncing Flask+1","Madness","Madness","Cloak And Dagger+1","Blade Dance+1","Flechettes+1","Master of Strategy","Dash+1"],"relics":["Ring of the Snake","Old Coin","Boot","InkBottle","Eternal Feather","DollysMirror","Mercury Hourglass","SlaversCollar","Regal Pillow","Pen Nib","Kunai","WristBlade","Paper Crane","Ninja Scroll","War Paint","Pantograph","Letter Opener","Bird Faced Urn"],"acts_visited":["Exordium","TheCity","TheBeyond"],"potions_floor_usage":[50],"damage_taken":[{"damage":0.0,"enemies":"Jaw Worm","floor":1.0,"turns":6.0},{"damage":2.0,"enemies":"2 Louse","floor":2.0,"turns":3.0},{"damage":0.0,"enemies":"Cultist","floor":3.0,"turns":3.0},{"damage":10.0,"enemies":"Large Slime","floor":4.0,"turns":9.0},{"damage":5.0,"enemies":"Exordium Wildlife","floor":5.0,"turns":4.0},{"damage":7.0,"enemies":"Lagavulin","floor":6.0,"turns":4.0},{"damage":18.0,"enemies":"Gremlin Nob","floor":7.0,"turns":4.0},{"damage":1.0,"enemies":"Blue Slaver","floor":11.0,"turns":3.0},{"damage":10.0,"enemies":"Gremlin Nob","floor":13.0,"turns":3.0},{"damage":0.0,"enemies":"Lots of Slimes","floor":14.0,"turns":2.0},{"damage":8.0,"enemies":"Slime Boss","floor":16.0,"turns":8.0},{"damage":7.0,"enemies":"Shell Parasite","floor":18.0,"turns":7.0},{"damage":0.0,"enemies":"Chosen","floor":19.0,"turns":4.0},{"damage":26.0,"enemies":"Snake Plant","floor":20.0,"turns":4.0},{"damage":10.0,"enemies":"Centurion and Healer","floor":21.0,"turns":5.0},{"damage":0.0,"enemies":"Gremlin Leader","floor":25.0,"turns":3.0},{"damage":0.0,"enemies":"Sentry and Sphere","floor":29.0,"turns":3.0},{"damage":0.0,"enemies":"3 Cultists","floor":30.0,"turns":4.0},{"damage":21.0,"enemies":"Centurion and Healer","floor":31.0,"turns":4.0},{"damage":23.0,"enemies":"Champ","floor":33.0,"turns":8.0},{"damage":10.0,"enemies":"3 Shapes","floor":35.0,"turns":2.0},{"damage":0.0,"enemies":"Orb Walker","floor":39.0,"turns":2.0},{"damage":0.0,"enemies":"Reptomancer","floor":40.0,"turns":3.0},{"damage":0.0,"enemies":"Nemesis","floor":42.0,"turns":2.0},{"damage":0.0,"enemies":"Mind Bloom Boss Battle","floor":44.0,"turns":3.0},{"damage":23.0,"enemies":"Writhing Mass","floor":45.0,"turns":3.0},{"damage":0.0,"enemies":"Transient","floor":46.0,"turns":5.0},{"damage":12,"enemies":"Maw","floor":48,"turns":3},{"damage":74,"enemies":"Time Eater","floor":50,"turns":7}],"seed_played":"326620642883134887","potions_obtained":[{"floor":4.0,"key":"SkillPotion"},{"floor":5.0,"key":"SteroidPotion"},{"floor":6.0,"key":"EssenceOfSteel"},{"floor":14.0,"key":"GamblersBrew"},{"floor":18.0,"key":"Strength Potion"},{"floor":21.0,"key":"SmokeBomb"},{"floor":30.0,"key":"Block Potion"},{"floor":33.0,"key":"Block Potion"},{"floor":39.0,"key":"CunningPotion"},{"floor":48,"key":"Block Potion"}],"is_trial":false,"path_per_floor":["M","M","M","M","M","E","?","?","T","R","M","$","E","M","R","B",null,"M","M","M","M","?","R","?","E","T","T","R","M","M","M","R","B",null,"M","$","?","T","M","E","R","E","T","?","M","M","?","M","R","B"],"character_chosen":"THE_SILENT","items_purchased":["DollysMirror","CultistPotion","Poisoned Stab","Paper Crane"],"campfire_rested":4,"item_purchase_floors":[12,12,12,36],"current_hp_per_floor":[70,68,68,58,53,46,28,28,28,58,57,57,47,47,70,62,70,63,63,37,27,27,60,60,60,60,60,70,70,70,49,70,47,70,60,60,51,51,51,51,66,66,66,70,47,51,51,43,61,0,0],"gold":277,"neow_bonus":"ONE_RARE_RELIC","is_daily":false,"chose_seed":false,"campfire_upgraded":3,"win_rate":0.0,"timestamp":1609135925,"path_taken":["M","M","M","M","M","E","?","?","T","R","?","$","E","M","R","BOSS","M","M","M","M","?","R","?","E","T","?","R","M","?","M","R","BOSS","M","$","?","?","M","E","R","E","T","?","M","?","?","M","R","BOSS"],"items_purchased_type":["Relic","Potion","Card","Relic"],"build_version":"2020-12-22","purchased_purges":2,"victory":false,"max_hp_per_floor":[70,70,70,70,70,70,70,70,70,70,70,70,70,70,70,70,70,70,70,70,70,70,70,70,70,70,70,70,70,70,70,70,70,70,70,70,70,70,70,70,70,70,70,70,70,70,70,70,70,70,70],"relic_stats":{"Regal Pillow":0,"counters":[29,120],"Eternal Feather":91,"Pen Nib":[29],"Letter Opener":[55],"War Paint":["Cloak And Dagger","Acrobatics"],"Boot":[227],"Mercury Hourglass":[292],"Pantograph":13,"Bird Faced Urn":[8],"Kunai":[85],"obtain_stats":[{"Regal Pillow":25,"Eternal Feather":9,"Pen Nib":26,"Letter Opener":43,"Paper Crane":36,"War Paint":40,"Boot":6,"Old Coin":0,"Mercury Hourglass":13,"SlaversCollar":17,"WristBlade":34,"DollysMirror":12,"Ninja Scroll":38,"Pantograph":42,"Bird Faced Urn":44,"Kunai":27,"InkBottle":7,"Ring of the Snake":0},{"Regal Pillow":16,"Eternal Feather":7,"Pen Nib":16,"Letter Opener":24,"Paper Crane":21,"War Paint":23,"Boot":6,"Old Coin":0,"Mercury Hourglass":9,"SlaversCollar":11,"WristBlade":20,"DollysMirror":8,"Ninja Scroll":21,"Pantograph":24,"Bird Faced Urn":25,"Kunai":16,"InkBottle":7,"Ring of the Snake":0},{"Regal Pillow":72,"Eternal Feather":33,"Pen Nib":72,"Letter Opener":100,"Paper Crane":93,"War Paint":98,"Boot":29,"Old Coin":0,"Mercury Hourglass":39,"SlaversCollar":49,"WristBlade":91,"DollysMirror":36,"Ninja Scroll":93,"Pantograph":100,"Bird Faced Urn":103,"Kunai":72,"InkBottle":33,"Ring of the Snake":0}],"InkBottle":[68],"Ring of the Snake":[57]},"card_choices":[{"not_picked":["Dodge and Roll","Escape Plan"],"picked":"Dagger Throw","floor":1.0},{"not_picked":["Setup","Poisoned Stab"],"picked":"Cloak And Dagger","floor":2.0},{"not_picked":["Riddle With Holes","Prepared"],"picked":"Blade Dance","floor":3.0},{"not_picked":["Predator","Skewer"],"picked":"Backflip","floor":4.0},{"not_picked":["Underhanded Strike","Backflip"],"picked":"Blade Dance","floor":5.0},{"not_picked":["Concentrate","PiercingWail"],"picked":"Slice","floor":6.0},{"not_picked":["Calculated Gamble","Escape Plan"],"picked":"Adrenaline","floor":7.0},{"not_picked":["Sucker Punch","Dagger Throw"],"picked":"Infinite Blades","floor":11.0},{"not_picked":["Footwork","Catalyst","Backflip"],"picked":"SKIP","floor":13.0},{"not_picked":["Sucker Punch","Dagger Spray","Bane"],"picked":"SKIP","floor":14.0},{"not_picked":["Venomology","Adrenaline"],"picked":"Phantasmal Killer","floor":16.0},{"not_picked":["Crippling Poison","Eviscerate","Backflip+1"],"picked":"SKIP","floor":18.0},{"not_picked":["Sucker Punch","Deflect+1"],"picked":"Endless Agony","floor":19.0},{"not_picked":["Caltrops+1","Deflect"],"picked":"Dagger Throw+1","floor":20.0},{"not_picked":["Setup","Flying Knee+1"],"picked":"Acrobatics","floor":21.0},{"not_picked":["Burst","Skewer"],"picked":"Accuracy","floor":25.0},{"not_picked":["Bane","Sucker Punch+1","Deadly Poison"],"picked":"SKIP","floor":29.0},{"not_picked":["Deflect","Outmaneuver"],"picked":"Cloak And Dagger+1","floor":30.0},{"not_picked":["Night Terror","All Out Attack","Flying Knee+1"],"picked":"SKIP","floor":31.0},{"not_picked":["Wraith Form v2","Grand Finale"],"picked":"Adrenaline","floor":33.0},{"not_picked":["Deadly Poison+1","Outmaneuver+1"],"picked":"Bouncing Flask","floor":35.0},{"not_picked":["Sucker Punch","Predator"],"picked":"Cloak And Dagger+1","floor":39.0},{"not_picked":["Burst","Concentrate+1","Masterful Stab"],"picked":"SKIP","floor":40.0},{"not_picked":["Wraith Form v2","Sucker Punch","Flying Knee+1"],"picked":"SKIP","floor":42.0},{"not_picked":["Cloak And Dagger+1","Sucker Punch+1"],"picked":"Blade Dance+1","floor":45.0},{"not_picked":["Infinite Blades+1","Flying Knee+1"],"picked":"Flechettes+1","floor":46.0},{"not_picked":["Chrysalis","Good Instincts"],"picked":"Master of Strategy","floor":47.0},{"not_picked":["Flying Knee+1","PiercingWail"],"picked":"Dash+1","floor":48}],"player_experience":88754,"relics_obtained":[{"floor":6.0,"key":"Boot"},{"floor":7.0,"key":"InkBottle"},{"floor":9.0,"key":"Eternal Feather"},{"floor":13.0,"key":"Mercury Hourglass"},{"floor":25.0,"key":"Regal Pillow"},{"floor":26.0,"key":"Pen Nib"},{"floor":27.0,"key":"Kunai"},{"floor":38.0,"key":"Ninja Scroll"},{"floor":40.0,"key":"War Paint"},{"floor":42.0,"key":"Pantograph"},{"floor":43.0,"key":"Letter Opener"},{"floor":44.0,"key":"Bird Faced Urn"}],"event_choices":[{"damage_healed":0.0,"max_hp_gain":0.0,"max_hp_loss":0.0,"gold_gain":30.0,"event_name":"Dead Adventurer","player_choice":"Searched \u00272\u0027 times","floor":7.0,"gold_loss":0.0,"damage_taken":0.0},{"damage_healed":0.0,"max_hp_gain":0.0,"max_hp_loss":0.0,"gold_gain":0.0,"event_name":"NoteForYourself","player_choice":"Ignored","floor":8.0,"gold_loss":0.0,"damage_taken":0.0},{"cards_removed":["Strike_G"],"damage_healed":0.0,"max_hp_gain":0.0,"max_hp_loss":0.0,"gold_gain":0.0,"event_name":"Back to Basics","player_choice":"Elegance","floor":22.0,"gold_loss":0.0,"damage_taken":0.0},{"cards_removed":["Defend_G"],"damage_healed":0.0,"max_hp_gain":0.0,"max_hp_loss":0.0,"gold_gain":0.0,"event_name":"Beggar","player_choice":"Gave Gold","floor":24.0,"gold_loss":75.0,"damage_taken":0.0},{"damage_healed":0.0,"max_hp_gain":0.0,"max_hp_loss":0.0,"gold_gain":0.0,"event_name":"Winding Halls","player_choice":"Embrace Madness","floor":37.0,"gold_loss":0.0,"damage_taken":9.0,"cards_obtained":["Madness","Madness"]},{"damage_healed":0.0,"max_hp_gain":0.0,"max_hp_loss":0.0,"gold_gain":0.0,"event_name":"MindBloom","player_choice":"Fight","floor":44.0,"gold_loss":0.0,"damage_taken":0.0},{"damage_healed":0.0,"max_hp_gain":0.0,"max_hp_loss":0.0,"gold_gain":0.0,"event_name":"SensoryStone","player_choice":"Memory 1","floor":47.0,"gold_loss":0.0,"damage_taken":0.0}],"is_beta":false,"boss_relics":[{"not_picked":["Velvet Choker","Tiny House"],"picked":"SlaversCollar"},{"not_picked":["Snecko Eye","HoveringKite"],"picked":"WristBlade"}],"items_purged_floors":[12,36],"is_endless":false,"potions_floor_spawned":[4,5,6,14,18,21,30,33,39,40,48],"killed_by":"Time Eater","ascension_level":0}}