{"host":"khm4we1ijduz33xh","time":1609189518,"event":{"mods":["AchievementEnabler","BaseMod","Colored Map","Minty Spire (QoL Compilation)","Rare Cards Sparkle","StSLib"],"gold_per_floor":[110,122,47,47,47,74,74,89,115,146,46,63,63,75,75,175,175,186,386,207,207,43,74,108,136,136,66,78,78,94,114,114,213,213,230,230,12,62,74,107,107,119,145,195,207,58,70,70,70,70,70,70,22,56,56,56],"floor_reached":55,"playtime":4350,"items_purged":["Defend_P","Strike_P","Defend_P","EmptyFist"],"score":818,"play_id":"3d86a844-6716-4d58-9442-a8e3ad84649a","local_time":"20201229060518","is_ascension_mode":false,"campfire_choices":[{"data":"Eruption","floor":7,"key":"SMITH"},{"floor":15,"key":"REST"},{"data":"Scrawl","floor":29,"key":"SMITH"},{"data":"WheelKick","floor":32,"key":"SMITH"},{"data":"Adaptation","floor":41,"key":"SMITH"},{"floor":49,"key":"RECALL"},{"data":"TalkToTheHand","floor":52,"key":"SMITH"}],"circlet_count":0,"master_deck":["Strike_P+1","Strike_P","Eruption+1","Vigilance","Good Instincts","WheelKick+1","Vengeance","Halt","FollowUp","MentalFortress","EmptyBody","Scrawl+1","Indignation","TalkToTheHand+1","EmptyFist+1","Vault","EmptyFist+1","Adaptation+1","FollowUp+1","FlurryOfBlows+1","Crescendo+1","WaveOfTheHand+1"],"relics":["PureWater","Strawberry","Anchor","Vajra","Black Star","MutagenicStrength","CaptainsWheel","FossilizedHelix","Red Mask","Oddly Smooth Stone","Eternal Feather","Kunai","Busted Crown","Pocketwatch","Darkstone Periapt","Potion Belt","Thread and Needle","Strange Spoon","Whetstone","Bottled Flame"],"acts_visited":["Exordium","TheCity","TheBeyond","TheEnding"],"potions_floor_usage":[6,16,16,33,33,40,40,45,50,54,55,55],"damage_taken":[{"damage":0,"enemies":"Cultist","floor":1,"turns":2},{"damage":1,"enemies":"Jaw Worm","floor":2,"turns":3},{"damage":34,"enemies":"Lagavulin","floor":6,"turns":4},{"damage":0,"enemies":"2 Louse","floor":8,"turns":1},{"damage":15,"enemies":"3 Sentries","floor":10,"turns":7},{"damage":0,"enemies":"Exordium Wildlife","floor":12,"turns":2},{"damage":0,"enemies":"Exordium Thugs","floor":14,"turns":2},{"damage":14,"enemies":"Slime Boss","floor":16,"turns":4},{"damage":5,"enemies":"Spheric Guardian","floor":18,"turns":3},{"damage":21,"enemies":"Gremlin Leader","floor":23,"turns":7},{"damage":0,"enemies":"Masked Bandits","floor":24,"turns":4},{"damage":25,"enemies":"Book of Stabbing","floor":25,"turns":7},{"damage":0,"enemies":"3 Byrds","floor":28,"turns":4},{"damage":0,"enemies":"Cultist and Chosen","floor":30,"turns":3},{"damage":0,"enemies":"Centurion and Healer","floor":31,"turns":4},{"damage":0,"enemies":"Champ","floor":33,"turns":9},{"damage":0,"enemies":"Orb Walker","floor":35,"turns":2},{"damage":0,"enemies":"Mind Bloom Boss Battle","floor":38,"turns":5},{"damage":0,"enemies":"3 Shapes","floor":39,"turns":3},{"damage":14,"enemies":"Nemesis","floor":40,"turns":10},{"damage":0,"enemies":"Sphere and 2 Shapes","floor":42,"turns":4},{"damage":0,"enemies":"2 Orb Walkers","floor":44,"turns":4},{"damage":0,"enemies":"Transient","floor":45,"turns":6},{"damage":0,"enemies":"Writhing Mass","floor":47,"turns":4},{"damage":0,"enemies":"Awakened One","floor":50,"turns":10},{"damage":0,"enemies":"Shield and Spear","floor":54,"turns":6},{"damage":89,"enemies":"The Heart","floor":55,"turns":10}],"seed_played":"-6461298432795211822","potions_obtained":[{"floor":2,"key":"Fruit Juice"},{"floor":8,"key":"Strength Potion"},{"floor":12,"key":"FearPotion"},{"floor":14,"key":"Ancient Potion"},{"floor":18,"key":"Strength Potion"},{"floor":24,"key":"SneckoOil"},{"floor":30,"key":"BlessingOfTheForge"},{"floor":35,"key":"Block Potion"},{"floor":38,"key":"SkillPotion"},{"floor":44,"key":"Weak Potion"},{"floor":45,"key":"AttackPotion"},{"floor":54,"key":"Block Potion"}],"is_trial":false,"path_per_floor":["M","M","$","?","?","E","R","M","T","E","$","M","?","M","R","B",null,"M","?","$","?","$","E","?","E","T","$","M","R","M","M","R","B",null,"M","?","$","?","M","E","R","M","T","?","M","$","M","?","R","B",null,"R","$","E","B"],"character_chosen":"WATCHER","items_purchased":["EmptyBody","Scrawl","TalkToTheHand","Adaptation","Strange Spoon","Swift Potion"],"campfire_rested":1,"item_purchase_floors":[20,22,27,37,46,53],"current_hp_per_floor":[72,71,71,71,64,42,42,42,42,27,27,27,27,27,52,38,84,79,79,79,79,79,58,58,33,33,33,33,42,42,42,51,51,84,84,80,80,80,80,66,78,78,78,78,78,78,78,78,80,80,80,80,80,80,0,0],"gold":56,"neow_bonus":"RANDOM_COLORLESS","is_daily":false,"chose_seed":false,"campfire_upgraded":5,"win_rate":0.0,"timestamp":1609189518,"path_taken":["M","M","$","?","?","E","R","M","T","E","$","M","?","M","R","BOSS","M","?","?","?","$","E","?","E","T","$","?","R","M","M","R","BOSS","M","?","$","?","M","E","R","M","T","?","M","$","?","?","R","BOSS","R","$","E","BOSS"],"items_purchased_type":["Card","Card","Card","Card","Relic","Potion"],"build_version":"2020-12-22","purchased_purges":4,"victory":false,"max_hp_per_floor":[72,72,72,72,72,84,84,84,84,84,84,84,84,84,84,84,84,84,84,84,84,84,84,84,84,84,84,84,84,84,84,84,84,84,84,80,80,80,80,80,80,80,80,80,80,80,80,80,80,80,80,80,80,80,80,80],"card_choices":[{"not_picked":["Trip","Mind Blast"],"picked":"Good Instincts","floor":0},{"not_picked":["Evaluate","Tantrum"],"picked":"WheelKick","floor":1},{"not_picked":["Consecrate","LikeWater"],"picked":"Vengeance","floor":2},{"not_picked":["Worship","ThirdEye","Wish"],"picked":"SKIP","floor":6},{"not_picked":["EmptyFist","SandsOfTime"],"picked":"Halt","floor":8},{"not_picked":["SashWhip","Wireheading"],"picked":"FollowUp","floor":10},{"not_picked":["Perseverance","BowlingBash"],"picked":"EmptyFist","floor":12},{"not_picked":["ClearTheMind","FollowUp"],"picked":"MentalFortress","floor":14},{"not_picked":["FlyingSleeves","JustLucky+1","WheelKick"],"picked":"SKIP","floor":18},{"not_picked":["EmptyBody","Meditate+1","LikeWater+1"],"picked":"SKIP","floor":23},{"not_picked":["Wallop","Prostrate"],"picked":"Indignation","floor":25},{"not_picked":["Weave","Halt","Pray"],"picked":"SKIP","floor":28},{"not_picked":["TalkToTheHand","Conclude"],"picked":"EmptyFist+1","floor":30},{"not_picked":["JustLucky+1","FlyingSleeves","Consecrate+1"],"picked":"SKIP","floor":31},{"not_picked":["DevaForm","Ragnarok"],"picked":"Vault","floor":33},{"not_picked":[],"picked":"EmptyFist+1","floor":35},{"not_picked":[],"picked":"FollowUp+1","floor":38},{"not_picked":["ThirdEye+1"],"picked":"SKIP","floor":39},{"not_picked":[],"picked":"FlurryOfBlows","floor":40},{"not_picked":["SashWhip"],"picked":"SKIP","floor":42},{"not_picked":[],"picked":"Crescendo+1","floor":44},{"not_picked":[],"picked":"WaveOfTheHand+1","floor":45},{"not_picked":["CutThroughFate+1"],"picked":"SKIP","floor":47},{"not_picked":["Crescendo"],"picked":"SKIP","floor":54}],"player_experience":145437,"relics_obtained":[{"floor":6,"key":"Strawberry"},{"floor":9,"key":"Anchor"},{"floor":10,"key":"Vajra"},{"floor":23,"key":"CaptainsWheel"},{"floor":23,"key":"FossilizedHelix"},{"floor":24,"key":"Red Mask"},{"floor":25,"key":"Oddly Smooth Stone"},{"floor":25,"key":"Eternal Feather"},{"floor":26,"key":"Kunai"},{"floor":38,"key":"Pocketwatch"},{"floor":40,"key":"Darkstone Periapt"},{"floor":40,"key":"Potion Belt"},{"floor":44,"key":"Thread and Needle"},{"floor":54,"key":"Whetstone"},{"floor":54,"key":"Bottled Flame"}],"event_choices":[{"cards_removed":["Defend_P"],"damage_healed":0,"gold_gain":0,"player_choice":"Forget","damage_taken":0,"max_hp_gain":0,"max_hp_loss":0,"event_name":"Living Wall","floor":4,"gold_loss":0},{"cards_removed":["Defend_P"],"damage_healed":0,"gold_gain":0,"player_choice":"Card Removal","damage_taken":7,"max_hp_gain":0,"max_hp_loss":0,"event_name":"Golden Wing","floor":5,"gold_loss":0},{"damage_healed":0,"gold_gain":0,"player_choice":"Ignored","damage_taken":0,"max_hp_gain":0,"max_hp_loss":0,"event_name":"Liars Game","floor":13,"gold_loss":0},{"damage_healed":0,"gold_gain":200,"player_choice":"Gold","damage_taken":0,"max_hp_gain":0,"max_hp_loss":0,"event_name":"Wheel of Change","floor":19,"gold_loss":0},{"damage_healed":0,"gold_gain":0,"player_choice":"Inject Mutagens","damage_taken":0,"relics_obtained":["MutagenicStrength"],"max_hp_gain":0,"max_hp_loss":0,"event_name":"Drug Dealer","floor":21,"gold_loss":0},{"damage_healed":0,"gold_gain":0,"player_choice":"Fought Bandits","damage_taken":0,"max_hp_gain":0,"max_hp_loss":0,"event_name":"Masked Bandits","floor":24,"gold_loss":0},{"damage_healed":0,"gold_gain":0,"player_choice":"Max HP","damage_taken":0,"max_hp_gain":0,"max_hp_loss":4,"event_name":"Winding Halls","floor":36,"gold_loss":0},{"damage_healed":0,"gold_gain":0,"player_choice":"Fight","damage_taken":0,"max_hp_gain":0,"max_hp_loss":0,"event_name":"MindBloom","floor":38,"gold_loss":0},{"damage_healed":0,"gold_gain":0,"player_choice":"Fight","damage_taken":0,"max_hp_gain":0,"max_hp_loss":0,"event_name":"Mysterious Sphere","floor":44,"gold_loss":0},{"cards_removed":["Strike_P"],"damage_healed":0,"gold_gain":0,"player_choice":"Removed Attack","damage_taken":0,"max_hp_gain":0,"max_hp_loss":0,"event_name":"Falling","floor":48,"gold_loss":0}],"is_beta":false,"boss_relics":[{"not_picked":["Tiny House","Cursed Key"],"picked":"Black Star"},{"not_picked":["Snecko Eye","Coffee Dripper"],"picked":"Busted Crown"}],"items_purged_floors":[3,11,20,37],"is_endless":false,"potions_floor_spawned":[2,8,12,14,18,24,30,31,35,38,44,45,54],"killed_by":"The Heart","ascension_level":0}}