{"host":"g8cg2b2fqcsffp10","time":1609151780,"event":{"mods":["AchievementEnabler","BaseMod","Better Match","Colored Map","Colored Powertips","Defuse TimeMaze Blight","Downfall","Hubris","Infinite Spire","Minty Spire (QoL Compilation)","Relic Stats","Replay The Spire","Shop Mod","StSLib"],"gold_per_floor":[138,171,171,228,264,264,12,51,51,126,126,162,216,216,216,216,216,510,510,543,543,582,582,627,672,672,723,723,723,723],"floor_reached":29,"playtime":1851,"items_purged":[],"score":240,"play_id":"0d0c4ea9-6221-4ef4-bab1-602a5bccd756","local_time":"20201228023620","daily_mods":["Midas"],"is_ascension_mode":true,"campfire_choices":[{"floor":6,"key":"REST"},{"floor":17,"key":"REST"},{"floor":26,"key":"REST"}],"circlet_count":0,"master_deck":["Strike_R","Strike_R","Strike_R","Strike_R+1","Defend_R","Defend_R","Defend_R","Defend_R","Bash","Shrug It Off","Cleave","ReplayTheSpireMod:LeadingStrike","Twin Strike","Anger+1","Thunderclap+1","Armaments","Parasite","Reaper+1","CurseOfTheBell","Intimidate","Headbutt+1","Ghostly Armor","Inflame"],"relics":["Burning Blood","Replay:WaspNest","Molten Egg 2","Nunchaku","Calling Bell","hubris:OldNail","Singing Bowl","infinitespire:CursedDice","GremlinMask","Replay:PocketPolymizer","hubris:BottledRain"],"acts_visited":["Exordium","TheCity"],"potions_floor_usage":[27,27,27],"damage_taken":[{"damage":16.0,"enemies":"Cultist","floor":1.0,"turns":5.0},{"damage":5.0,"enemies":"2 Louse","floor":2.0,"turns":4.0},{"damage":1,"enemies":"Jaw Worm","floor":4,"turns":4},{"damage":10,"enemies":"Looter","floor":5,"turns":2},{"damage":13,"enemies":"Lots of Slimes","floor":8,"turns":3},{"damage":27,"enemies":"Replay:BlueRogue","floor":10,"turns":5},{"damage":3,"enemies":"Large Slime","floor":12,"turns":7},{"damage":3,"enemies":"3 Louse","floor":13,"turns":2},{"damage":58,"enemies":"Hexaghost","floor":18,"turns":8},{"damage":14,"enemies":"3 Byrds","floor":20,"turns":5},{"damage":32,"enemies":"Shell Parasite","floor":22,"turns":6},{"damage":38,"enemies":"Snake Plant","floor":24,"turns":4},{"damage":59,"enemies":"Sentry and Sphere","floor":25,"turns":7},{"damage":64,"enemies":"Snecko","floor":27,"turns":7},{"damage":40,"enemies":"Cultist and Chosen","floor":29,"turns":6}],"seed_played":"7631414954928933020","potions_obtained":[{"floor":2.0,"key":"FairyPotion"},{"floor":4,"key":"Venom Potion"},{"floor":5,"key":"BloodPotion"},{"floor":25,"key":"DistilledChaos"}],"is_trial":true,"path_per_floor":["M","M","?","M","M","R","$","M","T","E","?","M","M","?","PTL","PTL","R","B",null,"M","?","M","AVR","M","M","R","M","T","M"],"character_chosen":"IRONCLAD","items_purchased":["Replay:WaspNest"],"campfire_rested":3,"item_purchase_floors":[7],"current_hp_per_floor":[70,71,71,76,72,80,80,73,73,52,52,55,58,78,78,78,80,28,80,79,79,55,55,26,36,61,23,23,0,0],"gold":723,"neow_bonus":"","is_daily":false,"chose_seed":false,"campfire_upgraded":0,"win_rate":0.0,"timestamp":1609151780,"path_taken":["M","M","?","M","M","R","$","M","T","E","?","?","M","?","PTL","PTL","R","BOSS","M","?","M","AVR","M","M","R","M","T","M"],"items_purchased_type":["Relic"],"build_version":"2020-12-22","purchased_purges":0,"victory":false,"max_hp_per_floor":[80,80,80,80,80,80,80,80,80,80,80,80,80,80,80,80,80,80,80,80,80,82,82,84,84,84,84,84,84,84],"relic_stats":{"Nunchaku":[10],"Singing Bowl":4,"counters":[15,75],"obtain_stats":[{"Calling Bell":19,"Nunchaku":10,"Replay:PocketPolymizer":23,"Singing Bowl":19,"infinitespire:CursedDice":19,"Molten Egg 2":9,"GremlinMask":21,"Replay:WaspNest":7,"Burning Blood":0,"hubris:OldNail":19,"hubris:BottledRain":28},{"Calling Bell":9,"Nunchaku":6,"Replay:PocketPolymizer":11,"Singing Bowl":9,"infinitespire:CursedDice":9,"Molten Egg 2":5,"GremlinMask":10,"Replay:WaspNest":4,"Burning Blood":0,"hubris:OldNail":9,"hubris:BottledRain":14},{"Calling Bell":40,"Nunchaku":23,"Replay:PocketPolymizer":51,"Singing Bowl":40,"infinitespire:CursedDice":40,"Molten Egg 2":18,"GremlinMask":45,"Replay:WaspNest":15,"Burning Blood":0,"hubris:OldNail":40,"hubris:BottledRain":69}],"Burning Blood":84},"card_choices":[{"not_picked":["Run Through","Power Through"],"picked":"Shrug It Off","floor":1.0},{"not_picked":["Warcry","Heavy Blade"],"picked":"Cleave","floor":2.0},{"not_picked":["Reckless Charge","Havoc"],"picked":"hubris:ReadiedAction","floor":4},{"not_picked":["True Grit","Clash"],"picked":"ReplayTheSpireMod:LeadingStrike","floor":5},{"not_picked":["Carnage","Clothesline"],"picked":"Twin Strike","floor":8},{"not_picked":["Wild Strike+1","Pommel Strike+1"],"picked":"Anger+1","floor":10},{"not_picked":["Sever Soul+1","ReplayTheSpireMod:Corrosion Curse"],"picked":"Thunderclap+1","floor":12},{"not_picked":["True Grit","Wild Strike+1"],"picked":"Armaments","floor":13},{"not_picked":["Limit Break","Offering"],"picked":"Reaper+1","floor":18},{"not_picked":["Wild Strike+1","Anger+1"],"picked":"Intimidate","floor":20},{"not_picked":["Warcry","ReplayTheSpireMod:Strike From Hell+1","Disarm"],"picked":"Singing Bowl","floor":22},{"not_picked":["Carnage+1","Flex","Entrench"],"picked":"Singing Bowl","floor":24},{"not_picked":["Clothesline+1","Power Through+1"],"picked":"Headbutt+1","floor":25},{"not_picked":["Searing Blow+1","Perfected Strike+1"],"picked":"Inflame","floor":27}],"player_experience":25790,"relics_obtained":[{"floor":9,"key":"Molten Egg 2"},{"floor":10,"key":"Nunchaku"},{"floor":19,"key":"hubris:OldNail"},{"floor":19,"key":"Singing Bowl"},{"floor":19,"key":"infinitespire:CursedDice"},{"floor":28,"key":"hubris:BottledRain"}],"event_choices":[{"cards_removed":["Strike_R"],"damage_healed":0,"gold_gain":0,"player_choice":"Offered Basic","damage_taken":0,"max_hp_gain":0,"max_hp_loss":0,"event_name":"Bonfire Elementals","floor":11,"gold_loss":0},{"damage_healed":20,"gold_gain":0,"player_choice":"Healed and dodged fight","damage_taken":0,"max_hp_gain":0,"max_hp_loss":0,"event_name":"Mushrooms","floor":14,"gold_loss":0,"cards_obtained":["Parasite"]},{"damage_healed":0,"gold_gain":0,"player_choice":"Trade","damage_taken":0,"relics_obtained":["GremlinMask"],"max_hp_gain":0,"max_hp_loss":0,"event_name":"FaceTrader","floor":21,"gold_loss":0}],"is_beta":false,"boss_relics":[{"not_picked":["hubris:HollowSoul","Replay:Wanted Poster"],"picked":"Calling Bell"}],"items_purged_floors":[],"is_endless":false,"potions_floor_spawned":[2,4,5,8,10,24,25],"killed_by":"Cultist and Chosen","ascension_level":1}}