{"host":"gttgmv2wah99hzdm","time":1609184413,"event":{"mods":["AchievementEnabler","BaseMod","Bestiary","Block Reminder","Filter the Spire","Minty Spire (QoL Compilation)","Permanent Neow","Random Character Button","Relic Stats","ojb\u0027s Better Paths Mod","ojb\u0027s Info Mod"],"gold_per_floor":[117,128,139,139,159,186,186,212,235,267,267,267,295,220,220,298,298,315,327,60,76,76,76,111,111,111,155,176,176,101,130,130,213,213,261,306,331,331],"floor_reached":37,"playtime":2498,"items_purged":["Weave"],"score":924,"play_id":"733ebf2c-6508-4dee-8eae-8bc7bbe71a1c","local_time":"20201228134013","is_ascension_mode":true,"campfire_choices":[{"floor":7,"key":"REST"},{"floor":12,"key":"REST"},{"floor":15,"key":"REST"},{"floor":23,"key":"REST"},{"floor":25,"key":"REST"},{"floor":32,"key":"REST"}],"circlet_count":0,"master_deck":["AscendersBane","Strike_P+1","Strike_P+1","Strike_P+1","Defend_P+1","Defend_P+1","Defend_P+1","Defend_P+1","Eruption","Vigilance","SashWhip","SandsOfTime+1","ClearTheMind","DevaForm","FearNoEvil","CutThroughFate","Devotion","Wireheading","Scrawl","CutThroughFate","ThirdEye","Wish","Vengeance"],"relics":["SlaversCollar","Blue Candle","Anchor","Damaru","Blood Vial","Shuriken","Orichalcum","Snecko Eye","HornCleat","CeramicFish","Happy Flower","Bronze Scales","Fusion Hammer"],"acts_visited":["Exordium","TheCity","TheBeyond"],"potions_floor_usage":[6,10,19,31,33,36],"damage_taken":[{"damage":11.0,"enemies":"Jaw Worm","floor":1.0,"turns":4.0},{"damage":3.0,"enemies":"Cultist","floor":2.0,"turns":4.0},{"damage":2.0,"enemies":"2 Louse","floor":3.0,"turns":2.0},{"damage":4.0,"enemies":"Looter","floor":5.0,"turns":3.0},{"damage":15,"enemies":"3 Sentries","floor":6,"turns":6},{"damage":0,"enemies":"Gremlin Nob","floor":8,"turns":2},{"damage":27,"enemies":"3 Sentries","floor":10,"turns":8},{"damage":17,"enemies":"Lagavulin","floor":13,"turns":6},{"damage":15,"enemies":"Hexaghost","floor":16,"turns":7},{"damage":16,"enemies":"Shell Parasite","floor":18,"turns":4},{"damage":24,"enemies":"3 Byrds","floor":19,"turns":5},{"damage":5,"enemies":"Snake Plant","floor":21,"turns":3},{"damage":26,"enemies":"Gremlin Leader","floor":24,"turns":5},{"damage":4,"enemies":"Book of Stabbing","floor":27,"turns":4},{"damage":0,"enemies":"Snecko","floor":28,"turns":3},{"damage":0,"enemies":"Shelled Parasite and Fungi","floor":31,"turns":3},{"damage":21,"enemies":"Collector","floor":33,"turns":8},{"damage":29,"enemies":"3 Shapes","floor":35,"turns":4},{"damage":0,"enemies":"Orb Walker","floor":36,"turns":2},{"damage":46,"enemies":"2 Orb Walkers","floor":37,"turns":3}],"seed_played":"4201961229009196978","potions_obtained":[{"floor":1.0,"key":"AttackPotion"},{"floor":6,"key":"Fire Potion"},{"floor":10,"key":"SkillPotion"},{"floor":13,"key":"EssenceOfSteel"},{"floor":19,"key":"SteroidPotion"},{"floor":31,"key":"Weak Potion"},{"floor":33,"key":"Strength Potion"},{"floor":35,"key":"Energy Potion"},{"floor":36,"key":"PowerPotion"}],"is_trial":false,"path_per_floor":["M","M","M","?","M","E","R","E","T","E","?","R","E","?","R","B",null,"M","M","$","M","?","R","E","R","T","E","M","?","$","M","R","B",null,"M","M","?"],"character_chosen":"WATCHER","items_purchased":["HornCleat"],"campfire_rested":6,"item_purchase_floors":[20],"current_hp_per_floor":[50,47,45,45,41,26,46,46,46,19,19,39,24,24,44,31,59,45,23,23,20,20,40,16,36,36,34,36,17,17,19,40,21,60,33,35,0,0],"gold":331,"neow_bonus":"BOSS_RELIC","is_daily":false,"chose_seed":false,"campfire_upgraded":0,"win_rate":0.0,"timestamp":1609184413,"path_taken":["M","M","M","?","?","E","R","E","T","E","?","R","E","?","R","BOSS","M","M","$","M","?","R","E","R","T","E","M","?","$","M","R","BOSS","M","M","?"],"items_purchased_type":["Relic"],"build_version":"2020-12-22","purchased_purges":1,"victory":false,"max_hp_per_floor":[68,68,68,68,68,68,68,68,68,68,68,68,68,68,68,68,68,68,68,68,68,68,68,68,68,68,68,68,73,73,73,73,73,73,73,73,73,73],"relic_stats":{"Blood Vial":26,"Happy Flower":[9],"counters":[20,86],"Shuriken":[24],"Blue Candle":[0],"CeramicFish":54,"Bronze Scales":[60],"Snecko Eye":[75,70,105,80],"Orichalcum":[42],"obtain_stats":[{"Happy Flower":26,"Blue Candle":6,"CeramicFish":24,"Damaru":9,"Orichalcum":13,"Blood Vial":10,"SlaversCollar":0,"Anchor":8,"HornCleat":20,"Shuriken":11,"Bronze Scales":27,"Snecko Eye":17,"Fusion Hammer":34,"PureWater":0},{"Happy Flower":13,"Blue Candle":5,"CeramicFish":13,"Damaru":6,"Orichalcum":8,"Blood Vial":7,"SlaversCollar":0,"Anchor":6,"HornCleat":11,"Shuriken":7,"Bronze Scales":14,"Snecko Eye":9,"Fusion Hammer":17,"PureWater":0},{"Happy Flower":59,"Blue Candle":19,"CeramicFish":59,"Damaru":21,"Orichalcum":35,"Blood Vial":29,"SlaversCollar":0,"Anchor":21,"HornCleat":51,"Shuriken":29,"Bronze Scales":63,"Snecko Eye":42,"Fusion Hammer":77,"PureWater":0}]},"card_choices":[{"not_picked":["LikeWater","BowlingBash"],"picked":"SashWhip","floor":1.0},{"not_picked":["FollowUp","Swivel"],"picked":"SandsOfTime","floor":2.0},{"not_picked":["PathToVictory","SashWhip"],"picked":"ClearTheMind","floor":3.0},{"not_picked":["ForeignInfluence","ClearTheMind","InnerPeace"],"picked":"SKIP","floor":5.0},{"not_picked":["JustLucky","Adaptation"],"picked":"DevaForm","floor":6},{"not_picked":["EmptyBody","Study","PathToVictory"],"picked":"SKIP","floor":8},{"not_picked":["CutThroughFate","Halt"],"picked":"FearNoEvil","floor":10},{"not_picked":["CrushJoints","Consecrate"],"picked":"CutThroughFate","floor":13},{"not_picked":["Judgement","DevaForm"],"picked":"Devotion","floor":16},{"not_picked":["BattleHymn","ClearTheMind","JustLucky"],"picked":"SKIP","floor":18},{"not_picked":["JustLucky+1","ForeignInfluence"],"picked":"Wireheading","floor":19},{"not_picked":["Evaluate","EmptyFist","SandsOfTime"],"picked":"SKIP","floor":21},{"not_picked":["EmptyBody","WaveOfTheHand+1"],"picked":"Weave","floor":24},{"not_picked":["Prostrate","WindmillStrike"],"picked":"Scrawl","floor":27},{"not_picked":["FlyingSleeves","Prostrate"],"picked":"CutThroughFate","floor":28},{"not_picked":["Evaluate","PathToVictory"],"picked":"ThirdEye","floor":31},{"not_picked":["Scrawl","Establishment"],"picked":"Wish","floor":33},{"not_picked":["Indignation","Evaluate"],"picked":"Vengeance","floor":35},{"not_picked":["Pray","ThirdEye","FlyingSleeves"],"picked":"SKIP","floor":36}],"player_experience":1026733,"relics_obtained":[{"floor":6,"key":"Blue Candle"},{"floor":8,"key":"Anchor"},{"floor":9,"key":"Damaru"},{"floor":10,"key":"Blood Vial"},{"floor":13,"key":"Orichalcum"},{"floor":24,"key":"CeramicFish"},{"floor":26,"key":"Happy Flower"},{"floor":27,"key":"Bronze Scales"}],"event_choices":[{"damage_healed":0.0,"max_hp_gain":0.0,"max_hp_loss":0.0,"gold_gain":0.0,"event_name":"Upgrade Shrine","player_choice":"Upgraded","floor":4.0,"gold_loss":0.0,"damage_taken":0.0,"cards_upgraded":["SandsOfTime"]},{"damage_healed":0,"gold_gain":0,"player_choice":"Searched \u00271\u0027 times","damage_taken":0,"relics_obtained":["Shuriken"],"max_hp_gain":0,"max_hp_loss":0,"event_name":"Dead Adventurer","floor":11,"gold_loss":0},{"cards_removed":["Strike_P"],"damage_healed":0,"gold_gain":0,"player_choice":"Card Removal","damage_taken":0,"max_hp_gain":0,"max_hp_loss":0,"event_name":"The Cleric","floor":14,"gold_loss":75},{"damage_healed":0,"gold_gain":0,"player_choice":"Simplicity","damage_taken":0,"max_hp_gain":0,"max_hp_loss":0,"event_name":"Back to Basics","floor":22,"gold_loss":0,"cards_upgraded":["Strike_P","Strike_P","Strike_P","Defend_P","Defend_P","Defend_P","Defend_P"]},{"damage_healed":0,"gold_gain":0,"player_choice":"Shed Blood","damage_taken":24,"max_hp_gain":5,"max_hp_loss":0,"event_name":"Forgotten Altar","floor":29,"gold_loss":0},{"damage_healed":0,"gold_gain":0,"player_choice":"Fight","damage_taken":0,"max_hp_gain":0,"max_hp_loss":0,"event_name":"Mysterious Sphere","floor":37,"gold_loss":0}],"is_beta":false,"boss_relics":[{"not_picked":["Busted Crown","Astrolabe"],"picked":"Snecko Eye"},{"not_picked":["Coffee Dripper","Philosopher\u0027s Stone"],"picked":"Fusion Hammer"}],"items_purged_floors":[30],"is_endless":false,"potions_floor_spawned":[1,6,10,13,19,27,31,33,35,36],"killed_by":"2 Orb Walkers","ascension_level":20}}