{"host":"wshh0nphwn6jv7vj","time":1609139344,"event":{"mods":["BaseMod","Bestiary","Minty Spire (QoL Compilation)"],"gold_per_floor":[109,127,127,52,52,85,85,85,112,142,156,170,180,25,25,103,103,123,13,24,24,24,24],"floor_reached":22,"playtime":1162,"items_purged":["Injury","Strike_R"],"score":359,"play_id":"d03e9bf8-8a13-40e0-99fc-a189514d7bff","local_time":"20201228020904","is_ascension_mode":true,"campfire_choices":[{"floor":8,"key":"REST"},{"data":"Bash","floor":15,"key":"SMITH"}],"circlet_count":0,"master_deck":["AscendersBane","Strike_R","Defend_R","Defend_R","Defend_R","Defend_R+1","Bash+1","Berserk","Twin Strike","Rampage","Sword Boomerang+1","Rampage+1","Pommel Strike+1","Impervious","Pommel Strike+1","Shrug It Off","Offering","Ghostly Armor","Dropkick+1"],"relics":["Burning Blood","GremlinMask","Kunai","Smiling Mask","Letter Opener","Potion Belt","Molten Egg 2","Empty Cage"],"acts_visited":["Exordium","TheCity"],"potions_floor_usage":[6,12,12,16],"damage_taken":[{"damage":10,"enemies":"2 Louse","floor":1,"turns":5},{"damage":1,"enemies":"Cultist","floor":2,"turns":4},{"damage":34,"enemies":"Lagavulin","floor":6,"turns":8},{"damage":24,"enemies":"Gremlin Nob","floor":10,"turns":4},{"damage":13,"enemies":"Jaw Worm","floor":11,"turns":3},{"damage":0,"enemies":"Looter","floor":12,"turns":1},{"damage":27,"enemies":"Lots of Slimes","floor":13,"turns":5},{"damage":15,"enemies":"Hexaghost","floor":16,"turns":9},{"damage":24,"enemies":"3 Byrds","floor":18,"turns":8},{"damage":30,"enemies":"Spheric Guardian","floor":20,"turns":4},{"damage":24,"enemies":"Snecko","floor":22,"turns":2}],"seed_played":"5976730999287316190","potions_obtained":[{"floor":1,"key":"SteroidPotion"},{"floor":6,"key":"DistilledChaos"},{"floor":11,"key":"LiquidMemories"},{"floor":12,"key":"ElixirPotion"},{"floor":13,"key":"SkillPotion"}],"is_trial":false,"path_per_floor":["M","M","?","$","T","E","T","R","T","E","M","M","M","$","R","B",null,"M","?","M","$","M"],"character_chosen":"IRONCLAD","items_purchased":["Pommel Strike+1","Shrug It Off"],"campfire_rested":1,"item_purchase_floors":[14,14],"current_hp_per_floor":[64,69,69,69,69,41,41,63,63,45,38,44,23,23,23,14,60,42,42,18,18,0,0],"gold":24,"neow_bonus":"THREE_RARE_CARDS","is_daily":false,"chose_seed":false,"campfire_upgraded":1,"win_rate":0.0,"timestamp":1609139344,"path_taken":["M","M","?","$","?","E","?","R","T","E","M","M","M","$","R","BOSS","M","?","?","$","M"],"items_purchased_type":["Card","Card"],"build_version":"2020-12-22","purchased_purges":2,"victory":false,"max_hp_per_floor":[75,75,75,75,75,75,75,75,75,75,75,75,75,75,75,75,75,75,75,75,75,75,75],"card_choices":[{"not_picked":["Limit Break","Reaper"],"picked":"Berserk","floor":0},{"not_picked":["Rage","Second Wind"],"picked":"Twin Strike","floor":1},{"not_picked":["Body Slam","Shrug It Off"],"picked":"Rampage","floor":2},{"not_picked":["Thunderclap","Rampage","Body Slam"],"picked":"SKIP","floor":6},{"not_picked":["Shockwave","Body Slam+1"],"picked":"Sword Boomerang+1","floor":10},{"not_picked":["Thunderclap+1","Entrench"],"picked":"Rampage+1","floor":11},{"not_picked":["Infernal Blade","Warcry"],"picked":"Pommel Strike+1","floor":12},{"not_picked":["Cleave+1","Heavy Blade+1"],"picked":"Impervious","floor":13},{"not_picked":["Bludgeon+1","Exhume"],"picked":"Offering","floor":16},{"not_picked":["Clash+1","Pummel+1"],"picked":"Ghostly Armor","floor":18},{"not_picked":["Body Slam+1","Thunderclap+1"],"picked":"Dropkick+1","floor":20}],"player_experience":1513995,"relics_obtained":[{"floor":5,"key":"Kunai"},{"floor":6,"key":"Smiling Mask"},{"floor":7,"key":"Letter Opener"},{"floor":9,"key":"Potion Belt"},{"floor":10,"key":"Molten Egg 2"}],"event_choices":[{"damage_healed":0,"gold_gain":0,"player_choice":"Trade","damage_taken":0,"relics_obtained":["GremlinMask"],"max_hp_gain":0,"max_hp_loss":0,"event_name":"FaceTrader","floor":3,"gold_loss":0},{"cards_removed":["Strike_R"],"damage_healed":0,"gold_gain":0,"player_choice":"Upgrade and Remove","damage_taken":0,"max_hp_gain":0,"max_hp_loss":0,"event_name":"Designer","floor":19,"gold_loss":110,"cards_upgraded":["Defend_R"]}],"is_beta":false,"boss_relics":[{"not_picked":["Philosopher\u0027s Stone","Cursed Key"],"picked":"Empty Cage"}],"items_purged_floors":[4,14],"is_endless":false,"potions_floor_spawned":[1,6,11,12,13],"killed_by":"Snecko","ascension_level":17}}