{"host":"l8lkgdumzpe3823a","time":1609199582,"event":{"mods":["Always Whale","Aspiration","BaseMod","Better Note","Clockwork Mod","Colored Powertips","Curses Come First","Custom Start","DeckTracker","Defuse TimeMaze Blight","Highlight Path","Hubris","Infinite Spire","Minty Spire (QoL Compilation)","Quick Restart","Replay The Spire","Shop Mod","StSLib","SuperFastMode","The Construct","The Dragon Tamer","vexMod"],"gold_per_floor":[118,129,144,69,86,86,86,104,129,79,129,179,20,46,46,143,143,111,260,310,329,56,56,67,67,67,67,67],"floor_reached":27,"playtime":806,"items_purged":["Strike_G","Strike_G","Strike_G","hubris:Gluttony"],"score":243,"play_id":"8c432aac-5a09-4cd2-8748-1e86d10512b2","local_time":"20201228175302","is_ascension_mode":true,"campfire_choices":[{"data":"Replay:Poison Smokescreen","floor":6.0,"key":"SMITH"},{"data":"Poisoned Stab","floor":15.0,"key":"SMITH"},{"floor":23.0,"key":"REST"},{"floor":25.0,"key":"REST"}],"circlet_count":0,"master_deck":["Strike_G","Strike_G","Defend_G","Defend_G","Defend_G","Defend_G","Defend_G","Neutralize","Replay:Poison Smokescreen+1","Crippling Poison","ReplayTheSpireMod:Speed Training","Poisoned Stab+1","m_Survivalism","Bane+1","Footwork","infinitespire:Neurotoxin","Well Laid Plans+1","Poisoned Strike","ReplayTheSpireMod:Private Reserves","Poisoned Strike"],"relics":["Ring of the Snake","NeowsBlessing","SsserpentHead","Toy Ornithopter","Bottled Lightning","Boot","Snack Pack","ReplayTheSpireMod:ShopPack","aspiration:FrozenJewel"],"acts_visited":["Exordium","TheCity"],"potions_floor_usage":[27],"damage_taken":[{"damage":0.0,"enemies":"2 Louse","floor":1.0,"turns":1.0},{"damage":0.0,"enemies":"Cultist","floor":2.0,"turns":1.0},{"damage":0.0,"enemies":"Jaw Worm","floor":3.0,"turns":1.0},{"damage":1.0,"enemies":"2 Fungi Beasts","floor":5.0,"turns":4.0},{"damage":0.0,"enemies":"Looter","floor":8.0,"turns":4.0},{"damage":26.0,"enemies":"Gremlin Nob","floor":14.0,"turns":4.0},{"damage":6.0,"enemies":"Hexaghost","floor":16.0,"turns":9.0},{"damage":38.0,"enemies":"2 Thieves","floor":18.0,"turns":5.0},{"damage":24.0,"enemies":"3 Byrds","floor":21.0,"turns":5.0},{"damage":25.0,"enemies":"Snake Plant","floor":24.0,"turns":3.0},{"damage":50,"enemies":"Gremlin Leader","floor":27,"turns":5}],"seed_played":"8790043289623396894","potions_obtained":[{"floor":1.0,"key":"GamblersBrew"},{"floor":8.0,"key":"Flashbang"},{"floor":16.0,"key":"FearPotion"},{"floor":21.0,"key":"Fire Potion"},{"floor":24.0,"key":"Strength Potion"}],"is_trial":false,"path_per_floor":["M","M","M","$","M","R","?","M","T","$","T","?","$","E","R","B",null,"M","?","?","M","$","R","M","R","T","E"],"character_chosen":"THE_SILENT","items_purchased":["Bane+1","ReplayTheSpireMod:ShopPack"],"campfire_rested":2,"item_purchase_floors":[13,22],"current_hp_per_floor":[70,70,70,70,69,69,69,69,69,69,69,69,69,43,43,42,70,32,32,32,10,10,31,13,34,34,0,0],"gold":67,"neow_bonus":"THREE_ENEMY_KILL","is_daily":false,"chose_seed":false,"campfire_upgraded":2,"win_rate":0.0,"timestamp":1609199582,"path_taken":["M","M","M","$","M","R","?","M","T","?","?","?","$","E","R","BOSS","M","?","?","M","$","R","M","R","T","E"],"items_purchased_type":["Card","Relic"],"build_version":"2020-12-22","purchased_purges":4,"victory":false,"max_hp_per_floor":[70,70,70,70,70,70,70,70,70,70,70,70,70,70,70,70,70,70,70,70,70,70,70,70,70,70,70,70],"card_choices":[{"not_picked":["Flying Knee","ReplayTheSpireMod:Exploit Weakness","Finisher"],"picked":"SKIP","floor":1.0},{"not_picked":["Flechettes","Outmaneuver"],"picked":"Replay:Poison Smokescreen","floor":2.0},{"not_picked":["Deflect","Flying Knee"],"picked":"Crippling Poison","floor":3.0},{"not_picked":["Backflip","Sneak Up"],"picked":"ReplayTheSpireMod:Speed Training","floor":5.0},{"not_picked":["Dodge and Roll","Blur"],"picked":"Poisoned Stab","floor":8.0},{"not_picked":["Draining Mist","Deadly Poison"],"picked":"Footwork","floor":14.0},{"not_picked":["Tools of the Trade","Replay:Bag of Tricks"],"picked":"infinitespire:Neurotoxin","floor":16.0},{"not_picked":["Backflip","Sucker Punch+1"],"picked":"Well Laid Plans+1","floor":18.0},{"not_picked":["Cloak And Dagger+1","Slice+1","Dagger Spray"],"picked":"SKIP","floor":21.0},{"not_picked":["Replay:Dark Deal","Chrysalis"],"picked":"Poisoned Strike","floor":22.0},{"not_picked":["Mind Blast","hubris:Ssssneak"],"picked":"ReplayTheSpireMod:Private Reserves","floor":22.0},{"not_picked":["Dramatic Entrance","Panacea"],"picked":"Poisoned Strike","floor":22.0},{"not_picked":["ReplayTheSpireMod:Scrap Shanks","Slice","Hidden Blade+1"],"picked":"SKIP","floor":24.0}],"player_experience":652175,"relics_obtained":[{"floor":9.0,"key":"Toy Ornithopter"},{"floor":11.0,"key":"Bottled Lightning"},{"floor":14.0,"key":"Boot"},{"floor":26.0,"key":"aspiration:FrozenJewel"}],"event_choices":[{"damage_healed":0.0,"max_hp_gain":0.0,"max_hp_loss":0.0,"gold_gain":0.0,"event_name":"FaceTrader","player_choice":"Trade","floor":7.0,"gold_loss":0.0,"damage_taken":0.0,"relics_obtained":["SsserpentHead"]},{"damage_healed":0.0,"max_hp_gain":0.0,"max_hp_loss":0.0,"gold_gain":99.0,"event_name":"Nest","player_choice":"Stole From Cult","floor":19.0,"gold_loss":0.0,"damage_taken":0.0}],"is_beta":false,"boss_relics":[{"not_picked":["Snecko Eye","ChewingGum","vexMod:NewClearReactor"]}],"items_purged_floors":[4,10,13,22],"is_endless":false,"potions_floor_spawned":[1,8,16,21,24],"killed_by":"Gremlin Leader","ascension_level":3}}