{"host":"4id8injl4bo2b6ih","time":1609180967,"event":{"mods":["Act Like it!","BaseMod","Better Third Choice","Colored Map","Downfall","Friendly Minions","Highlight Path","Ironclad Rager","Minty Spire (QoL Compilation)","Robot Space Explorer","Shop Mod","Spicy Shops","StSLib","The Spell Scribe"],"gold_per_floor":[99,116,126,143,163,163,239,256,290,309,234,251,46,61,73,176,176,176,189,207,222,241,282,334,334,334],"floor_reached":25,"playtime":1904,"items_purged":[],"score":279,"play_id":"f0e6c958-92d0-4c4e-bf33-21597fceb80b","local_time":"20201228194247","is_ascension_mode":true,"campfire_choices":[{"data":"sneckomod:CheapStock","floor":1.0,"key":"SMITH"},{"data":"sneckomod:UnknownBlock","floor":6.0,"key":"SMITH"},{"floor":11.0,"key":"REST"},{"data":"sneckomod:Nope","floor":18.0,"key":"SMITH"}],"circlet_count":0,"master_deck":["sneckomod:Strike","sneckomod:Defend","sneckomod:Defend","sneckomod:Defend","sneckomod:TailWhip","sneckomod:SnekBite","sneckomod:Unknown","sneckomod:Unknown","sneckomod:CheapStock+1","sneckomod:UnknownRareAttack","sneckomod:UnknownStrength","sneckomod:UnknownBlock+1","sneckomod:QuickMove","sneckomod:DiceBlock","sneckomod:UnknownClassBLUE","sneckomod:UnknownExhaust","sneckomod:Nope+1","sneckomod:UnlimitedRolls","sneckomod:UnknownUncommonPower","sneckomod:Unknown3Cost","sneckomod:MorePower","sneckomod:UnknownRarePower+1","sneckomod:UnknownBlock+1","sneckomod:UnknownClassGREEN+1","sneckomod:UnknownExhaust","sneckomod:UnknownRarePower+1","sneckomod:UnknownClassSLIMEBOUND","sneckomod:UnknownClassSLIMEBOUND+1","sneckomod:Unknown3Cost+1","sneckomod:IronFang+1"],"relics":["sneckomod:SneckoSoul","Bronze Scales","downfall:HeartBlessingBlue","Black Star","Happy Flower","MealTicket","Vajra"],"acts_visited":["Exordium","TheCity"],"potions_floor_usage":[23,23,25],"damage_taken":[{"damage":2.0,"enemies":"Cultist","floor":2.0,"turns":4.0},{"damage":0.0,"enemies":"2 Louse","floor":3.0,"turns":2.0},{"damage":28.0,"enemies":"Jaw Worm","floor":4.0,"turns":5.0},{"damage":4.0,"enemies":"Exordium Wildlife","floor":5.0,"turns":5.0},{"damage":12.0,"enemies":"3 Louse","floor":8.0,"turns":2.0},{"damage":6.0,"enemies":"Lagavulin","floor":9.0,"turns":8.0},{"damage":0.0,"enemies":"Lots of Slimes","floor":10.0,"turns":1.0},{"damage":5.0,"enemies":"2 Fungi Beasts","floor":12.0,"turns":2.0},{"damage":0.0,"enemies":"downfall:FleeingMerchant","floor":13.0,"turns":4.0},{"damage":16.0,"enemies":"Large Slime","floor":14.0,"turns":8.0},{"damage":11.0,"enemies":"3 Louse","floor":15.0,"turns":2.0},{"damage":23.0,"enemies":"downfall:Defect","floor":16.0,"turns":8.0},{"damage":27.0,"enemies":"Chosen","floor":19.0,"turns":9.0},{"damage":28.0,"enemies":"Snake Plant","floor":20.0,"turns":5.0},{"damage":18.0,"enemies":"Centurion and Healer","floor":21.0,"turns":9.0},{"damage":13,"enemies":"Shelled Parasite and Fungi","floor":22,"turns":8},{"damage":43,"enemies":"Book of Stabbing","floor":23,"turns":5},{"damage":14,"enemies":"Snake Plant","floor":25,"turns":1}],"seed_played":"6910503751462171688","potions_obtained":[{"floor":4.0,"key":"sneckomod:MuddlingPotion"},{"floor":5.0,"key":"champ:CounterPotion"},{"floor":12.0,"key":"LiquidBronze"},{"floor":15.0,"key":"Slimebound:ThreeZeroPotion"}],"is_trial":false,"path_per_floor":["R","M","M","M","M","R","T","M","E","M","R","M","$","M","M","B",null,"R","M","M","M","M","E","T","M"],"character_chosen":"THE_SNECKO","items_purchased":["sneckomod:UnlimitedRolls"],"campfire_rested":1,"item_purchase_floors":[13],"current_hp_per_floor":[64,63,64,46,42,42,42,30,25,25,66,62,62,47,37,22,107,107,82,56,40,32,8,8,0,0],"gold":334,"neow_bonus":"TRANSFORM_TWO_CARDS","is_daily":false,"chose_seed":false,"campfire_upgraded":3,"win_rate":0.0,"timestamp":1609180967,"path_taken":["R","M","M","M","M","R","T","M","E","M","R","M","$","M","M","BOSS","R","M","M","M","M","E","T","M"],"items_purchased_type":["Card"],"build_version":"2020-12-22","purchased_purges":0,"victory":false,"max_hp_per_floor":[91,92,93,93,93,93,93,93,94,94,104,105,105,106,107,107,107,107,109,111,113,114,115,115,115,115],"card_choices":[{"not_picked":["sneckomod:SnekBeam","sneckomod:QuickMove"],"picked":"sneckomod:UnknownStrength","floor":2.0},{"not_picked":["sneckomod:UnknownVulnerable","sneckomod:IronFang"],"picked":"sneckomod:UnknownBlock","floor":3.0},{"not_picked":["sneckomod:SoulDraw","sneckomod:Unknown1Cost"],"picked":"sneckomod:QuickMove","floor":4.0},{"not_picked":["sneckomod:UnknownCommonSkill","sneckomod:UnknownCommonAttack","sneckomod:MasterEye"],"picked":"SKIP","floor":5.0},{"not_picked":["sneckomod:WideSting","sneckomod:TrashToTreasure"],"picked":"sneckomod:DiceBlock","floor":8.0},{"not_picked":["sneckomod:DiceBoulder","sneckomod:QuickBite"],"picked":"sneckomod:UnknownClassBLUE","floor":9.0},{"not_picked":["sneckomod:UnknownStrike","sneckomod:MixItUp","sneckomod:QuickBite"],"picked":"SKIP","floor":10.0},{"not_picked":["sneckomod:UnknownClassROBOT_ORANGE_COLOR","sneckomod:UnknownClassBLUE"],"picked":"sneckomod:UnknownExhaust","floor":12.0},{"not_picked":["sneckomod:RainOfDice","sneckomod:MasterEye"],"picked":"sneckomod:Nope","floor":13.0},{"not_picked":["sneckomod:UnknownCommonSkill","sneckomod:RainOfDice"],"picked":"sneckomod:UnknownUncommonPower","floor":14.0},{"not_picked":["sneckomod:QuickBite","sneckomod:UnknownWeak"],"picked":"sneckomod:Unknown3Cost","floor":15.0},{"not_picked":["sneckomod:Restock","sneckomod:DangerNoodle"],"picked":"sneckomod:MorePower","floor":16.0},{"not_picked":["sneckomod:Unknown+1","sneckomod:UnknownClassHEXA_GHOST_PURPLE+1"],"picked":"sneckomod:UnknownRarePower+1","floor":19.0},{"not_picked":["sneckomod:CheapStock","sneckomod:UnknownCommonSkill"],"picked":"sneckomod:UnknownBlock+1","floor":19.0},{"not_picked":["sneckomod:UnknownX+1","sneckomod:UnknownCommonSkill+1"],"picked":"sneckomod:UnknownClassGREEN+1","floor":20.0},{"not_picked":["sneckomod:UnknownVulnerable","sneckomod:Nope"],"picked":"sneckomod:UnknownExhaust","floor":20.0},{"not_picked":["sneckomod:UnknownUncommonPower+1","sneckomod:UnknownVulnerable+1"],"picked":"sneckomod:UnknownRarePower+1","floor":21.0},{"not_picked":["sneckomod:Unknown1Cost+1","sneckomod:Unknown0Cost"],"picked":"sneckomod:UnknownClassSLIMEBOUND","floor":21.0},{"not_picked":["sneckomod:UnknownEthereal+1","sneckomod:UnknownClassTHE_CHAMP_GRAY+1"],"picked":"sneckomod:UnknownClassSLIMEBOUND+1","floor":22},{"not_picked":["sneckomod:UnknownCommonAttack","sneckomod:UnknownWeak","sneckomod:SoulRoll+1"],"picked":"SKIP","floor":22},{"not_picked":["sneckomod:UnknownX+1","sneckomod:UnknownEthereal+1"],"picked":"sneckomod:Unknown3Cost+1","floor":23},{"not_picked":["sneckomod:UnknownCommonAttack","sneckomod:UnknownCommonSkill"],"picked":"sneckomod:IronFang+1","floor":23}],"player_experience":393666,"relics_obtained":[{"floor":9.0,"key":"Bronze Scales"},{"floor":23,"key":"Happy Flower"},{"floor":23,"key":"MealTicket"},{"floor":24,"key":"Vajra"}],"event_choices":[],"is_beta":false,"boss_relics":[{"not_picked":["Empty Cage","Runic Dome"],"picked":"Black Star"}],"items_purged_floors":[],"is_endless":false,"potions_floor_spawned":[4,5,12,14,15,16,19],"killed_by":"Snake Plant","ascension_level":2}}