{"host":"30jsp143e4v19aze","time":1609116960,"event":{"mods":["BaseMod","Colored Map","Colored Powertips","Curses Come First","DeckTracker","Highlight Path","Minty Spire (QoL Compilation)","Quick Restart","Relic Stats","StSLib","everything is the same but u backflip on backflip","slay the spire mod where everything is the same but ironclad has a cowboy hat"],"gold_per_floor":[115,125,125,144,144,179,179,217,296,309,350,350,17,35,35,133,133,149,149,149,164,177,217,49,90,90,120,168,203,246,258,270,372,384,415,442,479,491,522,577,2,33,56,56,95,20,20,36,36,36,36,36,36,36,72,72],"floor_reached":57,"playtime":1798,"items_purged":["Rampage"],"score":3080,"play_id":"84f6c4a5-c398-4b60-982f-e33405f622e5","local_time":"20201228015600","is_ascension_mode":true,"campfire_choices":[{"data":"Cleave","floor":7,"key":"SMITH"},{"data":"Sword Boomerang","floor":12,"key":"SMITH"},{"data":"Fiend Fire","floor":15,"key":"SMITH"},{"data":"Brutality","floor":32,"key":"SMITH"},{"floor":44,"key":"RECALL"},{"data":"True Grit","floor":49,"key":"SMITH"},{"data":"Offering","floor":53,"key":"SMITH"}],"circlet_count":0,"master_deck":["AscendersBane","Bash","Thunderclap","Cleave+1","Injury","Regret","Feel No Pain","Sword Boomerang+1","Heavy Blade","Heavy Blade","Fiend Fire+1","Reaper","Second Wind","Power Through","Uppercut","Shrug It Off","Reaper","Fire Breathing+1","Necronomicurse","Pommel Strike+1","Sword Boomerang+1","Sentinel","Heavy Blade+1","Regret","Seeing Red+1","Feel No Pain","Battle Trance","Brutality+1","Offering+1","Pommel Strike","Dark Embrace","Cleave","Flex","True Grit+1","Shrug It Off+1","Warcry+1","True Grit+1","Double Tap","True Grit+1","Clumsy","Pummel","Headbutt","Clash","Shockwave+1"],"relics":["Burning Blood","Du-Vu Doll","Golden Idol","Champion Belt","Whetstone","Lantern","Letter Opener","Lizard Tail","Orrery","Cursed Key","Necronomicon","Oddly Smooth Stone","OrangePellets","Ice Cream","MawBank","HornCleat","Darkstone Periapt","Pandora\u0027s Box","Shuriken","ClockworkSouvenir","Strawberry","Pen Nib","Omamori","Boot"],"acts_visited":["Exordium","TheCity","TheBeyond","TheEnding"],"potions_floor_usage":[6,25,56],"damage_taken":[{"damage":14,"enemies":"Small Slimes","floor":1,"turns":4},{"damage":0,"enemies":"2 Louse","floor":2,"turns":3},{"damage":2,"enemies":"Jaw Worm","floor":4,"turns":3},{"damage":31,"enemies":"Gremlin Nob","floor":6,"turns":4},{"damage":30,"enemies":"Lagavulin","floor":8,"turns":4},{"damage":0,"enemies":"3 Louse","floor":10,"turns":1},{"damage":8,"enemies":"Gremlin Nob","floor":11,"turns":3},{"damage":0,"enemies":"Red Slaver","floor":14,"turns":1},{"damage":24,"enemies":"Slime Boss","floor":16,"turns":8},{"damage":36,"enemies":"3 Byrds","floor":18,"turns":5},{"damage":14,"enemies":"Chosen","floor":21,"turns":3},{"damage":0,"enemies":"Shelled Parasite and Fungi","floor":22,"turns":2},{"damage":21,"enemies":"Book of Stabbing","floor":23,"turns":3},{"damage":13,"enemies":"Slavers","floor":25,"turns":3},{"damage":6,"enemies":"Centurion and Healer","floor":27,"turns":3},{"damage":18,"enemies":"Book of Stabbing","floor":28,"turns":2},{"damage":21,"enemies":"Snake Plant","floor":29,"turns":2},{"damage":6,"enemies":"Slavers","floor":30,"turns":4},{"damage":51,"enemies":"Automaton","floor":33,"turns":6},{"damage":6,"enemies":"Orb Walker","floor":35,"turns":2},{"damage":22,"enemies":"3 Darklings","floor":36,"turns":4},{"damage":9,"enemies":"Maw","floor":37,"turns":3},{"damage":9,"enemies":"Sphere and 2 Shapes","floor":39,"turns":2},{"damage":24,"enemies":"Giant Head","floor":40,"turns":5},{"damage":8,"enemies":"Reptomancer","floor":42,"turns":3},{"damage":3,"enemies":"Giant Head","floor":45,"turns":4},{"damage":2,"enemies":"Transient","floor":48,"turns":6},{"damage":58,"enemies":"Donu and Deca","floor":50,"turns":8},{"damage":128,"enemies":"Awakened One","floor":51,"turns":7},{"damage":41,"enemies":"Shield and Spear","floor":55,"turns":3},{"damage":80,"enemies":"The Heart","floor":56,"turns":7}],"seed_played":"-6250354601224830013","potions_obtained":[{"floor":2,"key":"PowerPotion"},{"floor":8,"key":"FearPotion"},{"floor":10,"key":"FairyPotion"},{"floor":11,"key":"GamblersBrew"},{"floor":25,"key":"PowerPotion"}],"is_trial":false,"path_per_floor":["M","M","?","M","?","E","R","E","T","M","E","R","$","M","R","B",null,"M","?","?","M","M","E","$","E","T","M","E","M","E","?","R","B",null,"M","M","M","?","M","E","$","E","T","R","E","?","$","M","R","B","B",null,"R","$","E","B",null],"character_chosen":"IRONCLAD","items_purchased":["Fiend Fire","Orrery","OrangePellets","ClockworkSouvenir","Double Tap","Strawberry"],"campfire_rested":0,"item_purchase_floors":[13,13,24,41,41,41],"current_hp_per_floor":[60,66,66,68,68,43,43,19,19,25,23,23,23,29,29,15,55,37,16,16,40,46,47,47,68,68,68,56,53,65,65,65,42,62,62,68,65,65,68,50,57,55,61,61,64,64,64,81,81,81,20,66,66,66,31,27],"gold":72,"neow_bonus":"ONE_RARE_RELIC","is_daily":false,"chose_seed":false,"campfire_upgraded":6,"win_rate":0.0,"timestamp":1609116960,"path_taken":["M","M","?","M","?","E","R","E","T","M","E","R","$","M","R","BOSS","M","?","?","M","?","E","$","E","T","M","E","M","E","?","R","BOSS","M","?","M","?","?","E","$","E","T","R","E","?","?","M","R","BOSS","BOSS","R","$","E","BOSS"],"items_purchased_type":["Card","Relic","Relic","Relic","Card","Relic"],"build_version":"2020-12-22","purchased_purges":1,"victory":true,"max_hp_per_floor":[68,68,68,68,68,68,68,68,68,68,68,68,68,68,68,68,68,68,68,68,68,68,68,68,68,68,68,68,68,68,68,68,68,68,68,68,68,68,68,68,75,75,81,81,81,81,81,81,81,81,81,81,81,81,81,81],"relic_stats":{"Darkstone Periapt":6,"counters":[31,118],"Golden Idol":226,"Pen Nib":[8],"Whetstone":["Strike_R","Strike_R"],"Letter Opener":[75],"Cursed Key":2,"MawBank":180,"Boot":[0],"Burning Blood":159,"OrangePellets":[10],"Lizard Tail":0,"Shuriken":[18],"Pandora\u0027s Box":["Pommel Strike","Fire Breathing","Dark Embrace","Rampage","Cleave","Armaments","Flex","True Grit"],"Necronomicon":[57],"Champion Belt":[53],"obtain_stats":[{"Ice Cream":25,"Darkstone Periapt":30,"Lantern":8,"Golden Idol":3,"Oddly Smooth Stone":23,"Pen Nib":42,"Omamori":45,"Whetstone":6,"Letter Opener":9,"Cursed Key":17,"MawBank":26,"Boot":55,"Burning Blood":0,"ClockworkSouvenir":41,"Du-Vu Doll":0,"OrangePellets":24,"Lizard Tail":11,"HornCleat":28,"Shuriken":40,"Strawberry":41,"Orrery":13,"Pandora\u0027s Box":34,"Necronomicon":19,"Champion Belt":5},{"Ice Cream":14,"Darkstone Periapt":18,"Lantern":5,"Golden Idol":2,"Oddly Smooth Stone":13,"Pen Nib":25,"Omamori":26,"Whetstone":4,"Letter Opener":5,"Cursed Key":9,"MawBank":14,"Boot":30,"Burning Blood":0,"ClockworkSouvenir":24,"Du-Vu Doll":0,"OrangePellets":13,"Lizard Tail":7,"HornCleat":16,"Shuriken":24,"Strawberry":24,"Orrery":7,"Pandora\u0027s Box":19,"Necronomicon":10,"Champion Belt":3},{"Ice Cream":47,"Darkstone Periapt":58,"Lantern":18,"Golden Idol":7,"Oddly Smooth Stone":44,"Pen Nib":83,"Omamori":87,"Whetstone":14,"Letter Opener":18,"Cursed Key":31,"MawBank":47,"Boot":111,"Burning Blood":0,"ClockworkSouvenir":80,"Du-Vu Doll":0,"OrangePellets":44,"Lizard Tail":22,"HornCleat":52,"Shuriken":80,"Strawberry":80,"Orrery":22,"Pandora\u0027s Box":64,"Necronomicon":36,"Champion Belt":10}]},"card_choices":[{"not_picked":["Flex","Fire Breathing"],"picked":"Thunderclap","floor":1},{"not_picked":["Pummel","Pommel Strike"],"picked":"Cleave","floor":2},{"not_picked":["Clash","Body Slam","Seeing Red"],"picked":"SKIP","floor":4},{"not_picked":["Wild Strike","Sever Soul"],"picked":"Feel No Pain","floor":6},{"not_picked":["Anger","Wild Strike"],"picked":"Sword Boomerang","floor":8},{"not_picked":["Rampage","Perfected Strike"],"picked":"Heavy Blade","floor":10},{"not_picked":["Wild Strike","Shrug It Off"],"picked":"Heavy Blade","floor":11},{"not_picked":["Twin Strike","Heavy Blade"],"picked":"Reaper","floor":13},{"not_picked":["Armaments","Dropkick"],"picked":"Second Wind","floor":13},{"not_picked":["Dropkick","Twin Strike"],"picked":"Power Through","floor":13},{"not_picked":["Havoc","Anger"],"picked":"Uppercut","floor":13},{"not_picked":["Anger","Cleave"],"picked":"Shrug It Off","floor":14},{"not_picked":["Juggernaut","Exhume"],"picked":"Reaper","floor":16},{"not_picked":["Twin Strike","Wild Strike"],"picked":"Fire Breathing","floor":18},{"not_picked":["Flex","Dual Wield"],"picked":"Pommel Strike+1","floor":21},{"not_picked":["Second Wind","Demon Form"],"picked":"Sword Boomerang+1","floor":22},{"not_picked":["Anger","Ghostly Armor"],"picked":"Sentinel","floor":23},{"not_picked":["True Grit","Wild Strike"],"picked":"Heavy Blade+1","floor":25},{"not_picked":["Sever Soul","Inflame","Cleave"],"picked":"SKIP","floor":27},{"not_picked":["Cleave","Searing Blow"],"picked":"Seeing Red+1","floor":28},{"not_picked":["Demon Form","Shrug It Off"],"picked":"Feel No Pain","floor":29},{"not_picked":["Ghostly Armor","Body Slam"],"picked":"Battle Trance","floor":30},{"not_picked":["Demon Form","Barricade"],"picked":"Offering","floor":33},{"not_picked":["Flex","Ghostly Armor+1","Body Slam"],"picked":"SKIP","floor":35},{"not_picked":["Flame Barrier","Clothesline"],"picked":"Shrug It Off+1","floor":36},{"not_picked":["Ghostly Armor","Bloodletting"],"picked":"Warcry+1","floor":37},{"not_picked":["Pommel Strike","Battle Trance+1"],"picked":"True Grit+1","floor":39},{"not_picked":["Anger+1","Seeing Red","Perfected Strike"],"picked":"SKIP","floor":40},{"not_picked":["Ghostly Armor","Pommel Strike"],"picked":"True Grit+1","floor":42},{"not_picked":["Iron Wave","Dropkick"],"picked":"Pummel","floor":45},{"not_picked":["Clash","Flex","Seeing Red"],"picked":"SKIP","floor":48},{"not_picked":["Twin Strike","Shrug It Off+1"],"picked":"Shockwave+1","floor":55}],"player_experience":3283914,"relics_obtained":[{"floor":6,"key":"Whetstone"},{"floor":8,"key":"Lantern"},{"floor":9,"key":"Letter Opener"},{"floor":11,"key":"Lizard Tail"},{"floor":19,"key":"Necronomicon"},{"floor":23,"key":"Oddly Smooth Stone"},{"floor":25,"key":"Ice Cream"},{"floor":26,"key":"MawBank"},{"floor":28,"key":"HornCleat"},{"floor":30,"key":"Darkstone Periapt"},{"floor":40,"key":"Shuriken"},{"floor":42,"key":"Pen Nib"},{"floor":45,"key":"Omamori"},{"floor":55,"key":"Boot"}],"event_choices":[{"damage_healed":0,"gold_gain":0,"player_choice":"Take Wound","damage_taken":0,"relics_obtained":["Golden Idol"],"max_hp_gain":0,"max_hp_loss":0,"event_name":"Golden Idol","floor":3,"gold_loss":0,"cards_obtained":["Injury"]},{"damage_healed":0,"gold_gain":0,"player_choice":"Box","damage_taken":0,"relics_obtained":["Champion Belt"],"max_hp_gain":0,"max_hp_loss":0,"event_name":"Big Fish","floor":5,"gold_loss":0,"cards_obtained":["Regret"]},{"damage_healed":0,"gold_gain":0,"player_choice":"Obtained Book","damage_taken":21,"max_hp_gain":0,"max_hp_loss":0,"event_name":"Cursed Tome","floor":19,"gold_loss":0},{"damage_healed":0,"gold_gain":0,"player_choice":"Upgraded","damage_taken":0,"max_hp_gain":0,"max_hp_loss":0,"event_name":"Upgrade Shrine","floor":20,"gold_loss":0,"cards_upgraded":["Fire Breathing"]},{"damage_healed":0,"gold_gain":0,"cards_transformed":["Strike_R"],"player_choice":"Transformed","damage_taken":0,"max_hp_gain":0,"max_hp_loss":0,"event_name":"Transmorgrifier","floor":31,"gold_loss":0,"cards_obtained":["Brutality"]},{"damage_healed":0,"gold_gain":0,"player_choice":"Got Potions","damage_taken":0,"max_hp_gain":0,"max_hp_loss":0,"event_name":"Lab","floor":38,"gold_loss":0},{"damage_healed":0,"gold_gain":0,"cards_transformed":["Fire Breathing","Armaments"],"player_choice":"Transformed Cards","damage_taken":0,"max_hp_gain":0,"max_hp_loss":0,"event_name":"Designer","floor":46,"gold_loss":75,"cards_obtained":["Headbutt","Clash"]}],"is_beta":false,"boss_relics":[{"not_picked":["Runic Dome","Runic Cube"],"picked":"Cursed Key"},{"not_picked":["Fusion Hammer","Runic Pyramid"],"picked":"Pandora\u0027s Box"}],"items_purged_floors":[41],"is_endless":false,"potions_floor_spawned":[2,8,10,11,16,21,25,27,29,35,36,40,45,55],"ascension_level":20}}