{"host":"J","time":1609188085,"event":{"mods":["AchievementEnabler","BaseMod","Block Reminder","Highlight Path","Minty Spire (QoL Compilation)","Permanent Neow","Quick Restart","Relic Stats","UnlockEverythingMod"],"gold_per_floor":[109,126,139,158,158,186,204,220,220,231,256,256,256,269,269,346,346,359,359,409,422,422,447,447,489,562,595,595,622,211,237,237,319,319,335,363,389,210,220,220,200,240,240,259,259,271,285,306,306,306,306,306],"floor_reached":51,"playtime":6713,"items_purged":["Underhanded Strike","Slice+1"],"score":1510,"play_id":"36d3026a-1d13-4baf-8d39-f25ac7abe986","local_time":"20201228214125","is_ascension_mode":true,"campfire_choices":[{"floor":13.0,"key":"REST"},{"data":"Noxious Fumes","floor":15.0,"key":"SMITH"},{"floor":24.0,"key":"REST"},{"floor":28.0,"key":"REST"},{"data":"Apotheosis","floor":32.0,"key":"SMITH"},{"floor":40.0,"key":"REST"},{"floor":45.0,"key":"RECALL"},{"floor":49,"key":"REST"}],"circlet_count":0,"master_deck":["AscendersBane","Strike_G+1","Strike_G+1","Strike_G+1","Strike_G+1","Defend_G+1","Defend_G+1","Defend_G+1","Defend_G+1","Defend_G+1","Survivor","Neutralize+1","Dash","PiercingWail","Noxious Fumes+1","Footwork","Poisoned Stab","Crippling Poison","Dagger Throw","Dagger Throw","Venomology","Dagger Throw","Writhe","Dash","Corpse Explosion","Terror","Terror+1","Apotheosis+1","Dodge and Roll+1","Night Terror","Footwork+1","Footwork","Blur+1","Footwork","Malaise","Blur","Blur+1","Poisoned Stab+1"],"relics":["Ring of the Snake","Toy Ornithopter","Bronze Scales","Mercury Hourglass","The Courier","Philosopher\u0027s Stone","InkBottle","Whetstone","CeramicFish","Mummified Hand","StrikeDummy","TwistedFunnel","Snecko Eye","Orrery","Nunchaku"],"acts_visited":["Exordium","TheCity","TheBeyond"],"potions_floor_usage":[47,47,50],"damage_taken":[{"damage":0.0,"enemies":"Cultist","floor":1.0,"turns":4.0},{"damage":1.0,"enemies":"Small Slimes","floor":2.0,"turns":4.0},{"damage":0.0,"enemies":"2 Louse","floor":3.0,"turns":3.0},{"damage":8.0,"enemies":"Looter","floor":4.0,"turns":4.0},{"damage":46.0,"enemies":"Lagavulin","floor":6.0,"turns":7.0},{"damage":16.0,"enemies":"Lots of Slimes","floor":7.0,"turns":4.0},{"damage":1.0,"enemies":"Blue Slaver","floor":8.0,"turns":4.0},{"damage":4.0,"enemies":"2 Fungi Beasts","floor":10.0,"turns":3.0},{"damage":7.0,"enemies":"Gremlin Nob","floor":11.0,"turns":4.0},{"damage":6.0,"enemies":"Gremlin Gang","floor":14.0,"turns":3.0},{"damage":22.0,"enemies":"Slime Boss","floor":16.0,"turns":9.0},{"damage":8.0,"enemies":"Shell Parasite","floor":18.0,"turns":5.0},{"damage":20.0,"enemies":"2 Thieves","floor":21.0,"turns":3.0},{"damage":30.0,"enemies":"Gremlin Leader","floor":23.0,"turns":7.0},{"damage":21.0,"enemies":"Book of Stabbing","floor":25.0,"turns":5.0},{"damage":23.0,"enemies":"Slavers","floor":27.0,"turns":4.0},{"damage":0.0,"enemies":"Snecko","floor":29.0,"turns":4.0},{"damage":0.0,"enemies":"3 Cultists","floor":31.0,"turns":2.0},{"damage":55.0,"enemies":"Champ","floor":33.0,"turns":11.0},{"damage":0.0,"enemies":"Orb Walker","floor":35.0,"turns":3.0},{"damage":22.0,"enemies":"3 Darklings","floor":36.0,"turns":4.0},{"damage":13.0,"enemies":"Maw","floor":37.0,"turns":7.0},{"damage":8.0,"enemies":"Spire Growth","floor":39.0,"turns":5.0},{"damage":7.0,"enemies":"Reptomancer","floor":42.0,"turns":5.0},{"damage":5.0,"enemies":"Writhing Mass","floor":44.0,"turns":6.0},{"damage":32.0,"enemies":"Transient","floor":46.0,"turns":6.0},{"damage":8,"enemies":"Jaw Worm Horde","floor":47,"turns":3},{"damage":2,"enemies":"Sphere and 2 Shapes","floor":48,"turns":5},{"damage":20,"enemies":"Donu and Deca","floor":50,"turns":9},{"damage":10,"enemies":"Time Eater","floor":51,"turns":12}],"seed_played":"-590620423852802799","potions_obtained":[{"floor":2.0,"key":"SpeedPotion"},{"floor":4.0,"key":"Regen Potion"},{"floor":5.0,"key":"Fire Potion"},{"floor":5.0,"key":"FairyPotion"},{"floor":6.0,"key":"Poison Potion"},{"floor":8.0,"key":"GhostInAJar"},{"floor":16.0,"key":"BlessingOfTheForge"},{"floor":25.0,"key":"Swift Potion"},{"floor":27.0,"key":"Dexterity Potion"},{"floor":44.0,"key":"Ancient Potion"},{"floor":46.0,"key":"SteroidPotion"},{"floor":48,"key":"BlessingOfTheForge"}],"is_trial":false,"path_per_floor":["M","M","M","M","?","E","M","M","T","M","E","?","R","M","R","B",null,"M","?","?","M","?","E","R","E","T","E","R","M","$","M","R","B",null,"M","M","M","$","M","R","?","E","T","M","R","M","M","M","R","B","B"],"character_chosen":"THE_SILENT","items_purchased":["TwistedFunnel","Apotheosis","EntropicBrew","Orrery"],"campfire_rested":5,"item_purchase_floors":[30,30,30,38],"current_hp_per_floor":[59,58,58,50,50,9,13,12,12,8,11,11,30,24,24,2,50,47,47,47,32,32,7,26,30,30,17,36,36,36,46,46,6,51,51,29,16,16,8,27,27,25,25,25,25,3,5,3,22,7,0,0],"gold":306,"neow_bonus":"RANDOM_COMMON_RELIC","is_daily":false,"chose_seed":false,"campfire_upgraded":2,"win_rate":0.0,"timestamp":1609188085,"path_taken":["M","M","M","M","?","E","M","M","T","?","E","?","R","?","R","BOSS","M","?","?","?","?","E","R","E","T","E","R","M","$","M","R","BOSS","M","M","M","$","M","R","?","E","T","M","R","?","M","?","R","BOSS","BOSS"],"items_purchased_type":["Relic","Card","Potion","Relic"],"build_version":"2020-12-18","purchased_purges":2,"victory":false,"max_hp_per_floor":[66,66,66,66,66,66,66,66,66,66,66,66,66,66,66,66,66,66,66,66,66,66,66,66,66,66,66,66,66,66,66,66,66,66,66,66,66,66,66,66,66,66,66,66,66,66,66,66,66,66,66,66],"relic_stats":{"Nunchaku":[4],"counters":[30,155],"Mummified Hand":[92],"Bronze Scales":[399],"CeramicFish":117,"Snecko Eye":[109,112,129,128],"Whetstone":["Slice","Neutralize"],"obtain_stats":[{"TwistedFunnel":30,"CeramicFish":25,"The Courier":11,"Whetstone":23,"Mercury Hourglass":9,"Nunchaku":42,"Mummified Hand":26,"Bronze Scales":6,"Snecko Eye":34,"Orrery":38,"Philosopher\u0027s Stone":17,"StrikeDummy":27,"Toy Ornithopter":0,"InkBottle":19,"Ring of the Snake":0},{"TwistedFunnel":17,"CeramicFish":15,"The Courier":9,"Whetstone":14,"Mercury Hourglass":7,"Nunchaku":24,"Mummified Hand":15,"Bronze Scales":5,"Snecko Eye":19,"Orrery":22,"Philosopher\u0027s Stone":11,"StrikeDummy":16,"Toy Ornithopter":0,"InkBottle":12,"Ring of the Snake":0},{"TwistedFunnel":77,"CeramicFish":69,"The Courier":37,"Whetstone":64,"Mercury Hourglass":30,"Nunchaku":114,"Mummified Hand":69,"Bronze Scales":22,"Snecko Eye":90,"Orrery":104,"Philosopher\u0027s Stone":49,"StrikeDummy":73,"Toy Ornithopter":0,"InkBottle":54,"Ring of the Snake":0}],"Toy Ornithopter":110,"InkBottle":[42],"Ring of the Snake":[60],"Mercury Hourglass":[432]},"card_choices":[{"not_picked":["Sucker Punch","Bane"],"picked":"Underhanded Strike","floor":1.0},{"not_picked":["Tactician","Skewer"],"picked":"Dash","floor":2.0},{"not_picked":["Sucker Punch","Reflex"],"picked":"PiercingWail","floor":3.0},{"not_picked":["Riddle With Holes","Underhanded Strike"],"picked":"Slice","floor":4.0},{"not_picked":["Sucker Punch","Finisher"],"picked":"Noxious Fumes","floor":6.0},{"not_picked":["PiercingWail","Distraction"],"picked":"Footwork","floor":7.0},{"not_picked":["Dagger Spray","A Thousand Cuts"],"picked":"Poisoned Stab","floor":8.0},{"not_picked":["Quick Slash","Dagger Throw"],"picked":"Crippling Poison","floor":10.0},{"not_picked":["Choke","Accuracy"],"picked":"Dagger Throw","floor":11.0},{"not_picked":["PiercingWail","Prepared"],"picked":"Dagger Throw","floor":14.0},{"not_picked":["Envenom","Corpse Explosion"],"picked":"Venomology","floor":16.0},{"not_picked":["Cloak And Dagger","Prepared"],"picked":"Dagger Throw","floor":18.0},{"not_picked":["Heel Hook","Underhanded Strike"],"picked":"Dash","floor":21.0},{"not_picked":["Choke","Backstab"],"picked":"Corpse Explosion","floor":23.0},{"not_picked":["Expertise","Endless Agony"],"picked":"Terror","floor":25.0},{"not_picked":["Grand Finale","Terror","Prepared"],"picked":"SKIP","floor":27.0},{"not_picked":["Riddle With Holes","Dodge and Roll"],"picked":"Terror+1","floor":29.0},{"not_picked":["Skewer","Caltrops"],"picked":"Dodge and Roll+1","floor":31.0},{"not_picked":["After Image","Grand Finale"],"picked":"Night Terror","floor":33.0},{"not_picked":["Slice","Cloak And Dagger","Terror+1"],"picked":"SKIP","floor":35.0},{"not_picked":["Blade Dance","Backflip"],"picked":"Footwork+1","floor":36.0},{"not_picked":["Dagger Spray","Deadly Poison+1"],"picked":"Footwork","floor":37.0},{"not_picked":["Poisoned Stab","Expertise"],"picked":"Blur+1","floor":38.0},{"not_picked":["Reflex","Bouncing Flask"],"picked":"Footwork","floor":38.0},{"not_picked":["Heel Hook+1","Dash"],"picked":"Malaise","floor":38.0},{"not_picked":["Outmaneuver","Flechettes","Distraction"],"picked":"SKIP","floor":39.0},{"not_picked":["Deadly Poison","Outmaneuver"],"picked":"Blur","floor":42.0},{"not_picked":["Deadly Poison","Prepared"],"picked":"Blur+1","floor":44.0},{"not_picked":["Flying Knee","Blade Dance","All Out Attack"],"picked":"SKIP","floor":46.0},{"not_picked":["Outmaneuver+1","Poisoned Stab","Heel Hook+1"],"picked":"SKIP","floor":47},{"not_picked":["Sucker Punch","Quick Slash+1"],"picked":"Poisoned Stab+1","floor":48}],"player_experience":199354,"relics_obtained":[{"floor":6.0,"key":"Bronze Scales"},{"floor":9.0,"key":"Mercury Hourglass"},{"floor":11.0,"key":"The Courier"},{"floor":23.0,"key":"Whetstone"},{"floor":25.0,"key":"CeramicFish"},{"floor":26.0,"key":"Mummified Hand"},{"floor":27.0,"key":"StrikeDummy"},{"floor":42.0,"key":"Nunchaku"}],"event_choices":[{"damage_healed":0.0,"max_hp_gain":0.0,"max_hp_loss":0.0,"gold_gain":0.0,"event_name":"Lab","player_choice":"Got Potions","floor":5.0,"gold_loss":0.0,"damage_taken":0.0},{"cards_removed":["Strike_G"],"damage_healed":0.0,"max_hp_gain":0.0,"max_hp_loss":0.0,"gold_gain":0.0,"event_name":"Purifier","player_choice":"Purged","floor":12.0,"gold_loss":0.0,"damage_taken":0.0},{"damage_healed":0.0,"max_hp_gain":0.0,"max_hp_loss":0.0,"gold_gain":0.0,"event_name":"The Mausoleum","player_choice":"Opened","floor":19.0,"gold_loss":0.0,"damage_taken":0.0,"relics_obtained":["InkBottle"],"cards_obtained":["Writhe"]},{"damage_healed":0.0,"max_hp_gain":0.0,"max_hp_loss":0.0,"gold_gain":50.0,"event_name":"Golden Shrine","player_choice":"Pray","floor":20.0,"gold_loss":0.0,"damage_taken":0.0},{"damage_healed":0.0,"max_hp_gain":0.0,"max_hp_loss":0.0,"gold_gain":0.0,"event_name":"Back to Basics","player_choice":"Simplicity","floor":22.0,"gold_loss":0.0,"damage_taken":0.0,"cards_upgraded":["Strike_G","Strike_G","Strike_G","Strike_G","Defend_G","Defend_G","Defend_G","Defend_G","Defend_G"]},{"damage_healed":0.0,"max_hp_gain":0.0,"max_hp_loss":0.0,"gold_gain":0.0,"event_name":"The Woman in Blue","player_choice":"Bought 1 Potion","floor":41.0,"gold_loss":0.0,"damage_taken":0.0}],"is_beta":true,"boss_relics":[{"not_picked":["Ectoplasm","Cursed Key"],"picked":"Philosopher\u0027s Stone"},{"not_picked":["Sozu","Pandora\u0027s Box"],"picked":"Snecko Eye"}],"items_purged_floors":[30,38],"is_endless":false,"potions_floor_spawned":[2,4,6,8,16,25,27,31,37,44,46,48],"killed_by":"Time Eater","ascension_level":20}}