{"host":"nmyw38vkdf8owddb","time":1609174734,"event":{"mods":["BaseMod","Colored Map","Colored Powertips","DeckTracker","JesterMod","Minty Spire (QoL Compilation)","Spikes Relics","StSLib","The Alterego","The Animator","The Caster","The Disciple","The Hierophant","The Mystic","The Showman","TheHero","Waifu the Spire"],"gold_per_floor":[115,115,140,88,15,15,45,58,58,58,58,85,85,96,96,191,191,207,207,207,132,121,121,151,164,189,45,45,59,73,93,93,198,198,209,225,225,241,241,241,241,252,252,51,51,66,78,113,113,113,113,113,113,146,146],"floor_reached":56,"playtime":4287,"items_purged":["Pain","animeID:DetroitSmash"],"score":1195,"play_id":"4ac19784-2452-43f6-b4aa-4f12d37c9727","local_time":"20201229015854","is_ascension_mode":false,"campfire_choices":[{"data":"animeID:Bakugo","floor":6,"key":"SMITH"},{"data":"animeID:TetsuTetsu","floor":10,"key":"SMITH"},{"data":"animeID:Hatsume","floor":13,"key":"SMITH"},{"floor":15,"key":"REST"},{"floor":23,"key":"REST"},{"data":"animeID:Shigaraki","floor":28,"key":"SMITH"},{"floor":32,"key":"REST"},{"floor":40,"key":"RECALL"},{"data":"animeID:Crystallize","floor":49,"key":"SMITH"},{"data":"animeID:Eri","floor":52,"key":"SMITH"}],"circlet_count":0,"master_deck":["animeID:Deku","animeID:Iida","animeID:Momo","animeID:DetroitDelaware","animeID:Hatsume+1","animeID:TetsuTetsu+1","animeID:Shigaraki+1","animeID:Tsuyu","animeID:Cementoss","animeID:Eri+1","animeID:Thirteen","animeID:Cementoss","animeID:MirioTogata","animeID:SkinnyGum","animeID:GranTorino","animeID:TodorokiShoto","animeID:MirioTogata","animeID:Himiko+1","animeID:Crystallize+1","animeID:Mineta"],"relics":["animeID:HeroCostume","War Paint","Odd Mushroom","Kunai","Happy Flower","Pandora\u0027s Box","WarpedTongs","Blue Candle","Strawberry","Art of War","Busted Crown","FossilizedHelix","InkBottle"],"acts_visited":["Exordium","TheCity","TheBeyond","TheEnding"],"potions_floor_usage":[16,31,36,46,55],"damage_taken":[{"damage":0,"enemies":"Cultist","floor":1,"turns":4},{"damage":21,"enemies":"The Mushroom Lair","floor":7,"turns":3},{"damage":1,"enemies":"Jaw Worm","floor":8,"turns":3},{"damage":41,"enemies":"Gremlin Nob","floor":12,"turns":6},{"damage":0,"enemies":"2 Louse","floor":14,"turns":5},{"damage":22,"enemies":"Hexaghost","floor":16,"turns":7},{"damage":10,"enemies":"Shell Parasite","floor":18,"turns":5},{"damage":45,"enemies":"2 Thieves","floor":22,"turns":4},{"damage":3,"enemies":"Gremlin Leader","floor":24,"turns":6},{"damage":12,"enemies":"Snake Plant","floor":25,"turns":5},{"damage":2,"enemies":"Cultist and Chosen","floor":29,"turns":5},{"damage":25,"enemies":"Centurion and Healer","floor":30,"turns":6},{"damage":8,"enemies":"Sentry and Sphere","floor":31,"turns":5},{"damage":15,"enemies":"Collector","floor":33,"turns":6},{"damage":7,"enemies":"3 Shapes","floor":35,"turns":4},{"damage":0,"enemies":"Orb Walker","floor":36,"turns":4},{"damage":22,"enemies":"Transient","floor":38,"turns":5},{"damage":2,"enemies":"4 Shapes","floor":42,"turns":5},{"damage":3,"enemies":"3 Darklings","floor":46,"turns":5},{"damage":1,"enemies":"Writhing Mass","floor":47,"turns":6},{"damage":9,"enemies":"Nemesis","floor":48,"turns":7},{"damage":0,"enemies":"Awakened One","floor":50,"turns":9},{"damage":5,"enemies":"Shield and Spear","floor":54,"turns":6},{"damage":11,"enemies":"The Heart","floor":55,"turns":8}],"seed_played":"3251820943990826988","potions_obtained":[{"floor":14,"key":"Swift Potion"},{"floor":16,"key":"SpeedPotion"},{"floor":18,"key":"SpeedPotion"},{"floor":24,"key":"DuplicationPotion"},{"floor":30,"key":"Regen Potion"},{"floor":35,"key":"Swift Potion"},{"floor":36,"key":"Explosive Potion"},{"floor":46,"key":"FairyPotion"},{"floor":48,"key":"GamblersBrew"}],"is_trial":false,"path_per_floor":["M","?","T","$","$","R","?","M","T","R","?","E","R","M","R","B",null,"M","?","?","$","M","R","E","M","T","$","R","M","M","M","R","B",null,"M","M","$","M","?","R","?","M","T","$","?","M","M","E","R","B",null,"R","$","E","B",null],"character_chosen":"THE_HERO","items_purchased":["animeID:Momo","animeID:DetroitDelaware","Art of War","Fruit Juice"],"campfire_rested":3,"item_purchase_floors":[4,5,27,44],"current_hp_per_floor":[75,68,68,68,68,68,49,48,48,48,48,11,11,15,37,19,75,66,66,66,66,25,47,48,38,45,45,45,47,26,37,61,50,82,77,81,81,63,63,63,63,65,65,65,65,71,74,71,71,75,83,83,83,82,75],"gold":146,"neow_bonus":"ONE_RANDOM_RARE_CARD","is_daily":false,"chose_seed":false,"campfire_upgraded":6,"win_rate":0.0,"timestamp":1609174734,"path_taken":["M","?","?","?","$","R","?","M","T","R","?","E","R","M","R","BOSS","M","?","?","$","M","R","E","M","T","$","R","M","?","M","R","BOSS","M","M","$","M","?","R","?","M","T","$","?","M","M","E","R","BOSS","R","$","E","BOSS"],"items_purchased_type":["Card","Card","Relic","Potion"],"build_version":"2020-12-22","purchased_purges":2,"victory":true,"max_hp_per_floor":[75,75,75,75,75,75,75,75,75,75,75,75,75,75,75,75,75,75,75,75,75,75,75,75,75,82,82,82,82,82,82,82,82,82,82,82,82,82,82,82,78,78,78,78,78,83,83,83,83,83,83,83,83,83,83],"card_choices":[{"not_picked":["animeID:GentleCriminal","animeID:RecoveryGirl"],"picked":"animeID:Iida","floor":1},{"not_picked":["animeID:Bakugo","animeID:DetroitDelaware"],"picked":"animeID:Hatsume","floor":7},{"not_picked":["animeID:EraserHead","animeID:DelawareSmash"],"picked":"animeID:TetsuTetsu","floor":8},{"not_picked":["animeID:Mezo","animeID:Mineta"],"picked":"animeID:DetroitSmash","floor":12},{"not_picked":["animeID:Mina","animeID:HowitzerImpact"],"picked":"animeID:Mezo","floor":14},{"not_picked":["animeID:AllForOne","animeID:Chisaki"],"picked":"animeID:Shigaraki","floor":16},{"not_picked":["animeID:Mineta","animeID:Iida"],"picked":"animeID:GranTorino","floor":18},{"not_picked":["animeID:ShootStyle","animeID:Mina","animeID:Mezo"],"picked":"SKIP","floor":22},{"not_picked":["animeID:MtLady","animeID:Bakugo","animeID:Iida"],"picked":"SKIP","floor":24},{"not_picked":["animeID:GranTorino+1","animeID:Twice+1"],"picked":"animeID:Himiko+1","floor":25},{"not_picked":["animeID:DelawareSmash","animeID:Mezo+1","animeID:TodorokiShoto"],"picked":"SKIP","floor":29},{"not_picked":["animeID:ProminenceBurn","animeID:Uraraka"],"picked":"animeID:Crystallize","floor":30},{"not_picked":["animeID:SkinnyGum","animeID:Tomura"],"picked":"animeID:Mineta","floor":31},{"not_picked":["animeID:DetroitSmash+1"],"picked":"SKIP","floor":35},{"not_picked":["animeID:Bakugo"],"picked":"SKIP","floor":36},{"not_picked":["animeID:Momo"],"picked":"SKIP","floor":38},{"not_picked":["animeID:Twice+1"],"picked":"SKIP","floor":42},{"not_picked":["animeID:DelawareSmash"],"picked":"SKIP","floor":46},{"not_picked":["animeID:Iida+1"],"picked":"SKIP","floor":47},{"not_picked":["animeID:Mina"],"picked":"SKIP","floor":48},{"not_picked":["animeID:Mina"],"picked":"SKIP","floor":54}],"player_experience":332932,"relics_obtained":[{"floor":3,"key":"War Paint"},{"floor":7,"key":"Odd Mushroom"},{"floor":9,"key":"Kunai"},{"floor":12,"key":"Happy Flower"},{"floor":24,"key":"Blue Candle"},{"floor":26,"key":"Strawberry"},{"floor":48,"key":"FossilizedHelix"},{"floor":54,"key":"InkBottle"}],"event_choices":[{"cards_removed":["animeID:Smash"],"damage_healed":0,"gold_gain":0,"player_choice":"Card Removal","damage_taken":7,"max_hp_gain":0,"max_hp_loss":0,"event_name":"Golden Wing","floor":2,"gold_loss":0},{"damage_healed":0,"gold_gain":0,"player_choice":"Fought Mushrooms","damage_taken":0,"max_hp_gain":0,"max_hp_loss":0,"event_name":"Mushrooms","floor":7,"gold_loss":0},{"damage_healed":0,"gold_gain":0,"player_choice":"Ignored","damage_taken":0,"max_hp_gain":0,"max_hp_loss":0,"event_name":"Liars Game","floor":11,"gold_loss":0},{"damage_healed":0,"gold_gain":0,"cards_transformed":["animeID:AllMight","animeID:Mezo"],"player_choice":"Became Test Subject","damage_taken":0,"max_hp_gain":0,"max_hp_loss":0,"event_name":"Drug Dealer","floor":19,"gold_loss":0,"cards_obtained":["animeID:TodorokiShoto","animeID:MirioTogata"]},{"damage_healed":0,"gold_gain":0,"player_choice":"Rummage","damage_taken":0,"relics_obtained":["WarpedTongs"],"max_hp_gain":0,"max_hp_loss":0,"event_name":"Accursed Blacksmith","floor":20,"gold_loss":0,"cards_obtained":["Pain"]},{"damage_healed":0,"gold_gain":0,"player_choice":"Ignored","damage_taken":0,"max_hp_gain":0,"max_hp_loss":0,"event_name":"Tomb of Lord Red Mask","floor":39,"gold_loss":0},{"damage_healed":0,"gold_gain":0,"player_choice":"Max HP","damage_taken":0,"max_hp_gain":0,"max_hp_loss":4,"event_name":"Winding Halls","floor":41,"gold_loss":0},{"cards_removed":["animeID:Bakugo"],"damage_healed":0,"gold_gain":0,"player_choice":"Removed Attack","damage_taken":0,"max_hp_gain":0,"max_hp_loss":0,"event_name":"Falling","floor":45,"gold_loss":0}],"is_beta":false,"boss_relics":[{"not_picked":["Calling Bell","SlaversCollar"],"picked":"Pandora\u0027s Box"},{"not_picked":["Astrolabe","Runic Dome"],"picked":"Busted Crown"}],"items_purged_floors":[21,44],"is_endless":false,"potions_floor_spawned":[14,16,18,24,29,30,35,36,46,48,54],"ascension_level":0}}