{"host":"zdmzy2d4yvl8k6jn","time":1609182231,"event":{"mods":["AchievementEnabler","BaseMod","BetterRewards","Key Reminder","Marisa????????","Minty Spire (QoL Compilation)","Quick Restart","Shop Mod","StSLib","The Runesmith","Unceasing Turn Reminder","[IsaacMod]????"],"gold_per_floor":[111,111,36,51,67,93,168,168,168,343,362,379,457,482,482,482,482],"floor_reached":16,"playtime":727,"items_purged":["Defend_G"],"score":135,"play_id":"e31bc338-7110-4d75-96cc-cdd7e4954066","local_time":"20201228140351","is_ascension_mode":false,"campfire_choices":[{"floor":8,"key":"REST"},{"floor":15,"key":"REST"}],"circlet_count":0,"master_deck":["Strike_G","Strike_G","Strike_G","Strike_G","Strike_G","Defend_G","Defend_G","Defend_G","Defend_G","Survivor","Neutralize","Doubt"],"relics":["Ring of the Snake","HushsDoor","YumHeart","Pen Nib","Blood Vial","Nunchaku","Singing Bowl","BlankCard"],"acts_visited":["Exordium"],"potions_floor_usage":[4,12,16],"damage_taken":[{"damage":1,"enemies":"Cultist","floor":1,"turns":5},{"damage":9,"enemies":"Small Slimes","floor":4,"turns":3},{"damage":0,"enemies":"2 Louse","floor":5,"turns":1},{"damage":0,"enemies":"3 Sentries","floor":6,"turns":1},{"damage":14,"enemies":"Blue Slaver","floor":11,"turns":5},{"damage":0,"enemies":"Large Slime","floor":12,"turns":2},{"damage":47,"enemies":"Gremlin Nob","floor":14,"turns":5},{"damage":59,"enemies":"Hexaghost","floor":16,"turns":14}],"seed_played":"2480460124696921669","potions_obtained":[{"floor":1,"key":"AttackPotion"},{"floor":5,"key":"SkillPotion"},{"floor":14,"key":"Regen Potion"}],"is_trial":false,"path_per_floor":["M","?","$","M","M","E","?","R","T","?","M","M","?","E","R","B"],"character_chosen":"THE_SILENT","items_purchased":[],"campfire_rested":2,"item_purchase_floors":[],"current_hp_per_floor":[69,57,57,50,52,54,43,64,64,64,54,56,66,23,45,3,3],"gold":482,"neow_bonus":"RANDOM_COMMON_RELIC","is_daily":false,"chose_seed":false,"campfire_upgraded":0,"win_rate":0.0,"timestamp":1609182231,"path_taken":["M","?","$","M","M","E","?","R","T","?","M","M","?","E","R","BOSS"],"items_purchased_type":[],"build_version":"2020-12-22","purchased_purges":1,"victory":false,"max_hp_per_floor":[70,70,70,70,70,70,70,70,70,70,72,72,72,74,74,74,74],"card_choices":[{"not_picked":[],"picked":"Bomb","floor":0},{"not_picked":["Poisoned Stab","Acrobatics"],"picked":"Bomb","floor":1},{"not_picked":["Poisoned Stab","Expertise"],"picked":"Bomb","floor":4},{"not_picked":["Dagger Throw","Choke","Deadly Poison"],"picked":"SKIP","floor":5},{"not_picked":["Calculated Gamble","Bane","Skewer"],"picked":"SKIP","floor":6},{"not_picked":["Cloak And Dagger","Prepared","Endless Agony"],"picked":"Singing Bowl","floor":11},{"not_picked":["Riddle With Holes","Leg Sweep"],"picked":"Bomb","floor":12},{"not_picked":["Setup","Grand Finale","Unload"],"picked":"Singing Bowl","floor":14}],"player_experience":315726,"relics_obtained":[{"floor":6,"key":"Nunchaku"},{"floor":9,"key":"Singing Bowl"},{"floor":14,"key":"BlankCard"}],"event_choices":[{"damage_healed":0,"gold_gain":0,"player_choice":"Success","damage_taken":12,"relics_obtained":["Blood Vial"],"max_hp_gain":0,"max_hp_loss":0,"event_name":"Scrap Ooze","floor":2,"gold_loss":0},{"damage_healed":0,"gold_gain":75,"player_choice":"Gather Gold","damage_taken":11,"max_hp_gain":0,"max_hp_loss":0,"event_name":"World of Goop","floor":7,"gold_loss":0},{"damage_healed":0,"gold_gain":175,"player_choice":"AGREE","damage_taken":0,"max_hp_gain":0,"max_hp_loss":0,"event_name":"Liars Game","floor":10,"gold_loss":0,"cards_obtained":["Doubt"]}],"is_beta":false,"boss_relics":[],"items_purged_floors":[3],"is_endless":false,"potions_floor_spawned":[1,5,14],"killed_by":"Hexaghost","ascension_level":0}}