{"host":"ql9d3hodw6ja2r3y","time":1609121880,"event":{"mods":["2.2 Compatiblity","A Magickal Journey","AchievementEnabler","Act Like it!","AlwaysNeverKeys","Aspiration","BaseMod","Beaked The Cultist","Better Altar","Better Match","Better Note","Better Sensory Stone","Better Skull","Better Third Choice","Better Vampires","BetterRewards","CCEM","Challenge The Spire","Colored Powertips","Conspire","Curses Come First","Displayed Cursed Tome","Downfall","Friendly Minions","GifTheSpireLib","Halation","Hermit","Highlight Path","Hubris","Infinite Spire","Jedi Mod","Marked Mod","Mimic Mod","Minty Spire (QoL Compilation)","Potion Indicator Mod","Quick Restart","Random Character Button","Rare Cards Sparkle","RatMod","Relic Sorter","Relic Stats","Replay The Spire","Shade Mod","Somnambulant","Spicy Shops","Spikes Relics","StSLib","Stuff the Spire","The Blue Laboratory","The Bug Knight","The Construct","The Disciple","The Forsaken","The Marked","The Runesmith","The Showman","The Spell Scribe","Trackpad","vexMod"],"gold_per_floor":[118,130,154,154,170,203,203,228,228,228,228,203,229,55,55,158,158,158],"floor_reached":17,"playtime":910,"items_purged":[],"score":171,"play_id":"73db72c3-71a6-4447-ad05-2d6ed10465f3","local_time":"20201228031800","is_ascension_mode":false,"campfire_choices":[{"floor":7,"key":"REST"},{"data":"Seeing Red","floor":15,"key":"SMITH"}],"circlet_count":0,"master_deck":["Strike_R","Strike_R","Strike_R","Strike_R","Strike_R","Defend_R","Defend_R","Defend_R","Defend_R","Seeing Red+1","jedi:MakeshiftSword","Survivor","Neutralize","Cleave","Anger","Shockwave","Combust","StuffTheSpire:Slingshot","jedi:bloodyhammer"],"relics":["Burning Blood","aspiration:Nostalgia","champ:ChampionCrown","Lantern","Anchor","aspiration:ChemicalBlood","CCEMRelics:FryingPan","Regal Pillow","Juzu Bracelet","theForsaken:Lifeblossom","StuffTheSpire:GrapeVine","HandDrill","halation:Prosthetics"],"acts_visited":["Exordium","TheCity"],"potions_floor_usage":[6,13,16,16],"damage_taken":[{"damage":7,"enemies":"Cultist","floor":1,"turns":5},{"damage":5,"enemies":"conspire:RoseBush","floor":2,"turns":5},{"damage":7,"enemies":"2 Louse","floor":5,"turns":3},{"damage":26,"enemies":"Gremlin Nob","floor":6,"turns":5},{"damage":12,"enemies":"HollowMod:MossKnight","floor":8,"turns":11},{"damage":10,"enemies":"Gremlin Nob","floor":13,"turns":3},{"damage":47,"enemies":"Hexaghost","floor":16,"turns":9}],"seed_played":"2840863611038100117","potions_obtained":[{"floor":1,"key":"PowerPotion"},{"floor":6,"key":"blueLaboratory:ConflagurationPotion"},{"floor":13,"key":"blueLaboratory:BubblePotion"}],"is_trial":false,"path_per_floor":["M","M","T","?","M","E","R","E","T","$","?","?","E","$","R","B",null],"character_chosen":"IRONCLAD","items_purchased":["Regal Pillow","Juzu Bracelet","HandDrill","StuffTheSpire:Slingshot"],"campfire_rested":1,"item_purchase_floors":[10,10,14,14],"current_hp_per_floor":[79,80,80,80,79,59,80,74,74,54,80,80,76,76,76,41,45,45],"gold":158,"neow_bonus":"NOSTALGIA","is_daily":false,"chose_seed":false,"campfire_upgraded":1,"win_rate":0.0,"timestamp":1609121880,"path_taken":["M","M","?","?","M","E","R","E","T","?","?","?","E","$","R","BOSS"],"items_purchased_type":["Relic","Relic","Relic","Card"],"build_version":"2020-12-22","purchased_purges":0,"victory":false,"max_hp_per_floor":[80,80,80,80,80,80,80,80,80,80,80,80,80,80,80,80,45,45],"relic_stats":{"Regal Pillow":0,"counters":[7,41],"Juzu Bracelet":1,"HandDrill":[2],"obtain_stats":[{"Lantern":3,"Regal Pillow":10,"aspiration:Nostalgia":0,"champ:ChampionCrown":0,"theForsaken:Lifeblossom":12,"Juzu Bracelet":10,"StuffTheSpire:GrapeVine":13,"halation:Prosthetics":17,"Burning Blood":0,"Anchor":6,"CCEMRelics:FryingPan":9,"HandDrill":14,"aspiration:ChemicalBlood":8},{"Lantern":2,"Regal Pillow":5,"aspiration:Nostalgia":0,"champ:ChampionCrown":0,"theForsaken:Lifeblossom":5,"Juzu Bracelet":5,"StuffTheSpire:GrapeVine":6,"halation:Prosthetics":7,"Burning Blood":0,"Anchor":4,"CCEMRelics:FryingPan":5,"HandDrill":6,"aspiration:ChemicalBlood":5},{"Lantern":10,"Regal Pillow":29,"aspiration:Nostalgia":0,"champ:ChampionCrown":0,"theForsaken:Lifeblossom":29,"Juzu Bracelet":29,"StuffTheSpire:GrapeVine":32,"halation:Prosthetics":41,"Burning Blood":0,"Anchor":18,"CCEMRelics:FryingPan":29,"HandDrill":32,"aspiration:ChemicalBlood":29}],"Burning Blood":42},"card_choices":[{"not_picked":["True Grit","Battle Trance"],"picked":"Seeing Red","floor":1},{"not_picked":["True Grit","Entrench"],"picked":"jedi:MakeshiftSword","floor":2},{"not_picked":["StuffTheSpire:Incineration","Defy Death"],"picked":"Cleave","floor":5},{"not_picked":["Headbutt","Dropkick"],"picked":"Anger","floor":6},{"not_picked":["jedi:fear","StuffTheSpire:RagingBull"],"picked":"Shockwave","floor":8},{"not_picked":["Flame Barrier","jedi:fear"],"picked":"Combust","floor":13},{"not_picked":["Fiend Fire","Bludgeon"],"picked":"jedi:bloodyhammer","floor":16}],"player_experience":989,"relics_obtained":[{"floor":3,"key":"Lantern"},{"floor":6,"key":"Anchor"},{"floor":8,"key":"aspiration:ChemicalBlood"},{"floor":9,"key":"CCEMRelics:FryingPan"},{"floor":13,"key":"StuffTheSpire:GrapeVine"}],"event_choices":[{"damage_healed":26,"gold_gain":0,"player_choice":"Banana","damage_taken":0,"max_hp_gain":0,"max_hp_loss":0,"event_name":"Big Fish","floor":11,"gold_loss":0}],"is_beta":false,"boss_relics":[{"not_picked":["jedi:paperlyon","vexMod:NewClearReactor"],"picked":"halation:Prosthetics"}],"items_purged_floors":[],"is_endless":false,"potions_floor_spawned":[1,6,13],"ascension_level":0}}