{"host":"q9718omregw4er46","time":1609182419,"event":{"mods":["BaseMod","Bestiary","Colored Powertips","Minty Spire (QoL Compilation)","Quick Restart","Relic Stats"],"gold_per_floor":[118,393,410,94,64,64,92,109,132,152,152,170,202,220,220,297,297,308,233,113,113],"floor_reached":20,"playtime":493,"items_purged":["Regret"],"score":418,"play_id":"7152798d-dab1-4d74-94d0-f0b9ca40a868","local_time":"20201229000659","is_ascension_mode":true,"campfire_choices":[{"data":"Defragment","floor":6,"key":"SMITH"},{"data":"Loop","floor":11,"key":"SMITH"},{"data":"Defragment","floor":15,"key":"SMITH"}],"circlet_count":0,"master_deck":["AscendersBane","Strike_B","Strike_B","Strike_B","Defend_B","Defend_B","Defend_B","Defend_B","Zap","Dualcast","Compile Driver","Self Repair","Defragment+1","Ball Lightning","Loop+1","Ball Lightning","Heatsinks","Genetic Algorithm","Defragment+1","Echo Form","FTL"],"relics":["Cracked Core","NeowsBlessing","Lantern","DataDisk","Potion Belt","Orichalcum","Inserter"],"acts_visited":["Exordium","TheCity"],"potions_floor_usage":[12],"damage_taken":[{"damage":0,"enemies":"Small Slimes","floor":1,"turns":1},{"damage":0,"enemies":"Cultist","floor":3,"turns":1},{"damage":0,"enemies":"Gremlin Nob","floor":7,"turns":1},{"damage":2,"enemies":"Jaw Worm","floor":8,"turns":2},{"damage":5,"enemies":"2 Fungi Beasts","floor":10,"turns":3},{"damage":6,"enemies":"Lots of Slimes","floor":12,"turns":3},{"damage":20,"enemies":"3 Sentries","floor":13,"turns":5},{"damage":6,"enemies":"Looter","floor":14,"turns":3},{"damage":19,"enemies":"The Guardian","floor":16,"turns":8},{"damage":33,"enemies":"Shell Parasite","floor":18,"turns":5},{"damage":49,"enemies":"2 Thieves","floor":20,"turns":3}],"seed_played":"-7948365388042655702","potions_obtained":[{"floor":1,"key":"Fire Potion"},{"floor":5,"key":"DuplicationPotion"},{"floor":12,"key":"Dexterity Potion"},{"floor":14,"key":"Dexterity Potion"},{"floor":18,"key":"LiquidBronze"}],"is_trial":false,"path_per_floor":["M","?","M","$","?","R","E","M","T","M","R","M","E","M","R","B",null,"M","?","M"],"character_chosen":"DEFECT","items_purchased":["Defragment","Lantern"],"campfire_rested":0,"item_purchase_floors":[4,4],"current_hp_per_floor":[64,64,64,64,64,64,71,69,69,71,71,71,51,52,52,40,63,37,37,0,0],"gold":113,"neow_bonus":"THREE_ENEMY_KILL","is_daily":false,"chose_seed":false,"campfire_upgraded":3,"win_rate":0.0,"timestamp":1609182419,"path_taken":["M","?","?","$","?","R","E","M","T","M","R","?","E","M","R","BOSS","M","?","M"],"items_purchased_type":["Card","Relic"],"build_version":"2020-12-22","purchased_purges":1,"victory":false,"max_hp_per_floor":[71,71,71,71,71,71,71,71,71,71,71,71,71,71,71,71,71,71,71,71,71],"relic_stats":{"Inserter":[4],"counters":[11,33],"Orichalcum":[60],"obtain_stats":[{"Potion Belt":9,"Lantern":4,"DataDisk":7,"Inserter":17,"NeowsBlessing":0,"Orichalcum":13,"Cracked Core":0},{"Potion Belt":4,"Lantern":2,"DataDisk":3,"Inserter":9,"NeowsBlessing":0,"Orichalcum":7,"Cracked Core":0},{"Potion Belt":5,"Lantern":2,"DataDisk":3,"Inserter":25,"NeowsBlessing":0,"Orichalcum":15,"Cracked Core":0}]},"card_choices":[{"not_picked":["Turbo","Streamline"],"picked":"Compile Driver","floor":1},{"not_picked":["Cold Snap","Turbo"],"picked":"Self Repair","floor":3},{"not_picked":["Static Discharge","Undo"],"picked":"Ball Lightning","floor":7},{"not_picked":["Compile Driver","Streamline"],"picked":"Loop","floor":8},{"not_picked":["Chaos","Undo"],"picked":"Ball Lightning","floor":10},{"not_picked":["Skim","Darkness"],"picked":"Heatsinks","floor":12},{"not_picked":["Chaos","Rebound"],"picked":"Genetic Algorithm","floor":13},{"not_picked":["Ball Lightning","Coolheaded"],"picked":"Defragment","floor":14},{"not_picked":["Reboot","Buffer"],"picked":"Echo Form","floor":16},{"not_picked":["Steam","Skim"],"picked":"FTL","floor":18}],"player_experience":1136757,"relics_obtained":[{"floor":7,"key":"DataDisk"},{"floor":9,"key":"Potion Belt"},{"floor":13,"key":"Orichalcum"}],"event_choices":[{"damage_healed":0,"gold_gain":275,"player_choice":"Desecrate","damage_taken":0,"max_hp_gain":0,"max_hp_loss":0,"event_name":"Golden Shrine","floor":2,"gold_loss":0,"cards_obtained":["Regret"]},{"damage_healed":0,"gold_gain":0,"player_choice":"Bought 2 Potions","damage_taken":0,"max_hp_gain":0,"max_hp_loss":0,"event_name":"The Woman in Blue","floor":5,"gold_loss":0},{"cards_removed":["Strike_B"],"damage_healed":0,"gold_gain":0,"player_choice":"Gave Gold","damage_taken":0,"max_hp_gain":0,"max_hp_loss":0,"event_name":"Beggar","floor":19,"gold_loss":75}],"is_beta":false,"boss_relics":[{"not_picked":["Cursed Key","Nuclear Battery"],"picked":"Inserter"}],"items_purged_floors":[4],"is_endless":false,"potions_floor_spawned":[1,12,14,18],"killed_by":"2 Thieves","ascension_level":20}}