{"host":"g53g9qlo34vrqi92","time":1609198698,"event":{"mods":["Aspiration","Bard","BaseMod","Beaked The Cultist","BetterRewards","Colored Map","Conspire","Energized Spire","Fiend Mod","GifTheSpireLib","Googly Eyes","Gremlin Skip","Halation","Hermit","Hubris","Infinite Spire","Jedi Mod","Minty Spire (QoL Compilation)","Permanent Neow","Quick Restart","Relic Filter","Replay The Spire","Spikes Relics","StSLib","Stuff the Spire","Synergy Search","The Bladedancer","The Bug Knight","The Construct","The Cursed","The Factory","The Forsaken","The Jungle","The Necromancer","The Spell Scribe","The Trickster","Trackpad","slay the spire mod where everything is the same but ironclad has a cowboy hat","vexMod"],"gold_per_floor":[113,128,142,162,181,181,214,214,289,316,331,341,352,352,352,447,397,407,104,119,119,119,119,130,130,156,168,168,179,179,196,196,300,300,320,6,19,19,33,60,60,80,152,152,171,171,146,146,146,170,170,170,24,70,86,86],"floor_reached":55,"playtime":3279,"items_purged":[],"score":888,"play_id":"8c5e4d9c-8445-459c-8cbd-6198aaf834fb","local_time":"20201228153818","is_ascension_mode":false,"campfire_choices":[{"data":"hermit:Showdown","floor":6.0,"key":"SMITH"},{"floor":8.0,"key":"REST"},{"floor":15.0,"key":"REST"},{"data":"hermit:Quickdraw","floor":23.0,"key":"SMITH"},{"floor":25.0,"key":"RECALL"},{"floor":28.0,"key":"REST"},{"floor":30.0,"key":"REST"},{"floor":32.0,"key":"DIG"},{"floor":41,"key":"REST"},{"floor":44,"key":"REST"},{"floor":46,"key":"REST"},{"data":"ReplayUltimateDefense","floor":49,"key":"SMITH"},{"data":"hermit:EyeOfTheStorm","floor":52,"key":"SMITH"}],"circlet_count":0,"master_deck":["hermit:Strike_Hermit","hermit:Strike_Hermit","hermit:Strike_Hermit","hermit:Strike_Hermit","hermit:Defend_Hermit","hermit:Defend_Hermit","hermit:Defend_Hermit","hermit:Defend_Hermit","hermit:Snapshot","hermit:Covet","hermit:Deadeye","hermit:Enervate","hermit:BodyArmor","hermit:Showdown+1","hermit:Glare","hermit:Glare","hermit:BigShot","hermit:Gestalt","hermit:ShadowCloak","hermit:Enervate","hermit:GhostlyPresence","hermit:Glare","hermit:HighNoon","hermit:Strike_Hermit","hermit:Coalescence","hermit:Quickdraw+1","hermit:CalledShot+1","hermit:Manifest+1","hermit:Gambit","hermit:FullyLoaded+1","hermit:EyeOfTheStorm+1","hermit:FullyLoaded+1","ReplayUltimateDefense+1","hermit:Gestalt+1","hermit:Coalescence","hermit:Shortfuse","hermit:Manifest+1","hermit:Shortfuse","hermit:HeroicBravado","hermit:Dive+1","hermit:RoundhouseKick"],"relics":["hermit:Momento","conspire:InfiniteJournal","test447","Dream Catcher","Smiling Mask","hubris:CuriousFeather","MutagenicStrength","Nloth\u0027s Gift","Blue Doll","ReplayFunnel","conspire:SlowCooker","halation:IllGainedPizza","Shuriken","Pen Nib","Blue Candle"],"acts_visited":["Exordium","TheCity","TheBeyond","TheEnding"],"potions_floor_usage":[40,40,55],"damage_taken":[{"damage":0.0,"enemies":"2 Louse","floor":1.0,"turns":1.0},{"damage":0.0,"enemies":"Cultist","floor":2.0,"turns":3.0},{"damage":0.0,"enemies":"Small Slimes","floor":3.0,"turns":2.0},{"damage":0.0,"enemies":"3 Louse","floor":4.0,"turns":2.0},{"damage":0.0,"enemies":"Blue Slaver","floor":5.0,"turns":1.0},{"damage":28.0,"enemies":"Lagavulin","floor":7.0,"turns":6.0},{"damage":5.0,"enemies":"3 Sentries","floor":10.0,"turns":5.0},{"damage":1.0,"enemies":"2 Fungi Beasts","floor":11.0,"turns":4.0},{"damage":2.0,"enemies":"3 Louse","floor":12.0,"turns":3.0},{"damage":5.0,"enemies":"Looter","floor":13.0,"turns":3.0},{"damage":40.0,"enemies":"The Guardian","floor":16.0,"turns":11.0},{"damage":2.0,"enemies":"conspire:FuzzyDice","floor":18.0,"turns":6.0},{"damage":0.0,"enemies":"Spheric Guardian","floor":20.0,"turns":3.0},{"damage":5.0,"enemies":"Snecko","floor":24.0,"turns":6.0},{"damage":27.0,"enemies":"Snake Plant","floor":27.0,"turns":6.0},{"damage":13.0,"enemies":"Chosen and Byrds","floor":29.0,"turns":4.0},{"damage":3.0,"enemies":"Shelled Parasite and Fungi","floor":31.0,"turns":6.0},{"damage":13.0,"enemies":"conspire:MysteriousRune","floor":33.0,"turns":8.0},{"damage":1.0,"enemies":"Orb Walker","floor":35.0,"turns":4.0},{"damage":28.0,"enemies":"3 Shapes","floor":37.0,"turns":5.0},{"damage":5.0,"enemies":"Sphere and 2 Shapes","floor":39.0,"turns":6.0},{"damage":21,"enemies":"Reptomancer","floor":40,"turns":8},{"damage":1,"enemies":"Maw","floor":42,"turns":7},{"damage":8,"enemies":"Writhing Mass","floor":45,"turns":6},{"damage":64,"enemies":"Time Eater","floor":50,"turns":18},{"damage":59,"enemies":"Shield and Spear","floor":54,"turns":9},{"damage":12,"enemies":"The Heart","floor":55,"turns":2}],"seed_played":"5784970882355304052","potions_obtained":[{"floor":1.0,"key":"Strength Potion"},{"floor":2.0,"key":"ColorlessPotion"},{"floor":4.0,"key":"Strength Potion"},{"floor":16.0,"key":"Block Potion"},{"floor":24.0,"key":"FearPotion"},{"floor":29.0,"key":"Fire Potion"},{"floor":31.0,"key":"Dexterity Potion"},{"floor":42,"key":"Elixir"}],"is_trial":false,"path_per_floor":["M","M","M","M","M","R","E","R","T","E","M","M","M","?","R","B",null,"M","$","M","?","?","R","M","R","T","M","R","M","R","M","R_BF","B",null,"M","$","M","?","M","E","R","M","T","R","M","R","?","?","R","B",null,"R","$","E","B"],"character_chosen":"HERMIT","items_purchased":["conspire:InfiniteJournal","hermit:Deadeye","hermit:Shortfuse","hubris:CuriousFeather","hermit:EyeOfTheStorm","hermit:FullyLoaded+1","ReplayUltimateDefense","Pen Nib"],"campfire_rested":7,"item_purchase_floors":[0,0,0,19,36,36,36,53],"current_hp_per_floor":[55,55,55,55,55,55,27,49,49,44,43,41,36,36,58,18,70,68,68,68,68,68,68,63,63,63,36,57,44,65,62,62,49,70,69,69,41,41,36,15,36,35,35,56,48,69,69,69,69,5,70,70,70,11,0,0],"gold":86,"neow_bonus":"","is_daily":false,"chose_seed":false,"campfire_upgraded":4,"win_rate":0.0,"timestamp":1609198698,"path_taken":["M","M","M","M","M","R","E","R","T","E","M","M","M","?","R","BOSS","M","$","M","?","?","R","M","R","T","M","R","M","R","M","R_BF","BOSS","M","$","?","?","M","E","R","M","T","R","M","R","?","?","R","BOSS","R","$","E","BOSS"],"items_purchased_type":["Relic","Card","Card","Relic","Card","Card","Card","Relic"],"build_version":"2020-12-22","purchased_purges":0,"victory":false,"max_hp_per_floor":[75,75,75,75,75,75,75,75,75,75,75,75,75,75,75,75,70,70,70,70,70,70,70,70,70,70,70,70,70,70,70,70,70,70,70,70,70,70,70,70,70,70,70,70,70,70,70,70,70,70,70,70,70,70,70,70],"card_choices":[{"not_picked":["hermit:Vantage","hermit:Grudge"],"picked":"hermit:Enervate","floor":1.0},{"not_picked":["hermit:CalledShot","hermit:Manifest"],"picked":"hermit:BodyArmor","floor":2.0},{"not_picked":["hermit:Misfire","hermit:Ricochet"],"picked":"hermit:Showdown","floor":3.0},{"not_picked":["hermit:RoundhouseKick","hermit:Quickdraw"],"picked":"hermit:Glare","floor":4.0},{"not_picked":["hermit:Quickdraw","hermit:Misfire"],"picked":"hermit:Glare","floor":5.0},{"not_picked":["hermit:CalledShot","hermit:Coalescence"],"picked":"hermit:BigShot","floor":7.0},{"not_picked":["hermit:Vantage","hermit:HighCaliber"],"picked":"hermit:Gestalt","floor":8.0},{"not_picked":["hermit:Vantage","hermit:WideOpen"],"picked":"hermit:ShadowCloak","floor":10.0},{"not_picked":["hermit:TakeAim","hermit:Snipe"],"picked":"hermit:Enervate","floor":11.0},{"not_picked":["hermit:TrackingShot","hermit:Scavenge"],"picked":"hermit:GhostlyPresence","floor":12.0},{"not_picked":["hermit:HoleUp","hermit:SprayPray"],"picked":"hermit:Glare","floor":13.0},{"not_picked":["hermit:Purgatory","hermit:FatalDesire"],"picked":"hermit:HighNoon","floor":16.0},{"not_picked":["hermit:Shortfuse","hermit:TakeCover"],"picked":"hermit:Quickdraw","floor":18.0},{"not_picked":["hermit:Quickdraw","hermit:Coalescence","hermit:Malice"],"picked":"SKIP","floor":20.0},{"not_picked":["hermit:Quickdraw","hermit:Coalescence","hermit:Malice"],"picked":"SKIP","floor":20.0},{"not_picked":["hermit:GoldenBullet","hermit:HighCaliber","hermit:Grudge+1"],"picked":"SKIP","floor":24.0},{"not_picked":["hermit:Snipe+1","hermit:HighCaliber"],"picked":"hermit:CalledShot+1","floor":27.0},{"not_picked":["hermit:Misfire","hermit:LoneWolf","hermit:Grudge"],"picked":"SKIP","floor":29.0},{"not_picked":["hermit:Dive","hermit:TrackingShot"],"picked":"hermit:Manifest+1","floor":31.0},{"not_picked":["hermit:Adapt","hermit:RoundhouseKick"],"picked":"hermit:Gambit","floor":33.0},{"not_picked":["hermit:CursedWeapon+1","hermit:ShadowCloak+1"],"picked":"hermit:FullyLoaded+1","floor":35.0},{"not_picked":["hermit:Manifest","hermit:Desperado+1"],"picked":"hermit:Gestalt+1","floor":37.0},{"not_picked":["hermit:Desperado","hermit:Dive"],"picked":"hermit:Coalescence","floor":39.0},{"not_picked":["hermit:Showdown","hermit:Vantage+1"],"picked":"hermit:Shortfuse","floor":40},{"not_picked":["hermit:Virtue+1","hermit:TakeCover+1"],"picked":"hermit:Manifest+1","floor":41},{"not_picked":["hermit:Enervate+1","hermit:NoHoldsBarred+1"],"picked":"hermit:Shortfuse","floor":42},{"not_picked":["hermit:TrackingShot","hermit:Ricochet+1"],"picked":"hermit:HeroicBravado","floor":44},{"not_picked":["hermit:PistolWhip","hermit:Snipe"],"picked":"hermit:Dive+1","floor":45},{"not_picked":["hermit:SprayPray","hermit:CalledShot"],"picked":"hermit:RoundhouseKick","floor":54}],"player_experience":1090544,"relics_obtained":[{"floor":7.0,"key":"Dream Catcher"},{"floor":10.0,"key":"Smiling Mask"},{"floor":26.0,"key":"Blue Doll"},{"floor":32.0,"key":"ReplayFunnel"},{"floor":40,"key":"halation:IllGainedPizza"},{"floor":43,"key":"Shuriken"},{"floor":54,"key":"Blue Candle"}],"event_choices":[{"cards_removed":["jedi:BattleThirst"],"damage_healed":0.0,"max_hp_gain":0.0,"max_hp_loss":0.0,"gold_gain":0.0,"event_name":"Purifier","player_choice":"Purged","floor":14.0,"gold_loss":0.0,"damage_taken":0.0},{"damage_healed":0.0,"max_hp_gain":0.0,"max_hp_loss":0.0,"gold_gain":0.0,"event_name":"Drug Dealer","player_choice":"Inject Mutagens","floor":21.0,"gold_loss":0.0,"damage_taken":0.0,"relics_obtained":["MutagenicStrength"]},{"damage_healed":0.0,"max_hp_gain":0.0,"max_hp_loss":0.0,"gold_gain":0.0,"event_name":"N\u0027loth","player_choice":"Traded Relic","floor":22.0,"relics_lost":["energizedSpire:HugeHouse"],"gold_loss":0.0,"damage_taken":0.0,"relics_obtained":["Nloth\u0027s Gift"]}],"is_beta":false,"boss_relics":[{"not_picked":["Runic Dome","halation:SmartPhone"],"picked":"energizedSpire:HugeHouse"},{"not_picked":["hubris:BlackHole","Sandwich"],"picked":"conspire:SlowCooker"}],"items_purged_floors":[],"is_endless":false,"potions_floor_spawned":[1,2,4,10,11,13,16,24,29,31,39,42],"killed_by":"The Heart","ascension_level":0}}