{"host":"grli52lbdph2722t","time":1609162156,"event":{"mods":["AchievementEnabler","BaseMod","Downfall","Minty Spire (QoL Compilation)","Quick Restart","StSLib"],"gold_per_floor":[99,99,99,549,549,594,660,597,594,631,643,666,678,720,745,757,757,757],"floor_reached":16,"playtime":569,"items_purged":[],"score":202,"play_id":"7dabfb64-f637-445b-a51a-c96b77caf87b","local_time":"20201228142916","is_ascension_mode":true,"campfire_choices":[{"floor":1.0,"key":"RECALL"},{"data":"champ:Taunt","floor":8.0,"key":"SMITH"},{"data":"champ:MurderStrike","floor":11,"key":"SMITH"}],"circlet_count":0,"master_deck":["champ:Strike","champ:Strike","champ:Strike","champ:Strike","champ:Defend","champ:Defend","champ:Defend","champ:Defend","champ:Execute","champ:Taunt+1","champ:FocusedGladiator","champ:StanceDance","Slimebound:Icky","Slimebound:Icky","Slimebound:Icky","champ:MurderStrike+1","champ:DefensiveStyle","champ:RisingSlash","champ:BerserkersShout","champ:TornadoPunch","champ:EnGarde"],"relics":["champ:ChampionCrown","downfall:HeartsMalice","MawBank","Eternal Feather","Ancient Tea Set","downfall:HeartBlessingRed","Blood Vial","Bottled Flame"],"acts_visited":["Exordium"],"potions_floor_usage":[10,16,16],"damage_taken":[{"damage":0.0,"enemies":"2 Louse","floor":2.0,"turns":1.0},{"damage":0.0,"enemies":"Small Slimes","floor":3.0,"turns":1.0},{"damage":0.0,"enemies":"Lagavulin","floor":6.0,"turns":1.0},{"damage":8.0,"enemies":"downfall:FleeingMerchant","floor":9.0,"turns":4.0},{"damage":15,"enemies":"3 Sentries","floor":10,"turns":9},{"damage":9,"enemies":"Cultist","floor":12,"turns":4},{"damage":38,"enemies":"Gremlin Nob","floor":14,"turns":5},{"damage":20,"enemies":"2 Fungi Beasts","floor":15,"turns":3},{"damage":46,"enemies":"downfall:Watcher","floor":16,"turns":9}],"seed_played":"-6129408707900788957","potions_obtained":[{"floor":6.0,"key":"Slimebound:ThreeZeroPotion"},{"floor":10,"key":"EssenceOfSteel"},{"floor":15,"key":"LiquidBronze"}],"is_trial":false,"path_per_floor":["R","M","M","?","?","E","T","R","$","E","R","M","?","E","M","B"],"character_chosen":"THE_CHAMP","items_purchased":[],"campfire_rested":0,"item_purchase_floors":[],"current_hp_per_floor":[81,81,81,81,69,69,69,78,78,73,82,80,85,57,44,0,0,0],"gold":757,"neow_bonus":"THREE_ENEMY_KILL","is_daily":false,"chose_seed":false,"campfire_upgraded":2,"win_rate":0.0,"timestamp":1609162156,"path_taken":["R","M","M","?","?","E","T","R","$","E","R","M","?","E","M","BOSS"],"items_purchased_type":[],"build_version":"2020-12-22","purchased_purges":0,"victory":false,"max_hp_per_floor":[90,90,90,90,90,90,90,90,90,90,90,90,95,95,95,95,95,95],"card_choices":[{"not_picked":["champ:SkillfulDodge","champ:FlashCut"],"picked":"champ:FocusedGladiator","floor":2.0},{"not_picked":["champ:BerserkerStyle","champ:GutPunch"],"picked":"champ:StanceDance","floor":3.0},{"not_picked":["champ:GladiatorsShout","champ:Backstep"],"picked":"champ:MurderStrike","floor":6.0},{"not_picked":["champ:AdrenalArmor","champ:EnGarde"],"picked":"champ:DefensiveStyle","floor":9},{"not_picked":["champ:MurderStrike","champ:ShieldSigil"],"picked":"champ:RisingSlash","floor":10},{"not_picked":["champ:Riposte","champ:GladiatorsShout"],"picked":"champ:BerserkersShout","floor":12},{"not_picked":["champ:CrookedStrike","champ:Haymaker"],"picked":"champ:TornadoPunch","floor":14},{"not_picked":["champ:FanOfKnives","champ:StanceDance"],"picked":"champ:EnGarde","floor":15}],"player_experience":4882447,"relics_obtained":[{"floor":6.0,"key":"Eternal Feather"},{"floor":7.0,"key":"Ancient Tea Set"},{"floor":10,"key":"Blood Vial"},{"floor":14,"key":"Bottled Flame"}],"event_choices":[{"damage_healed":0.0,"max_hp_gain":0.0,"max_hp_loss":0.0,"gold_gain":0.0,"event_name":"Scrap Ooze","player_choice":"Success","floor":5.0,"gold_loss":0.0,"damage_taken":12.0,"relics_obtained":["MawBank"]},{"damage_healed":0,"gold_gain":0,"player_choice":"Donut","damage_taken":0,"max_hp_gain":5,"max_hp_loss":0,"event_name":"Big Fish","floor":13,"gold_loss":0}],"is_beta":false,"boss_relics":[],"items_purged_floors":[],"is_endless":false,"potions_floor_spawned":[6,10,15],"killed_by":"downfall:Watcher","ascension_level":9}}