{"host":"cmxkjr0hek4mqvmn","time":1609116032,"event":{"mods":["BaseMod","Beaked The Cultist","Better Match","Better Skull","Better Third Choice","BetterRewards","Clawfect","Colored Map","Displayed Cursed Tome","Duelist Mod","GifTheSpireLib","Hermit","Hubris","JesterMod","Mimic Mod","Minty Spire (QoL Compilation)","Quick Restart","Robot Space Explorer","StSLib","The Bladedancer","The Blue Laboratory","The Cursed","Thieving Mod","Waifu the Spire"],"gold_per_floor":[112,112,112,130,151,185,185,228,253,267,267,291,312,335,335,465,465,490,490,490,490,506,525,548,548,548],"floor_reached":25,"playtime":2673,"items_purged":[],"score":217,"play_id":"07047454-db30-45a8-aaf3-93ff212de43d","local_time":"20201227194032","is_ascension_mode":false,"campfire_choices":[{"data":"hermit:Snapshot","floor":7.0,"key":"SMITH"},{"floor":15,"key":"REST"}],"circlet_count":0,"master_deck":["hermit:Strike_Hermit","hermit:Strike_Hermit","hermit:Strike_Hermit+1","hermit:Strike_Hermit","hermit:Defend_Hermit","hermit:Defend_Hermit","hermit:Defend_Hermit","hermit:Defend_Hermit","hermit:Snapshot+1","hermit:Covet","hermit:CalledShot","hermit:GhostlyPresence","hermit:Headshot+1","hermit:LowProfile","hermit:TrackingShot","hermit:FinalCanter","hermit:Coalescence","hermit:Vantage","hermit:Reprieve","hermit:Maintenance","hermit:BodyArmor+1","hermit:Feint","hermit:Cheat"],"relics":["hermit:Momento","NeowsBlessing","hubris:Towel","Golden Idol","Orichalcum","Akabeko","beaked:SacredDeck","hubris:TenFootPole","Nloth\u0027s Gift"],"acts_visited":["Exordium","TheCity"],"potions_floor_usage":[8,24,25],"damage_taken":[{"damage":0.0,"enemies":"2 Louse","floor":1.0,"turns":1.0},{"damage":0.0,"enemies":"Small Slimes","floor":4.0,"turns":1.0},{"damage":0.0,"enemies":"Cultist","floor":5.0,"turns":1.0},{"damage":14.0,"enemies":"Gremlin Nob","floor":6.0,"turns":3.0},{"damage":7,"enemies":"3 Sentries","floor":8,"turns":9},{"damage":0,"enemies":"Large Slime","floor":10,"turns":4},{"damage":0,"enemies":"2 Fungi Beasts","floor":12,"turns":2},{"damage":6,"enemies":"Exordium Thugs","floor":13,"turns":5},{"damage":4,"enemies":"Looter","floor":14,"turns":3},{"damage":51,"enemies":"Hexaghost","floor":16,"turns":15},{"damage":1,"enemies":"Chosen","floor":18,"turns":6},{"damage":17,"enemies":"Spheric Guardian","floor":22,"turns":4},{"damage":17,"enemies":"Snecko","floor":23,"turns":11},{"damage":30,"enemies":"Snake Plant","floor":24,"turns":8},{"damage":10,"enemies":"Centurion and Healer","floor":25,"turns":6}],"seed_played":"1896500344146611075","potions_obtained":[{"floor":4.0,"key":"LiquidMemories"},{"floor":5.0,"key":"blueLaboratory:FruitPunch"},{"floor":6.0,"key":"blueLaboratory:Moonshine"},{"floor":23,"key":"blueLaboratory:FrostheartPotion"},{"floor":24,"key":"hermit:Eclipse"}],"is_trial":false,"path_per_floor":["M","?","?","M","M","E","R","E","T","M","?","M","M","M","R","B",null,"M","T","?","?","M","M","M","M"],"character_chosen":"HERMIT","items_purchased":[],"campfire_rested":1,"item_purchase_floors":[],"current_hp_per_floor":[75,75,69,69,69,57,57,50,50,50,55,55,49,45,66,15,71,70,70,70,70,53,36,10,0,0],"gold":548,"neow_bonus":"THREE_ENEMY_KILL","is_daily":false,"chose_seed":false,"campfire_upgraded":1,"win_rate":0.0,"timestamp":1609116032,"path_taken":["M","?","?","M","M","E","R","E","T","M","?","M","M","M","R","BOSS","M","?","?","?","M","?","M","M"],"items_purchased_type":[],"build_version":"2020-12-22","purchased_purges":0,"victory":false,"max_hp_per_floor":[75,75,69,69,69,71,71,71,71,71,71,71,71,71,71,71,71,71,71,71,71,71,71,71,71,71],"card_choices":[{"not_picked":["hermit:Feint","hermit:TakeCover"],"picked":"hermit:CalledShot","floor":1.0},{"not_picked":["hermit:Roulette","hermit:WideOpen"],"picked":"hermit:GhostlyPresence","floor":4.0},{"not_picked":["hermit:EyeOfTheStorm","hermit:Brawl"],"picked":"hermit:Headshot","floor":5.0},{"not_picked":["hermit:HoleUp","hermit:Desperado"],"picked":"hermit:LowProfile","floor":6.0},{"not_picked":["hermit:EternalForm","hermit:NoHoldsBarred"],"picked":"hermit:TrackingShot","floor":8},{"not_picked":["hermit:BodyArmor","hermit:Misfire"],"picked":"hermit:Snipe","floor":10},{"not_picked":["hermit:Desperado","hermit:Manifest"],"picked":"hermit:FinalCanter","floor":12},{"not_picked":["hermit:ItchyTrigger","hermit:TakeCover"],"picked":"hermit:Coalescence","floor":13},{"not_picked":["hermit:TrackingShot","hermit:ItchyTrigger"],"picked":"hermit:Vantage","floor":14},{"not_picked":["hermit:OverwhelmingPower","hermit:EternalForm"],"picked":"hermit:Reprieve","floor":16},{"not_picked":["hermit:TakeAim","hermit:Misfire"],"picked":"hermit:BodyArmor+1","floor":18},{"not_picked":["hermit:Shortfuse","hermit:Gestalt+1"],"picked":"hermit:Feint","floor":22},{"not_picked":["hermit:Horror","hermit:LowProfile","hermit:Gambit"],"picked":"SKIP","floor":23},{"not_picked":["hermit:Enervate","hermit:SprayPray"],"picked":"hermit:Cheat","floor":24}],"player_experience":538394,"relics_obtained":[{"floor":6.0,"key":"Whetstone"},{"floor":8,"key":"Orichalcum"},{"floor":9,"key":"Akabeko"},{"floor":19,"key":"hubris:TenFootPole"}],"event_choices":[{"damage_healed":0.0,"max_hp_gain":0.0,"max_hp_loss":6.0,"gold_gain":0.0,"event_name":"Golden Idol","player_choice":"Lose Max HP","floor":3.0,"gold_loss":0.0,"damage_taken":0.0,"relics_obtained":["Golden Idol"]},{"cards_removed":["hermit:Snipe"],"damage_healed":5,"gold_gain":0,"player_choice":"Offered Common","damage_taken":0,"max_hp_gain":0,"max_hp_loss":0,"event_name":"Bonfire Elementals","floor":11,"gold_loss":0},{"cards_removed":["hermit:Snipe"],"damage_healed":5,"gold_gain":0,"player_choice":"Offered Special","damage_taken":0,"max_hp_gain":0,"max_hp_loss":0,"event_name":"Bonfire Elementals","floor":11,"gold_loss":0},{"damage_healed":0,"gold_gain":0,"player_choice":"Ignored","damage_taken":0,"max_hp_gain":0,"max_hp_loss":0,"event_name":"Cursed Tome","floor":20,"gold_loss":0},{"damage_healed":0,"gold_gain":0,"player_choice":"Traded Relic","damage_taken":0,"relics_obtained":["Nloth\u0027s Gift"],"max_hp_gain":0,"max_hp_loss":0,"event_name":"N\u0027loth","floor":21,"relics_lost":["Whetstone"],"gold_loss":0}],"is_beta":false,"boss_relics":[{"not_picked":["Runic Dome","Runic Pyramid"],"picked":"beaked:SacredDeck"}],"items_purged_floors":[],"is_endless":false,"potions_floor_spawned":[4,5,6,13,14,23,24],"killed_by":"Centurion and Healer","ascension_level":0}}