{"host":"k0kjm4m87pwj4phr","time":1609151583,"event":{"mods":["BaseMod","Colored Map","Colored Powertips","Minty Spire (QoL Compilation)","Permanent Neow","Quick Restart","Relic Stats","StSLib","¡¾ÒÅÎï¿¨ÅÆ¡¿REMEMod","óô»ðÖ¸ÄÏ"],"gold_per_floor":[111,111,186,197,217,217,267,267,291,301,301,315,315,315,315],"floor_reached":14,"playtime":392,"items_purged":[],"score":160,"play_id":"84ad0e8f-1087-4c3e-b40d-bf958d44b90d","local_time":"20201228183303","is_ascension_mode":true,"campfire_choices":[{"data":"Uppercut","floor":6,"key":"SMITH"},{"data":"Survivor","floor":8,"key":"SMITH"},{"floor":11,"key":"REST"}],"circlet_count":0,"master_deck":["AscendersBane","Strike_G","Strike_G","Strike_G","Strike_G","Strike_G","Defend_G","Defend_G","Defend_G","Defend_G","Survivor+1","Neutralize","Uppercut+1","Unload","Expertise","Blade Dance"],"relics":["REME_ComplimentaryCards","Snecko Eye","REME_PuzzleBoxRelic"],"acts_visited":["Exordium"],"potions_floor_usage":[],"damage_taken":[{"damage":6,"enemies":"Jaw Worm","floor":1,"turns":3},{"damage":0,"enemies":"Small Slimes","floor":4,"turns":3},{"damage":1,"enemies":"Cultist","floor":5,"turns":4},{"damage":13,"enemies":"Exordium Wildlife","floor":10,"turns":4},{"damage":23,"enemies":"Exordium Thugs","floor":12,"turns":3},{"damage":19,"enemies":"Lagavulin","floor":14,"turns":3}],"seed_played":"2996074841869591464","potions_obtained":[{"floor":4,"key":"Energy Potion"},{"floor":5,"key":"Block Potion"}],"is_trial":false,"path_per_floor":["M","?","?","M","M","R","?","R","T","M","R","M","T","E"],"character_chosen":"THE_SILENT","items_purchased":[],"campfire_rested":1,"item_purchase_floors":[],"current_hp_per_floor":[53,46,35,35,34,34,34,34,34,21,40,17,17,0,0],"gold":315,"neow_bonus":"BOSS_RELIC","is_daily":false,"chose_seed":false,"campfire_upgraded":2,"win_rate":0.0,"timestamp":1609151583,"path_taken":["M","?","?","?","M","R","?","R","T","M","R","?","?","E"],"items_purchased_type":[],"build_version":"2020-12-22","purchased_purges":0,"victory":false,"max_hp_per_floor":[66,66,66,66,66,66,66,66,66,66,66,66,66,66,66],"relic_stats":{"counters":[6,20],"Snecko Eye":[38,28,37,31],"obtain_stats":[{"Snecko Eye":0,"REME_PuzzleBoxRelic":9,"Ring of the Snake":0,"REME_ComplimentaryCards":0},{"Snecko Eye":0,"REME_PuzzleBoxRelic":3,"Ring of the Snake":0,"REME_ComplimentaryCards":0},{"Snecko Eye":0,"REME_PuzzleBoxRelic":10,"Ring of the Snake":0,"REME_ComplimentaryCards":0}]},"card_choices":[{"not_picked":["Poisoned Stab","Cloak And Dagger","Caltrops"],"picked":"SKIP","floor":1},{"not_picked":["Deflect","Underhanded Strike"],"picked":"Unload","floor":4},{"not_picked":["Prepared","Dagger Throw"],"picked":"Expertise","floor":5},{"not_picked":["Crippling Poison","Dagger Spray"],"picked":"Blade Dance","floor":10},{"not_picked":["Deadly Poison","PiercingWail","Cloak And Dagger"],"picked":"SKIP","floor":12}],"player_experience":434325,"relics_obtained":[{"floor":9,"key":"REME_PuzzleBoxRelic"}],"event_choices":[{"cards_removed":["Defend_G"],"damage_healed":0,"gold_gain":0,"player_choice":"Card Removal","damage_taken":7,"max_hp_gain":0,"max_hp_loss":0,"event_name":"Golden Wing","floor":2,"gold_loss":0},{"damage_healed":0,"gold_gain":75,"player_choice":"Gather Gold","damage_taken":11,"max_hp_gain":0,"max_hp_loss":0,"event_name":"World of Goop","floor":3,"gold_loss":0},{"damage_healed":0,"gold_gain":50,"player_choice":"Pray","damage_taken":0,"max_hp_gain":0,"max_hp_loss":0,"event_name":"Golden Shrine","floor":7,"gold_loss":0}],"is_beta":false,"boss_relics":[],"items_purged_floors":[],"is_endless":false,"potions_floor_spawned":[4,5],"killed_by":"Lagavulin","ascension_level":20}}