{"host":"Alvar","time":1609147882,"event":{"mods":["AchievementEnabler","Aspiration","BaseMod","Minty Spire (QoL Compilation)","StSLib"],"gold_per_floor":[114,127,127,147,19,19,52,52,52,81,105,116,116,116,116,190,190,208,208,226,240,256,256,286,286,310,326,352,442,456,456,456],"floor_reached":31,"playtime":1209,"items_purged":["Pain"],"score":720,"play_id":"5c9f4113-96a7-4a83-80d3-d75bd7cbca4a","local_time":"20201228163122","is_ascension_mode":true,"campfire_choices":[{"data":"Bash","floor":6.0,"key":"SMITH"},{"data":"Uppercut","floor":8.0,"key":"SMITH"},{"data":"Bludgeon","floor":13.0,"key":"SMITH"},{"data":"Infernal Blade","floor":15.0,"key":"SMITH"},{"data":"Feed","floor":23.0,"key":"SMITH"},{"data":"Battle Trance","floor":25.0,"key":"SMITH"}],"circlet_count":0,"master_deck":["AscendersBane","Strike_R","Strike_R","Strike_R","Strike_R","Defend_R","Defend_R","Defend_R","Defend_R","Bash+1","Sword Boomerang","Infernal Blade+1","Twin Strike","Uppercut+1","Bludgeon+1","Feed+1","Battle Trance+1","Flame Barrier","Disarm","Writhe","Corruption","True Grit","Battle Trance"],"relics":["Burning Blood","aspiration:Nostalgia","PureWater","WarpedTongs","Mercury Hourglass","Prayer Wheel","Odd Mushroom","Cursed Key","Nloth\u0027s Gift","StrikeDummy","Smiling Mask","Art of War"],"acts_visited":["Exordium","TheCity"],"potions_floor_usage":[30],"damage_taken":[{"damage":7.0,"enemies":"Small Slimes","floor":1.0,"turns":3.0},{"damage":1.0,"enemies":"Cultist","floor":2.0,"turns":3.0},{"damage":6.0,"enemies":"2 Louse","floor":4.0,"turns":3.0},{"damage":27.0,"enemies":"Lagavulin","floor":7.0,"turns":6.0},{"damage":17.0,"enemies":"3 Sentries","floor":10.0,"turns":5.0},{"damage":1.0,"enemies":"The Mushroom Lair","floor":11.0,"turns":3.0},{"damage":6.0,"enemies":"Red Slaver","floor":12.0,"turns":2.0},{"damage":0.0,"enemies":"Slime Boss","floor":16.0,"turns":7.0},{"damage":18.0,"enemies":"2 Thieves","floor":18.0,"turns":5.0},{"damage":4.0,"enemies":"3 Byrds","floor":20.0,"turns":3.0},{"damage":6.0,"enemies":"Centurion and Healer","floor":21.0,"turns":6.0},{"damage":14.0,"enemies":"Cultist and Chosen","floor":22.0,"turns":6.0},{"damage":21.0,"enemies":"Slavers","floor":24.0,"turns":5.0},{"damage":21.0,"enemies":"Snake Plant","floor":27.0,"turns":4.0},{"damage":0,"enemies":"Gremlin Leader","floor":28,"turns":3},{"damage":34,"enemies":"Shelled Parasite and Fungi","floor":30,"turns":4},{"damage":20,"enemies":"Slavers","floor":31,"turns":1}],"seed_played":"-3601297118027752713","potions_obtained":[{"floor":2.0,"key":"ElixirPotion"},{"floor":4.0,"key":"Regen Potion"},{"floor":11.0,"key":"Swift Potion"},{"floor":18.0,"key":"Explosive Potion"},{"floor":21.0,"key":"Energy Potion"},{"floor":22.0,"key":"Strength Potion"}],"is_trial":false,"path_per_floor":["M","M","?","M","$","R","E","R","T","E","?","M","R","?","R","B",null,"M","?","M","M","M","R","E","R","T","M","E","?","M","E"],"character_chosen":"IRONCLAD","items_purchased":["AttackPotion"],"campfire_rested":0,"item_purchase_floors":[5],"current_hp_per_floor":[67,72,72,72,72,72,51,51,51,40,45,45,45,45,45,51,69,60,60,65,68,64,64,49,49,49,34,44,32,16,0,0],"gold":456,"neow_bonus":"NOSTALGIA","is_daily":false,"chose_seed":false,"campfire_upgraded":6,"win_rate":0.0,"timestamp":1609147882,"path_taken":["M","M","?","?","$","R","E","R","T","E","?","M","R","?","R","BOSS","M","?","M","M","M","R","E","R","T","M","E","?","M","E"],"items_purchased_type":["Potion"],"build_version":"2020-12-18","purchased_purges":1,"victory":false,"max_hp_per_floor":[75,75,75,75,75,75,75,75,75,75,75,75,75,75,75,75,75,78,78,81,84,88,88,88,88,88,88,92,92,92,92,92],"card_choices":[{"not_picked":["Warcry","Shrug It Off"],"picked":"Sword Boomerang","floor":1.0},{"not_picked":["True Grit","Ghostly Armor"],"picked":"Infernal Blade","floor":2.0},{"not_picked":["Thunderclap","Feel No Pain"],"picked":"Twin Strike","floor":4.0},{"not_picked":["Shrug It Off","Sword Boomerang"],"picked":"Uppercut","floor":7.0},{"not_picked":["Havoc","Sword Boomerang","Uppercut"],"picked":"SKIP","floor":10.0},{"not_picked":["Shrug It Off","Cleave"],"picked":"Bludgeon","floor":11.0},{"not_picked":["Body Slam","Clothesline","Clash"],"picked":"SKIP","floor":12.0},{"not_picked":["Seeing Red","Sever Soul","Blood for Blood"],"picked":"SKIP","floor":12.0},{"not_picked":["Corruption","Impervious"],"picked":"Feed","floor":16.0},{"not_picked":["Body Slam","Heavy Blade"],"picked":"Battle Trance","floor":18.0},{"not_picked":["Dual Wield","Fire Breathing+1"],"picked":"Flame Barrier","floor":18.0},{"not_picked":["Dark Embrace","Anger+1"],"picked":"Disarm","floor":20.0},{"not_picked":["Searing Blow+1","Headbutt","Armaments"],"picked":"SKIP","floor":20.0},{"not_picked":["Second Wind","Searing Blow","Sentinel"],"picked":"SKIP","floor":21.0},{"not_picked":["Limit Break","Warcry","Thunderclap"],"picked":"SKIP","floor":21.0},{"not_picked":["Iron Wave+1","Bludgeon","Blood for Blood"],"picked":"SKIP","floor":22.0},{"not_picked":["Armaments","Ghostly Armor","Clothesline"],"picked":"SKIP","floor":22.0},{"not_picked":["Juggernaut","Flame Barrier","Heavy Blade"],"picked":"SKIP","floor":24.0},{"not_picked":["Bloodletting","Immolate","Iron Wave+1"],"picked":"SKIP","floor":27},{"not_picked":["Clash","Infernal Blade","Blood for Blood"],"picked":"SKIP","floor":27},{"not_picked":["Anger","Clash"],"picked":"Corruption","floor":28},{"not_picked":["Dual Wield","Armaments"],"picked":"True Grit","floor":30},{"not_picked":["Wild Strike","Second Wind"],"picked":"Battle Trance","floor":30}],"player_experience":747740,"relics_obtained":[{"floor":7.0,"key":"StoneCalendar"},{"floor":9.0,"key":"Mercury Hourglass"},{"floor":10.0,"key":"Prayer Wheel"},{"floor":11.0,"key":"Odd Mushroom"},{"floor":24.0,"key":"StrikeDummy"},{"floor":26.0,"key":"Smiling Mask"},{"floor":28,"key":"Art of War"}],"event_choices":[{"damage_healed":0.0,"max_hp_gain":0.0,"max_hp_loss":0.0,"gold_gain":0.0,"event_name":"Accursed Blacksmith","player_choice":"Rummage","floor":3.0,"gold_loss":0.0,"damage_taken":0.0,"relics_obtained":["WarpedTongs"],"cards_obtained":["Pain"]},{"damage_healed":0.0,"max_hp_gain":0.0,"max_hp_loss":0.0,"gold_gain":0.0,"event_name":"Mushrooms","player_choice":"Fought Mushrooms","floor":11.0,"gold_loss":0.0,"damage_taken":0.0},{"cards_removed":["Strike_R"],"damage_healed":0.0,"max_hp_gain":0.0,"max_hp_loss":0.0,"gold_gain":0.0,"event_name":"Living Wall","player_choice":"Forget","floor":14.0,"gold_loss":0.0,"damage_taken":0.0},{"damage_healed":0.0,"max_hp_gain":0.0,"max_hp_loss":0.0,"gold_gain":0.0,"event_name":"N\u0027loth","player_choice":"Traded Relic","floor":19.0,"relics_lost":["StoneCalendar"],"gold_loss":0.0,"damage_taken":0.0,"relics_obtained":["Nloth\u0027s Gift"]},{"damage_healed":0,"gold_gain":90,"player_choice":"GOLD ","damage_taken":12,"max_hp_gain":0,"max_hp_loss":0,"event_name":"Knowing Skull","floor":29,"potions_obtained":[],"gold_loss":0,"cards_obtained":[]}],"is_beta":true,"boss_relics":[{"not_picked":["Runic Dome","aspiration:RitualDagger"],"picked":"Cursed Key"}],"items_purged_floors":[5],"is_endless":false,"potions_floor_spawned":[2,4,11,18,21,22],"killed_by":"Slavers","ascension_level":20}}