{"host":"gttgmv2wah99hzdm","time":1609114928,"event":{"mods":["AchievementEnabler","BaseMod","Bestiary","Block Reminder","Filter the Spire","Highlight Path","Minty Spire (QoL Compilation)","Permanent Neow","Random Character Button","Relic Stats","StSLib","ojb\u0027s Info Mod"],"gold_per_floor":[109,126,138,156,176,176,206,206],"floor_reached":7,"playtime":369,"items_purged":[],"score":110,"play_id":"dadac771-fe40-4454-b5ac-76591eef5695","local_time":"20201227182208","is_ascension_mode":true,"campfire_choices":[{"floor":6,"key":"REST"}],"circlet_count":0,"master_deck":["AscendersBane","Strike_P","Strike_P","Strike_P","Strike_P","Defend_P","Defend_P","Defend_P","Defend_P","Eruption","Vigilance","Halt","CrushJoints"],"relics":["Busted Crown","Lantern"],"acts_visited":["Exordium"],"potions_floor_usage":[7,7],"damage_taken":[{"damage":2,"enemies":"Small Slimes","floor":1,"turns":5},{"damage":17,"enemies":"Jaw Worm","floor":2,"turns":6},{"damage":0,"enemies":"2 Louse","floor":3,"turns":3},{"damage":16,"enemies":"Exordium Wildlife","floor":4,"turns":3},{"damage":8,"enemies":"2 Fungi Beasts","floor":5,"turns":4},{"damage":20,"enemies":"3 Sentries","floor":7,"turns":7}],"seed_played":"1030464073830996409","potions_obtained":[{"floor":2,"key":"SteroidPotion"},{"floor":5,"key":"Strength Potion"},{"floor":7,"key":"LiquidMemories"}],"is_trial":false,"path_per_floor":["M","M","M","M","M","R","E"],"character_chosen":"WATCHER","items_purchased":[],"campfire_rested":1,"item_purchase_floors":[],"current_hp_per_floor":[59,42,42,26,18,38,18,18],"gold":206,"neow_bonus":"BOSS_RELIC","is_daily":false,"chose_seed":false,"campfire_upgraded":0,"win_rate":0.0,"timestamp":1609114928,"path_taken":["M","M","M","M","M","R","E"],"items_purchased_type":[],"build_version":"2020-12-22","purchased_purges":0,"victory":false,"max_hp_per_floor":[68,68,68,68,68,68,68,68],"relic_stats":{"Busted Crown":12,"counters":[6,28],"obtain_stats":[{"Lantern":7,"Busted Crown":0,"PureWater":0},{"Lantern":6,"Busted Crown":0,"PureWater":0},{"Lantern":28,"Busted Crown":0,"PureWater":0}]},"card_choices":[{"not_picked":[],"picked":"Halt","floor":1},{"not_picked":["Perseverance"],"picked":"SKIP","floor":2},{"not_picked":[],"picked":"CrushJoints","floor":3},{"not_picked":["PathToVictory"],"picked":"SKIP","floor":4},{"not_picked":["PathToVictory"],"picked":"SKIP","floor":5}],"player_experience":1010467,"relics_obtained":[{"floor":7,"key":"Lantern"}],"event_choices":[],"is_beta":false,"boss_relics":[],"items_purged_floors":[],"is_endless":false,"potions_floor_spawned":[2,5,7],"killed_by":"3 Sentries","ascension_level":20}}