{"host":"fmwbmnqnrup981we","time":1609151018,"event":{"mods":["AchievementEnabler","Act Like it!","BaseMod","Better Match","Better Note","Better Skull","Better Synergies","Better Third Choice","Better Vampires","Block Reminder","Curses Come First","Downfall","Duelist Mod","Elementarium","GungeonMod","HexUI Lib","HornydragonMod","Marked Mod","Minty Spire (QoL Compilation)","Pikachu Mod","Quick Restart","Relic Stats","SIMod","StSLib","The Bug Knight","The Death Knight","The Forsaken","The Marked","The Necromancer","The Runesmith","The Servant 0.9.4","The Wild Card","TheHero","TheVacant","TheVelvet","Transform Curses","Waifu the Spire","Yuri Mod","everything is the same but u backflip on backflip"],"gold_per_floor":[116,116,140,140,160,193,193,214,240,240,240],"floor_reached":10,"playtime":352,"items_purged":[],"score":71,"play_id":"ffa70999-b070-4914-8258-522923632e92","local_time":"20201228102338","is_ascension_mode":true,"campfire_choices":[],"circlet_count":0,"master_deck":["Strike_G","Strike_G","Strike_G","Strike_G","Defend_G","Defend_G","Defend_G","Defend_G","Defend_G","Survivor","Neutralize","Slice","Injury","Endless Agony","Cloak And Dagger","Calculated Gamble","Noxious Fumes"],"relics":["Ring of the Snake","Golden Idol","Pyrelight","Runesmith:AutoHammer"],"acts_visited":["Exordium"],"potions_floor_usage":[6,10],"damage_taken":[{"damage":0,"enemies":"2 Louse","floor":1,"turns":2},{"damage":0,"enemies":"Small Slimes","floor":3,"turns":5},{"damage":0,"enemies":"Jaw Worm","floor":5,"turns":4},{"damage":43,"enemies":"Gremlin Nob","floor":6,"turns":5},{"damage":0,"enemies":"Lots of Slimes","floor":8,"turns":5},{"damage":38,"enemies":"Lagavulin","floor":10,"turns":6}],"seed_played":"-5465777221948057650","potions_obtained":[{"floor":3,"key":"Explosive Potion"},{"floor":5,"key":"Fire Potion"},{"floor":8,"key":"sneckomod:MuddlingPotion"}],"is_trial":false,"path_per_floor":["M","?","M","?","M","E","?","M","T","E"],"character_chosen":"THE_SILENT","items_purchased":[],"campfire_rested":0,"item_purchase_floors":[],"current_hp_per_floor":[70,70,70,70,70,27,27,27,27,0,0],"gold":240,"neow_bonus":"REMOVE_CARD","is_daily":false,"chose_seed":false,"campfire_upgraded":0,"win_rate":0.0,"timestamp":1609151018,"path_taken":["M","?","M","?","M","E","?","M","T","E"],"items_purchased_type":[],"build_version":"2020-12-22","purchased_purges":0,"victory":false,"max_hp_per_floor":[70,70,70,70,70,70,70,70,70,70,70],"relic_stats":{"counters":[6,27],"Golden Idol":20,"obtain_stats":[{"Golden Idol":2,"DemoMod:GlassGuonStoneRelic":3,"Pyrelight":4,"Runesmith:AutoHammer":6,"Ring of the Snake":0},{"Golden Idol":1,"DemoMod:GlassGuonStoneRelic":2,"Pyrelight":2,"Runesmith:AutoHammer":4,"Ring of the Snake":0},{"Golden Idol":2,"DemoMod:GlassGuonStoneRelic":7,"Pyrelight":7,"Runesmith:AutoHammer":16,"Ring of the Snake":0}],"Ring of the Snake":[12]},"card_choices":[{"not_picked":["Leg Sweep","Dagger Spray"],"picked":"Slice","floor":1},{"not_picked":["Finisher","Skewer"],"picked":"Endless Agony","floor":3},{"not_picked":["Finisher","Prepared"],"picked":"Cloak And Dagger","floor":5},{"not_picked":["Flying Knee","Choke"],"picked":"Calculated Gamble","floor":6},{"not_picked":["Flechettes","Quick Slash"],"picked":"Noxious Fumes","floor":8}],"player_experience":407764,"relics_obtained":[{"floor":6,"key":"Runesmith:AutoHammer"}],"event_choices":[{"damage_healed":0,"gold_gain":0,"player_choice":"Take Wound","damage_taken":0,"relics_obtained":["Golden Idol"],"max_hp_gain":0,"max_hp_loss":0,"event_name":"Golden Idol","floor":2,"gold_loss":0,"cards_obtained":["Injury"]}],"is_beta":false,"boss_relics":[],"items_purged_floors":[],"is_endless":false,"potions_floor_spawned":[3,5,8],"killed_by":"Lagavulin","ascension_level":1}}