{"host":"0cnf9zf1gia27zti","time":1609157470,"event":{"mods":["BaseMod","BetterRewards","Card Forge","Colored Map","Colored Powertips","Conspire","Downfall","Minty Spire (QoL Compilation)","Practice Mode","Quick Restart","Replay The Spire","Robot Space Explorer","Shade Mod","Spicy Shops","StSLib"],"gold_per_floor":[110,110,128,138,77,105,105,105,105,105,105],"floor_reached":10,"playtime":418,"items_purged":[],"score":129,"play_id":"c7677786-02d0-4af3-a443-d5ea8540b4ea","local_time":"20201228121110","is_ascension_mode":true,"campfire_choices":[],"circlet_count":0,"master_deck":["AscendersBane","Strike_B","Strike_B","Strike_B","Strike_B","Defend_B","Defend_B","Defend_B","Defend_B","Zap","Dualcast","Melter","Scrape","Scrape","Gash","Reprogram","Go for the Eyes","Self Repair+1","Beam Cell"],"relics":["Cracked Core","Hammer of Thor","Seething Fire","Anvil of the Gods","Ice Cream","Singing Bowl","Kunai","Omamori","InkBottle","Darkstone Periapt","Toy Ornithopter"],"acts_visited":["Exordium"],"potions_floor_usage":[6,10],"damage_taken":[{"damage":0,"enemies":"Small Slimes","floor":1,"turns":2},{"damage":7,"enemies":"2 Louse","floor":3,"turns":3},{"damage":6,"enemies":"Jaw Worm","floor":4,"turns":3},{"damage":9,"enemies":"Lagavulin","floor":6,"turns":6},{"damage":48,"enemies":"3 Sentries","floor":10,"turns":6}],"seed_played":"-1335106799909283520","potions_obtained":[{"floor":3,"key":"Dexterity Potion"},{"floor":6,"key":"SteroidPotion"}],"is_trial":false,"path_per_floor":["M","?","M","M","$","E","?","?","T","E"],"character_chosen":"DEFECT","items_purchased":["Ice Cream","Singing Bowl","Melter","Kunai","Omamori","Scrape","Self Repair+1"],"campfire_rested":0,"item_purchase_floors":[0,0,0,0,0,0,5],"current_hp_per_floor":[64,29,24,18,18,19,19,43,43,0,0],"gold":105,"neow_bonus":"","is_daily":false,"chose_seed":false,"campfire_upgraded":0,"win_rate":0.0,"timestamp":1609157470,"path_taken":["M","?","M","M","$","E","?","?","T","E"],"items_purchased_type":["Relic","Relic","Card","Relic","Relic","Card","Card"],"build_version":"2020-12-22","purchased_purges":0,"victory":false,"max_hp_per_floor":[71,71,73,73,73,73,73,73,73,73,73],"card_choices":[{"not_picked":["ReplayTheSpireMod:Calculation Training","Barrage"],"picked":"Reprogram","floor":1},{"not_picked":["Stack","Turbo","Streamline"],"picked":"Singing Bowl","floor":3},{"not_picked":["Cold Snap","Hologram"],"picked":"Go for the Eyes","floor":4},{"not_picked":["Streamline","Core Surge"],"picked":"Beam Cell","floor":6}],"player_experience":2655385,"relics_obtained":[{"floor":6,"key":"Darkstone Periapt"},{"floor":9,"key":"Toy Ornithopter"}],"event_choices":[{"damage_healed":0,"gold_gain":0,"player_choice":"Success","damage_taken":35,"relics_obtained":["InkBottle"],"max_hp_gain":0,"max_hp_loss":0,"event_name":"Scrap Ooze","floor":2,"gold_loss":0},{"damage_healed":24,"gold_gain":0,"player_choice":"Banana","damage_taken":0,"max_hp_gain":0,"max_hp_loss":0,"event_name":"Big Fish","floor":8,"gold_loss":0}],"is_beta":false,"boss_relics":[],"items_purged_floors":[],"is_endless":false,"potions_floor_spawned":[3,6],"killed_by":"3 Sentries","ascension_level":19}}