{"host":"56ghxnzsglgdq727","time":1609137004,"event":{"mods":["AchievementEnabler","BaseMod","Minty Spire (QoL Compilation)"],"gold_per_floor":[118,118,43,43,43,72,72,100,127,27,27,27,27,58,58,159,159,174,99,116,116,116,116,128,128,128,3,3,3,3],"floor_reached":29,"playtime":673,"items_purged":["Regret","Strike_R","Decay"],"score":245,"play_id":"06fc8bde-39ff-4687-b20a-02e5b52fc0d4","local_time":"20201228013004","is_ascension_mode":true,"campfire_choices":[{"floor":7,"key":"REST"},{"floor":11,"key":"REST"},{"floor":13,"key":"REST"},{"data":"Blood for Blood","floor":15,"key":"SMITH"},{"data":"RitualDagger","floor":23,"key":"SMITH"}],"circlet_count":0,"master_deck":["Strike_R","Strike_R+1","Defend_R+1","Defend_R","Bash","Limit Break+1","Dropkick","Dropkick","Blood for Blood+1","Feed","Inflame+1","Demon Form+1","Metallicize+1","RitualDagger+1","Decay","Heavy Blade+1","Whirlwind","Seeing Red"],"relics":["Burning Blood","TungstenRod","StoneCalendar","Lantern","Bag of Preparation","Oddly Smooth Stone","Astrolabe","Bottled Tornado"],"acts_visited":["Exordium","TheCity"],"potions_floor_usage":[8,14,18,24],"damage_taken":[{"damage":11,"enemies":"Jaw Worm","floor":1,"turns":2},{"damage":46,"enemies":"3 Sentries","floor":6,"turns":11},{"damage":25,"enemies":"Gremlin Nob","floor":8,"turns":4},{"damage":30,"enemies":"3 Sentries","floor":14,"turns":7},{"damage":45,"enemies":"The Guardian","floor":16,"turns":9},{"damage":19,"enemies":"Shell Parasite","floor":18,"turns":4},{"damage":23,"enemies":"2 Thieves","floor":20,"turns":3},{"damage":40,"enemies":"Sentry and Sphere","floor":24,"turns":7},{"damage":14,"enemies":"Snake Plant","floor":29,"turns":2}],"seed_played":"-8077659804926829028","potions_obtained":[{"floor":6,"key":"Swift Potion"},{"floor":14,"key":"Fruit Juice"},{"floor":16,"key":"FearPotion"},{"floor":18,"key":"Ancient Potion"},{"floor":20,"key":"Energy Potion"}],"is_trial":false,"path_per_floor":["M","?","$","?","?","E","R","E","T","$","R","?","R","E","R","B",null,"M","?","M","?","?","R","M","?","T","$","?","M"],"character_chosen":"IRONCLAD","items_purchased":[],"campfire_rested":3,"item_purchase_floors":[],"current_hp_per_floor":[75,75,75,60,60,20,44,25,25,25,49,49,73,54,54,15,85,72,72,58,53,53,53,22,22,22,22,22,8,8],"gold":3,"neow_bonus":"ONE_RANDOM_RARE_CARD","is_daily":false,"chose_seed":false,"campfire_upgraded":2,"win_rate":0.0,"timestamp":1609137004,"path_taken":["M","?","$","?","?","E","R","E","T","?","R","?","R","E","R","BOSS","M","?","M","?","?","R","?","?","T","$","?","M"],"items_purchased_type":[],"build_version":"2020-12-22","purchased_purges":3,"victory":false,"max_hp_per_floor":[80,80,80,80,80,80,80,80,80,80,80,80,80,85,85,85,85,85,85,88,88,88,88,91,91,91,91,91,91,91],"card_choices":[{"not_picked":["Perfected Strike","Shockwave"],"picked":"Dropkick","floor":1},{"not_picked":["Entrench","Iron Wave"],"picked":"Dropkick","floor":6},{"not_picked":["Cleave","Shrug It Off"],"picked":"Blood for Blood","floor":8},{"not_picked":["Burning Pact","Wild Strike"],"picked":"Intimidate","floor":14},{"not_picked":["Offering","Berserk"],"picked":"Feed","floor":16},{"not_picked":["Warcry","Dark Embrace"],"picked":"Metallicize+1","floor":18},{"not_picked":["Clothesline+1","Thunderclap","Flex"],"picked":"SKIP","floor":20},{"not_picked":["Clothesline","Cleave"],"picked":"Heavy Blade+1","floor":24}],"player_experience":34008,"relics_obtained":[{"floor":6,"key":"StoneCalendar"},{"floor":8,"key":"Lantern"},{"floor":9,"key":"Bag of Preparation"},{"floor":14,"key":"Oddly Smooth Stone"},{"floor":26,"key":"Bottled Tornado"}],"event_choices":[{"damage_healed":0,"gold_gain":0,"player_choice":"Box","damage_taken":0,"relics_obtained":["TungstenRod"],"max_hp_gain":0,"max_hp_loss":0,"event_name":"Big Fish","floor":2,"gold_loss":0,"cards_obtained":["Regret"]},{"damage_healed":0,"gold_gain":0,"player_choice":"Entered Light","damage_taken":16,"max_hp_gain":0,"max_hp_loss":0,"event_name":"Shining Light","floor":4,"gold_loss":0,"cards_upgraded":["Strike_R","Defend_R"]},{"damage_healed":0,"gold_gain":0,"player_choice":"Grow","damage_taken":0,"max_hp_gain":0,"max_hp_loss":0,"event_name":"Living Wall","floor":5,"gold_loss":0,"cards_upgraded":["Limit Break"]},{"damage_healed":0,"gold_gain":0,"player_choice":"Ignored","damage_taken":0,"max_hp_gain":0,"max_hp_loss":0,"event_name":"Liars Game","floor":12,"gold_loss":0},{"cards_removed":["Rage"],"damage_healed":0,"gold_gain":0,"player_choice":"Gave Gold","damage_taken":0,"max_hp_gain":0,"max_hp_loss":0,"event_name":"Beggar","floor":19,"gold_loss":75},{"damage_healed":0,"gold_gain":0,"player_choice":"Joined the Cult","damage_taken":6,"max_hp_gain":0,"max_hp_loss":0,"event_name":"Nest","floor":21,"gold_loss":0,"cards_obtained":["RitualDagger"]},{"damage_healed":0,"gold_gain":0,"player_choice":"Cursed","damage_taken":0,"max_hp_gain":0,"max_hp_loss":0,"event_name":"Wheel of Change","floor":22,"gold_loss":0,"cards_obtained":["Decay"]},{"damage_healed":0,"gold_gain":0,"player_choice":"Smashed Altar","damage_taken":0,"max_hp_gain":0,"max_hp_loss":0,"event_name":"Forgotten Altar","floor":25,"gold_loss":0,"cards_obtained":["Decay"]},{"damage_healed":0,"gold_gain":0,"cards_transformed":["Strike_R","Defend_R"],"player_choice":"Became Test Subject","damage_taken":0,"max_hp_gain":0,"max_hp_loss":0,"event_name":"Drug Dealer","floor":28,"gold_loss":0,"cards_obtained":["Whirlwind","Seeing Red"]}],"is_beta":false,"boss_relics":[{"not_picked":["Velvet Choker","Pandora\u0027s Box"],"picked":"Astrolabe"}],"items_purged_floors":[3,10,27],"is_endless":false,"potions_floor_spawned":[6,14,16,18,20],"killed_by":"Snake Plant","ascension_level":1}}