{"host":"sav7uxregyirlf69","time":1609156915,"event":{"mods":["AchievementEnabler","BaseMod","Colored Map","DeckTracker","Keyboard Shortcuts","Minty Spire (QoL Compilation)","READ ME - Guardian Mod","StSLib","SuperFastMode"],"gold_per_floor":[134,199,199,124,124,124,164,219,219,219,244,164,269,309,309,459,459,474,509,544,204,204,204,269,324,324,389,444,444,499,539,539,664,664,704,744,184,259,309,309,309,309,334,389,429,484,207,247,247,297],"floor_reached":51,"playtime":1164,"items_purged":["Strike_P","Defend_P","Mind Blast+1","Defend_P","Strike_P"],"score":1248,"play_id":"6a1541f9-69db-4ecf-bba1-5e0fbb4c6289","local_time":"20201228210155","daily_mods":["Allstar","Colorless Cards","Night Terrors"],"is_ascension_mode":false,"campfire_choices":[{"data":"Apotheosis","floor":6,"key":"SMITH"},{"data":"Eruption","floor":15,"key":"SMITH"},{"floor":23,"key":"REST"},{"floor":29,"key":"REST"},{"data":"Scrawl","floor":32,"key":"SMITH"},{"data":"MentalFortress","floor":40,"key":"SMITH"},{"data":"EmptyMind","floor":42,"key":"SMITH"},{"data":"ConjureBlade","floor":49,"key":"SMITH"}],"circlet_count":0,"master_deck":["Strike_P+1","Defend_P+1","Eruption+1","Vigilance+1","Dark Shackles","HandOfGreed","Apotheosis+1","TalkToTheHand","CrushJoints+1","EmptyMind+1","DeusExMachina","Purity+1","Consecrate+1","MentalFortress+1","Panacea+1","Scrawl+1","ConjureBlade+1","InnerPeace"],"relics":["PureWater","Pear","The Courier","Dream Catcher","Potion Belt","Astrolabe","Lantern","Vajra","Gremlin Horn","Bottled Lightning","Bag of Marbles","Anchor","Coffee Dripper","Happy Flower","InkBottle","Bag of Preparation","FossilizedHelix","Torii","Mercury Hourglass","Smiling Mask","Whetstone","MealTicket"],"acts_visited":["Exordium","TheCity","TheBeyond"],"potions_floor_usage":[20,24,24,38,39,44,50,50,50],"damage_taken":[{"damage":0,"enemies":"Small Slimes","floor":1,"turns":4},{"damage":0,"enemies":"2 Louse","floor":2,"turns":6},{"damage":0,"enemies":"Jaw Worm","floor":7,"turns":3},{"damage":0,"enemies":"Gremlin Nob","floor":8,"turns":3},{"damage":2,"enemies":"3 Sentries","floor":13,"turns":7},{"damage":0,"enemies":"Exordium Wildlife","floor":14,"turns":3},{"damage":0,"enemies":"Slime Boss","floor":16,"turns":6},{"damage":13,"enemies":"2 Thieves","floor":18,"turns":4},{"damage":7,"enemies":"Shell Parasite","floor":19,"turns":2},{"damage":4,"enemies":"Shelled Parasite and Fungi","floor":20,"turns":2},{"damage":10,"enemies":"3 Cultists","floor":24,"turns":6},{"damage":23,"enemies":"Book of Stabbing","floor":25,"turns":4},{"damage":20,"enemies":"Centurion and Healer","floor":27,"turns":4},{"damage":0,"enemies":"Gremlin Leader","floor":28,"turns":3},{"damage":0,"enemies":"Book of Stabbing","floor":30,"turns":2},{"damage":0,"enemies":"Snake Plant","floor":31,"turns":2},{"damage":0,"enemies":"Collector","floor":33,"turns":4},{"damage":0,"enemies":"3 Shapes","floor":35,"turns":2},{"damage":0,"enemies":"3 Darklings","floor":36,"turns":1},{"damage":0,"enemies":"Mind Bloom Boss Battle","floor":38,"turns":3},{"damage":0,"enemies":"2 Orb Walkers","floor":39,"turns":2},{"damage":0,"enemies":"Giant Head","floor":44,"turns":4},{"damage":0,"enemies":"Maw","floor":45,"turns":2},{"damage":0,"enemies":"Nemesis","floor":46,"turns":1},{"damage":0,"enemies":"Spire Growth","floor":48,"turns":2},{"damage":0,"enemies":"Awakened One","floor":50,"turns":6}],"seed_played":"3313543068594885719","potions_obtained":[{"floor":13,"key":"Explosive Potion"},{"floor":14,"key":"AttackPotion"},{"floor":16,"key":"ColorlessPotion"},{"floor":19,"key":"Dexterity Potion"},{"floor":20,"key":"LiquidMemories"},{"floor":24,"key":"EssenceOfSteel"},{"floor":30,"key":"SpeedPotion"},{"floor":38,"key":"StancePotion"},{"floor":45,"key":"BlessingOfTheForge"},{"floor":46,"key":"StancePotion"},{"floor":48,"key":"Dexterity Potion"}],"is_trial":false,"path_per_floor":["M","M","?","$","?","R","M","E","T","?","T","$","E","M","R","B",null,"M","M","M","$","?","R","M","E","T","M","E","R","E","M","R","B",null,"M","M","$","?","?","R","T","R","T","E","M","E","$","M","R","B",null],"character_chosen":"WATCHER","items_purchased":["Lantern","Vajra","Happy Flower","InkBottle","Bag of Preparation","Strength Potion","ConjureBlade","InnerPeace"],"campfire_rested":2,"item_purchase_floors":[21,21,37,37,37,47,47,47],"current_hp_per_floor":[72,72,72,72,72,72,72,82,82,66,66,66,64,64,64,64,82,69,62,58,58,58,77,67,44,44,24,24,72,72,72,72,72,72,72,72,72,72,72,72,72,72,72,72,72,72,72,72,72,72],"gold":297,"neow_bonus":"","is_daily":true,"chose_seed":false,"campfire_upgraded":6,"win_rate":0.0,"timestamp":1609156915,"path_taken":["M","M","?","$","?","R","?","E","T","?","?","$","E","M","R","BOSS","M","M","M","$","?","R","M","E","T","M","E","R","E","M","R","BOSS","M","M","$","?","?","R","?","R","T","E","M","E","$","M","R","BOSS"],"items_purchased_type":["Relic","Relic","Relic","Relic","Relic","Potion","Card","Card"],"build_version":"2020-12-22","purchased_purges":5,"victory":true,"max_hp_per_floor":[72,72,72,72,72,72,72,82,82,82,82,82,82,82,82,82,82,82,82,82,82,82,77,77,77,77,77,77,72,72,72,72,72,72,72,72,72,72,72,72,72,72,72,72,72,72,72,72,72,72],"card_choices":[{"not_picked":["FlurryOfBlows","Prostrate"],"picked":"TalkToTheHand","floor":1},{"not_picked":["TalkToTheHand","Protect","ThirdEye"],"picked":"SKIP","floor":2},{"not_picked":["EmptyBody","Perseverance","ForeignInfluence"],"picked":"SKIP","floor":7},{"not_picked":["EmptyFist","Blind"],"picked":"CrushJoints","floor":8},{"not_picked":["JustLucky","Mayhem","Sanctity"],"picked":"SKIP","floor":13},{"not_picked":["CutThroughFate","Prostrate"],"picked":"EmptyMind","floor":14},{"not_picked":["LessonLearned","HandOfGreed"],"picked":"DeusExMachina","floor":16},{"not_picked":["ThirdEye+1","Impatience","EmptyBody"],"picked":"SKIP","floor":18},{"not_picked":["FollowUp","JustLucky"],"picked":"MentalFortress","floor":19},{"not_picked":["EmptyBody","Pray","Establishment"],"picked":"SKIP","floor":20},{"not_picked":["FlurryOfBlows","CrushJoints"],"picked":"Panacea+1","floor":23},{"not_picked":["FlyingSleeves","PathToVictory","Prostrate"],"picked":"SKIP","floor":24},{"not_picked":["Dramatic Entrance","HandOfGreed"],"picked":"Scrawl","floor":25},{"not_picked":["Deep Breath","Prostrate","FollowUp"],"picked":"SKIP","floor":27},{"not_picked":["Purity","ThirdEye+1","Evaluate"],"picked":"SKIP","floor":28},{"not_picked":["EmptyFist+1","ThirdEye","Violence"],"picked":"SKIP","floor":30},{"not_picked":["ClearTheMind","BowlingBash","Crescendo"],"picked":"SKIP","floor":31},{"not_picked":["SashWhip","EmptyBody+1","SignatureMove+1"],"picked":"SKIP","floor":35},{"not_picked":["Pray+1","Perseverance+1","Wireheading+1"],"picked":"SKIP","floor":36},{"not_picked":["Madness","Protect+1","Mind Blast"],"picked":"SKIP","floor":44},{"not_picked":["Judgement","Halt+1","PathToVictory+1"],"picked":"SKIP","floor":45},{"not_picked":["SpiritShield","Panacea","Wireheading+1"],"picked":"SKIP","floor":46},{"not_picked":["Consecrate","EmptyFist+1","FollowUp+1"],"picked":"SKIP","floor":48}],"player_experience":1031722,"relics_obtained":[{"floor":8,"key":"Pear"},{"floor":9,"key":"The Courier"},{"floor":11,"key":"Dream Catcher"},{"floor":13,"key":"Potion Belt"},{"floor":25,"key":"Gremlin Horn"},{"floor":26,"key":"Bottled Lightning"},{"floor":28,"key":"Bag of Marbles"},{"floor":30,"key":"Anchor"},{"floor":38,"key":"FossilizedHelix"},{"floor":39,"key":"Torii"},{"floor":41,"key":"Mercury Hourglass"},{"floor":43,"key":"Smiling Mask"},{"floor":44,"key":"Whetstone"},{"floor":46,"key":"MealTicket"}],"event_choices":[{"cards_removed":["Chrysalis"],"damage_healed":0,"gold_gain":0,"player_choice":"Forget","damage_taken":0,"max_hp_gain":0,"max_hp_loss":0,"event_name":"Living Wall","floor":3,"gold_loss":0},{"damage_healed":0,"gold_gain":0,"player_choice":"Ignored","damage_taken":0,"max_hp_gain":0,"max_hp_loss":0,"event_name":"Liars Game","floor":5,"gold_loss":0},{"damage_healed":0,"gold_gain":0,"player_choice":"Entered Light","damage_taken":16,"max_hp_gain":0,"max_hp_loss":0,"event_name":"Shining Light","floor":10,"gold_loss":0,"cards_upgraded":["Vigilance","Defend_P"]},{"damage_healed":0,"gold_gain":0,"player_choice":"Ignored","damage_taken":0,"max_hp_gain":0,"max_hp_loss":0,"event_name":"Ghosts","floor":22,"gold_loss":0},{"damage_healed":0,"gold_gain":0,"player_choice":"Fight","damage_taken":0,"max_hp_gain":0,"max_hp_loss":0,"event_name":"MindBloom","floor":38,"gold_loss":0},{"damage_healed":0,"gold_gain":0,"player_choice":"Fight","damage_taken":0,"max_hp_gain":0,"max_hp_loss":0,"event_name":"Mysterious Sphere","floor":39,"gold_loss":0}],"is_beta":false,"boss_relics":[{"not_picked":["SlaversCollar","Snecko Eye"],"picked":"Astrolabe"},{"not_picked":["Sozu","Cursed Key"],"picked":"Coffee Dripper"}],"items_purged_floors":[4,12,21,37,47],"is_endless":false,"potions_floor_spawned":[13,14,16,19,20,24,30,38,45,46,48],"ascension_level":0}}