{"host":"4lebci84u2l5u89t","time":1609135167,"event":{"mods":["AchievementEnabler","Aspiration","Bard","BaseMod","Beaked The Cultist","Better Altar","Better Match","Better Note","Better Sensory Stone","Better Skull","Better Third Choice","BetterRewards","CCEM","Colored Map","Conspire","GifTheSpireLib","Googly Eyes","Halation","Hermit","Highlight Path","Hubris","Jedi Mod","Jorbs\u0027s Wanderer Trilogy","Lobotomy","LobotomyExtend","Mad Scientist","Marisa????????","Mimic Mod","Minty Spire (QoL Compilation)","Permanent Neow","Replay The Spire","Shade Mod","Spicy Shops","StSLib","Stuff the Spire","The Administrix","The Mystic","Unceasing Turn Reminder"],"gold_per_floor":[119,136,149,149,159,159,171,171,171],"floor_reached":8,"playtime":294,"items_purged":[],"score":50,"play_id":"abb35bc7-fdb7-429d-a763-2e5a035bd6e0","local_time":"20201228065927","is_ascension_mode":false,"campfire_choices":[],"circlet_count":0,"master_deck":["SpecialBullet","SpecialBullet","SpecialBullet","SpecialBullet","SpecialBullet","SpecialBullet","SpecialBullet","SpecialBullet","InformationCode","CentralCode","ExtractionCode","FourthMatchFlame","FourthMatchFlame","DisciplinaryCode","Harmony","Decay","Regret_ego","NothingThere","ShedSkin"],"relics":["CogitoBucket","NeowsBlessing","LetterFromLob"],"acts_visited":["Exordium"],"potions_floor_usage":[],"damage_taken":[{"damage":0,"enemies":"2 Louse","floor":1,"turns":1},{"damage":0,"enemies":"Cultist","floor":2,"turns":1},{"damage":0,"enemies":"Small Slimes","floor":3,"turns":1},{"damage":14,"enemies":"Looter","floor":5,"turns":3},{"damage":19,"enemies":"Exordium Thugs","floor":7,"turns":3},{"damage":46,"enemies":"Gremlin Nob","floor":8,"turns":3}],"seed_played":"1661181997036019264","potions_obtained":[{"floor":1,"key":"jedi:tentaclejuice"},{"floor":3,"key":"Toxic Potion"}],"is_trial":false,"path_per_floor":["M","M","M","?","M","R","M","E"],"character_chosen":"Angela","items_purchased":[],"campfire_rested":0,"item_purchase_floors":[],"current_hp_per_floor":[70,70,70,70,56,56,37,0,0],"gold":171,"neow_bonus":"THREE_ENEMY_KILL","is_daily":false,"chose_seed":false,"campfire_upgraded":0,"win_rate":0.0,"timestamp":1609135167,"path_taken":["M","M","M","?","M","R","M","E"],"items_purchased_type":[],"build_version":"2020-12-22","purchased_purges":0,"victory":false,"max_hp_per_floor":[70,70,70,70,70,70,70,70,70],"card_choices":[{"not_picked":["LifeForTheDareDevil"],"picked":"FourthMatchFlame","floor":1},{"not_picked":["Soda"],"picked":"FourthMatchFlame","floor":2},{"not_picked":["Hornet"],"picked":"Harmony","floor":3},{"not_picked":["Beak","Noise"],"picked":"SKIP","floor":5},{"not_picked":["SomewhereSpear","Harmony"],"picked":"SKIP","floor":5},{"not_picked":["CrimsonScar"],"picked":"Regret_ego","floor":7},{"not_picked":["Scorched","WhiteNight"],"picked":"NothingThere","floor":7},{"not_picked":["BlueScar"],"picked":"ShedSkin","floor":7}],"player_experience":255246,"relics_obtained":[{"floor":1,"key":"LetterFromLob"}],"event_choices":[{"damage_healed":0,"gold_gain":0,"player_choice":"Cursed","damage_taken":0,"max_hp_gain":0,"max_hp_loss":0,"event_name":"Wheel of Change","floor":4,"gold_loss":0,"cards_obtained":["Decay"]}],"is_beta":false,"boss_relics":[],"items_purged_floors":[],"is_endless":false,"potions_floor_spawned":[1,3],"killed_by":"Gremlin Nob","ascension_level":0}}