{"host":"kq2g769nefmuyn7c","time":1609164385,"event":{"mods":["Act Like it!","BaseMod","Gensokyo","Marisa£®ÏF”Í°°ƒß¿Ì…≥£©","Minty Spire (QoL Compilation)","Reimu£®≤©¿ˆ¡È√Œ£©","Replay The Spire","StSLib"],"gold_per_floor":[112,212,223,29,45,45,71,71,71,97,97,122,137,137,137,234,234,251,301,313,1,13,59,0,12,12],"floor_reached":25,"playtime":1914,"items_purged":[],"score":354,"play_id":"9dc43afc-0812-4d8c-80d1-0e844eca43fe","local_time":"20201228220625","is_ascension_mode":true,"campfire_choices":[{"data":"MagicChant","floor":6.0,"key":"SMITH"},{"data":"IllusionStar","floor":8.0,"key":"SMITH"},{"data":"UpSweep","floor":11.0,"key":"SMITH"},{"data":"SuperPerseids","floor":15.0,"key":"SMITH"},{"data":"TreasureHunter","floor":15.0,"key":"SMITH"}],"circlet_count":0,"master_deck":["Strike_MRS","Strike_MRS","Strike_MRS","Strike_MRS","Defend_MRS","Defend_MRS","Defend_MRS","Defend_MRS","MasterSpark","UpSweep+1","Hallucinations","IllusionStar+1","MagicAbsorber","OneTimeOff+1","MagicChant+1","WitchLeyline+1","SuperPerseids+1","TreasureHunter+1","Clumsy","UltimateShortwave","BlazeAway+1","Parasite","Parasite","Occultation","Amnesia"],"relics":["BewitchedHakkero","Medical Kit","Kunai","Strawberry","Replay:Arrowhead","Gensokyo:NagashiBinaDoll","Cursed Key","ReplayTheSpireMod:Ring of Exchange","Ring of Greed","Smiling Mask","MawBank","Black Star","ShroomBag","Blue Doll","Frozen Eye"],"acts_visited":["Gensokyo:Gensokyo","Gensokyo:Gensokyoer"],"potions_floor_usage":[23],"damage_taken":[{"damage":7.0,"enemies":"Gensokyo:Python","floor":1.0,"turns":3.0},{"damage":9.0,"enemies":"Gensokyo:Gryphon","floor":3.0,"turns":3.0},{"damage":0.0,"enemies":"Gensokyo:2_Kodama","floor":5.0,"turns":6.0},{"damage":7.0,"enemies":"Gensokyo:Cirno","floor":7.0,"turns":7.0},{"damage":4.0,"enemies":"Gensokyo:Aya","floor":10.0,"turns":5.0},{"damage":14.0,"enemies":"Gensokyo:Mamizou","floor":12.0,"turns":7.0},{"damage":4.0,"enemies":"Gensokyo:5_Fairies","floor":13.0,"turns":5.0},{"damage":34.0,"enemies":"Gensokyo:Yukari","floor":16.0,"turns":8.0},{"damage":13,"enemies":"Gensokyo:AngelMirror","floor":18,"turns":3},{"damage":62,"enemies":"Gensokyo:Tenshi","floor":23,"turns":8},{"damage":25,"enemies":"Gensokyo:Koishi","floor":25,"turns":6}],"seed_played":"-9166120421143724175","potions_obtained":[{"floor":1.0,"key":"LiquidMemories"},{"floor":7.0,"key":"AttackPotion"},{"floor":12.0,"key":"EssenceOfSteel"},{"floor":13.0,"key":"Dexterity Potion"},{"floor":18,"key":"SkillPotion"}],"is_trial":false,"path_per_floor":["M","?","M","COS","M","R","E","R","T","E","R","E","M","?","R","B",null,"M","?","$","COS","?","E","?","E"],"character_chosen":"MARISA","items_purchased":[],"campfire_rested":0,"item_purchase_floors":[],"current_hp_per_floor":[68,68,59,59,59,59,52,52,52,55,55,41,37,37,37,3,82,69,69,82,82,82,20,20,0,0],"gold":12,"neow_bonus":"CURSED_BOSS_RELIC","is_daily":false,"chose_seed":false,"campfire_upgraded":5,"win_rate":0.0,"timestamp":1609164385,"path_taken":["M","?","M","COS","M","R","E","R","T","E","R","E","?","?","R","BOSS","M","?","?","COS","?","E","?","E"],"items_purchased_type":[],"build_version":"2020-12-22","purchased_purges":0,"victory":false,"max_hp_per_floor":[75,75,75,75,75,75,75,75,75,82,82,82,82,82,82,82,82,82,82,82,82,82,82,82,82,82],"card_choices":[{"not_picked":["AsteroidBelt","WitchLeyline"],"picked":"IllusionStar","floor":1.0},{"not_picked":["FairyDestructionRay","UnstableBomb"],"picked":"MagicAbsorber","floor":3.0},{"not_picked":["LuminesStrike+1","GravityBeat+1"],"picked":"OneTimeOff+1","floor":5.0},{"not_picked":["Acceleration","AsteroidBelt"],"picked":"MagicChant","floor":5.0},{"not_picked":["BigCrunch","6A"],"picked":"WitchLeyline","floor":7.0},{"not_picked":["WitchLeyline","OneTimeOff","AsteroidBelt"],"picked":"SKIP","floor":10.0},{"not_picked":["GravityBeat","DoubleSpark"],"picked":"SuperPerseids","floor":12.0},{"not_picked":["PowerUp","ShootTheMoon"],"picked":"TreasureHunter","floor":13.0},{"not_picked":["SuperNova","CollectingQuirk"],"picked":"UltimateShortwave","floor":16.0},{"not_picked":["NonDirectionalLaser","EnergyRecoil"],"picked":"BlazeAway+1","floor":18},{"not_picked":["SporeBomb","IllusionStar"],"picked":"Occultation","floor":23}],"player_experience":117573,"relics_obtained":[{"floor":7.0,"key":"MealTicket"},{"floor":9.0,"key":"Kunai"},{"floor":10.0,"key":"Strawberry"},{"floor":12.0,"key":"Replay:Arrowhead"},{"floor":19,"key":"ReplayTheSpireMod:Ring of Exchange"},{"floor":19,"key":"Ring of Greed"},{"floor":19,"key":"Smiling Mask"},{"floor":19,"key":"MawBank"},{"floor":23,"key":"ShroomBag"},{"floor":23,"key":"Blue Doll"}],"event_choices":[],"is_beta":false,"boss_relics":[{"not_picked":["Kintsugi","Replay:Ancient Bell"],"picked":"Cursed Key"}],"items_purged_floors":[],"is_endless":false,"potions_floor_spawned":[1,7,12,13,18],"killed_by":"Gensokyo:Koishi","ascension_level":2}}