{"host":"hqvh779b89tfrjxy","time":1609169896,"event":{"mods":["Act Like it!","BaseMod","Better Third Choice","Downfall","Elementarium","Filter the Spire","GifTheSpireLib","Minty Spire (QoL Compilation)","Replay The Spire","Spicy Shops","StSLib"],"gold_per_floor":[115,215,232,251,265,265,296,296,375,57,77,103,167,167,167,262,262,276,276,288,300,311,341,341,368,368,397,397,397,412,423,423,519,519,532,163,163,212,262,262,273,299,325,345,345,373,384,407,407,407,407,407,71,97,97,97],"floor_reached":55,"playtime":2444,"items_purged":["Pain","Intimidate","Replay:Undeath\u0027s Touch"],"score":1184,"play_id":"a56af5c8-8884-452f-b31b-cb70403ab1bd","local_time":"20201228163816","is_ascension_mode":true,"campfire_choices":[{"data":"Immolate","floor":6.0,"key":"SMITH"},{"data":"Bash","floor":8.0,"key":"SMITH"},{"data":"Cleave","floor":15.0,"key":"SMITH"},{"data":"True Grit","floor":24.0,"key":"SMITH"},{"data":"Elementarium:FireblessedBlade","floor":28.0,"key":"SMITH"},{"data":"Replay:BasicMightCard","floor":32.0,"key":"SMITH"},{"floor":40,"key":"RECALL"},{"data":"Elementarium:VoidblessedBlade","floor":45,"key":"SMITH"},{"floor":49,"key":"DIG"},{"data":"Disarm","floor":52,"key":"SMITH"}],"circlet_count":0,"master_deck":["Bash+1","Heavy Blade","Cleave+1","Immolate+1","Fiend Fire","ReplayTheSpireMod:LeadingStrike","True Grit+1","Run Through","Iron Wave","Warcry","Clothesline","Bludgeon","Elementarium:FireblessedBlade+1","Elementarium:WindblessedBlade","Elementarium:EarthblessedBlade","Elementarium:IceblessedBlade","Elementarium:VoidblessedBlade+1","Disarm+1","expansioncontent:FaceSlap","Replay:BasicMightCard+1","AbeCurse","Dual Wield","Crow Ritual"],"relics":["Snecko Eye","Turnip","ReplayTheSpireMod:Ninjato","Eternal Feather","ClockworkSouvenir","Blood Vial","Replay:Rubber Ducky","Pandora\u0027s Box","Mercury Hourglass","FossilizedHelix","Replay:Accelerometer","Elementarium:ElementariumTrophy","Abe\u0027s Treasure","Chemical X","Mango","Incense Burner","Replay:Multitool","Lantern","Strawberry","ReplayFunnel","Pear","Golden Egg"],"acts_visited":["Exordium","Elementarium:Elementarium","TheBeyond","TheEnding"],"potions_floor_usage":[55],"damage_taken":[{"damage":0.0,"enemies":"2 Louse","floor":1.0,"turns":2.0},{"damage":0.0,"enemies":"Cultist","floor":3.0,"turns":2.0},{"damage":7.0,"enemies":"Jaw Worm","floor":4.0,"turns":2.0},{"damage":6.0,"enemies":"3 Louse","floor":5.0,"turns":3.0},{"damage":6.0,"enemies":"Replay:BlueRogue","floor":7.0,"turns":3.0},{"damage":11.0,"enemies":"Looter","floor":11.0,"turns":2.0},{"damage":0.0,"enemies":"Lagavulin","floor":12.0,"turns":3.0},{"damage":5.0,"enemies":"3 Sentries","floor":13.0,"turns":3.0},{"damage":53.0,"enemies":"Hexaghost","floor":16.0,"turns":7.0},{"damage":10.0,"enemies":"Elementarium:MUD_AND_TAR_GOLEMS","floor":18.0,"turns":2.0},{"damage":0.0,"enemies":"Elementarium:2_ELEMENTALS","floor":20.0,"turns":1.0},{"damage":1.0,"enemies":"Elementarium:RubyGolem","floor":21.0,"turns":3.0},{"damage":0.0,"enemies":"Elementarium:3_ELEMENTALS","floor":22.0,"turns":2.0},{"damage":1.0,"enemies":"Elementarium:FIRE_NOBILITY","floor":23.0,"turns":4.0},{"damage":0.0,"enemies":"Elementarium:WarGolem","floor":25.0,"turns":3.0},{"damage":29.0,"enemies":"Elementarium:FIRE_NOBILITY","floor":27.0,"turns":3.0},{"damage":4.0,"enemies":"Elementarium:VoidBeast","floor":30.0,"turns":3.0},{"damage":3.0,"enemies":"Elementarium:CYCLONE_AND_LIVING_STORMCLOUD","floor":31.0,"turns":3.0},{"damage":18.0,"enemies":"Elementarium:PHOENIXES","floor":33.0,"turns":5.0},{"damage":10.0,"enemies":"3 Shapes","floor":35.0,"turns":3.0},{"damage":0,"enemies":"2 Orb Walkers","floor":38,"turns":3},{"damage":8,"enemies":"Mind Bloom Boss Battle","floor":39,"turns":4},{"damage":0,"enemies":"3 Darklings","floor":41,"turns":2},{"damage":0,"enemies":"Nemesis","floor":42,"turns":7},{"damage":0,"enemies":"Writhing Mass","floor":44,"turns":3},{"damage":0,"enemies":"Reptomancer","floor":46,"turns":4},{"damage":0,"enemies":"Transient","floor":47,"turns":5},{"damage":20,"enemies":"Time Eater","floor":50,"turns":5},{"damage":24,"enemies":"Shield and Spear","floor":54,"turns":5},{"damage":60,"enemies":"The Heart","floor":55,"turns":6}],"seed_played":"-2069668670055255630","potions_obtained":[{"floor":3.0,"key":"BloodPotion"},{"floor":7.0,"key":"LifebloodPotion"},{"floor":11.0,"key":"SmokeBomb"},{"floor":18.0,"key":"DuplicationPotion"},{"floor":27.0,"key":"Toxic Potion"},{"floor":30.0,"key":"SkillPotion"},{"floor":33.0,"key":"GamblersBrew"},{"floor":35.0,"key":"Swift Potion"},{"floor":42,"key":"FearPotion"}],"is_trial":false,"path_per_floor":["M","?","M","M","M","R","E","R","T","$","M","E","?","?","R","B",null,"M","?","M","M","M","E","R","E","T","E","R","?","M","M","R","B",null,"M","$","?","?","?","R","M","E","T","M","R","E","M","T","R","B",null,"R","$","E","B"],"character_chosen":"IRONCLAD","items_purchased":["Eternal Feather","ClockworkSouvenir","Chemical X","Crow Ritual"],"campfire_rested":0,"item_purchase_floors":[10,10,36,53],"current_hp_per_floor":[72,72,72,65,59,59,53,53,53,53,42,42,39,44,50,16,68,60,51,51,50,51,50,51,51,51,22,34,34,32,31,43,27,45,37,37,37,53,47,59,61,63,63,65,65,72,72,72,82,62,77,82,82,58,0,0],"gold":97,"neow_bonus":"BOSS_RELIC","is_daily":false,"chose_seed":false,"campfire_upgraded":8,"win_rate":0.0,"timestamp":1609169896,"path_taken":["M","?","M","M","M","R","E","R","T","?","M","E","?","?","R","BOSS","M","?","M","M","M","E","R","E","T","E","R","?","M","M","R","BOSS","M","$","?","?","?","R","M","E","T","M","R","E","M","?","R","BOSS","R","$","E","BOSS"],"items_purchased_type":["Relic","Relic","Relic","Card"],"build_version":"2020-12-22","purchased_purges":3,"victory":false,"max_hp_per_floor":[80,80,80,80,80,80,80,80,80,80,80,80,80,85,85,85,85,85,51,51,51,51,51,51,51,51,51,51,51,51,51,51,51,51,51,51,51,65,65,65,65,65,65,65,65,72,72,72,82,82,82,82,82,82,82,82],"card_choices":[{"not_picked":["True Grit","Flex","Pommel Strike"],"picked":"SKIP","floor":1.0},{"not_picked":["ReplayTheSpireMod:Strike From Hell","Wild Strike"],"picked":"Heavy Blade","floor":3.0},{"not_picked":["Entrench","Twin Strike"],"picked":"Cleave","floor":4.0},{"not_picked":["Dual Wield","Pummel"],"picked":"Immolate","floor":5.0},{"not_picked":["Wild Strike","ReplayTheSpireMod:Strike From Hell","Evolve"],"picked":"SKIP","floor":7.0},{"not_picked":["Sentinel","ReplayTheSpireMod:Strike From Hell","ReplayTheSpireMod:LeadingStrike"],"picked":"SKIP","floor":11.0},{"not_picked":["Havoc","Sentinel","Pummel"],"picked":"SKIP","floor":12.0},{"not_picked":["Bludgeon","Barricade"],"picked":"Fiend Fire","floor":16.0},{"not_picked":["Replay:Undeath\u0027s Touch","Flex","Headbutt"],"picked":"SKIP","floor":18.0},{"not_picked":["Perfected Strike+1","Life Link"],"picked":"Disarm","floor":20.0},{"not_picked":["Anger","Massacre","Body Slam+1"],"picked":"SKIP","floor":21.0},{"not_picked":["Replay:Many Hands","Warcry+1","Bloodletting+1"],"picked":"SKIP","floor":22.0},{"not_picked":["Reckless Charge","True Grit+1","Replay:Undeath\u0027s Touch"],"picked":"SKIP","floor":23.0},{"not_picked":["Second Wind","Warcry","Armaments+1"],"picked":"SKIP","floor":25.0},{"not_picked":["Burning Pact+1","Headbutt","Dual Wield"],"picked":"SKIP","floor":27.0},{"not_picked":["expansioncontent:Chronoboost","Finesse"],"picked":"expansioncontent:FaceSlap","floor":29.0},{"not_picked":["Dark Shackles","Blind"],"picked":"Replay:BasicMightCard","floor":29.0},{"not_picked":["True Grit+1","Perfected Strike","ReplayTheSpireMod:Strike From Hell"],"picked":"SKIP","floor":30.0},{"not_picked":["Thunderclap","Abandon","Pommel Strike"],"picked":"SKIP","floor":31.0},{"not_picked":["Immolate","Juggernaut"],"picked":"Berserk","floor":33.0},{"not_picked":["Perfected Strike","ReplayTheSpireMod:Strike From Hell+1","Clothesline"],"picked":"SKIP","floor":35.0},{"not_picked":["Dual Wield","True Grit+1","Replay:Undeath\u0027s Touch"],"picked":"SKIP","floor":41},{"not_picked":["True Grit+1","Replay:Undeath\u0027s Touch"],"picked":"Dual Wield","floor":41},{"not_picked":["Blood for Blood","Warcry","Sword Boomerang+1"],"picked":"SKIP","floor":42},{"not_picked":["Feel No Pain+1","Headbutt","Reaper"],"picked":"SKIP","floor":44},{"not_picked":["Clash","Ghostly Armor+1","Defy Death+1"],"picked":"SKIP","floor":46},{"not_picked":["Shrug It Off","Sword Boomerang","Intimidate"],"picked":"SKIP","floor":47},{"not_picked":["Wild Strike+1","Perfected Strike","Body Slam+1"],"picked":"SKIP","floor":54}],"player_experience":188151,"relics_obtained":[{"floor":7.0,"key":"Turnip"},{"floor":9.0,"key":"ReplayTheSpireMod:Ninjato"},{"floor":12.0,"key":"Blood Vial"},{"floor":13.0,"key":"Replay:Rubber Ducky"},{"floor":23.0,"key":"Mercury Hourglass"},{"floor":25.0,"key":"FossilizedHelix"},{"floor":27.0,"key":"Replay:Accelerometer"},{"floor":38,"key":"Mango"},{"floor":39,"key":"Incense Burner"},{"floor":42,"key":"Replay:Multitool"},{"floor":43,"key":"Lantern"},{"floor":46,"key":"Strawberry"},{"floor":48,"key":"ReplayFunnel"},{"floor":49,"key":"Pear"},{"floor":54,"key":"Golden Egg"}],"event_choices":[{"damage_healed":0.0,"max_hp_gain":0.0,"max_hp_loss":0.0,"gold_gain":100.0,"event_name":"Golden Shrine","player_choice":"Pray","floor":2.0,"gold_loss":0.0,"damage_taken":0.0},{"damage_healed":0.0,"max_hp_gain":0.0,"max_hp_loss":0.0,"gold_gain":0.0,"event_name":"Dead Adventurer","player_choice":"Searched \u00272\u0027 times","floor":13.0,"gold_loss":0.0,"damage_taken":0.0},{"damage_healed":0.0,"max_hp_gain":5.0,"max_hp_loss":0.0,"gold_gain":0.0,"event_name":"Big Fish","player_choice":"Donut","floor":14.0,"gold_loss":0.0,"damage_taken":0.0},{"damage_healed":0.0,"max_hp_gain":0.0,"max_hp_loss":34.0,"gold_gain":0.0,"event_name":"Elementarium:ElementalBlades","player_choice":"Touch","floor":19.0,"gold_loss":0.0,"damage_taken":0.0,"cards_obtained":["Elementarium:FireblessedBlade","Elementarium:WindblessedBlade","Elementarium:EarthblessedBlade","Elementarium:IceblessedBlade","Elementarium:VoidblessedBlade"]},{"damage_healed":0.0,"max_hp_gain":0.0,"max_hp_loss":0.0,"gold_gain":0.0,"event_name":"Elementarium:IncubationChamber","player_choice":"Machinery","floor":29.0,"gold_loss":0.0,"damage_taken":0.0},{"cards_removed":["Berserk"],"damage_healed":0,"gold_gain":0,"player_choice":"Removed Power","damage_taken":0,"max_hp_gain":0,"max_hp_loss":0,"event_name":"Falling","floor":37,"gold_loss":0},{"damage_healed":0,"gold_gain":0,"player_choice":"Fight","damage_taken":0,"max_hp_gain":0,"max_hp_loss":0,"event_name":"Mysterious Sphere","floor":38,"gold_loss":0},{"damage_healed":0,"gold_gain":0,"player_choice":"Fight","damage_taken":0,"max_hp_gain":0,"max_hp_loss":0,"event_name":"MindBloom","floor":39,"gold_loss":0}],"is_beta":false,"boss_relics":[{"not_picked":["Replay:Drink Me","Runic Dome"],"picked":"Pandora\u0027s Box"},{"not_picked":["ReplayTheSpireMod:DimensionalGlitch","Replay:Wanted Poster"],"picked":"Abe\u0027s Treasure"}],"items_purged_floors":[10,36,36],"is_endless":false,"potions_floor_spawned":[3,7,11,18,27,30,31,33,35,38,41,42,46,54],"killed_by":"The Heart","ascension_level":8}}