{"host":"f7rb14kzcw8hx1r1","time":1609191949,"event":{"mods":["BaseMod","Better Note","Better Third Choice","Colored Map","Highlight Path","Hubris","Minty Spire (QoL Compilation)","Replay The Spire","StSLib","The Forsaken"],"gold_per_floor":[119,133,133,308,51,51,67,84,84,112,130,164,164],"floor_reached":12,"playtime":458,"items_purged":["Doubt"],"score":90,"play_id":"3a2b6e9c-c393-4063-adbd-4166cf58619c","local_time":"20201228224549","is_ascension_mode":false,"campfire_choices":[{"data":"theForsaken:Smite","floor":6,"key":"SMITH"}],"circlet_count":0,"master_deck":["theForsaken:TheForsaken_Strike","theForsaken:TheForsaken_Strike","theForsaken:TheForsaken_Strike","theForsaken:TheForsaken_Strike","theForsaken:TheForsaken_Defend","theForsaken:TheForsaken_Defend","theForsaken:TheForsaken_Defend","theForsaken:Smite+1","theForsaken:Penitence","theForsaken:Thunderbolt","theForsaken:FatRoll","theForsaken:DefensiveStance","theForsaken:Bolster","theForsaken:RainingSunlight","theForsaken:FuryStrikes"],"relics":["theForsaken:JudgementScales","NeowsBlessing","Sling","Shovel","PreservedInsect","hubris:AstralHammer"],"acts_visited":["Exordium"],"potions_floor_usage":[],"damage_taken":[{"damage":0,"enemies":"Small Slimes","floor":1,"turns":1},{"damage":0,"enemies":"2 Louse","floor":2,"turns":1},{"damage":0,"enemies":"Jaw Worm","floor":7,"turns":1},{"damage":0,"enemies":"2 Fungi Beasts","floor":8,"turns":4},{"damage":7,"enemies":"3 Sentries","floor":10,"turns":10},{"damage":10,"enemies":"Exordium Thugs","floor":11,"turns":6},{"damage":11,"enemies":"Replay:BlueRogue","floor":12,"turns":4}],"seed_played":"-1479328443930407352","potions_obtained":[{"floor":2,"key":"FairyPotion"},{"floor":10,"key":"GamblersBrew"}],"is_trial":false,"path_per_floor":["M","M","?","?","$","R","M","M","T","E","M","E"],"character_chosen":"THE_FORSAKEN","items_purchased":["Sling","theForsaken:DefensiveStance"],"campfire_rested":0,"item_purchase_floors":[5,5],"current_hp_per_floor":[65,65,65,65,65,65,65,65,65,65,65,57,57],"gold":164,"neow_bonus":"THREE_ENEMY_KILL","is_daily":false,"chose_seed":false,"campfire_upgraded":1,"win_rate":0.0,"timestamp":1609191949,"path_taken":["M","M","?","?","?","R","M","?","T","E","M","E"],"items_purchased_type":["Relic","Card"],"build_version":"2020-12-22","purchased_purges":1,"victory":false,"max_hp_per_floor":[65,65,65,65,65,65,65,65,65,65,65,65,65],"card_choices":[{"not_picked":["theForsaken:StoreUp","theForsaken:PowerUp"],"picked":"theForsaken:Thunderbolt","floor":1},{"not_picked":["theForsaken:BountifulSunlight","theForsaken:WordOfPower"],"picked":"theForsaken:FatRoll","floor":2},{"not_picked":["theForsaken:HealingLight","theForsaken:Riposte","theForsaken:PanicDive"],"picked":"SKIP","floor":7},{"not_picked":["theForsaken:ChargeAttack","theForsaken:HymnOfPatience"],"picked":"theForsaken:Bolster","floor":8},{"not_picked":["theForsaken:Enfeeble","theForsaken:DarkBarrier"],"picked":"theForsaken:RainingSunlight","floor":10},{"not_picked":["theForsaken:Preservation","theForsaken:CleansingLight"],"picked":"theForsaken:FuryStrikes","floor":11}],"player_experience":888468,"relics_obtained":[{"floor":9,"key":"Shovel"},{"floor":10,"key":"PreservedInsect"},{"floor":12,"key":"hubris:AstralHammer"}],"event_choices":[{"damage_healed":0,"gold_gain":175,"player_choice":"AGREE","damage_taken":133,"max_hp_gain":0,"max_hp_loss":0,"event_name":"betterThird:BetterSerpent","floor":4,"gold_loss":0}],"is_beta":false,"boss_relics":[],"items_purged_floors":[5],"is_endless":false,"potions_floor_spawned":[2,10],"killed_by":"Replay:BlueRogue","ascension_level":0}}