{"host":"wxrgaq1bfkpxegie","time":1609136796,"event":{"mods":["Act Like it!","Bard","BaseMod","CapriCore","Colored Powertips","Conspire","Downfall","Duelist Mod","Gensokyo","GifTheSpireLib","Hermit","Hubris","Jorbs\u0027s Wanderer Trilogy","KinomotoSakuraMod(????)","Koishi","Lobotomy","LobotomyExtend","Mari Mod (Legacy)","Mari\u0027s V1 Patch","Marisa????????","Minty Spire (QoL Compilation)","Reimu??????","Remilia??????","Replay The Spire","StSLib","Stuff the Spire","The Administrix","The Animator","The Cursed","The Disciple","The Gatherer","The Hierophant","The Immortal","The Jungle","The Marked","The Necromancer","The Poker Player","The Runesmith","The Senshi","The Servant 0.9.4","TheBandit","Waifu the Spire","WarShipGirlsR/????R mod","Yuyuko"],"gold_per_floor":[115,115,115,115,129,29,40,60,60,60,60,60,73,90,90,90,90],"floor_reached":16,"playtime":1089,"items_purged":[],"score":117,"play_id":"fae8753f-bfbd-4f07-b5d1-86140ede7642","local_time":"20201227222636","is_ascension_mode":false,"campfire_choices":[{"floor":10,"key":"REST"},{"floor":12,"key":"REST"}],"circlet_count":0,"master_deck":["Strike_S","Strike_S","Strike_S","Strike_S","Defend_S","Defend_S","Defend_S","Defend_S","KidneyShot","Exchange","RedShoes","WallGazer","SilverBlades","MHz","ShyLook","DoubleEdge","FairyFestival","Advance+1","Spin","Woodsman"],"relics":["Uniform","CogitoBucket","LetterFromLob","Gensokyo:OccultBall","hubris:Icosahedron","Meat on the Bone","Replay:Bottled Flurry","LuminousBracelet"],"acts_visited":["Gensokyo:Gensokyo"],"potions_floor_usage":[],"damage_taken":[{"damage":12,"enemies":"Gensokyo:3_Fairies","floor":1,"turns":4},{"damage":4,"enemies":"Gensokyo:2_Kodama","floor":5,"turns":4},{"damage":7,"enemies":"Gensokyo:Gryphon","floor":7,"turns":4},{"damage":26,"enemies":"Gensokyo:LivingMonolith","floor":8,"turns":4},{"damage":21,"enemies":"Gensokyo:Gryphon_and_Rabbit","floor":13,"turns":5},{"damage":45,"enemies":"Gensokyo:Python_and_Kodama","floor":14,"turns":6},{"damage":90,"enemies":"Gensokyo:Reimu","floor":16,"turns":7}],"seed_played":"4709289056591942519","potions_obtained":[{"floor":5,"key":"BlessingOfTheForge"},{"floor":8,"key":"conspire:TimeTravelPotion"},{"floor":14,"key":"FairyPotion"}],"is_trial":false,"path_per_floor":["M","?","COS","?","M","?","M","M","T","R","$","R","M","M","R","B"],"character_chosen":"THE_SERVANT","items_purchased":[],"campfire_rested":2,"item_purchase_floors":[],"current_hp_per_floor":[53,53,53,53,49,49,42,28,28,47,47,65,44,30,54,45,45],"gold":90,"neow_bonus":"","is_daily":false,"chose_seed":false,"campfire_upgraded":0,"win_rate":0.0,"timestamp":1609136796,"path_taken":["M","?","COS","?","?","?","M","?","T","R","?","R","M","M","R","BOSS"],"items_purchased_type":[],"build_version":"2020-12-22","purchased_purges":0,"victory":false,"max_hp_per_floor":[65,65,65,65,65,65,65,65,65,65,65,65,65,80,80,80,80],"card_choices":[{"not_picked":["Variant","DreamingCurrent"],"picked":"RedShoes","floor":1},{"not_picked":["Alleviate","Rewind"],"picked":"Comet","floor":1},{"not_picked":["Mercenary","BigBadWolf"],"picked":"WallGazer","floor":5},{"not_picked":["Foresight","SoulSculpture"],"picked":"SilverBlades","floor":5},{"not_picked":["LittlePrince","OSAHOGD","ShyLook"],"picked":"Singing Bowl","floor":7},{"not_picked":["CrumblingArmor","Laetitia"],"picked":"MHz","floor":7},{"not_picked":["WasteNot","Defy","Collapse"],"picked":"SKIP","floor":7},{"not_picked":["CherryBlossoms","BeautyBeast","PunishingBird"],"picked":"Singing Bowl","floor":8},{"not_picked":["DespairKnight","Murderer"],"picked":"ShyLook","floor":8},{"not_picked":["ForgedInTime","StarChef"],"picked":"DoubleEdge","floor":8},{"not_picked":["OSAHOGD","SpiderBud","CrumblingArmor"],"picked":"Singing Bowl","floor":13},{"not_picked":["Variant","Scorched"],"picked":"FairyFestival","floor":13},{"not_picked":["Contraction","Misdirection"],"picked":"Advance","floor":13},{"not_picked":["TimeWarp","Alleviate"],"picked":"Spin","floor":14},{"not_picked":["CherryBlossoms","QueenBee"],"picked":"Woodsman","floor":14}],"player_experience":3544,"relics_obtained":[{"floor":1,"key":"LetterFromLob"},{"floor":7,"key":"Gensokyo:OccultBall"},{"floor":9,"key":"Replay:Bottled Flurry"}],"event_choices":[],"is_beta":false,"boss_relics":[],"items_purged_floors":[],"is_endless":false,"potions_floor_spawned":[5,8,14],"killed_by":"Gensokyo:Reimu","ascension_level":0}}