{"host":"jksa5rawk3m4gilz","time":1609180032,"event":{"mods":["BaseMod","Colored Map","Highlight Path","Minty Spire (QoL Compilation)","Quick Restart"],"gold_per_floor":[369,206,216,291,291,291,322,322,322,351,290,304,304,316,316,393,393,406,305,305,322,338,338,364,364,364,379,408,408,422,422,422,422,422],"floor_reached":33,"playtime":1352,"items_purged":[],"score":498,"play_id":"3c88f216-9071-4d74-8711-d4bcaa5b8e8f","local_time":"20201228192712","is_ascension_mode":true,"campfire_choices":[{"data":"Trip","floor":6,"key":"SMITH"},{"floor":8,"key":"REST"},{"floor":13,"key":"REST"},{"data":"Infinite Blades","floor":15,"key":"SMITH"},{"floor":23,"key":"REST"},{"floor":25,"key":"REST"},{"data":"Leg Sweep","floor":29,"key":"SMITH"},{"floor":32,"key":"REST"}],"circlet_count":0,"master_deck":["AscendersBane","Strike_G","Strike_G","Strike_G","Strike_G","Strike_G","Defend_G","Defend_G","Defend_G","Defend_G","Defend_G","Survivor","Neutralize","Slice","Infinite Blades+1","Trip+1","Blade Dance","Leg Sweep+1","Footwork+1","Heel Hook","Blade Dance","Venomology","Cloak And Dagger","RitualDagger","Terror","Accuracy","Slice","Heel Hook","Endless Agony","Choke+1"],"relics":["Ring of the Snake","Snake Skull","HornCleat","MawBank","WristBlade","Akabeko","Prayer Wheel","Mango"],"acts_visited":["Exordium","TheCity"],"potions_floor_usage":[12,12,18,19,24,24,28,33,33],"damage_taken":[{"damage":0,"enemies":"Small Slimes","floor":1,"turns":4},{"damage":8,"enemies":"2 Louse","floor":3,"turns":3},{"damage":35,"enemies":"Lagavulin","floor":7,"turns":10},{"damage":15,"enemies":"3 Sentries","floor":10,"turns":8},{"damage":0,"enemies":"Jaw Worm","floor":12,"turns":5},{"damage":3,"enemies":"Red Slaver","floor":14,"turns":5},{"damage":35,"enemies":"Hexaghost","floor":16,"turns":12},{"damage":7,"enemies":"Shell Parasite","floor":18,"turns":5},{"damage":0,"enemies":"Chosen","floor":21,"turns":3},{"damage":10,"enemies":"Snake Plant","floor":22,"turns":4},{"damage":34,"enemies":"Gremlin Leader","floor":24,"turns":6},{"damage":0,"enemies":"3 Cultists","floor":27,"turns":3},{"damage":2,"enemies":"Book of Stabbing","floor":28,"turns":4},{"damage":0,"enemies":"Snecko","floor":30,"turns":5},{"damage":81,"enemies":"Champ","floor":33,"turns":8}],"seed_played":"-4620176519082743664","potions_obtained":[{"floor":12,"key":"Fruit Juice"},{"floor":14,"key":"Energy Potion"},{"floor":22,"key":"LiquidBronze"},{"floor":24,"key":"FearPotion"},{"floor":27,"key":"SkillPotion"},{"floor":30,"key":"Swift Potion"}],"is_trial":false,"path_per_floor":["M","$","M","?","?","R","E","R","T","E","$","M","R","M","R","B",null,"M","$","?","M","M","R","E","R","T","M","E","R","M","?","R","B"],"character_chosen":"THE_SILENT","items_purchased":["Infinite Blades","Trip","Regen Potion","Fruit Juice"],"campfire_rested":5,"item_purchase_floors":[2,2,11,19],"current_hp_per_floor":[59,59,51,40,40,40,5,23,23,8,8,27,46,43,43,8,51,44,49,43,43,33,54,20,41,41,41,53,53,53,53,78,0,0],"gold":422,"neow_bonus":"TWO_FIFTY_GOLD","is_daily":false,"chose_seed":false,"campfire_upgraded":3,"win_rate":0.0,"timestamp":1609180032,"path_taken":["M","$","M","?","?","R","E","R","T","E","?","M","R","M","R","BOSS","M","?","?","M","M","R","E","R","T","M","E","R","M","?","R","BOSS"],"items_purchased_type":["Card","Card","Potion","Potion"],"build_version":"2020-12-22","purchased_purges":0,"victory":false,"max_hp_per_floor":[60,60,60,60,60,60,60,60,60,60,60,65,65,65,65,65,65,65,70,70,70,70,70,70,70,70,70,84,84,84,84,84,84,84],"card_choices":[{"not_picked":["Riddle With Holes","Bane"],"picked":"Slice","floor":1},{"not_picked":["Well Laid Plans","Crippling Poison"],"picked":"Blade Dance","floor":3},{"not_picked":["Tools of the Trade","Concentrate"],"picked":"Leg Sweep","floor":7},{"not_picked":["Backflip","Bane"],"picked":"Footwork","floor":10},{"not_picked":["Distraction","Underhanded Strike"],"picked":"Heel Hook","floor":12},{"not_picked":["Sucker Punch","Flechettes"],"picked":"Blade Dance","floor":14},{"not_picked":["Tools of the Trade","Envenom"],"picked":"Venomology","floor":16},{"not_picked":["Dodge and Roll","Sucker Punch"],"picked":"Cloak And Dagger","floor":18},{"not_picked":["Poisoned Stab","Expertise"],"picked":"Terror","floor":21},{"not_picked":["Tactician","Outmaneuver","Dagger Spray"],"picked":"SKIP","floor":22},{"not_picked":["Burst","Prepared"],"picked":"Accuracy","floor":24},{"not_picked":["Terror","Heel Hook"],"picked":"Slice","floor":27},{"not_picked":["Masterful Stab","Tactician"],"picked":"Heel Hook","floor":27},{"not_picked":["Deadly Poison+1","Choke"],"picked":"Endless Agony","floor":28},{"not_picked":["Blade Dance","Sucker Punch+1"],"picked":"Choke+1","floor":30},{"not_picked":["Prepared","Leg Sweep","Sucker Punch"],"picked":"SKIP","floor":30}],"player_experience":2082651,"relics_obtained":[{"floor":7,"key":"Snake Skull"},{"floor":9,"key":"HornCleat"},{"floor":10,"key":"MawBank"},{"floor":24,"key":"Akabeko"},{"floor":26,"key":"Prayer Wheel"},{"floor":28,"key":"Mango"}],"event_choices":[{"damage_healed":0,"gold_gain":75,"player_choice":"Gather Gold","damage_taken":11,"max_hp_gain":0,"max_hp_loss":0,"event_name":"World of Goop","floor":4,"gold_loss":0},{"damage_healed":0,"gold_gain":0,"player_choice":"Ignored","damage_taken":0,"max_hp_gain":0,"max_hp_loss":0,"event_name":"Liars Game","floor":5,"gold_loss":0},{"damage_healed":0,"gold_gain":0,"player_choice":"Joined the Cult","damage_taken":6,"max_hp_gain":0,"max_hp_loss":0,"event_name":"Nest","floor":20,"gold_loss":0,"cards_obtained":["RitualDagger"]},{"damage_healed":0,"gold_gain":0,"player_choice":"Forge","damage_taken":0,"max_hp_gain":0,"max_hp_loss":0,"event_name":"Accursed Blacksmith","floor":31,"gold_loss":0,"cards_upgraded":["Footwork"]}],"is_beta":false,"boss_relics":[{"not_picked":["Sozu","Runic Pyramid"],"picked":"WristBlade"}],"items_purged_floors":[],"is_endless":false,"potions_floor_spawned":[12,14,22,24,27,30],"killed_by":"Champ","ascension_level":14}}