{"host":"56ghxnzsglgdq727","time":1609141781,"event":{"mods":["AchievementEnabler","BaseMod","Minty Spire (QoL Compilation)"],"gold_per_floor":[109,109,89,103,103,103,4,4,4,17,17,17,17,33,33,158,158,172,172,18,18,38,38,56,56,56,69,69,89,109,144,144,144,144],"floor_reached":33,"playtime":830,"items_purged":[],"score":255,"play_id":"b0e03f58-9b54-46e3-b80f-b45d1ea54731","local_time":"20201228024941","is_ascension_mode":false,"campfire_choices":[{"floor":6.0,"key":"REST"},{"data":"Noxious Fumes","floor":8.0,"key":"SMITH"},{"floor":15.0,"key":"REST"},{"floor":23.0,"key":"REST"},{"floor":25.0,"key":"REST"},{"floor":32,"key":"REST"}],"circlet_count":0,"master_deck":["Strike_G","Strike_G","Strike_G","Strike_G","Strike_G+1","Defend_G","Defend_G","Defend_G","Defend_G","Defend_G","Neutralize+1","Noxious Fumes+1","Noxious Fumes+1","Deadly Poison","Crippling Poison","Bane+1","Doppelganger","Bane+1","Deadly Poison+1"],"relics":["Ring of the Snake","Golden Idol","Molten Egg 2","Omamori","Philosopher\u0027s Stone","Snake Skull","Enchiridion","Pen Nib","Frozen Egg 2","Bottled Lightning"],"acts_visited":[],"potions_floor_usage":[30,31,33],"damage_taken":[{"damage":9.0,"enemies":"Cultist","floor":1.0,"turns":4.0},{"damage":9.0,"enemies":"2 Louse","floor":4.0,"turns":2.0},{"damage":6.0,"enemies":"Jaw Worm","floor":10.0,"turns":3.0},{"damage":5.0,"enemies":"Looter","floor":14.0,"turns":4.0},{"damage":18.0,"enemies":"Slime Boss","floor":16.0,"turns":7.0},{"damage":30.0,"enemies":"2 Thieves","floor":18.0,"turns":4.0},{"damage":13.0,"enemies":"3 Byrds","floor":22.0,"turns":3.0},{"damage":4.0,"enemies":"Snecko","floor":24.0,"turns":3.0},{"damage":12.0,"enemies":"Centurion and Healer","floor":27.0,"turns":4.0},{"damage":15.0,"enemies":"Snake Plant","floor":29.0,"turns":3.0},{"damage":11,"enemies":"Snecko","floor":30,"turns":4},{"damage":5,"enemies":"Gremlin Leader","floor":31,"turns":5},{"damage":35,"enemies":"Champ","floor":33,"turns":8}],"seed_played":"-347365878201959814","potions_obtained":[{"floor":3.0,"key":"AttackPotion"},{"floor":10.0,"key":"PowerPotion"},{"floor":16.0,"key":"DistilledChaos"},{"floor":18.0,"key":"Weak Potion"},{"floor":27.0,"key":"BlessingOfTheForge"},{"floor":30,"key":"CunningPotion"},{"floor":31,"key":"GamblersBrew"}],"is_trial":false,"path_per_floor":["M","?","?","M","?","R","$","R","T","M","?","?","$","M","R","B",null,"M","?","$","?","M","R","M","R","T","M","?","M","M","E","R","B"],"character_chosen":"THE_SILENT","items_purchased":["Noxious Fumes","Deadly Poison","Snake Skull"],"campfire_rested":5,"item_purchase_floors":[7,7,20],"current_hp_per_floor":[61,44,44,35,35,56,56,56,56,50,36,36,36,31,52,34,70,40,40,40,24,11,32,28,49,49,37,37,22,11,6,27,0,0],"gold":144,"neow_bonus":"REMOVE_CARD","is_daily":false,"chose_seed":false,"campfire_upgraded":1,"win_rate":0.0,"timestamp":1609141781,"path_taken":["M","?","?","?","?","R","$","R","T","M","?","?","$","M","R","BOSS","M","?","$","?","M","R","M","R","T","M","?","M","M","E","R","BOSS"],"items_purchased_type":["Card","Card","Relic"],"build_version":"2020-12-22","purchased_purges":0,"victory":false,"max_hp_per_floor":[70,70,70,70,70,70,70,70,70,70,70,70,70,70,70,70,70,70,70,70,70,70,70,70,70,70,70,70,70,70,70,70,70,70],"card_choices":[{"not_picked":["PiercingWail","Poisoned Stab","Prepared"],"picked":"SKIP","floor":1.0},{"not_picked":["Backflip","Dagger Spray"],"picked":"Noxious Fumes","floor":4.0},{"not_picked":["Prepared","Sucker Punch+1"],"picked":"Crippling Poison","floor":10.0},{"not_picked":["Slice+1","Tools of the Trade"],"picked":"Bane+1","floor":14.0},{"not_picked":["Wraith Form v2","Envenom"],"picked":"Doppelganger","floor":16.0},{"not_picked":["Masterful Stab+1","Heel Hook+1"],"picked":"Bane+1","floor":18.0},{"not_picked":["Cloak And Dagger","Acrobatics"],"picked":"Deadly Poison+1","floor":22.0},{"not_picked":["Prepared","All Out Attack+1","Dodge and Roll"],"picked":"SKIP","floor":24.0},{"not_picked":["Blade Dance+1","Sucker Punch+1","Dagger Spray+1"],"picked":"SKIP","floor":27.0},{"not_picked":["Calculated Gamble+1","Prepared","Burst"],"picked":"SKIP","floor":29.0},{"not_picked":["Expertise","Accuracy+1","Deflect+1"],"picked":"SKIP","floor":30},{"not_picked":["Underhanded Strike+1","Sucker Punch+1","Outmaneuver+1"],"picked":"SKIP","floor":31}],"player_experience":34681,"relics_obtained":[{"floor":9.0,"key":"Molten Egg 2"},{"floor":21.0,"key":"Enchiridion"},{"floor":26.0,"key":"Pen Nib"},{"floor":31,"key":"Bottled Lightning"}],"event_choices":[{"damage_healed":0.0,"max_hp_gain":0.0,"max_hp_loss":0.0,"gold_gain":0.0,"event_name":"Golden Idol","player_choice":"Take Damage","floor":2.0,"gold_loss":0.0,"damage_taken":17.0,"relics_obtained":["Golden Idol"]},{"damage_healed":0.0,"max_hp_gain":0.0,"max_hp_loss":0.0,"gold_gain":0.0,"event_name":"The Woman in Blue","player_choice":"Bought 1 Potion","floor":3.0,"gold_loss":0.0,"damage_taken":0.0},{"damage_healed":0.0,"max_hp_gain":0.0,"max_hp_loss":0.0,"gold_gain":0.0,"event_name":"Living Wall","player_choice":"Grow","floor":5.0,"gold_loss":0.0,"damage_taken":0.0,"cards_upgraded":["Noxious Fumes"]},{"damage_healed":0.0,"max_hp_gain":0.0,"max_hp_loss":0.0,"gold_gain":0.0,"event_name":"Shining Light","player_choice":"Entered Light","floor":11.0,"gold_loss":0.0,"damage_taken":14.0,"cards_upgraded":["Neutralize","Strike_G"]},{"damage_healed":0.0,"max_hp_gain":0.0,"max_hp_loss":0.0,"gold_gain":0.0,"event_name":"Dead Adventurer","player_choice":"Searched \u00271\u0027 times","floor":12.0,"gold_loss":0.0,"damage_taken":0.0,"relics_obtained":["Omamori"]},{"damage_healed":0.0,"max_hp_gain":0.0,"max_hp_loss":0.0,"gold_gain":0.0,"event_name":"Ghosts","player_choice":"Ignored","floor":19.0,"gold_loss":0.0,"damage_taken":0.0},{"damage_healed":0.0,"max_hp_gain":0.0,"max_hp_loss":0.0,"gold_gain":0.0,"event_name":"Cursed Tome","player_choice":"Obtained Book","floor":21.0,"gold_loss":0.0,"damage_taken":16.0},{"damage_healed":0.0,"max_hp_gain":0.0,"max_hp_loss":0.0,"gold_gain":0.0,"event_name":"Addict","player_choice":"Stole Relic","floor":28.0,"gold_loss":0.0,"damage_taken":0.0,"relics_obtained":["Frozen Egg 2"],"cards_obtained":["Shame"]}],"is_beta":false,"boss_relics":[{"not_picked":["Fusion Hammer","Cursed Key"],"picked":"Philosopher\u0027s Stone"}],"items_purged_floors":[],"is_endless":false,"potions_floor_spawned":[10,16,18,27,30,31],"killed_by":"Champ","ascension_level":0}}