{"host":"cfluht5kr2kfk9p9","time":1609162212,"event":{"mods":["ATMod(阿瑾Mod)","Arknights The Spire","BaseMod","GungeonMod","Highlight Path","Library of Ruina","Library of Ruina Extra","Minty Spire (QoL Compilation)","Quick Restart","Rare Cards Sparkle","Relic Stats","RumiaBox-露米娅的神秘盒子","Spicy Shops","StSLib","TestMod","The Alterego","【功能Mod】混沌之环修复补丁"],"gold_per_floor":[111,125,125,137,150,177,195,195,222,222,153,166,181,211,211,288,288,299,299,299,358,373,373,441,441,441,441,127,141,161,195,195,271,271,323,1,1,19,0,0,400,400,400,492,523,523,549,112,112,112,112,112,112,112,59,88,88],"floor_reached":58,"playtime":2301,"items_purged":["Dodge","Parasite"],"score":3301,"play_id":"1d10698b-d8ea-4918-a4fa-88b2f8fdd1a6","local_time":"20201228213012","daily_mods":["Heirloom"],"is_ascension_mode":true,"campfire_choices":[{"data":"FocusedStrikes","floor":8.0,"key":"SMITH"},{"data":"AT_SoftenMuscles","floor":10.0,"key":"SMITH"},{"data":"Observe","floor":15.0,"key":"SMITH"},{"data":"GutHarvesting","floor":23.0,"key":"SMITH"},{"data":"FlamingDragonFist","floor":25.0,"key":"SMITH"},{"data":"TheArtOfRapidSteps","floor":27.0,"key":"SMITH"},{"data":"SparkingSpear","floor":32.0,"key":"SMITH"},{"floor":40.0,"key":"RECALL"},{"data":"FierceCharge","floor":42.0,"key":"SMITH"},{"data":"MultiBlock","floor":49,"key":"SMITH"},{"data":"WillOfThePrescript","floor":54,"key":"SMITH"}],"circlet_count":0,"master_deck":["AscendersBane","LightDefense+1","LightAttack+1","LightAttack+1","LightAttack+1","LightDefense+1","LightDefense+1","LightDefense+1","ChargeAndCover+1","FocusedStrikes+1","AT_SoftenMuscles+1","Castigation","FierceCharge+1","Multislash","TheArtOfRapidSteps+1","DaringDecision","Unlock1","Observe+1","FlamingDragonFist+1","MultiBlock+1","GutHarvesting+1","HighKick+1","Quickness+1","SparkingSpear+1","WillOfThePrescript+1"],"relics":["PageOfLibrarian","AT_ATBox","testmod-Justice","testmod-ConstraintPeriapt","ats:Originium","DemoMod:MonsterBlood","ats:Originium","Kunai","testmod-PortableAltar","DemoMod:DecoyRelic","ats:Originium","Lizard Tail","Shuriken","ClockworkSouvenir","DemoMod:WhiteGuonStone","ats:Originium","PageOfPorccubus","SoulBox","SecretRecord","Red Mask","DemoMod:JetPack","AT_SunfireAegis","Juzu Bracelet","MawBank","testmod-Register","PageOfMercenary","AT_EbonyIvory"],"acts_visited":["Exordium","TheCity","TheBeyond","TheEnding"],"potions_floor_usage":[57],"damage_taken":[{"damage":2.0,"enemies":"Jaw Worm","floor":1.0,"turns":3.0},{"damage":7.0,"enemies":"2 Louse","floor":2.0,"turns":2.0},{"damage":0.0,"enemies":"Cultist","floor":4.0,"turns":2.0},{"damage":7.0,"enemies":"Blue Slaver","floor":5.0,"turns":3.0},{"damage":34.0,"enemies":"Gremlin Nob","floor":6.0,"turns":4.0},{"damage":12.0,"enemies":"Red Slaver","floor":7.0,"turns":3.0},{"damage":6.0,"enemies":"Large Slime","floor":12.0,"turns":4.0},{"damage":0.0,"enemies":"2 Fungi Beasts","floor":13.0,"turns":2.0},{"damage":0.0,"enemies":"3 Sentries","floor":14.0,"turns":2.0},{"damage":1.0,"enemies":"Hexaghost","floor":16.0,"turns":6.0},{"damage":3.0,"enemies":"Chosen","floor":18.0,"turns":3.0},{"damage":2.0,"enemies":"2 Thieves","floor":21.0,"turns":2.0},{"damage":2.0,"enemies":"Snake Plant","floor":22.0,"turns":3.0},{"damage":6.0,"enemies":"Gremlin Leader","floor":24.0,"turns":7.0},{"damage":0.0,"enemies":"Snecko","floor":29.0,"turns":1.0},{"damage":2.0,"enemies":"Centurion and Healer","floor":30.0,"turns":4.0},{"damage":2.0,"enemies":"Book of Stabbing","floor":31.0,"turns":4.0},{"damage":61.0,"enemies":"RedHoodMercenary","floor":33.0,"turns":6.0},{"damage":1.0,"enemies":"3 Shapes","floor":35.0,"turns":2.0},{"damage":0.0,"enemies":"Orb Walker","floor":38.0,"turns":2.0},{"damage":0.0,"enemies":"2 Orb Walkers","floor":44.0,"turns":3.0},{"damage":0,"enemies":"Giant Head","floor":45,"turns":2},{"damage":2,"enemies":"Nemesis","floor":47,"turns":5},{"damage":5,"enemies":"Awakened One","floor":50,"turns":5},{"damage":0,"enemies":"Time Eater","floor":51,"turns":2},{"damage":0,"enemies":"Time Eater","floor":52,"turns":7},{"damage":6,"enemies":"Shield and Spear","floor":56,"turns":3},{"damage":51,"enemies":"The Heart","floor":57,"turns":8}],"seed_played":"2787999412668116149","potions_obtained":[{"floor":7.0,"key":"EssenceOfSteel"},{"floor":12.0,"key":"SkillPotion"},{"floor":13.0,"key":"LiquidMemories"},{"floor":37.0,"key":"Fruit Juice"},{"floor":37.0,"key":"Weak Potion"}],"is_trial":true,"path_per_floor":["M","M","?","M","M","E","M","R","T","R","?","M","M","E","R","B",null,"M","?","T","M","M","R","E","R","T","R","$","M","M","E","R","B",null,"M","$","?","M","?","R","?","R","T","?","E","?","E","$","R","B","B",null,null,"R","$","E","B",null],"character_chosen":"Librarian","items_purchased":["ClockworkSouvenir","DemoMod:WhiteGuonStone","SecretRecord","testmod-Register","PageOfMercenary","BlessingOfTheForge"],"campfire_rested":0,"item_purchase_floors":[28,28,36,48,48,55],"current_hp_per_floor":[54,47,47,49,44,19,8,8,8,8,8,4,4,6,6,8,71,71,71,71,69,68,68,65,65,65,65,65,68,69,69,69,13,60,62,62,67,67,67,67,67,67,67,70,69,68,66,63,62,56,56,58,58,57,56,49,16],"gold":88,"neow_bonus":"","is_daily":false,"chose_seed":false,"campfire_upgraded":10,"win_rate":0.0,"timestamp":1609162212,"path_taken":["M","M","?","M","M","E","M","R","T","R","?","M","M","E","R","BOSS","M","?","?","M","M","R","E","R","T","R","$","M","M","E","R","BOSS","M","?","?","?","?","R","?","R","T","?","E","?","E","$","R","BOSS","BOSS","R","$","E","BOSS"],"items_purchased_type":["Relic","Relic","Relic","Relic","Relic","Potion"],"build_version":"2020-12-22","purchased_purges":2,"victory":true,"max_hp_per_floor":[63,63,63,63,68,75,75,75,75,75,75,92,92,92,92,92,92,91,90,89,88,87,86,85,84,83,82,81,80,79,78,77,76,75,74,73,77,76,75,74,73,72,71,70,69,68,67,63,62,61,60,59,58,57,56,55,54],"relic_stats":{"Lizard Tail":0,"counters":[28,100],"Shuriken":[42],"Juzu Bracelet":0,"Kunai":[53],"MawBank":12,"obtain_stats":[{"AT_ATBox":0,"DemoMod:GlassGuonStoneRelic":1,"testmod-PortableAltar":17,"SoulBox":34,"SecretRecord":36,"Juzu Bracelet":46,"DemoMod:WhiteGuonStone":28,"ClockworkSouvenir":28,"Lizard Tail":24,"PageOfMercenary":48,"DemoMod:MonsterBlood":6,"Red Mask":39,"Kunai":14,"DemoMod:JetPack":43,"Girya":44,"testmod-TestBox":0,"testmod-Register":48,"AT_EbonyIvory":56,"testmod-Justice":0,"testmod-ConstraintPeriapt":0,"MawBank":47,"PageOfLibrarian":0,"ats:Originium":6,"Shuriken":26,"DemoMod:DecoyRelic":20,"PageOfPorccubus":31,"AT_SunfireAegis":45},{"AT_ATBox":0,"DemoMod:GlassGuonStoneRelic":1,"testmod-PortableAltar":10,"SoulBox":18,"SecretRecord":19,"Juzu Bracelet":22,"DemoMod:WhiteGuonStone":14,"ClockworkSouvenir":14,"Lizard Tail":14,"PageOfMercenary":23,"DemoMod:MonsterBlood":5,"Red Mask":20,"Kunai":9,"DemoMod:JetPack":20,"Girya":21,"testmod-TestBox":0,"testmod-Register":23,"AT_EbonyIvory":27,"testmod-Justice":0,"testmod-ConstraintPeriapt":0,"MawBank":23,"PageOfLibrarian":0,"ats:Originium":5,"Shuriken":14,"DemoMod:DecoyRelic":11,"PageOfPorccubus":17,"AT_SunfireAegis":22},{"AT_ATBox":0,"DemoMod:GlassGuonStoneRelic":3,"testmod-PortableAltar":31,"SoulBox":61,"SecretRecord":63,"Juzu Bracelet":70,"DemoMod:WhiteGuonStone":46,"ClockworkSouvenir":46,"Lizard Tail":46,"PageOfMercenary":75,"DemoMod:MonsterBlood":14,"Red Mask":65,"Kunai":25,"DemoMod:JetPack":65,"Girya":68,"testmod-TestBox":0,"testmod-Register":75,"AT_EbonyIvory":92,"testmod-Justice":0,"testmod-ConstraintPeriapt":0,"MawBank":75,"PageOfLibrarian":0,"ats:Originium":14,"Shuriken":46,"DemoMod:DecoyRelic":34,"PageOfPorccubus":55,"AT_SunfireAegis":70}]},"card_choices":[{"not_picked":["TheArtOfRapidSteps","Wallop_lor","BlowItUp","BurningFlash","Standoff","Multislash","UpbeatPerformance","FieryWaltz"],"picked":"Castigation","floor":1.0},{"not_picked":["SturdyDefense","CumulusWall","FrontalAssault","Eradication","ToOvercomeCrisis","SinglePointStab","NonstopAssault","HighSpeedStabbing"],"picked":"FierceCharge","floor":2.0},{"not_picked":["SharpSwipe","SuppressingShot","SmokingPipe","AGoldenOpportunity","AsThePrescriptOrders","SteelKnuckles","GuardingStance","Thrust"],"picked":"Multislash","floor":4.0},{"not_picked":["Wallop_lor","BurningFlash","ReadyUp","FleetEdge","YouOnlyLiveOnce","FervidEmotions","GuardingStance","FaintMemories"],"picked":"TheArtOfRapidSteps","floor":5.0},{"not_picked":["Wallop_lor","ClassAndRespect","BizarreAttack","Suppress","Faith","Quickness","Rampage_lor","ICanCookAnything"],"picked":"DaringDecision","floor":6.0},{"not_picked":["WrathOfTorment","StrongStrike","HandleRequest","SmokingPipe","ExtremeEdge","SharpSwipe","Commandeering","FleetEdge"],"picked":"Unlock1","floor":7.0},{"not_picked":["DefenseOrder","TendonChords","FeelinGood","EnergyShield","Juggling","CumulusWall","SunsetBlade","NightInTheBackstreets"],"picked":"Observe","floor":12.0},{"not_picked":["Fence","Juggling","ShockingBlow","AsThePrescriptOrders","PreemptiveStrike","UpbeatPerformance","DestructiveImpact","YoureTooSlow"],"picked":"FlamingDragonFist","floor":13.0},{"not_picked":["SinglePointStab","SilentMist","Riposte","GuardingStance","SilentNight","NightInTheBackstreets","Commandeering","SweepTheBackstreets"],"picked":"MultiBlock","floor":14.0},{"not_picked":["TrashDisposal","FormingStorm"],"picked":"GutHarvesting","floor":16.0},{"not_picked":["AssaultOrder","UpbeatPerformance","Unlock1","WillBeTasty","SetFire","StrongStrike+1","Quickness","SinglePointStab"],"picked":"HighKick+1","floor":18.0},{"not_picked":["QuickAttack+1","DefenseOrder","StrongStrike","BlazingStrike","EnergyCycle","StructuralAnalysis","Thrust","RushDown"],"picked":"Quickness+1","floor":21.0},{"not_picked":["SuppressingShot","ForcefulGesture","ChopItOff","MindPrepared","Thrust+1","SharpSwipe","Unlock1","BackAttack","WildCard+1"],"picked":"SKIP","floor":22.0},{"not_picked":["AsThePrescriptOrders","ToOvercomeCrisis","NightInTheBackstreets","BurningFlash","SkyClearingCut+1","ChopItOff","HighKick","StrongStrike+1","ForcefulGesture"],"picked":"SKIP","floor":24.0},{"not_picked":["FleetEdge","SuppressingShot","AsThePrescriptOrders","Standoff+1","UpbeatPerformance","HighKick","AutonomousRush","DarkCloud"],"picked":"SparkingSpear","floor":29.0},{"not_picked":["DefenseOrder","DesperateStruggle","GuidanceOfTheGears","InnerArdor","Outburst","SturdyDefense","AutomatedMovement","DirtyBlow","HandleRequest"],"picked":"SKIP","floor":30.0},{"not_picked":["BayonetCombat","GuardingStance","ShockRound","BindingChains","EnergyShield","Transpierce","TendonChords+1","Zzzzzap","Commandeering"],"picked":"SKIP","floor":31.0},{"not_picked":["DefenseOrder+1","SharpSwipe","FendThisOffIfYouCan","ReadyUp","FervidEmotions+1","DirtyBlow+1","DesperateStruggle+1","GatherIntel","Pound"],"picked":"SKIP","floor":35.0},{"not_picked":["StrongStrike","SinglePointStab+1","Riposte+1","Wallop_lor","SunsetBlade","Leap_lor","ToOvercomeCrisis","MultiBlock+1"],"picked":"WillOfThePrescript","floor":38.0},{"not_picked":["FleetFootsteps","Multislash","Parry","SinglePointStab","ForTheFamily+1","HardRehearsal","DevastatingThrash","ToOvercomeCrisis+1","Marionette"],"picked":"SKIP","floor":45},{"not_picked":["SomberProcuration","Unlock1","StrongStrike+1","FaintMemories","FeatherShield+1","MultiBlock","Multislash","SearingSword","InhaleSmoke"],"picked":"SKIP","floor":47},{"not_picked":["IngredientHunt+1","FleetFootsteps+1","NightInTheBackstreets","DesperateStruggle","DestructiveImpact","Diversion","QuickAttack+1","FrontalAssault","ExtractFuel"],"picked":"SKIP","floor":56}],"player_experience":52780,"relics_obtained":[{"floor":6.0,"key":"ats:Originium"},{"floor":6.0,"key":"DemoMod:MonsterBlood"},{"floor":14.0,"key":"ats:Originium"},{"floor":14.0,"key":"Kunai"},{"floor":20.0,"key":"DemoMod:DecoyRelic"},{"floor":24.0,"key":"ats:Originium"},{"floor":24.0,"key":"Lizard Tail"},{"floor":26.0,"key":"Shuriken"},{"floor":31.0,"key":"ats:Originium"},{"floor":31.0,"key":"PageOfPorccubus"},{"floor":43.0,"key":"DemoMod:JetPack"},{"floor":44.0,"key":"Girya"},{"floor":45,"key":"AT_SunfireAegis"},{"floor":47,"key":"MawBank"},{"floor":56,"key":"AT_EbonyIvory"}],"event_choices":[{"damage_healed":0.0,"max_hp_gain":0.0,"max_hp_loss":0.0,"gold_gain":0.0,"event_name":"Scrap Ooze","player_choice":"Fled","floor":3.0,"gold_loss":0.0,"damage_taken":0.0},{"damage_healed":0.0,"max_hp_gain":0.0,"max_hp_loss":0.0,"gold_gain":0.0,"event_name":"World of Goop","player_choice":"Left Gold","floor":11.0,"gold_loss":69.0,"damage_taken":0.0},{"damage_healed":0.0,"max_hp_gain":0.0,"max_hp_loss":0.0,"gold_gain":0.0,"event_name":"Back to Basics","player_choice":"Simplicity","floor":19.0,"gold_loss":0.0,"damage_taken":0.0,"cards_upgraded":["LightDefense","LightAttack","LightAttack","LightAttack","LightDefense","LightDefense","LightDefense","ChargeAndCover"]},{"damage_healed":0.0,"max_hp_gain":0.0,"max_hp_loss":0.0,"gold_gain":0.0,"event_name":"Lab","player_choice":"Got Potions","floor":37.0,"gold_loss":0.0,"damage_taken":0.0},{"damage_healed":0.0,"max_hp_gain":0.0,"max_hp_loss":0.0,"gold_gain":0.0,"event_name":"Tomb of Lord Red Mask","player_choice":"Paid","floor":39.0,"gold_loss":19.0,"damage_taken":0.0,"relics_obtained":["Red Mask"]},{"damage_healed":0.0,"max_hp_gain":0.0,"max_hp_loss":0.0,"gold_gain":400.0,"event_name":"恩洛斯的盘子","player_choice":"Sell","floor":41.0,"relics_lost":["testmod-TestBox"],"gold_loss":0.0,"damage_taken":0.0},{"damage_healed":0.0,"max_hp_gain":0.0,"max_hp_loss":0.0,"gold_gain":0.0,"event_name":"Mysterious Sphere","player_choice":"Fight","floor":44.0,"gold_loss":0.0,"damage_taken":0.0},{"damage_healed":0,"gold_gain":0,"player_choice":"Swap Relic","damage_taken":0,"relics_obtained":["Juzu Bracelet"],"max_hp_gain":0,"max_hp_loss":0,"event_name":"给自己的盒子","floor":46,"relics_lost":["Girya"],"gold_loss":0}],"is_beta":false,"boss_relics":[{"not_picked":["SlaversCollar","testmod-HarvestTotem"],"picked":"testmod-PortableAltar"},{"not_picked":["Cursed Key","testmod-TimeTraveler"],"picked":"SoulBox"}],"items_purged_floors":[28,48],"is_endless":false,"potions_floor_spawned":[7,12,13,16,22,29,47],"ascension_level":20}}