{"host":"760a56s19xsdubqb","time":1609181998,"event":{"mods":["BaseMod","Minty Spire (QoL Compilation)","Quick Restart","Remove Card Discount Mod","StSLib"],"gold_per_floor":[118,136,236,254,0,0,20,30,112,141,141,174,21,34,34,139,139,151,151,162,80,90,120,120,150,173,51,63,63,0,10,10,106,106,122,173,187,204,204,234,234,280,332,27,27,43,75,87,87,87,87,87,8,39,39,39],"floor_reached":55,"playtime":2740,"items_purged":["Strike_B","Strike_B","Strike_B","Strike_B","Zap","Defend_B","Defend_B","Defend_B","Defend_B","Decay","Parasite","Sunder"],"score":886,"play_id":"c9338b9c-57b8-4a82-a9a0-6df005a88799","local_time":"20201228135958","is_ascension_mode":true,"campfire_choices":[{"data":"Streamline","floor":6,"key":"SMITH"},{"floor":15,"key":"REST"},{"floor":24,"key":"REST"},{"floor":32,"key":"REST"},{"floor":41,"key":"RECALL"},{"data":"Buffer","floor":49,"key":"SMITH"},{"data":"Thunder Strike","floor":52,"key":"SMITH"}],"circlet_count":0,"master_deck":["Dualcast","Ball Lightning","Streamline+1","Gash","Leap","Ball Lightning","All For One","Go for the Eyes","Core Surge","Beam Cell","Go for the Eyes","Conserve Battery","Go for the Eyes","Barrage+1","Defragment+1","Bandage Up","Conserve Battery","Self Repair","Electrodynamics+1","FTL","White Noise+1","Self Repair","Ball Lightning","Thunder Strike+1","Buffer+1","Ball Lightning+1","Cold Snap+1","Streamline+1","Gash","Beam Cell+1"],"relics":["Cracked Core","Orichalcum","Pantograph","Kunai","Incense Burner","Bronze Scales","Bottled Lightning","Philosopher\u0027s Stone","StrikeDummy","Ginger","MutagenicStrength","Cursed Key","Peace Pipe","Pocketwatch","Akabeko","Potion Belt","Membership Card","Torii","Blood Vial","Orrery","Anchor"],"acts_visited":["Exordium","TheCity","TheBeyond","TheEnding"],"potions_floor_usage":[20,25,40,40,55,55,55],"damage_taken":[{"damage":4,"enemies":"Cultist","floor":1,"turns":4},{"damage":1,"enemies":"2 Louse","floor":2,"turns":2},{"damage":0,"enemies":"Small Slimes","floor":4,"turns":3},{"damage":10,"enemies":"Gremlin Gang","floor":7,"turns":4},{"damage":5,"enemies":"3 Louse","floor":8,"turns":2},{"damage":2,"enemies":"Gremlin Nob","floor":10,"turns":3},{"damage":19,"enemies":"3 Sentries","floor":12,"turns":4},{"damage":0,"enemies":"2 Fungi Beasts","floor":14,"turns":3},{"damage":24,"enemies":"Hexaghost","floor":16,"turns":6},{"damage":6,"enemies":"Spheric Guardian","floor":18,"turns":3},{"damage":8,"enemies":"2 Thieves","floor":20,"turns":3},{"damage":6,"enemies":"3 Cultists","floor":22,"turns":4},{"damage":18,"enemies":"Gremlin Leader","floor":23,"turns":5},{"damage":8,"enemies":"Slavers","floor":25,"turns":3},{"damage":19,"enemies":"Centurion and Healer","floor":28,"turns":3},{"damage":6,"enemies":"Snake Plant","floor":31,"turns":3},{"damage":42,"enemies":"Collector","floor":33,"turns":8},{"damage":12,"enemies":"3 Shapes","floor":35,"turns":3},{"damage":25,"enemies":"2 Orb Walkers","floor":36,"turns":3},{"damage":0,"enemies":"Orb Walker","floor":37,"turns":2},{"damage":17,"enemies":"Transient","floor":38,"turns":5},{"damage":17,"enemies":"Reptomancer","floor":40,"turns":6},{"damage":0,"enemies":"Sphere and 2 Shapes","floor":46,"turns":3},{"damage":9,"enemies":"Giant Head","floor":47,"turns":5},{"damage":0,"enemies":"Jaw Worm Horde","floor":48,"turns":3},{"damage":68,"enemies":"Time Eater","floor":50,"turns":7},{"damage":36,"enemies":"Shield and Spear","floor":54,"turns":5},{"damage":75,"enemies":"The Heart","floor":55,"turns":9}],"seed_played":"-7261179716305512686","potions_obtained":[{"floor":2,"key":"DuplicationPotion"},{"floor":4,"key":"Regen Potion"},{"floor":10,"key":"FocusPotion"},{"floor":18,"key":"SmokeBomb"},{"floor":25,"key":"SneckoOil"},{"floor":28,"key":"Regen Potion"},{"floor":35,"key":"ColorlessPotion"},{"floor":40,"key":"SkillPotion"},{"floor":46,"key":"Explosive Potion"},{"floor":54,"key":"SkillPotion"}],"is_trial":false,"path_per_floor":["M","M","?","M","$","R","M","M","T","E","?","E","$","M","R","B",null,"M","?","M","$","M","E","R","E","T","$","M","?","?","M","R","B",null,"M","?","M","M","?","E","R","T","T","$","?","M","E","M","R","B",null,"R","$","E","B"],"character_chosen":"DEFECT","items_purchased":["Pantograph","All For One","Conserve Battery","Go for the Eyes","Bandage Up","Conserve Battery","Membership Card","Torii","Orrery"],"campfire_rested":3,"item_purchase_floors":[5,13,21,21,27,27,44,44,53],"current_hp_per_floor":[71,70,70,70,70,70,60,55,55,53,53,34,34,34,56,51,75,69,55,56,56,50,32,56,48,48,48,33,33,33,34,58,49,80,75,54,58,59,59,75,75,75,75,75,75,77,77,77,77,9,77,77,77,48,0,0],"gold":39,"neow_bonus":"RANDOM_COMMON_RELIC","is_daily":false,"chose_seed":false,"campfire_upgraded":3,"win_rate":0.0,"timestamp":1609181998,"path_taken":["M","?","?","M","?","R","M","M","T","E","?","E","$","?","R","BOSS","M","?","M","$","M","E","R","E","T","$","M","?","?","M","R","BOSS","M","?","M","M","?","E","R","?","T","$","?","M","E","M","R","BOSS","R","$","E","BOSS"],"items_purchased_type":["Relic","Card","Card","Card","Card","Card","Relic","Relic","Relic"],"build_version":"2020-12-22","purchased_purges":12,"victory":false,"max_hp_per_floor":[75,75,75,75,75,75,75,75,75,75,75,75,75,75,75,75,75,75,80,80,80,80,80,80,80,80,80,80,80,80,80,80,80,80,80,80,80,80,80,80,80,80,80,77,77,77,77,77,77,77,77,77,77,77,77,77],"card_choices":[{"not_picked":["Cold Snap","Turbo"],"picked":"Ball Lightning","floor":1},{"not_picked":["Doom and Gloom","Rebound"],"picked":"Streamline","floor":2},{"not_picked":["Hologram","Darkness"],"picked":"Gash","floor":4},{"not_picked":["Cold Snap","Chill"],"picked":"Leap","floor":7},{"not_picked":["Beam Cell","Creative AI"],"picked":"Ball Lightning","floor":8},{"not_picked":["Consume","Darkness","Compile Driver"],"picked":"SKIP","floor":10},{"not_picked":["Stack","Lockon","Genetic Algorithm"],"picked":"SKIP","floor":12},{"not_picked":["Stack","Scrape"],"picked":"Go for the Eyes","floor":14},{"not_picked":["Thunder Strike","Hyperbeam"],"picked":"Core Surge","floor":16},{"not_picked":["Barrage","Loop"],"picked":"Beam Cell","floor":18},{"not_picked":["Hello World","White Noise+1"],"picked":"Go for the Eyes","floor":20},{"not_picked":["Reprogram+1","Blizzard","Steam Power"],"picked":"SKIP","floor":22},{"not_picked":["Turbo","Coolheaded"],"picked":"Barrage+1","floor":23},{"not_picked":["Coolheaded+1","Steam Power+1"],"picked":"Defragment+1","floor":25},{"not_picked":["Glacier","Cold Snap+1"],"picked":"Self Repair","floor":28},{"not_picked":["White Noise","Creative AI"],"picked":"Sunder","floor":31},{"not_picked":["Amplify","Rainbow"],"picked":"Electrodynamics","floor":33},{"not_picked":["Streamline","Compile Driver+1"],"picked":"FTL","floor":35},{"not_picked":["Aggregate","Tempest"],"picked":"White Noise+1","floor":36},{"not_picked":["Redo","Conserve Battery"],"picked":"Self Repair","floor":37},{"not_picked":["Hologram+1","Leap","Steam"],"picked":"SKIP","floor":38},{"not_picked":["Sunder+1","Turbo"],"picked":"Ball Lightning","floor":40},{"not_picked":["Blizzard","Capacitor+1"],"picked":"Thunder Strike","floor":46},{"not_picked":["Compile Driver+1","Turbo"],"picked":"Buffer","floor":47},{"not_picked":["Auto Shields","White Noise"],"picked":"Ball Lightning+1","floor":48},{"not_picked":["Hologram+1","Amplify"],"picked":"Cold Snap+1","floor":53},{"not_picked":["Gash+1","Melter"],"picked":"Streamline+1","floor":53},{"not_picked":["Melter+1","Leap+1"],"picked":"Gash","floor":53},{"not_picked":["Cold Snap+1","Rainbow"],"picked":"Beam Cell+1","floor":54}],"player_experience":922547,"relics_obtained":[{"floor":9,"key":"Kunai"},{"floor":10,"key":"Incense Burner"},{"floor":12,"key":"Bottled Lightning"},{"floor":23,"key":"StrikeDummy"},{"floor":25,"key":"Ginger"},{"floor":36,"key":"Peace Pipe"},{"floor":40,"key":"Pocketwatch"},{"floor":42,"key":"Akabeko"},{"floor":43,"key":"Potion Belt"},{"floor":47,"key":"Blood Vial"},{"floor":54,"key":"Anchor"}],"event_choices":[{"damage_healed":0,"gold_gain":100,"player_choice":"Pray","damage_taken":0,"max_hp_gain":0,"max_hp_loss":0,"event_name":"Golden Shrine","floor":3,"gold_loss":0},{"damage_healed":0,"gold_gain":0,"player_choice":"Gave Potion","damage_taken":0,"relics_obtained":["Bronze Scales"],"max_hp_gain":0,"max_hp_loss":0,"event_name":"WeMeetAgain","floor":11,"gold_loss":0},{"damage_healed":0,"gold_gain":0,"player_choice":"Shed Blood","damage_taken":19,"max_hp_gain":5,"max_hp_loss":0,"event_name":"Forgotten Altar","floor":19,"gold_loss":0},{"damage_healed":0,"gold_gain":0,"player_choice":"Inject Mutagens","damage_taken":0,"relics_obtained":["MutagenicStrength"],"max_hp_gain":0,"max_hp_loss":0,"event_name":"Drug Dealer","floor":29,"gold_loss":0},{"damage_healed":0,"gold_gain":0,"player_choice":"Paid Fearfully","damage_taken":0,"max_hp_gain":0,"max_hp_loss":0,"event_name":"Masked Bandits","floor":30,"gold_loss":63},{"damage_healed":0,"gold_gain":0,"player_choice":"Fight","damage_taken":0,"max_hp_gain":0,"max_hp_loss":0,"event_name":"Mysterious Sphere","floor":36,"gold_loss":0},{"damage_healed":0,"gold_gain":0,"player_choice":"Ignored","damage_taken":0,"max_hp_gain":0,"max_hp_loss":0,"event_name":"Tomb of Lord Red Mask","floor":39,"gold_loss":0},{"damage_healed":0,"gold_gain":0,"player_choice":"Forge","damage_taken":0,"max_hp_gain":0,"max_hp_loss":0,"event_name":"Accursed Blacksmith","floor":45,"gold_loss":0,"cards_upgraded":["Electrodynamics"]}],"is_beta":false,"boss_relics":[{"not_picked":["SacredBark","Runic Pyramid"],"picked":"Philosopher\u0027s Stone"},{"not_picked":["Sozu","Runic Dome"],"picked":"Cursed Key"}],"items_purged_floors":[5,13,13,13,13,13,21,21,21,44,44,44],"is_endless":false,"potions_floor_spawned":[2,4,10,18,25,28,31,35,40,46,54],"killed_by":"The Heart","ascension_level":3}}