{"host":"sh8ot41fo7a0kahq","time":1609157967,"event":{"mods":["ATMod(°¢èªMod)","BaseMod","Better Third Choice","Colored Powertips","Displayed Cursed Tome","Minty Spire (QoL Compilation)","Quick Restart","Spicy Shops","StSLib","UnlockEverythingMod","¡¾ÒÅÎï¿¨ÅÆ¡¿REMEMod"],"gold_per_floor":[118,118,118,134,145,145,170,170,197,197,52,70,104,123,123,220,220,232,247,247,258,258,258,276,310,356,91,101,101,101,101,101,203,203,223,241,258,258,269,302,302,302,602,637,751,600,689,726,726,851,851,851,252,328,273],"floor_reached":56,"playtime":1374,"items_purged":["Strike_G","Strike_G","Strike_G","Defend_G"],"score":1845,"play_id":"46e56d2f-5e43-4ea6-b60f-94b230d3b1be","local_time":"20201228201927","is_ascension_mode":true,"campfire_choices":[{"data":"AT_WindFlip","floor":6.0,"key":"SMITH"},{"data":"Neutralize","floor":15.0,"key":"SMITH"},{"data":"Phantasmal Killer","floor":23.0,"key":"SMITH"},{"floor":30.0,"key":"REST"},{"data":"Acrobatics","floor":32.0,"key":"SMITH"},{"floor":42.0,"key":"RECALL"},{"data":"Acrobatics","floor":49.0,"key":"SMITH"},{"data":"AT_TinkerSharpsword","floor":52.0,"key":"SMITH"}],"circlet_count":0,"master_deck":["Defend_G","Defend_G","Defend_G","Defend_G","Survivor","Neutralize+1","AT_ChampionStep+1","Master of Strategy+1","Eviscerate+1","AT_WindFlip+1","AT_TinkerSharpsword+1","Backflip","Phantasmal Killer+1","Acrobatics+1","Acrobatics+1"],"relics":["Ring of the Snake","AT_ATBox","REME_ComplimentaryCards","NeowsBlessing","AT_BladeRuinedKing","Art of War","PreservedInsect","REME_HandOfSuture","HornCleat","REME_ChargedStone","Ornamental Fan","AT_RabadonDeathcap","Membership Card","AT_RedTearstoneRing","Kunai","AT_TrinityForce","AT_GoldPhoenixTree","Old Coin","AT_MibuBalloonWealth","Anchor","REME_PuzzleBoxRelic","Incense Burner","Dead Branch","REME_OnlineShoppingPlatform","AT_ChloranthyRing"],"acts_visited":["Exordium","TheCity","TheBeyond","TheEnding"],"potions_floor_usage":[55,55,55,55],"damage_taken":[{"damage":0.0,"enemies":"Jaw Worm","floor":1.0,"turns":1.0},{"damage":0.0,"enemies":"2 Louse","floor":4.0,"turns":1.0},{"damage":0.0,"enemies":"Cultist","floor":5.0,"turns":1.0},{"damage":0.0,"enemies":"Gremlin Nob","floor":7.0,"turns":2.0},{"damage":0.0,"enemies":"3 Louse","floor":12.0,"turns":1.0},{"damage":12.0,"enemies":"Lagavulin","floor":13.0,"turns":5.0},{"damage":2.0,"enemies":"2 Fungi Beasts","floor":14.0,"turns":2.0},{"damage":0.0,"enemies":"Slime Boss","floor":16.0,"turns":3.0},{"damage":0.0,"enemies":"Spheric Guardian","floor":18.0,"turns":1.0},{"damage":12.0,"enemies":"Chosen","floor":19.0,"turns":2.0},{"damage":16.0,"enemies":"Snake Plant","floor":21.0,"turns":2.0},{"damage":5.0,"enemies":"Centurion and Healer","floor":24.0,"turns":2.0},{"damage":6.0,"enemies":"Gremlin Leader","floor":25.0,"turns":4.0},{"damage":5.0,"enemies":"Shelled Parasite and Fungi","floor":28.0,"turns":2.0},{"damage":1.0,"enemies":"Collector","floor":33.0,"turns":3.0},{"damage":0.0,"enemies":"3 Darklings","floor":35.0,"turns":2.0},{"damage":0.0,"enemies":"3 Shapes","floor":36.0,"turns":1.0},{"damage":0.0,"enemies":"Maw","floor":37.0,"turns":3.0},{"damage":0.0,"enemies":"Spire Growth","floor":39.0,"turns":1.0},{"damage":0.0,"enemies":"Giant Head","floor":40.0,"turns":1.0},{"damage":0.0,"enemies":"Nemesis","floor":44.0,"turns":1.0},{"damage":0.0,"enemies":"4 Shapes","floor":45.0,"turns":1.0},{"damage":0.0,"enemies":"Sphere and 2 Shapes","floor":47.0,"turns":1.0},{"damage":0.0,"enemies":"Writhing Mass","floor":48.0,"turns":1.0},{"damage":25.0,"enemies":"Awakened One","floor":50.0,"turns":4.0},{"damage":0,"enemies":"Shield and Spear","floor":54,"turns":2},{"damage":33,"enemies":"The Heart","floor":55,"turns":4}],"seed_played":"4316461968081034055","potions_obtained":[{"floor":4.0,"key":"SkillPotion"},{"floor":7.0,"key":"Ancient Potion"},{"floor":13.0,"key":"SpeedPotion"},{"floor":25.0,"key":"Swift Potion"},{"floor":44.0,"key":"FairyPotion"}],"is_trial":false,"path_per_floor":["M","?","?","M","M","R","E","?","T","?","$","M","E","M","R","B",null,"M","M","?","M","T","R","M","E","T","$","M","T","R","?","R","B",null,"M","M","M","?","M","E","?","R","T","E","M","$","M","M","R","B",null,"R","$","E","B",null],"character_chosen":"THE_SILENT","items_purchased":["REME_HandOfSuture","Membership Card","AT_RedTearstoneRing","GhostInAJar","Anchor","REME_PuzzleBoxRelic","Incense Burner","Dead Branch","REME_OnlineShoppingPlatform"],"campfire_rested":1,"item_purchase_floors":[11,27,27,46,53,53,53,53,53],"current_hp_per_floor":[63,56,56,56,56,56,56,56,56,42,42,42,30,28,28,28,60,60,48,48,32,32,32,27,21,21,21,16,16,37,37,37,36,62,62,62,62,62,62,62,62,62,62,62,62,62,62,62,62,37,62,62,62,62,29],"gold":273,"neow_bonus":"THREE_ENEMY_KILL","is_daily":false,"chose_seed":false,"campfire_upgraded":6,"win_rate":0.0,"timestamp":1609157967,"path_taken":["M","?","?","?","M","R","E","?","T","?","?","M","E","M","R","BOSS","M","M","?","?","?","R","M","E","T","$","M","?","R","?","R","BOSS","M","M","M","?","M","E","?","R","T","E","M","?","M","M","R","BOSS","R","$","E","BOSS"],"items_purchased_type":["Relic","Relic","Relic","Potion","Relic","Relic","Relic","Relic","Relic"],"build_version":"2020-12-22","purchased_purges":4,"victory":true,"max_hp_per_floor":[70,70,70,70,70,70,70,70,70,70,70,70,70,70,70,70,70,70,70,70,70,70,70,70,70,70,70,70,70,70,70,70,70,70,70,70,70,70,70,70,70,70,70,70,70,70,70,70,70,70,70,70,70,70,70],"card_choices":[{"not_picked":["PiercingWail","Dagger Throw"],"picked":"Eviscerate","floor":1.0},{"not_picked":["AT_ArcaneSupremacy","Dagger Throw"],"picked":"AT_WindFlip","floor":4.0},{"not_picked":["Outmaneuver","Bouncing Flask","Deadly Poison"],"picked":"SKIP","floor":5.0},{"not_picked":["Bane","Deadly Poison","Catalyst"],"picked":"SKIP","floor":7.0},{"not_picked":["Sucker Punch","Poisoned Stab"],"picked":"AT_TinkerSharpsword","floor":12.0},{"not_picked":["Crippling Poison","Quick Slash"],"picked":"Backflip","floor":13.0},{"not_picked":["Deflect","AT_WindRun","PiercingWail"],"picked":"SKIP","floor":14.0},{"not_picked":["Corpse Explosion","AT_MyraUnstableElement"],"picked":"Phantasmal Killer","floor":16.0},{"not_picked":["Deadly Poison","Dagger Spray"],"picked":"Acrobatics","floor":18.0},{"not_picked":["Deflect+1","Dodge and Roll","Deadly Poison"],"picked":"SKIP","floor":19.0},{"not_picked":["Unload","Backflip","Dagger Throw"],"picked":"SKIP","floor":21.0},{"not_picked":["Setup+1","Heel Hook","AT_WindFlip"],"picked":"SKIP","floor":24.0},{"not_picked":["Dagger Spray","Concentrate"],"picked":"Acrobatics","floor":25.0},{"not_picked":["Dagger Spray+1","AT_WindFlip","Cloak And Dagger+1"],"picked":"SKIP","floor":28.0},{"not_picked":["Flechettes+1","Blade Dance+1","Quick Slash"],"picked":"SKIP","floor":35.0},{"not_picked":["Underhanded Strike+1","Leg Sweep","Poisoned Stab+1"],"picked":"SKIP","floor":36.0},{"not_picked":["Blade Dance","AT_KneejerkReflex+1","AT_ArcaneSupremacy+1"],"picked":"SKIP","floor":37.0},{"not_picked":["Dagger Throw","Flying Knee+1","Slice"],"picked":"SKIP","floor":39.0},{"not_picked":["Backflip","PiercingWail","Deflect+1"],"picked":"SKIP","floor":40.0},{"not_picked":["Venomology","Quick Slash","Outmaneuver"],"picked":"SKIP","floor":44.0},{"not_picked":["Cloak And Dagger+1","Quick Slash","AT_WindFlip+1"],"picked":"SKIP","floor":45.0},{"not_picked":["Noxious Fumes+1","Well Laid Plans+1","AT_WindFlip+1"],"picked":"SKIP","floor":47.0},{"not_picked":["Backflip+1","All Out Attack","Flying Knee"],"picked":"SKIP","floor":48.0},{"not_picked":["AT_ShadowStep+1","Grand Finale","Blade Dance"],"picked":"SKIP","floor":54}],"player_experience":311337,"relics_obtained":[{"floor":7.0,"key":"Art of War"},{"floor":9.0,"key":"PreservedInsect"},{"floor":13.0,"key":"HornCleat"},{"floor":22.0,"key":"Ornamental Fan"},{"floor":25.0,"key":"AT_RabadonDeathcap"},{"floor":29.0,"key":"Kunai"},{"floor":40.0,"key":"AT_GoldPhoenixTree"},{"floor":43.0,"key":"Old Coin"},{"floor":44.0,"key":"AT_MibuBalloonWealth"},{"floor":54,"key":"AT_ChloranthyRing"}],"event_choices":[{"damage_healed":0.0,"max_hp_gain":0.0,"max_hp_loss":0.0,"gold_gain":0.0,"event_name":"betterThird:BetterScrap","player_choice":"Relic ","floor":2.0,"gold_loss":0.0,"damage_taken":7.0,"cards_obtained":["Bludgeon"]},{"damage_healed":0.0,"max_hp_gain":0.0,"max_hp_loss":0.0,"gold_gain":0.0,"event_name":"Upgrade Shrine","player_choice":"Upgraded","floor":3.0,"gold_loss":0.0,"damage_taken":0.0,"cards_upgraded":["AT_ChampionStep"]},{"damage_healed":0.0,"max_hp_gain":0.0,"max_hp_loss":0.0,"gold_gain":0.0,"event_name":"betterThird:BetterSerpent","player_choice":"Ignored","floor":8.0,"gold_loss":0.0,"damage_taken":170.0},{"damage_healed":56.0,"max_hp_gain":0.0,"max_hp_loss":70.0,"gold_gain":0.0,"event_name":"betterThird:BetterShining","player_choice":"Upgrade","floor":10.0,"gold_loss":0.0,"damage_taken":14.0,"cards_upgraded":["Master of Strategy","Eviscerate"]},{"cards_removed":["Strike_G"],"damage_healed":0.0,"max_hp_gain":0.0,"max_hp_loss":0.0,"gold_gain":0.0,"event_name":"Bonfire Elementals","player_choice":"Offered Basic","floor":20.0,"gold_loss":0.0,"damage_taken":0.0},{"damage_healed":0.0,"max_hp_gain":0.0,"max_hp_loss":0.0,"gold_gain":0.0,"event_name":"The Mausoleum","player_choice":"Ignored","floor":31.0,"gold_loss":0.0,"damage_taken":0.0},{"cards_removed":["Strike_G"],"damage_healed":0.0,"max_hp_gain":0.0,"max_hp_loss":0.0,"gold_gain":0.0,"event_name":"Falling","player_choice":"Removed Attack","floor":38.0,"gold_loss":0.0,"damage_taken":0.0},{"damage_healed":0.0,"max_hp_gain":0.0,"max_hp_loss":0.0,"gold_gain":0.0,"event_name":"Tomb of Lord Red Mask","player_choice":"Ignored","floor":41.0,"gold_loss":0.0,"damage_taken":0.0}],"is_beta":false,"boss_relics":[{"not_picked":["Runic Pyramid","Calling Bell"],"picked":"REME_ChargedStone"},{"not_picked":["Runic Dome","REME_DuelDisc"],"picked":"AT_TrinityForce"}],"items_purged_floors":[27,46,53,53],"is_endless":false,"potions_floor_spawned":[4,7,13,14,19,25,28,36,44,47],"ascension_level":7}}