{"host":"Yuki","time":1609135978,"event":{"mods":["AchievementEnabler","BaseMod","Block Reminder","Colored Map","Colored Powertips","Googly Eyes","Highlight Path","Minty Spire (QoL Compilation)","Permanent Neow","Quick Restart","Random Character Button","Random Character Mod","Relic Stats","StSLib","The Wild Card","everything is the same but u backflip on backflip","slay the spire mod where everything is the same but ironclad has a cowboy hat"],"gold_per_floor":[116,131,149,164,176,176,191,222,246,246,71,71,86,105,105,209,209,220,220,220],"floor_reached":19,"playtime":867,"items_purged":["Strike_R"],"score":225,"play_id":"6f6fd3ef-24dc-422f-97c2-a8c7221da1c0","local_time":"20201228001258","is_ascension_mode":true,"campfire_choices":[{"data":"Inflame","floor":6,"key":"SMITH"},{"data":"Inflame","floor":10,"key":"SMITH"},{"floor":12,"key":"REST"},{"data":"Inflame","floor":15,"key":"SMITH"}],"circlet_count":0,"master_deck":["Strike_R","Strike_R","Strike_R","Strike_R","Defend_R","Defend_R","Defend_R","Defend_R","Bash","Cleave","Twin Strike","Fire Breathing","Warcry","Inflame+1","Inflame+1","Ghostly Armor","Inflame+1","Shrug It Off","Disarm","Limit Break"],"relics":["Burning Blood","Bottled Lightning","Anchor","Black Star"],"acts_visited":["Exordium","TheCity"],"potions_floor_usage":[19,19,19],"damage_taken":[{"damage":1,"enemies":"Cultist","floor":1,"turns":3},{"damage":0,"enemies":"2 Louse","floor":2,"turns":2},{"damage":3,"enemies":"Small Slimes","floor":3,"turns":4},{"damage":19,"enemies":"Blue Slaver","floor":4,"turns":5},{"damage":15,"enemies":"2 Fungi Beasts","floor":5,"turns":4},{"damage":24,"enemies":"Lots of Slimes","floor":7,"turns":3},{"damage":25,"enemies":"3 Sentries","floor":8,"turns":5},{"damage":1,"enemies":"Looter","floor":13,"turns":2},{"damage":11,"enemies":"3 Louse","floor":14,"turns":3},{"damage":30,"enemies":"Slime Boss","floor":16,"turns":6},{"damage":44,"enemies":"3 Byrds","floor":18,"turns":7},{"damage":30,"enemies":"Spheric Guardian","floor":19,"turns":5}],"seed_played":"1990924803220516359","potions_obtained":[{"floor":3,"key":"HeartOfIron"},{"floor":5,"key":"Energy Potion"},{"floor":7,"key":"Weak Potion"}],"is_trial":false,"path_per_floor":["M","M","M","M","M","R","M","E","T","R","$","R","M","M","R","B",null,"M","M"],"character_chosen":"IRONCLAD","items_purchased":["Inflame","Shrug It Off"],"campfire_rested":1,"item_purchase_floors":[11,11],"current_hp_per_floor":[77,80,80,67,58,58,40,21,21,21,21,45,50,45,45,21,65,27,0,0],"gold":220,"neow_bonus":"THREE_CARDS","is_daily":false,"chose_seed":false,"campfire_upgraded":3,"win_rate":0.0,"timestamp":1609135978,"path_taken":["M","M","M","M","M","R","M","E","T","R","?","R","M","M","R","BOSS","M","M"],"items_purchased_type":["Card","Card"],"build_version":"2020-12-18","purchased_purges":1,"victory":false,"max_hp_per_floor":[80,80,80,80,80,80,80,80,80,80,80,80,80,80,80,80,80,80,80,80],"relic_stats":{"counters":[12,49],"Black Star":0,"obtain_stats":[{"Anchor":9,"Black Star":17,"Bottled Lightning":8,"Burning Blood":0},{"Anchor":7,"Black Star":10,"Bottled Lightning":7,"Burning Blood":0},{"Anchor":26,"Black Star":37,"Bottled Lightning":26,"Burning Blood":0}],"Burning Blood":60},"card_choices":[{"not_picked":["Warcry","Battle Trance"],"picked":"Cleave","floor":0},{"not_picked":["True Grit","Sword Boomerang"],"picked":"Twin Strike","floor":1},{"not_picked":["Heavy Blade","Burning Pact"],"picked":"Fire Breathing","floor":2},{"not_picked":["Shockwave","Blood for Blood"],"picked":"Warcry","floor":3},{"not_picked":["Clash","Flex"],"picked":"Inflame","floor":4},{"not_picked":["Reckless Charge","Anger","Blood for Blood"],"picked":"SKIP","floor":5},{"not_picked":["Whirlwind","Dark Embrace"],"picked":"Inflame","floor":7},{"not_picked":["Sword Boomerang","Searing Blow"],"picked":"Ghostly Armor","floor":8},{"not_picked":["Wild Strike","Offering"],"picked":"Disarm","floor":13},{"not_picked":["Anger","Sword Boomerang","Dual Wield"],"picked":"SKIP","floor":14},{"not_picked":["Demon Form","Reaper"],"picked":"Limit Break","floor":16},{"not_picked":["Whirlwind","Cleave","Iron Wave"],"picked":"SKIP","floor":18}],"player_experience":1230341,"relics_obtained":[{"floor":8,"key":"Bottled Lightning"},{"floor":9,"key":"Anchor"}],"event_choices":[],"is_beta":true,"boss_relics":[{"not_picked":["Coffee Dripper","Cursed Key"],"picked":"Black Star"}],"items_purged_floors":[11],"is_endless":false,"potions_floor_spawned":[3,5,7,8],"killed_by":"Spheric Guardian","ascension_level":6}}