{"host":"j1eo1fqrqta44853","time":1609179559,"event":{"mods":["Act Like it!","BaseMod","CatGirl Mod","Custom Start","Downfall","Elementarium","Gensokyo","GungeonMod","HololiveMod","Hubris","Infinite Spire","Lobotomy","LobotomyExtend","Marisa????????","Minty Spire (QoL Compilation)","Pale of the Ancients","Rare Cards Sparkle","Replay The Spire","SIMod","Shedinja","StSLib","The Jungle","The Marked","The Mystic","The Runesmith","The Senshi","The Vixen","TheBandit","Waifu the Spire"],"gold_per_floor":[118,128,128,148,164,191,191,110,110,110,110,110,110,110,130,159,159,256,256,243,262,63,83,97,97,97,97],"floor_reached":26,"playtime":4209,"items_purged":["SpiderBud"],"score":218,"play_id":"59505cc1-3e76-430d-8f6d-e95ab951becd","local_time":"20201228121919","is_ascension_mode":false,"campfire_choices":[{"floor":7,"key":"RECALL"},{"floor":11,"key":"REST"},{"floor":17,"key":"REST"},{"floor":25,"key":"REST"}],"circlet_count":0,"master_deck":["theSenshi:SailorKick","theSenshi:SailorKick","theSenshi:SailorKick","theSenshi:SailorKick","theSenshi:SailorBlock","theSenshi:SailorBlock","theSenshi:SailorBlock","theSenshi:SailorBlock","theSenshi:RoseThrow","theSenshi:MoonPrismPowerMakeUp","theSenshi:SailorChibiMoonAssists","FairyFestival","theSenshi:SailorMarsAssists","theSenshi:MoonSpiralHeartAttack","theSenshi:MoonCrystalPowerMakeUp+1","theSenshi:MoonsReflection","theSenshi:SaturnsMystery","theSenshi:StudyParty","theSenshi:MoonPunch","theSenshi:CrisisMakeUp+1","MHz","theSenshi:VenusGlamour","theSenshi:SailorV","theSenshi:MoonlightKnight+1","theSenshi:MoonsReflection"],"relics":["theSenshi:TransformationBroochRelic","CogitoBucket","LetterFromLob","Pet Ghost","Pantograph","SacredBark","BargainBundle"],"acts_visited":["Exordium","TheCity"],"potions_floor_usage":[6,16,23,23,26],"damage_taken":[{"damage":0,"enemies":"Jaw Worm","floor":1,"turns":4},{"damage":8,"enemies":"infinitespire:Voidling","floor":2,"turns":4},{"damage":0,"enemies":"Small Slimes","floor":4,"turns":3},{"damage":12,"enemies":"Red Slaver","floor":5,"turns":3},{"damage":31,"enemies":"Gremlin Nob","floor":6,"turns":5},{"damage":60,"enemies":"Lots of Slimes","floor":15,"turns":6},{"damage":7,"enemies":"Lagavulin","floor":16,"turns":7},{"damage":33,"enemies":"Fading Forest","floor":18,"turns":11},{"damage":21,"enemies":"2 Thieves","floor":20,"turns":4},{"damage":13,"enemies":"Shell Parasite","floor":21,"turns":6},{"damage":28,"enemies":"Snake Plant","floor":23,"turns":6},{"damage":66,"enemies":"Cultist and Chosen","floor":24,"turns":9},{"damage":55,"enemies":"Centurion and Healer","floor":26,"turns":6}],"seed_played":"5716630781216158507","potions_obtained":[{"floor":2,"key":"Regen Potion"},{"floor":5,"key":"Strength Potion"},{"floor":15,"key":"Fire Potion"},{"floor":21,"key":"Slimebound:ThreeZeroPotion"},{"floor":24,"key":"Venom Potion"}],"is_trial":false,"path_per_floor":["M","M","?","M","M","E","R","$","T","?","R","PTL","PTL","?","M","E","R","B",null,"M","M","$","M","M","R","M"],"character_chosen":"THE_SENSHI","items_purchased":["theSenshi:MoonCrystalPowerMakeUp","BargainBundle","theSenshi:VenusGlamour","PowerPotion","theSenshi:SailorV"],"campfire_rested":3,"item_purchase_floors":[8,22,22,22,22],"current_hp_per_floor":[75,74,74,75,63,44,44,44,44,44,66,66,66,66,11,11,33,66,75,72,75,75,70,25,47,0,0],"gold":97,"neow_bonus":"","is_daily":false,"chose_seed":false,"campfire_upgraded":0,"win_rate":0.0,"timestamp":1609179559,"path_taken":["M","M","?","M","?","E","R","$","T","?","R","PTL","PTL","?","?","E","R","BOSS","M","M","$","M","M","R","?"],"items_purchased_type":["Card","Relic","Card","Potion","Card"],"build_version":"2020-12-22","purchased_purges":1,"victory":false,"max_hp_per_floor":[75,75,75,75,75,75,75,75,75,75,75,75,75,75,75,75,75,75,75,75,75,75,75,75,75,75,75],"card_choices":[{"not_picked":["theSenshi:TallSilhouette","theSenshi:InTheNickOfTime"],"picked":"theSenshi:SailorChibiMoonAssists","floor":1},{"not_picked":["OldLady","WallGazer"],"picked":"SpiderBud","floor":1},{"not_picked":["WallGazer","VoidDream"],"picked":"FairyFestival","floor":2},{"not_picked":["theSenshi:SchoolBag","theSenshi:OdangoHead"],"picked":"theSenshi:SailorMarsAssists","floor":2},{"not_picked":["theSenshi:GatheringStrength","theSenshi:SailorStarMakerAssists","theSenshi:MoonPower"],"picked":"SKIP","floor":4},{"not_picked":["theSenshi:DramaticEntrance","theSenshi:LunaSensingAllies"],"picked":"theSenshi:SteeledNerves","floor":5},{"not_picked":["theSenshi:SailorChibiMoonAssists","theSenshi:SailorMercuryAssists"],"picked":"theSenshi:MoonSpiralHeartAttack","floor":6},{"not_picked":["theSenshi:EncouragingSpeech","theSenshi:TuxedoSmokingBomber"],"picked":"theSenshi:MoonsReflection","floor":15},{"not_picked":["theSenshi:SupersonicWaves","theSenshi:Sidestep"],"picked":"theSenshi:SaturnsMystery","floor":16},{"not_picked":["theSenshi:SailorCosmosAssists","theSenshi:IWillPunishYou"],"picked":"theSenshi:StudyParty","floor":18},{"not_picked":["theSenshi:TallSilhouette","theSenshi:GatheringStrength"],"picked":"theSenshi:MoonPunch","floor":20},{"not_picked":["theSenshi:SailorV","theSenshi:SailorJupiterAssists"],"picked":"theSenshi:CrisisMakeUp+1","floor":21},{"not_picked":["OldLady","Scorched"],"picked":"MHz","floor":21},{"not_picked":["theSenshi:SailorJupiterAssists","theSenshi:SailorUranusAssists+1"],"picked":"theSenshi:MoonlightKnight+1","floor":23},{"not_picked":["theSenshi:KlutzyLuck","theSenshi:SupersonicWaves"],"picked":"theSenshi:MoonsReflection","floor":24}],"player_experience":1005263,"relics_obtained":[{"floor":1,"key":"LetterFromLob"},{"floor":6,"key":"Pet Ghost"},{"floor":16,"key":"Pantograph"}],"event_choices":[{"damage_healed":0,"gold_gain":0,"player_choice":"Ignored","damage_taken":0,"max_hp_gain":0,"max_hp_loss":0,"event_name":"NoteForYourself","floor":3,"gold_loss":0},{"cards_removed":["theSenshi:SteeledNerves"],"damage_healed":0,"gold_gain":0,"player_choice":"Card Removal","damage_taken":0,"max_hp_gain":0,"max_hp_loss":0,"event_name":"Wheel of Change","floor":14,"gold_loss":0}],"is_beta":false,"boss_relics":[{"not_picked":["Replay:Fungal Core","Runesmith:UraniumAnvil"],"picked":"SacredBark"}],"items_purged_floors":[22],"is_endless":false,"potions_floor_spawned":[2,5,15,21,24],"killed_by":"Centurion and Healer","ascension_level":0}}