{"host":"gj32n68c553yo87c","time":1609123047,"event":{"mods":["BaseMod","Downfall","Jorbs\u0027s Wanderer Trilogy","Minty Spire (QoL Compilation)","Replay The Spire","StSLib"],"gold_per_floor":[111,36,36,50,66,66,77,92,115,190,190,90,90,123,123,219,219,229,247,187,187,62,62,62,62,87,187,205,218,69,69,69,169,169,169,169],"floor_reached":35,"playtime":1861,"items_purged":["stsjorbsmod:Strike_Wanderer","CommonCold","stsjorbsmod:Strike_Wanderer"],"score":353,"play_id":"2b963053-bdbc-4d5a-9d6b-f5d80b5a8216","local_time":"20201227183727","is_ascension_mode":false,"campfire_choices":[{"data":"stsjorbsmod:ScorchingRay","floor":6.0,"key":"SMITH"},{"data":"stsjorbsmod:TinyHut","floor":11.0,"key":"SMITH"},{"data":"stsjorbsmod:Prestidigitation","floor":15.0,"key":"SMITH"},{"data":"stsjorbsmod:DeathThroes","floor":23.0,"key":"SMITH"},{"data":"stsjorbsmod:ThirstingSword","floor":24.0,"key":"SMITH"},{"data":"stsjorbsmod:EyeOfTheStorm","floor":25.0,"key":"SMITH"},{"data":"stsjorbsmod:FreshAdventure","floor":32.0,"key":"SMITH"}],"circlet_count":0,"master_deck":["stsjorbsmod:ForbiddenGrimoire+1","stsjorbsmod:Strike_Wanderer+1","stsjorbsmod:Strike_Wanderer+1","stsjorbsmod:Defend_Wanderer+1","stsjorbsmod:Defend_Wanderer+1","stsjorbsmod:Defend_Wanderer+1","stsjorbsmod:Defend_Wanderer+1","stsjorbsmod:FreshAdventure+1","stsjorbsmod:EyeOfTheStorm+1","stsjorbsmod:Prestidigitation+1","stsjorbsmod:ScorchingRay+1","stsjorbsmod:TinyHut+1","stsjorbsmod:DeathThroes+1","stsjorbsmod:ThirstingSword+1","CurseOfTheBell","stsjorbsmod:GatherPower"],"relics":["stsjorbsmod:GrimoireRelic","ReplayTheSpireMod:Ring of Exchange","Vajra","Replay:Kaleidoscope","Calling Bell","Bronze Scales","Divine Protection","WingedGreaves","Whetstone","ReplayTheSpireMod:TigerMarble","Nloth\u0027s Gift","Chemical X"],"acts_visited":["Exordium","TheCity","TheBeyond"],"potions_floor_usage":[],"damage_taken":[{"damage":0.0,"enemies":"Small Slimes","floor":1.0,"turns":4.0},{"damage":4.0,"enemies":"Jaw Worm","floor":4.0,"turns":2.0},{"damage":5.0,"enemies":"2 Louse","floor":5.0,"turns":2.0},{"damage":3.0,"enemies":"Exordium Wildlife","floor":7.0,"turns":4.0},{"damage":5.0,"enemies":"Looter","floor":8.0,"turns":3.0},{"damage":11.0,"enemies":"Lagavulin","floor":14.0,"turns":6.0},{"damage":29.0,"enemies":"Slime Boss","floor":16.0,"turns":8.0},{"damage":0.0,"enemies":"3 Byrds","floor":18.0,"turns":3.0},{"damage":3.0,"enemies":"Shell Parasite","floor":19.0,"turns":5.0},{"damage":0.0,"enemies":"Snecko","floor":28.0,"turns":5.0},{"damage":18.0,"enemies":"Centurion and Healer","floor":29.0,"turns":7.0},{"damage":75.0,"enemies":"Champ","floor":33.0,"turns":9.0},{"damage":6,"enemies":"3 Darklings","floor":35,"turns":3}],"seed_played":"7840434472464783435","potions_obtained":[{"floor":1.0,"key":"Guardian:BlockOnCardUsePotion"},{"floor":4.0,"key":"champ:CounterPotion"},{"floor":5.0,"key":"SmokeBomb"},{"floor":7.0,"key":"SpeedPotion"},{"floor":29.0,"key":"EssenceOfSteel"},{"floor":33.0,"key":"FearPotion"}],"is_trial":false,"path_per_floor":["M","$","?","M","M","R","M","M","T","?","R","$","T","E","R","B",null,"M","M","?","?","$","R","R","R","T","?","M","M","$","?","R","B",null,"M"],"character_chosen":"WANDERER","items_purchased":["ReplayTheSpireMod:TigerMarble"],"campfire_rested":0,"item_purchase_floors":[30],"current_hp_per_floor":[74,74,74,71,67,67,65,61,61,50,50,50,50,42,42,13,74,74,73,73,73,73,73,73,73,73,73,74,56,56,56,56,11,72,66,66],"gold":169,"neow_bonus":"TEN_PERCENT_HP_BONUS","is_daily":false,"chose_seed":false,"campfire_upgraded":7,"win_rate":0.0,"timestamp":1609123047,"path_taken":["M","$","?","M","M","R","M","M","T","?","R","$","?","E","R","BOSS","M","M","?","?","$","R","R","R","T","?","?","M","?","?","R","BOSS","M"],"items_purchased_type":["Relic"],"build_version":"2020-12-13","purchased_purges":3,"victory":false,"max_hp_per_floor":[74,74,74,74,74,74,74,74,74,74,74,74,74,74,74,74,74,74,74,74,74,74,74,74,74,74,74,74,74,74,74,74,72,72,72,72],"card_choices":[{"not_picked":["stsjorbsmod:MageArmor","stsjorbsmod:DisguiseSelf","stsjorbsmod:Will"],"picked":"SKIP","floor":1.0},{"not_picked":["stsjorbsmod:ChatteringStrike","stsjorbsmod:Firebolt"],"picked":"stsjorbsmod:Prestidigitation","floor":4.0},{"not_picked":["stsjorbsmod:Fireball","stsjorbsmod:Materialize"],"picked":"stsjorbsmod:ScorchingRay","floor":5.0},{"not_picked":["stsjorbsmod:Will","stsjorbsmod:Counterspell","stsjorbsmod:TrueStrike"],"picked":"SKIP","floor":7.0},{"not_picked":["stsjorbsmod:DoubleCheck","stsjorbsmod:BurningFlask"],"picked":"stsjorbsmod:TinyHut","floor":8.0},{"not_picked":["stsjorbsmod:TinyHut","stsjorbsmod:ParryingBlow"],"picked":"stsjorbsmod:DeathThroes","floor":14.0},{"not_picked":["stsjorbsmod:Determination","stsjorbsmod:HoldMonster"],"picked":"stsjorbsmod:ThirstingSword","floor":16.0},{"not_picked":["stsjorbsmod:Prestidigitation","stsjorbsmod:HedgeWizard+1","stsjorbsmod:BlackTentacles"],"picked":"SKIP","floor":18.0},{"not_picked":["stsjorbsmod:DisguiseSelf","stsjorbsmod:FracturedMind","stsjorbsmod:BlackTentacles+1"],"picked":"SKIP","floor":19.0},{"not_picked":["stsjorbsmod:Firebolt","stsjorbsmod:ArcaneWeapon","stsjorbsmod:Mending+1"],"picked":"SKIP","floor":28.0},{"not_picked":["stsjorbsmod:RefuseToForget","stsjorbsmod:TinyHut+1","stsjorbsmod:Rest"],"picked":"SKIP","floor":29.0},{"not_picked":["stsjorbsmod:MirrorImage","stsjorbsmod:Rediscovery"],"picked":"stsjorbsmod:GatherPower","floor":33.0}],"player_experience":68207,"relics_obtained":[{"floor":3.0,"key":"ReplayTheSpireMod:Ring of Exchange"},{"floor":9.0,"key":"Vajra"},{"floor":13.0,"key":"Replay:Bottled Eggs"},{"floor":14.0,"key":"Replay:Kaleidoscope"},{"floor":17.0,"key":"Bronze Scales"},{"floor":17.0,"key":"Divine Protection"},{"floor":17.0,"key":"WingedGreaves"},{"floor":26.0,"key":"Whetstone"}],"event_choices":[{"damage_healed":0.0,"max_hp_gain":0.0,"max_hp_loss":0.0,"gold_gain":75.0,"event_name":"World of Goop","player_choice":"Gather Gold","floor":10.0,"gold_loss":0.0,"damage_taken":11.0},{"damage_healed":0.0,"max_hp_gain":0.0,"max_hp_loss":0.0,"gold_gain":100.0,"event_name":"Golden Shrine","player_choice":"Pray","floor":27.0,"gold_loss":0.0,"damage_taken":0.0},{"damage_healed":0.0,"max_hp_gain":0.0,"max_hp_loss":0.0,"gold_gain":0.0,"event_name":"N\u0027loth","player_choice":"Traded Relic","floor":31.0,"relics_lost":["Replay:Bottled Eggs"],"gold_loss":0.0,"damage_taken":0.0,"relics_obtained":["Nloth\u0027s Gift"]}],"is_beta":false,"boss_relics":[{"not_picked":["Cursed Key","Astrolabe"],"picked":"Calling Bell"},{"not_picked":["Replay:Wanted Poster","ChewingGum"],"picked":"Chemical X"}],"items_purged_floors":[2,12,22],"is_endless":false,"potions_floor_spawned":[1,4,5,7,28,29,33],"killed_by":"3 Darklings","ascension_level":0}}