{"host":"k0kjm4m87pwj4phr","time":1609150966,"event":{"mods":["BaseMod","Colored Map","Colored Powertips","Minty Spire (QoL Compilation)","Permanent Neow","Quick Restart","Relic Stats","StSLib","¡¾ÒÅÎï¿¨ÅÆ¡¿REMEMod","óô»ðÖ¸ÄÏ"],"gold_per_floor":[111,124,144,161,224,224,224],"floor_reached":6,"playtime":240,"items_purged":[],"score":76,"play_id":"e1c41adc-aa20-4d8b-a53a-66e82fb5bd2c","local_time":"20201228182246","is_ascension_mode":true,"campfire_choices":[],"circlet_count":0,"master_deck":["AscendersBane","Strike_G","Strike_G","Strike_G","Strike_G","Strike_G","Defend_G","Defend_G","Defend_G","Survivor","Neutralize","REME_BattleFury","Blade Dance","Concentrate","Underhanded Strike"],"relics":["REME_ComplimentaryCards","Empty Cage"],"acts_visited":["Exordium"],"potions_floor_usage":[],"damage_taken":[{"damage":2,"enemies":"2 Louse","floor":1,"turns":3},{"damage":7,"enemies":"Jaw Worm","floor":2,"turns":3},{"damage":4,"enemies":"Cultist","floor":3,"turns":3},{"damage":11,"enemies":"3 Louse","floor":4,"turns":4},{"damage":35,"enemies":"Lagavulin","floor":6,"turns":5}],"seed_played":"6026010366808303268","potions_obtained":[{"floor":3,"key":"GamblersBrew"}],"is_trial":false,"path_per_floor":["M","M","M","M","?","E"],"character_chosen":"THE_SILENT","items_purchased":[],"campfire_rested":0,"item_purchase_floors":[],"current_hp_per_floor":[57,50,46,35,35,0,0],"gold":224,"neow_bonus":"BOSS_RELIC","is_daily":false,"chose_seed":false,"campfire_upgraded":0,"win_rate":0.0,"timestamp":1609150966,"path_taken":["M","M","M","M","?","E"],"items_purchased_type":[],"build_version":"2020-12-22","purchased_purges":0,"victory":false,"max_hp_per_floor":[66,66,66,66,66,66,66],"relic_stats":{"counters":[5,18],"obtain_stats":[{"Empty Cage":0,"Ring of the Snake":0,"REME_ComplimentaryCards":0},{"Empty Cage":0,"Ring of the Snake":0,"REME_ComplimentaryCards":0},{"Empty Cage":0,"Ring of the Snake":0,"REME_ComplimentaryCards":0}]},"card_choices":[{"not_picked":["Poisoned Stab","Masterful Stab"],"picked":"Blade Dance","floor":1},{"not_picked":["Flying Knee","Dodge and Roll"],"picked":"Concentrate","floor":2},{"not_picked":["Cloak And Dagger","Poisoned Stab","Leg Sweep"],"picked":"SKIP","floor":3},{"not_picked":["Dash","Endless Agony"],"picked":"Underhanded Strike","floor":4}],"player_experience":434085,"relics_obtained":[],"event_choices":[{"damage_healed":0,"gold_gain":63,"player_choice":"Gained Gold","damage_taken":0,"max_hp_gain":0,"max_hp_loss":0,"event_name":"Golden Wing","floor":5,"gold_loss":0}],"is_beta":false,"boss_relics":[],"items_purged_floors":[],"is_endless":false,"potions_floor_spawned":[3],"killed_by":"Lagavulin","ascension_level":20}}