{"host":"ilxricga2547gmyy","time":1609159009,"event":{"mods":["AchievementEnabler","BaseMod","Minty Spire (QoL Compilation)","Quick Restart","StSLib"],"gold_per_floor":[117,135,148,164,183,183,197,231,254,279,279,291,291,310,310,409,409,409,191,106,106,106,106,106],"floor_reached":23,"playtime":775,"items_purged":["Feel No Pain"],"score":336,"play_id":"9008f6e8-866b-42dc-9c00-6a5ff989cb42","local_time":"20201228133649","is_ascension_mode":true,"campfire_choices":[{"data":"True Grit","floor":6,"key":"SMITH"},{"floor":13,"key":"REST"},{"data":"Dropkick","floor":15,"key":"SMITH"}],"circlet_count":0,"master_deck":["AscendersBane","Strike_R","Strike_R","Strike_R","Strike_R","Strike_R","Defend_R","Defend_R","Defend_R","Defend_R","Bash","Clash","Flame Barrier","Wild Strike","Wild Strike","True Grit+1","Thunderclap+1","Cleave+1","Seeing Red","Dropkick+1","Feed","Clash+1","Shrug It Off","True Grit"],"relics":["Burning Blood","Darkstone Periapt","Whetstone","Strawberry","Ectoplasm","Sling","Lantern"],"acts_visited":["Exordium","TheCity"],"potions_floor_usage":[7,8,16],"damage_taken":[{"damage":6,"enemies":"Cultist","floor":1,"turns":4},{"damage":2,"enemies":"Jaw Worm","floor":2,"turns":3},{"damage":4,"enemies":"2 Louse","floor":3,"turns":5},{"damage":11,"enemies":"Large Slime","floor":4,"turns":7},{"damage":6,"enemies":"Looter","floor":5,"turns":3},{"damage":0,"enemies":"Lots of Slimes","floor":7,"turns":5},{"damage":51,"enemies":"Lagavulin","floor":8,"turns":8},{"damage":21,"enemies":"Gremlin Nob","floor":10,"turns":4},{"damage":3,"enemies":"Large Slime","floor":12,"turns":3},{"damage":8,"enemies":"Gremlin Gang","floor":14,"turns":3},{"damage":17,"enemies":"Slime Boss","floor":16,"turns":11},{"damage":0,"enemies":"Chosen","floor":18,"turns":4},{"damage":7,"enemies":"3 Byrds","floor":21,"turns":4},{"damage":50,"enemies":"Sentry and Sphere","floor":22,"turns":6},{"damage":61,"enemies":"Gremlin Leader","floor":23,"turns":4}],"seed_played":"-4444087255705860865","potions_obtained":[{"floor":1,"key":"DistilledChaos"},{"floor":2,"key":"Ancient Potion"},{"floor":3,"key":"BloodPotion"},{"floor":10,"key":"PowerPotion"},{"floor":14,"key":"BlessingOfTheForge"}],"is_trial":false,"path_per_floor":["M","M","M","M","M","R","M","E","T","E","?","M","R","M","R","B",null,"M","$","?","M","M","E"],"character_chosen":"IRONCLAD","items_purchased":["Sling"],"campfire_rested":1,"item_purchase_floors":[19],"current_hp_per_floor":[80,84,86,81,81,81,87,42,42,34,34,37,65,63,63,52,84,93,93,93,92,51,0,0],"gold":106,"neow_bonus":"TEN_PERCENT_HP_BONUS","is_daily":false,"chose_seed":false,"campfire_upgraded":2,"win_rate":0.0,"timestamp":1609159009,"path_taken":["M","M","?","M","M","R","M","E","T","E","?","M","R","M","R","BOSS","M","$","?","M","M","E"],"items_purchased_type":["Relic"],"build_version":"2020-12-22","purchased_purges":1,"victory":false,"max_hp_per_floor":[88,88,88,88,88,88,88,88,88,95,95,95,95,95,95,95,95,98,98,98,98,101,101,101],"card_choices":[{"not_picked":["Reckless Charge","Clothesline"],"picked":"Clash","floor":1},{"not_picked":["Ghostly Armor","Iron Wave"],"picked":"Flame Barrier","floor":2},{"not_picked":["Havoc","Second Wind"],"picked":"Wild Strike","floor":3},{"not_picked":["Perfected Strike","Pommel Strike"],"picked":"Wild Strike","floor":4},{"not_picked":["Sword Boomerang","Heavy Blade"],"picked":"True Grit","floor":5},{"not_picked":["Rage","Body Slam"],"picked":"Thunderclap","floor":7},{"not_picked":["Dual Wield","Body Slam"],"picked":"Cleave","floor":8},{"not_picked":["Rampage","Iron Wave"],"picked":"Seeing Red","floor":10},{"not_picked":["Entrench","Juggernaut"],"picked":"Feel No Pain","floor":12},{"not_picked":["Reckless Charge","Fire Breathing"],"picked":"Dropkick","floor":14},{"not_picked":["Offering","Brutality"],"picked":"Feed","floor":16},{"not_picked":["Flex+1","Bloodletting+1"],"picked":"Clash+1","floor":18},{"not_picked":["Body Slam","Wild Strike"],"picked":"Shrug It Off","floor":21},{"not_picked":["Combust","Shrug It Off"],"picked":"True Grit","floor":22}],"player_experience":260648,"relics_obtained":[{"floor":8,"key":"Darkstone Periapt"},{"floor":9,"key":"Whetstone"},{"floor":10,"key":"Strawberry"}],"event_choices":[{"damage_healed":0,"gold_gain":0,"player_choice":"Ignored","damage_taken":0,"max_hp_gain":0,"max_hp_loss":0,"event_name":"Liars Game","floor":11,"gold_loss":0},{"damage_healed":0,"gold_gain":0,"player_choice":"Obtained Relic","damage_taken":0,"relics_obtained":["Lantern"],"max_hp_gain":0,"max_hp_loss":0,"event_name":"Addict","floor":20,"gold_loss":85}],"is_beta":false,"boss_relics":[{"not_picked":["Runic Dome","SacredBark"],"picked":"Ectoplasm"}],"items_purged_floors":[19],"is_endless":false,"potions_floor_spawned":[1,2,3,10,14],"killed_by":"Gremlin Leader","ascension_level":10}}