{"host":"mniz8q056kux99zk","time":1609115695,"event":{"mods":["Act Like it!","BaseMod","CapriCore","Highlight Path","Hubris","Infinite Spire","Marisa????????","Minty Spire (QoL Compilation)","Replay The Spire","StSLib","The Administrix","The Cursed"],"gold_per_floor":[118,128,128,128,203,203,203,229,229,249,249,4,35,35,35,151,151,165,165,49,124,65,65,105,105,156,114,167,167,112,48,48,192,242,274,202,202],"floor_reached":36,"playtime":1858,"items_purged":[],"score":424,"play_id":"557a64e5-2367-441b-aec8-c1e97d336c61","local_time":"20201227193455","is_ascension_mode":true,"campfire_choices":[{"floor":6,"key":"REST"},{"floor":11,"key":"REST"},{"data":"CollectingQuirk","floor":15,"key":"SMITH"},{"floor":23,"key":"REST"},{"floor":25,"key":"REST"},{"floor":32,"key":"REST"}],"circlet_count":0,"master_deck":["Strike_MRS","Strike_MRS+1","Strike_MRS","Strike_MRS","Defend_MRS","Defend_MRS","Defend_MRS","Defend_MRS","MasterSpark","UpSweep","PowerUp+1","MysteriousBeam+1","LuminesStrike","EnergyFlow","ReplayTheSpireMod:IOU","MilkyWay","MilkyWay","WitchOfGreed","LuminesStrike","6A","CollectingQuirk+1","JA","DarkMatter","WitchOfGreed","DoubleSpark+1","ManaRampage","DarkSpark","PulseMagic","CollectingQuirk+1","FairyDestructionRay","WitchOfGreed","JA","Singularity","SprinkleStarSeal+1"],"relics":["RampagingMagicTools","hubris:Icosahedron","Replay:Wax Seal","Bottled Flame","HandmadeGrimoire","Replay:Grab Bag","Fusion Hammer","ReplayTheSpireMod:DimensionalGlitch","Black Star","Runic Pyramid","Bottled Tornado","Shuriken","Juzu Bracelet","infinitespire:Midas Blood","Onion Ring","DollysMirror","Red Mask","Tiny House"],"acts_visited":["Exordium","TheCity","TheBeyond"],"potions_floor_usage":[16,18,22,27,27,27,30,33,33,36,36,36],"damage_taken":[{"damage":3,"enemies":"Cultist","floor":1,"turns":3},{"damage":8,"enemies":"Jaw Worm","floor":2,"turns":2},{"damage":16,"enemies":"Replay:BlueRogue","floor":8,"turns":4},{"damage":0,"enemies":"Small Slimes","floor":10,"turns":1},{"damage":0,"enemies":"2 Fungi Beasts","floor":13,"turns":3},{"damage":45,"enemies":"The Guardian","floor":16,"turns":8},{"damage":0,"enemies":"Shell Parasite","floor":18,"turns":1},{"damage":20,"enemies":"3 Byrds","floor":22,"turns":4},{"damage":1,"enemies":"3 Cultists","floor":24,"turns":3},{"damage":12,"enemies":"Nightmare","floor":27,"turns":5},{"damage":11,"enemies":"Shelled Parasite and Fungi","floor":28,"turns":2},{"damage":0,"enemies":"Masked Bandits","floor":30,"turns":3},{"damage":6,"enemies":"Chosen and Byrds","floor":31,"turns":2},{"damage":43,"enemies":"hubris:MusketHawk","floor":33,"turns":5},{"damage":6,"enemies":"3 Darklings","floor":35,"turns":2},{"damage":8,"enemies":"infinitespire:Three Voidlings","floor":36,"turns":2},{"damage":71,"enemies":"Nightmare_Alpha","floor":36,"turns":3}],"seed_played":"-679971814635518442","potions_obtained":[{"floor":13,"key":"AttackPotion"},{"floor":16,"key":"Fire Potion"},{"floor":16,"key":"BottledSpark"},{"floor":18,"key":"SpeedPotion"},{"floor":22,"key":"Energy Potion"},{"floor":22,"key":"FearPotion"},{"floor":24,"key":"EssenceOfSteel"},{"floor":27,"key":"ColorlessPotion"},{"floor":27,"key":"Toxic Potion"},{"floor":28,"key":"SkillPotion"},{"floor":28,"key":"PowerPotion"},{"floor":30,"key":"GamblersBrew"},{"floor":33,"key":"Energy Potion"},{"floor":33,"key":"Explosive Potion"},{"floor":35,"key":"Energy Potion"}],"is_trial":false,"path_per_floor":["M","M","?","?","?","R","?","E","T","M","R","$","M","?","R","B",null,"M","?","$","?","M","R","M","R","T","NM","M","AVR","?","M","R","B",null,"M","?"],"character_chosen":"MARISA","items_purchased":["HandmadeGrimoire","MilkyWay","WitchOfGreed","LuminesStrike","6A","Bottled Tornado","Shuriken","WitchOfGreed"],"campfire_rested":5,"item_purchase_floors":[12,12,12,12,12,20,20,20],"current_hp_per_floor":[72,64,64,64,53,75,75,59,59,59,75,75,75,75,75,30,75,75,61,61,53,33,57,56,80,80,68,57,57,57,51,75,32,85,79,0,0],"gold":202,"neow_bonus":"BOSS_RELIC","is_daily":false,"chose_seed":false,"campfire_upgraded":1,"win_rate":0.0,"timestamp":1609115695,"path_taken":["M","M","?","?","?","R","?","E","T","M","R","$","M","?","R","BOSS","M","?","$","?","M","R","?","R","T","NM","M","AVR","?","M","R","BOSS","M","?"],"items_purchased_type":["Relic","Card","Card","Card","Card","Relic","Relic","Card"],"build_version":"2020-12-22","purchased_purges":0,"victory":false,"max_hp_per_floor":[75,75,75,75,75,75,75,75,75,75,75,75,75,75,75,75,75,75,80,80,80,80,80,80,80,80,80,80,80,80,80,80,80,85,85,85,85],"card_choices":[{"not_picked":["GravityBeat","WitchLeyline"],"picked":"PowerUp","floor":1},{"not_picked":["BlazingStar","PowerUp"],"picked":"MysteriousBeam","floor":2},{"not_picked":["IllusionStar","MilkyWay"],"picked":"LuminesStrike","floor":8},{"not_picked":["PowerUp","Acceleration"],"picked":"EnergyFlow","floor":10},{"not_picked":["PulseMagic","SuperPerseids"],"picked":"CollectingQuirk","floor":13},{"not_picked":["MaximisePower","BlazingStar"],"picked":"JA","floor":16},{"not_picked":["SporeBomb","Acceleration"],"picked":"DarkMatter","floor":18},{"not_picked":["SporeBomb","IllusionStar+1"],"picked":"DoubleSpark+1","floor":22},{"not_picked":["WitchOfGreed","SuperPerseids"],"picked":"ManaRampage","floor":24},{"not_picked":["DeepEcoloBomb","DoubleSpark"],"picked":"DarkSpark","floor":27},{"not_picked":["SporeBomb","MilkyWay+1"],"picked":"PulseMagic","floor":28},{"not_picked":["RefractionSpark","IllusionStar"],"picked":"FairyDestructionRay","floor":30},{"not_picked":["Acceleration+1","Robbery"],"picked":"WitchOfGreed","floor":31},{"not_picked":["AbsoluteMagnitude","BlazingStar"],"picked":"JA","floor":33},{"not_picked":["IllusionStar+1","ManaConvection"],"picked":"Singularity","floor":34},{"not_picked":["EventHorizon","Acceleration+1"],"picked":"SprinkleStarSeal+1","floor":35}],"player_experience":110691,"relics_obtained":[{"floor":8,"key":"Replay:Wax Seal"},{"floor":9,"key":"Bottled Flame"},{"floor":26,"key":"Juzu Bracelet"},{"floor":27,"key":"infinitespire:Midas Blood"},{"floor":27,"key":"Onion Ring"},{"floor":30,"key":"Red Mask"}],"event_choices":[{"damage_healed":0,"gold_gain":0,"player_choice":"Leave","damage_taken":0,"max_hp_gain":0,"max_hp_loss":0,"event_name":"The Cleric","floor":4,"gold_loss":0},{"damage_healed":0,"gold_gain":75,"player_choice":"Gather Gold","damage_taken":11,"max_hp_gain":0,"max_hp_loss":0,"event_name":"World of Goop","floor":5,"gold_loss":0},{"damage_healed":0,"gold_gain":0,"player_choice":"Forge","damage_taken":0,"max_hp_gain":0,"max_hp_loss":0,"event_name":"Accursed Blacksmith","floor":14,"gold_loss":0,"cards_upgraded":["MysteriousBeam"]},{"damage_healed":0,"gold_gain":0,"player_choice":"Shed Blood","damage_taken":19,"max_hp_gain":5,"max_hp_loss":0,"event_name":"Forgotten Altar","floor":19,"gold_loss":0},{"damage_healed":0,"gold_gain":75,"player_choice":"Touch","damage_taken":8,"max_hp_gain":0,"max_hp_loss":0,"event_name":"FaceTrader","floor":21,"gold_loss":0},{"damage_healed":0,"gold_gain":0,"player_choice":"Fought Bandits","damage_taken":0,"max_hp_gain":0,"max_hp_loss":0,"event_name":"Masked Bandits","floor":30,"gold_loss":0}],"is_beta":false,"boss_relics":[{"not_picked":["hubris:Backtick","Ring of Chaos"],"picked":"Replay:Grab Bag"},{"not_picked":["Cursed Key","Busted Crown"],"picked":"Fusion Hammer"},{"not_picked":["Replay:Bronze Core","hubris:CrackedHourglass"],"picked":"ReplayTheSpireMod:DimensionalGlitch"},{"not_picked":["hubris:Stopwatch","hubris:BlackHole"],"picked":"Black Star"},{"not_picked":["ReplayTheSpireMod:SealedPack","Astrolabe"],"picked":"Runic Pyramid"},{"not_picked":["hubris:RunicObelisk","Coffee Dripper"],"picked":"Tiny House"}],"items_purged_floors":[],"is_endless":true,"potions_floor_spawned":[16,18,30,35],"killed_by":"Nightmare_Alpha","ascension_level":1}}