{"host":"cjhtzh7tp54jdfyv","time":1609188565,"event":{"mods":["AchievementEnabler","BaseMod","Colored Map","Colored Powertips","Curses Come First","DeckTracker","Filter the Spire","Hermit","Minty Spire (QoL Compilation)","RNG Fix","Relic Sorter","Relic Stats","StSLib","The Cursed","The Disciple","The Marked","UnlockEverythingMod","Waifu the Spire","ojb\u0027s Better Paths Mod","ojb\u0027s Info Mod"],"gold_per_floor":[111,127,16,16,30,61,61,79,105,105,105,137,137,162,162,234,234,250,300,350,26,76,104,154,185,211,239,252,270,210,228,228,302,302,315,391,441,307,320,320,339,369,443,474,493,543,593,622,622,622,622,622,622,45,71,71],"floor_reached":57,"playtime":5156,"items_purged":["TheCursedMod:HellsGateOpen","Pain"],"score":3403,"play_id":"f3a37d6a-c5c4-41ef-b398-9947109ddea4","local_time":"20201228154925","is_ascension_mode":true,"campfire_choices":[{"data":"1","floor":7.0,"key":"LIFT"},{"data":"2","floor":10.0,"key":"LIFT"},{"data":"3","floor":13.0,"key":"LIFT"},{"floor":15.0,"key":"RECALL"},{"floor":32.0,"key":"REST"},{"floor":40.0,"key":"REST"},{"floor":49.0,"key":"REST"},{"floor":53.0,"key":"REST"}],"circlet_count":0,"master_deck":["AscendersBane","TheCursedMod:CursedWand","TheCursedMod:CleanUpWorkshop","TheCursedMod:Dregs","TheCursedMod:CircleOfFlame","TheCursedMod:SpitefulStrike+1","TheCursedMod:CursedStaff","TheCursedMod:DarkBarrier+1","TheCursedMod:RapidMovement+1","TheCursedMod:ReleasedStrength+1","TheCursedMod:DarkBarrier+1","TheCursedMod:NeowsMight+1","TheCursedMod:StunningStrike","TheCursedMod:Wield","TheCursedMod:DarkBarrier+1","TheCursedMod:CursedShiv","TheCursedMod:Neurasthenia+1","TheCursedMod:TroublousMinions+1","TheCursedMod:RapidMovement+1","TheCursedMod:NeowsMight+1","TheCursedMod:ParallelWorld+1","TheCursedMod:CircleOfBlood+1","TheCursedMod:CursedSpellbook+1","TheCursedMod:Wield","TheCursedMod:PrepareRite+1","TheCursedMod:CollectTribute","TheCursedMod:ManaCirculation","TheCursedMod:SpitefulPray+1","Writhe","TheCursedMod:Wield","TheCursedMod:ManaCirculation","TheCursedMod:SpitefulPlan","Impatience+1","Madness+1","Flash of Steel","TheCursedMod:Wield","TheCursedMod:RapidMovement+1","TheCursedMod:SurpriseAttack"],"relics":["Fusion Hammer","Girya","Toxic Egg 2","SsserpentHead","Kunai","TheCursedMod:DemonicMark","Pandora\u0027s Box","Orrery","PreservedInsect","Enchiridion","FossilizedHelix","Mercury Hourglass","Potion Belt","Lizard Tail","Runic Dome","Centennial Puzzle","TungstenRod","Meat on the Bone","Ornamental Fan","WarpedTongs","Ice Cream","Toy Ornithopter","Bird Faced Urn"],"acts_visited":["Exordium","TheCity","TheBeyond","TheEnding"],"potions_floor_usage":[56],"damage_taken":[{"damage":0.0,"enemies":"Cultist","floor":1.0,"turns":4.0},{"damage":0.0,"enemies":"Small Slimes","floor":2.0,"turns":5.0},{"damage":5.0,"enemies":"Jaw Worm","floor":5.0,"turns":4.0},{"damage":26.0,"enemies":"Lagavulin","floor":6.0,"turns":6.0},{"damage":2.0,"enemies":"Large Slime","floor":8.0,"turns":5.0},{"damage":0.0,"enemies":"Gremlin Nob","floor":12.0,"turns":4.0},{"damage":7.0,"enemies":"Lagavulin","floor":14.0,"turns":4.0},{"damage":4.0,"enemies":"Hexaghost","floor":16.0,"turns":9.0},{"damage":1.0,"enemies":"2 Thieves","floor":18.0,"turns":4.0},{"damage":17.0,"enemies":"Slavers","floor":23.0,"turns":4.0},{"damage":0.0,"enemies":"Book of Stabbing","floor":25.0,"turns":4.0},{"damage":0.0,"enemies":"Slavers","floor":27.0,"turns":3.0},{"damage":0.0,"enemies":"Spheric Guardian","floor":28.0,"turns":1.0},{"damage":1.0,"enemies":"Snecko","floor":29.0,"turns":4.0},{"damage":31.0,"enemies":"Cultist and Chosen","floor":31.0,"turns":5.0},{"damage":0.0,"enemies":"Champ","floor":33.0,"turns":8.0},{"damage":0.0,"enemies":"3 Shapes","floor":35.0,"turns":5.0},{"damage":1.0,"enemies":"Orb Walker","floor":39.0,"turns":1.0},{"damage":9.0,"enemies":"4 Shapes","floor":41.0,"turns":4.0},{"damage":0.0,"enemies":"Giant Head","floor":42.0,"turns":5.0},{"damage":0.0,"enemies":"Nemesis","floor":44.0,"turns":3.0},{"damage":0.0,"enemies":"Jaw Worm Horde","floor":45.0,"turns":3.0},{"damage":4.0,"enemies":"Giant Head","floor":48.0,"turns":4.0},{"damage":8.0,"enemies":"Awakened One","floor":50.0,"turns":6.0},{"damage":0.0,"enemies":"Time Eater","floor":51.0,"turns":12.0},{"damage":0.0,"enemies":"Shield and Spear","floor":55.0,"turns":4.0},{"damage":10,"enemies":"The Heart","floor":56,"turns":8}],"seed_played":"7918532652969074048","potions_obtained":[{"floor":2.0,"key":"AttackPotion"},{"floor":6.0,"key":"Swift Potion"},{"floor":16.0,"key":"LiquidBronze"},{"floor":18.0,"key":"Ancient Potion"},{"floor":28.0,"key":"Strength Potion"},{"floor":31.0,"key":"ColorlessPotion"},{"floor":45.0,"key":"Weak Potion"},{"floor":48.0,"key":"TheCursedMod:DregsPotion"}],"is_trial":false,"path_per_floor":["M","M","$","?","M","E","R","M","T","R","?","E","R","E","R","B",null,"M","?","?","$","?","E","?","E","T","E","M","M","?","M","R","B",null,"M","T","?","$","M","R","M","E","T","E","M","?","?","E","R","B","B",null,"R","$","E","B",null],"character_chosen":"THE_CURSED","items_purchased":["TheCursedMod:SpitefulStrike","PowerPotion","Orrery","PreservedInsect","TheCursedMod:Wield","TheCursedMod:RapidMovement+1","FairyPotion","TheCursedMod:DregsPotion","Toy Ornithopter","TheCursedMod:SurpriseAttack"],"campfire_rested":4,"item_purchase_floors":[3,3,21,21,38,54,54,54,54,54],"current_hp_per_floor":[64,64,64,64,59,33,33,31,31,31,31,31,31,24,24,20,58,57,57,57,57,36,19,33,33,33,33,49,56,56,29,50,62,69,69,69,71,71,71,71,71,71,71,71,71,71,62,62,71,71,71,71,71,71,71,71],"gold":71,"neow_bonus":"BOSS_RELIC","is_daily":false,"chose_seed":false,"campfire_upgraded":0,"win_rate":0.0,"timestamp":1609188565,"path_taken":["M","M","$","?","M","E","R","M","T","R","?","E","R","E","R","BOSS","M","?","?","$","?","E","?","E","T","E","M","M","?","M","R","BOSS","M","?","?","$","M","R","M","E","T","E","M","?","?","E","R","BOSS","BOSS","R","$","E","BOSS"],"items_purchased_type":["Card","Potion","Relic","Relic","Card","Card","Potion","Potion","Relic","Card"],"build_version":"2020-12-22","purchased_purges":2,"victory":true,"max_hp_per_floor":[71,71,71,71,71,71,71,71,71,71,71,71,71,71,71,71,71,71,71,71,71,71,71,71,71,71,71,71,71,71,71,71,71,71,71,71,71,71,71,71,71,71,71,71,71,71,71,71,71,71,71,71,71,71,71,71],"relic_stats":{"counters":[27,129],"PreservedInsect":546,"Mercury Hourglass":[268],"WarpedTongs":[32],"SsserpentHead":450,"Lizard Tail":0,"Centennial Puzzle":[15],"Ornamental Fan":[136],"Bird Faced Urn":[1],"Pandora\u0027s Box":["TheCursedMod:HellsGateOpen","TheCursedMod:StunningStrike","TheCursedMod:Wield","TheCursedMod:DarkBarrier","TheCursedMod:CursedShiv","TheCursedMod:Neurasthenia","TheCursedMod:UltimatePain","TheCursedMod:TroublousMinions"],"Kunai":[60],"obtain_stats":[{"Potion Belt":26,"Ice Cream":48,"TheCursedMod:BlackMagic101":0,"Girya":4,"Enchiridion":22,"PreservedInsect":21,"TheCursedMod:DemonicMark":14,"Mercury Hourglass":25,"WarpedTongs":46,"SsserpentHead":11,"Runic Dome":34,"Lizard Tail":27,"Centennial Puzzle":36,"Ornamental Fan":44,"Bird Faced Urn":55,"Orrery":21,"Pandora\u0027s Box":17,"Fusion Hammer":0,"Kunai":12,"Toxic Egg 2":6,"FossilizedHelix":23,"TungstenRod":42,"Toy Ornithopter":54,"Meat on the Bone":43},{"Potion Belt":11,"Ice Cream":23,"TheCursedMod:BlackMagic101":0,"Girya":2,"Enchiridion":9,"PreservedInsect":9,"TheCursedMod:DemonicMark":7,"Mercury Hourglass":11,"WarpedTongs":22,"SsserpentHead":5,"Runic Dome":16,"Lizard Tail":12,"Centennial Puzzle":17,"Ornamental Fan":21,"Bird Faced Urn":26,"Orrery":9,"Pandora\u0027s Box":8,"Fusion Hammer":0,"Kunai":6,"Toxic Egg 2":4,"FossilizedHelix":10,"TungstenRod":20,"Toy Ornithopter":25,"Meat on the Bone":20},{"Potion Belt":53,"Ice Cream":99,"TheCursedMod:BlackMagic101":0,"Girya":9,"Enchiridion":45,"PreservedInsect":45,"TheCursedMod:DemonicMark":32,"Mercury Hourglass":53,"WarpedTongs":95,"SsserpentHead":24,"Runic Dome":74,"Lizard Tail":56,"Centennial Puzzle":79,"Ornamental Fan":92,"Bird Faced Urn":121,"Orrery":45,"Pandora\u0027s Box":41,"Fusion Hammer":0,"Kunai":28,"Toxic Egg 2":19,"FossilizedHelix":49,"TungstenRod":89,"Toy Ornithopter":117,"Meat on the Bone":89}],"TungstenRod":46,"Toy Ornithopter":5,"Meat on the Bone":0},"card_choices":[{"not_picked":["TheCursedMod:CircleOfCorruption","TheCursedMod:FleshFromBone","TheCursedMod:CursedAmulet"],"picked":"SKIP","floor":1.0},{"not_picked":["TheCursedMod:CircleOfCorruption","TheCursedMod:PrepareRite"],"picked":"TheCursedMod:CircleOfFlame","floor":2.0},{"not_picked":["TheCursedMod:RapidMovement","TheCursedMod:AshesToAshes"],"picked":"TheCursedMod:CursedStaff","floor":5.0},{"not_picked":["TheCursedMod:SpitefulPlan","TheCursedMod:FuryStrike"],"picked":"TheCursedMod:DarkBarrier+1","floor":6.0},{"not_picked":["TheCursedMod:FleshFromBone+1","TheCursedMod:CursedMace"],"picked":"TheCursedMod:RapidMovement+1","floor":8.0},{"not_picked":["TheCursedMod:CircleOfFlame+1","TheCursedMod:WearCloak+1"],"picked":"TheCursedMod:ReleasedStrength+1","floor":12.0},{"not_picked":["TheCursedMod:CircleOfCorruption+1","TheCursedMod:FuryStrike"],"picked":"TheCursedMod:DarkBarrier+1","floor":14.0},{"not_picked":["TheCursedMod:StunningStrike","TheCursedMod:CursedRelics"],"picked":"TheCursedMod:NeowsMight+1","floor":16.0},{"not_picked":["TheCursedMod:WearCloak+1","TheCursedMod:HellsGateOpen","TheCursedMod:RavingStaff"],"picked":"SKIP","floor":18.0},{"not_picked":["TheCursedMod:ManaCirculation","TheCursedMod:ReleasedKnowledge+1"],"picked":"TheCursedMod:RapidMovement+1","floor":21.0},{"not_picked":["TheCursedMod:CursedShiv+1","TheCursedMod:LuckyCharm"],"picked":"TheCursedMod:NeowsMight+1","floor":21.0},{"not_picked":["TheCursedMod:SurpriseAttack","TheCursedMod:FleshFromBone+1"],"picked":"TheCursedMod:ParallelWorld+1","floor":21.0},{"not_picked":["TheCursedMod:SoulCrush","TheCursedMod:CircleOfCorruption+1","TheCursedMod:Mangle"],"picked":"SKIP","floor":23.0},{"not_picked":["TheCursedMod:CursedShiv","TheCursedMod:SpitefulStrike"],"picked":"TheCursedMod:CircleOfBlood+1","floor":25.0},{"not_picked":["TheCursedMod:CircleOfFlame+1","TheCursedMod:SpreadPlague+1"],"picked":"TheCursedMod:CursedSpellbook+1","floor":27.0},{"not_picked":["TheCursedMod:RapidMovement+1","TheCursedMod:SoulCrush"],"picked":"TheCursedMod:Wield","floor":28.0},{"not_picked":["TheCursedMod:SmokeScreen+1","TheCursedMod:ManaBullet+1"],"picked":"TheCursedMod:PrepareRite+1","floor":29.0},{"not_picked":["TheCursedMod:CursedBlade+1","TheCursedMod:RavingStaff"],"picked":"TheCursedMod:CollectTribute","floor":31.0},{"not_picked":["TheCursedMod:ParallelWorld+1","TheCursedMod:VoidForm"],"picked":"TheCursedMod:ManaCirculation","floor":33.0},{"not_picked":["TheCursedMod:SpitefulStrike","TheCursedMod:SpreadPlague+1"],"picked":"TheCursedMod:SpitefulPray+1","floor":35.0},{"not_picked":["TheCursedMod:Stigma+1","TheCursedMod:VitalStrike","TheCursedMod:TacticalStrike"],"picked":"SKIP","floor":39.0},{"not_picked":["TheCursedMod:FleshFromBone+1","TheCursedMod:CursedShiv"],"picked":"TheCursedMod:ManaCirculation","floor":41.0},{"not_picked":["TheCursedMod:BloodBarrier+1","TheCursedMod:Stigma","TheCursedMod:Mangle"],"picked":"SKIP","floor":42.0},{"not_picked":["TheCursedMod:CursedMace","TheCursedMod:FleshFromBone+1"],"picked":"TheCursedMod:SpitefulPlan","floor":44.0},{"not_picked":["TheCursedMod:SpitefulStrike","TheCursedMod:Obscuration+1","TheCursedMod:StingEye+1"],"picked":"SKIP","floor":45.0},{"not_picked":["Enlightenment+1","Trip+1"],"picked":"Impatience+1","floor":47.0},{"not_picked":["Jack Of All Trades+1","Magnetism"],"picked":"Madness+1","floor":47.0},{"not_picked":["HandOfGreed","Dramatic Entrance"],"picked":"Flash of Steel","floor":47.0},{"not_picked":["TheCursedMod:CursedBoomerang","TheCursedMod:RavingStaff"],"picked":"TheCursedMod:Wield","floor":48.0},{"not_picked":["TheCursedMod:CursedBoomerang","TheCursedMod:CursedStaff","TheCursedMod:Stretching+1"],"picked":"SKIP","floor":55.0}],"player_experience":4476234,"relics_obtained":[{"floor":6.0,"key":"Toxic Egg 2"},{"floor":12.0,"key":"Kunai"},{"floor":14.0,"key":"TheCursedMod:DemonicMark"},{"floor":22.0,"key":"Enchiridion"},{"floor":23.0,"key":"FossilizedHelix"},{"floor":25.0,"key":"Mercury Hourglass"},{"floor":26.0,"key":"Potion Belt"},{"floor":27.0,"key":"Lizard Tail"},{"floor":36.0,"key":"Centennial Puzzle"},{"floor":42.0,"key":"TungstenRod"},{"floor":43.0,"key":"Meat on the Bone"},{"floor":44.0,"key":"Ornamental Fan"},{"floor":48.0,"key":"Ice Cream"},{"floor":55.0,"key":"Bird Faced Urn"}],"event_choices":[{"damage_healed":0.0,"max_hp_gain":0.0,"max_hp_loss":0.0,"gold_gain":0.0,"event_name":"Big Fish","player_choice":"Box","floor":4.0,"gold_loss":0.0,"damage_taken":0.0,"relics_obtained":["Girya"],"cards_obtained":["Regret"]},{"damage_healed":0.0,"max_hp_gain":0.0,"max_hp_loss":0.0,"gold_gain":0.0,"event_name":"FaceTrader","player_choice":"Trade","floor":11.0,"gold_loss":0.0,"damage_taken":0.0,"relics_obtained":["SsserpentHead"]},{"cards_removed":["TheCursedMod:UltimatePain"],"damage_healed":0.0,"max_hp_gain":0.0,"max_hp_loss":0.0,"gold_gain":0.0,"event_name":"Back to Basics","player_choice":"Elegance","floor":19.0,"gold_loss":0.0,"damage_taken":0.0},{"damage_healed":0.0,"max_hp_gain":0.0,"max_hp_loss":0.0,"gold_gain":0.0,"event_name":"Vampires","player_choice":"Ignored","floor":20.0,"gold_loss":0.0,"damage_taken":0.0},{"damage_healed":0.0,"max_hp_gain":0.0,"max_hp_loss":0.0,"gold_gain":0.0,"event_name":"Cursed Tome","player_choice":"Obtained Book","floor":22.0,"gold_loss":0.0,"damage_taken":21.0},{"damage_healed":14.0,"max_hp_gain":0.0,"max_hp_loss":0.0,"gold_gain":0.0,"event_name":"The Library","player_choice":"Heal","floor":24.0,"gold_loss":0.0,"damage_taken":0.0},{"cards_removed":["Regret"],"damage_healed":0.0,"max_hp_gain":0.0,"max_hp_loss":0.0,"gold_gain":0.0,"event_name":"Designer","player_choice":"Upgrade and Remove","floor":30.0,"gold_loss":110.0,"damage_taken":0.0,"cards_upgraded":["TheCursedMod:SpitefulStrike"]},{"damage_healed":14.0,"max_hp_gain":0.0,"max_hp_loss":0.0,"gold_gain":0.0,"event_name":"Winding Halls","player_choice":"Writhe","floor":37.0,"gold_loss":0.0,"damage_taken":0.0,"cards_obtained":["Writhe"]},{"damage_healed":0.0,"max_hp_gain":0.0,"max_hp_loss":0.0,"gold_gain":0.0,"event_name":"Accursed Blacksmith","player_choice":"Rummage","floor":46.0,"gold_loss":0.0,"damage_taken":0.0,"relics_obtained":["WarpedTongs"],"cards_obtained":["Pain"]},{"damage_healed":0.0,"max_hp_gain":0.0,"max_hp_loss":0.0,"gold_gain":0.0,"event_name":"SensoryStone","player_choice":"Memory 3","floor":47.0,"gold_loss":0.0,"damage_taken":10.0}],"is_beta":false,"boss_relics":[{"not_picked":["Velvet Choker","SacredBark"],"picked":"Pandora\u0027s Box"},{"not_picked":["Tiny House","Black Star"],"picked":"Runic Dome"}],"items_purged_floors":[38,54],"is_endless":false,"potions_floor_spawned":[2,6,16,18,28,31,44,45,48,55],"ascension_level":20}}