{"host":"egwexuw5uvnxf11j","time":1609119656,"event":{"mods":["2.2 Compatiblity","Aspiration","BaseMod","Better Altar","Better Note","Better Sensory Stone","Better Third Choice","Displayed Cursed Tome","Downfall","Hermit","Key Reminder","Koishi","Marisa????????","Minty Spire (QoL Compilation)","Quick Restart","Shade Mod","Spicy Shops","StSLib","The Construct","The Cursed","The Hierophant","The Runesmith","The Senshi","The Servant 0.9.4","Transform Curses"],"gold_per_floor":[110,185,460,390,403,437,437,261,261,271,290,322,333,358,358,455,455,466,466,391,80,97,97,128,105,105,105,140,59,84,84,84,84,84],"floor_reached":33,"playtime":1406,"items_purged":[],"score":324,"play_id":"ac7399e7-394c-49bb-8619-9cb4ec10467a","local_time":"20201227204056","is_ascension_mode":true,"campfire_choices":[{"floor":7,"key":"REST"},{"floor":15,"key":"REST"},{"floor":23,"key":"RECALL"},{"floor":27,"key":"REST"},{"floor":32,"key":"REST"}],"circlet_count":0,"master_deck":["hermit:Strike_Hermit","hermit:Strike_Hermit","hermit:Strike_Hermit","hermit:Defend_Hermit","hermit:Defend_Hermit","hermit:Defend_Hermit","hermit:Defend_Hermit","hermit:Snapshot","hermit:Covet","hermit:Quickdraw","Regret","hermit:TakeAim","hermit:Deadeye","hermit:Headshot","hermit:GoldenBullet","hermit:Manifest","hermit:Brawl","hermit:Ricochet","hermit:HighCaliber","hermit:WideOpen","hermit:Dissolve","hermit:NoHoldsBarred","hermit:BigShot","hermit:Misfire+1","hermit:SprayPray+1","hermit:Snipe","hermit:BlackWind","hermit:Enervate","hermit:TrackingShot"],"relics":["hermit:Momento","Tiny Chest","Dead Branch","HandDrill","Torii","theSenshi:SailorFukuRelic","Fusion Hammer","aspiration:FetidBarrel","Matryoshka","Ornamental Fan","Art of War","aspiration:FrozenJewel","Pen Nib","Lantern","Pantograph"],"acts_visited":["Exordium","TheCity"],"potions_floor_usage":[16,28,33,33],"damage_taken":[{"damage":1,"enemies":"2 Louse","floor":1,"turns":2},{"damage":0,"enemies":"Cultist","floor":5,"turns":4},{"damage":49,"enemies":"Lagavulin","floor":6,"turns":8},{"damage":0,"enemies":"Small Slimes","floor":10,"turns":3},{"damage":2,"enemies":"Red Slaver","floor":11,"turns":5},{"damage":20,"enemies":"3 Sentries","floor":12,"turns":8},{"damage":0,"enemies":"Exordium Wildlife","floor":13,"turns":3},{"damage":30,"enemies":"Slime Boss","floor":16,"turns":7},{"damage":20,"enemies":"2 Thieves","floor":18,"turns":3},{"damage":0,"enemies":"Spheric Guardian","floor":22,"turns":3},{"damage":24,"enemies":"Slavers","floor":24,"turns":3},{"damage":31,"enemies":"Gremlin Leader","floor":28,"turns":6},{"damage":21,"enemies":"Book of Stabbing","floor":30,"turns":4},{"damage":59,"enemies":"Champ","floor":33,"turns":8}],"seed_played":"7618245156987439658","potions_obtained":[{"floor":6,"key":"champ:CounterPotion"},{"floor":10,"key":"Ancient Potion"},{"floor":12,"key":"SmokeBomb"},{"floor":16,"key":"Dexterity Potion"},{"floor":28,"key":"DistilledChaos"}],"is_trial":false,"path_per_floor":["M","?","?","$","M","E","R","$","T","M","M","E","M","T","R","B",null,"M","?","?","$","M","R","E","$","T","R","E","$","E","T","R","B"],"character_chosen":"HERMIT","items_purchased":["hermit:TakeAim","hermit:GoldenBullet","HandDrill","hermit:Manifest","aspiration:FetidBarrel","hermit:BigShot","hermit:Snipe","hermit:Enervate"],"campfire_rested":4,"item_purchase_floors":[4,8,8,8,21,21,25,29],"current_hp_per_floor":[74,63,63,63,63,14,36,36,36,36,34,14,14,14,36,6,75,55,63,63,63,63,63,39,39,39,61,30,30,9,9,31,0,0],"gold":84,"neow_bonus":"RANDOM_COMMON_RELIC","is_daily":false,"chose_seed":false,"campfire_upgraded":0,"win_rate":0.0,"timestamp":1609119656,"path_taken":["M","?","?","$","?","E","R","$","T","M","M","E","M","?","R","BOSS","M","?","?","$","M","R","E","?","T","R","E","$","E","?","R","BOSS"],"items_purchased_type":["Card","Card","Relic","Card","Relic","Card","Card","Card"],"build_version":"2020-12-22","purchased_purges":0,"victory":false,"max_hp_per_floor":[75,75,75,75,75,75,75,75,75,75,75,75,75,75,75,75,75,75,75,75,75,75,75,75,75,75,75,75,75,75,75,75,75,75],"card_choices":[{"not_picked":["hermit:Enervate","hermit:Manifest"],"picked":"hermit:Quickdraw","floor":1},{"not_picked":["hermit:CalledShot","hermit:Showdown"],"picked":"hermit:Deadeye","floor":5},{"not_picked":["hermit:Vantage","hermit:TrackingShot"],"picked":"hermit:Headshot","floor":6},{"not_picked":["hermit:Maintenance","hermit:DeadOrAlive"],"picked":"hermit:Brawl","floor":10},{"not_picked":["hermit:ItchyTrigger","hermit:Virtue"],"picked":"hermit:Ricochet","floor":11},{"not_picked":["hermit:Desperado","hermit:Vantage"],"picked":"hermit:HighCaliber","floor":12},{"not_picked":["hermit:Spite","hermit:CursedWeapon"],"picked":"hermit:WideOpen","floor":13},{"not_picked":["hermit:FinalCanter","hermit:OverwhelmingPower"],"picked":"hermit:Dissolve","floor":16},{"not_picked":["hermit:TrackingShot","hermit:HoleUp+1"],"picked":"hermit:NoHoldsBarred","floor":18},{"not_picked":["hermit:Snipe","hermit:LuckOfTheDraw"],"picked":"hermit:Misfire+1","floor":22},{"not_picked":["hermit:Shortfuse+1","hermit:CalledShot"],"picked":"hermit:SprayPray+1","floor":24},{"not_picked":["hermit:Gestalt","hermit:Enervate+1"],"picked":"hermit:BlackWind","floor":28},{"not_picked":["hermit:GoldenBullet","hermit:Scavenge"],"picked":"hermit:TrackingShot","floor":30}],"player_experience":2099602,"relics_obtained":[{"floor":6,"key":"Dead Branch"},{"floor":9,"key":"Torii"},{"floor":12,"key":"theSenshi:SailorFukuRelic"},{"floor":24,"key":"Matryoshka"},{"floor":26,"key":"Ornamental Fan"},{"floor":26,"key":"Art of War"},{"floor":28,"key":"aspiration:FrozenJewel"},{"floor":30,"key":"Pen Nib"},{"floor":31,"key":"Lantern"},{"floor":31,"key":"Pantograph"}],"event_choices":[{"damage_healed":0,"gold_gain":75,"player_choice":"Gold","damage_taken":11,"max_hp_gain":0,"max_hp_loss":0,"event_name":"betterThird:BetterGoop","floor":2,"gold_loss":0},{"damage_healed":0,"gold_gain":275,"player_choice":"Desecrate","damage_taken":0,"max_hp_gain":0,"max_hp_loss":0,"event_name":"Golden Shrine","floor":3,"gold_loss":0,"cards_obtained":["Regret"]},{"cards_removed":["hermit:Strike_Hermit"],"damage_healed":0,"gold_gain":0,"player_choice":"Gave Gold","damage_taken":0,"max_hp_gain":0,"max_hp_loss":0,"event_name":"Beggar","floor":20,"gold_loss":75}],"is_beta":false,"boss_relics":[{"not_picked":["Snecko Eye","aspiration:RitualDagger"],"picked":"Fusion Hammer"}],"items_purged_floors":[],"is_endless":false,"potions_floor_spawned":[6,10,12,16,28],"killed_by":"Champ","ascension_level":1}}