{"host":"2se5dq1do2gp0x9k","time":1609193769,"event":{"mods":["BaseMod","Block Reminder","Colored Map","Colored Powertips","Minty Spire (QoL Compilation)","Relic Stats","StSLib","SuperFastMode","Synergy Search"],"gold_per_floor":[110,110,0,0,20,63,82,125,125,175,175,195,218,143,143,232,232,250,250,300,313,323,323,323,323],"floor_reached":24,"playtime":839,"items_purged":["Strike_B"],"score":462,"play_id":"25a8e91b-a388-423a-bd13-6b91220bb924","local_time":"20201228141609","is_ascension_mode":true,"campfire_choices":[{"data":"Beam Cell","floor":11.0,"key":"SMITH"},{"data":"Sweeping Beam","floor":15.0,"key":"SMITH"},{"floor":23,"key":"REST"}],"circlet_count":0,"master_deck":["AscendersBane","Strike_B","Defend_B","Defend_B","Defend_B","Defend_B","Zap","Dualcast","Gash","Leap","Go for the Eyes","Beam Cell+1","Steam","Leap","Ball Lightning","Sweeping Beam+1","Coolheaded","Rebound","Electrodynamics","Capacitor","Glacier","Cold Snap","Chill","Core Surge"],"relics":["Cracked Core","NeowsBlessing","Bloody Idol","Prayer Wheel","Sundial","HornCleat","Empty Cage"],"acts_visited":["Exordium","TheCity"],"potions_floor_usage":[],"damage_taken":[{"damage":0.0,"enemies":"Jaw Worm","floor":1.0,"turns":1.0},{"damage":0.0,"enemies":"Small Slimes","floor":5.0,"turns":1.0},{"damage":0.0,"enemies":"Lagavulin","floor":6.0,"turns":1.0},{"damage":1.0,"enemies":"Cultist","floor":7.0,"turns":4.0},{"damage":20.0,"enemies":"3 Sentries","floor":8.0,"turns":7.0},{"damage":4.0,"enemies":"Large Slime","floor":12.0,"turns":5.0},{"damage":0.0,"enemies":"Red Slaver","floor":13.0,"turns":3.0},{"damage":26.0,"enemies":"Slime Boss","floor":16.0,"turns":7.0},{"damage":19,"enemies":"Spheric Guardian","floor":18,"turns":5},{"damage":16,"enemies":"2 Thieves","floor":21,"turns":4},{"damage":18,"enemies":"Snake Plant","floor":22,"turns":6},{"damage":43,"enemies":"Book of Stabbing","floor":24,"turns":6}],"seed_played":"-2349773680335473656","potions_obtained":[{"floor":5.0,"key":"FocusPotion"},{"floor":8.0,"key":"LiquidMemories"},{"floor":12.0,"key":"EssenceOfSteel"},{"floor":18,"key":"ColorlessPotion"},{"floor":21,"key":"PotionOfCapacity"}],"is_trial":false,"path_per_floor":["M","?","$","?","M","E","M","E","T","?","R","M","M","$","R","B",null,"M","?","?","M","M","R","E"],"character_chosen":"DEFECT","items_purchased":["Leap","Go for the Eyes"],"campfire_rested":1,"item_purchase_floors":[3,3],"current_hp_per_floor":[64,69,69,69,69,69,68,48,48,48,48,44,44,44,44,18,56,37,37,36,30,17,37,0,0],"gold":323,"neow_bonus":"THREE_ENEMY_KILL","is_daily":false,"chose_seed":false,"campfire_upgraded":2,"win_rate":0.0,"timestamp":1609193769,"path_taken":["M","?","$","?","M","E","M","E","T","?","R","M","?","$","R","BOSS","M","?","?","?","?","R","E"],"items_purchased_type":["Card","Card"],"build_version":"2020-12-22","purchased_purges":1,"victory":false,"max_hp_per_floor":[71,76,76,69,69,69,69,69,69,69,69,69,69,69,69,69,69,69,69,69,69,69,69,69,69],"relic_stats":{"counters":[12,50],"Sundial":[4],"Bloody Idol":20,"Prayer Wheel":6,"obtain_stats":[{"HornCleat":9,"NeowsBlessing":0,"Golden Idol":4,"Sundial":8,"Bloody Idol":19,"Prayer Wheel":6,"Cracked Core":0,"Empty Cage":17},{"HornCleat":5,"NeowsBlessing":0,"Golden Idol":1,"Sundial":5,"Bloody Idol":9,"Prayer Wheel":3,"Cracked Core":0,"Empty Cage":8},{"HornCleat":14,"NeowsBlessing":0,"Golden Idol":1,"Sundial":14,"Bloody Idol":34,"Prayer Wheel":3,"Cracked Core":0,"Empty Cage":29}]},"card_choices":[{"not_picked":["Storm","Skim"],"picked":"Gash","floor":1.0},{"not_picked":["Doom and Gloom","Auto Shields"],"picked":"Beam Cell","floor":5.0},{"not_picked":["Rainbow","Chaos"],"picked":"Steam","floor":6.0},{"not_picked":["Defragment","Double Energy"],"picked":"Leap","floor":7.0},{"not_picked":["Rebound","Undo"],"picked":"Ball Lightning","floor":7.0},{"not_picked":["Multi-Cast","Amplify"],"picked":"Sweeping Beam","floor":8.0},{"not_picked":["Darkness","Rebound","Turbo"],"picked":"SKIP","floor":12.0},{"not_picked":["Sweeping Beam","Heatsinks","Scrape"],"picked":"SKIP","floor":12.0},{"not_picked":["Leap","Beam Cell"],"picked":"Coolheaded","floor":13.0},{"not_picked":["Steam","Cold Snap"],"picked":"Rebound","floor":13.0},{"not_picked":["Seek","Meteor Strike"],"picked":"Electrodynamics","floor":16.0},{"not_picked":["Sweeping Beam","Leap","Steam"],"picked":"SKIP","floor":18},{"not_picked":["Leap","Streamline","Capacitor"],"picked":"SKIP","floor":18},{"not_picked":["Leap","Streamline"],"picked":"Capacitor","floor":18},{"not_picked":["Sweeping Beam","Leap","Steam"],"picked":"SKIP","floor":18},{"not_picked":["Lockon","Steam"],"picked":"Glacier","floor":21},{"not_picked":["Sweeping Beam","Go for the Eyes"],"picked":"Cold Snap","floor":21},{"not_picked":["Reprogram","Gash"],"picked":"Chill","floor":22},{"not_picked":["Steam Power","Go for the Eyes"],"picked":"Core Surge","floor":22}],"player_experience":3635381,"relics_obtained":[{"floor":6.0,"key":"Prayer Wheel"},{"floor":8.0,"key":"Sundial"},{"floor":9.0,"key":"HornCleat"}],"event_choices":[{"damage_healed":0.0,"max_hp_gain":5.0,"max_hp_loss":0.0,"gold_gain":0.0,"event_name":"Big Fish","player_choice":"Donut","floor":2.0,"gold_loss":0.0,"damage_taken":0.0},{"damage_healed":0.0,"max_hp_gain":0.0,"max_hp_loss":7.0,"gold_gain":0.0,"event_name":"Golden Idol","player_choice":"Lose Max HP","floor":4.0,"gold_loss":0.0,"damage_taken":0.0,"relics_obtained":["Golden Idol"]},{"damage_healed":0.0,"max_hp_gain":0.0,"max_hp_loss":0.0,"gold_gain":50.0,"event_name":"Golden Shrine","player_choice":"Pray","floor":10.0,"gold_loss":0.0,"damage_taken":0.0},{"damage_healed":0,"gold_gain":0,"player_choice":"Gave Idol","damage_taken":0,"relics_obtained":["Bloody Idol"],"max_hp_gain":0,"max_hp_loss":0,"event_name":"Forgotten Altar","floor":19,"relics_lost":["Golden Idol"],"gold_loss":0},{"damage_healed":0,"gold_gain":50,"player_choice":"Touch","damage_taken":6,"max_hp_gain":0,"max_hp_loss":0,"event_name":"FaceTrader","floor":20,"gold_loss":0}],"is_beta":false,"boss_relics":[{"not_picked":["Coffee Dripper","Nuclear Battery"],"picked":"Empty Cage"}],"items_purged_floors":[14],"is_endless":false,"potions_floor_spawned":[5,8,12,13,18,21],"killed_by":"Book of Stabbing","ascension_level":20}}