{"host":"nzm1i0l8mrsm8hd2","time":1609154705,"event":{"mods":["Act Like it!","BaseMod","Better Third Choice","Conspire","Gensokyo","Minty Spire (QoL Compilation)","Pale of the Ancients","Quick Restart","RumiaBox-露米娅的神秘盒子","Spicy Shops","StSLib","The Dragon Tamer","Wandering Minibosses"],"gold_per_floor":[160,160,20,20,32,58,58,66,91,21,21,21,21,41,41,41,41],"floor_reached":16,"playtime":651,"items_purged":[],"score":242,"play_id":"240f5b22-64cf-4085-a1ca-399cff92917a","local_time":"20201228192505","is_ascension_mode":true,"campfire_choices":[{"data":"Neutralize","floor":7,"key":"SMITH"},{"data":"Blade Dance","floor":11,"key":"SMITH"},{"floor":15,"key":"REST"}],"circlet_count":0,"master_deck":["AscendersBane","Strike_G","Strike_G+1","Strike_G","Defend_G","Defend_G+1","Defend_G","Defend_G","Defend_G","Survivor","Neutralize+1","Reflex+1","Heel Hook","Blade Dance+1","Phantasmal Killer"],"relics":["Tiny House","Baka","PlanX","Happy Flower","Gambling Chip","Gambling Chip","Nunchaku","Blood Vial","Regal Pillow"],"acts_visited":["Exordium"],"potions_floor_usage":[6,16],"damage_taken":[{"damage":4,"enemies":"Gensokyo:3_Fairies","floor":1,"turns":5},{"damage":2,"enemies":"Gensokyo:2_Kodama","floor":5,"turns":3},{"damage":21,"enemies":"Gensokyo:Mamizou","floor":6,"turns":10},{"damage":0,"enemies":"Gensokyo:Aya","floor":8,"turns":8},{"damage":0,"enemies":"Gensokyo:Python","floor":14,"turns":5},{"damage":90,"enemies":"Gensokyo:Yukari","floor":16,"turns":11}],"seed_played":"3022834961526152606","potions_obtained":[{"floor":0,"key":"PowerPotion"},{"floor":14,"key":"Poison Potion"}],"is_trial":false,"path_per_floor":["M","?","?","?","M","E","R","E","T","?","R","?","$","M","R","B"],"character_chosen":"THE_SILENT","items_purchased":[],"campfire_rested":1,"item_purchase_floors":[],"current_hp_per_floor":[60,56,56,56,54,33,33,33,33,33,33,16,16,18,54,0,0],"gold":41,"neow_bonus":"BOSS_RELIC","is_daily":false,"chose_seed":false,"campfire_upgraded":2,"win_rate":0.0,"timestamp":1609154705,"path_taken":["M","?","?","?","?","E","R","E","T","?","R","?","?","M","R","BOSS"],"items_purchased_type":[],"build_version":"2020-12-22","purchased_purges":0,"victory":false,"max_hp_per_floor":[71,71,71,71,71,71,71,71,71,71,71,71,71,71,71,71,71],"card_choices":[{"not_picked":["Slice","Dagger Throw"],"picked":"Reflex","floor":0},{"not_picked":["Well Laid Plans","Sucker Punch"],"picked":"Heel Hook","floor":1},{"not_picked":["Calculated Gamble","Underhanded Strike"],"picked":"Heel Hook","floor":5},{"not_picked":["Deflect","Quick Slash","Dash"],"picked":"SKIP","floor":6},{"not_picked":["Dagger Spray","Deadly Poison"],"picked":"Blade Dance","floor":8},{"not_picked":["Outmaneuver","Prepared"],"picked":"Phantasmal Killer","floor":14}],"player_experience":560681,"relics_obtained":[{"floor":1,"key":"Baka"},{"floor":5,"key":"Gambling Chip"},{"floor":5,"key":"Gambling Chip"},{"floor":6,"key":"Nunchaku"},{"floor":8,"key":"Blood Vial"},{"floor":9,"key":"Regal Pillow"}],"event_choices":[{"damage_healed":0,"gold_gain":0,"player_choice":"Leave","damage_taken":0,"max_hp_gain":0,"max_hp_loss":0,"event_name":"conspire:Investor","floor":2,"gold_loss":0}],"is_beta":false,"boss_relics":[],"items_purged_floors":[],"is_endless":false,"potions_floor_spawned":[14],"killed_by":"Gensokyo:Yukari","ascension_level":20}}