{"host":"2nhpogk5xa0u9xre","time":1609128616,"event":{"mods":["Aspiration","BaseMod","Colored Powertips","Googly Eyes","Hubris","Infinite Spire","Minty Spire (QoL Compilation)","Rare Cards Sparkle","Replay The Spire","StSLib","The Construct","The Hayseed","The Hierophant","The Runesmith","The Senshi","everything is the same but u backflip on backflip"],"gold_per_floor":[117,128,140,158,175,175,209,209,284,304,379,411,425,156,156,257,257,272,292,310,310,320,141,141,141,164,164,178,178,205,220,220,318,318,335,347,91,102,150,150,184,184,208,0,0,20,20,47,47,145,145,138,138,143,151,151,131,131],"floor_reached":57,"playtime":2976,"items_purged":[],"score":745,"play_id":"45b31276-c80d-438d-a963-79efd7fbffc4","local_time":"20201227231016","is_ascension_mode":false,"campfire_choices":[{"data":"theSenshi:MoonPrismPowerMakeUp","floor":6,"key":"SMITH"},{"data":"theSenshi:LateForSchool","floor":8,"key":"SMITH"},{"floor":15,"key":"REST"},{"data":"theSenshi:MoonGorgeousMeditation","floor":25,"key":"SMITH"},{"data":"Replay:Fractal Strike","floor":29,"key":"SMITH"},{"floor":32,"key":"DIG"},{"data":"theSenshi:JupitersPower","floor":40,"key":"SMITH"},{"data":"infinitespire:SevenWalls","floor":42,"key":"SMITH"},{"data":"theSenshi:SailorPlanetPower","floor":45,"key":"SMITH"},{"data":"theSenshi:MoonCosmicPowerMakeUp","floor":49,"key":"SMITH"}],"circlet_count":0,"master_deck":["theSenshi:SailorKick+1","theSenshi:SailorKick+1","theSenshi:SailorKick+1","theSenshi:SailorKick+1","theSenshi:SailorBlock+1","theSenshi:SailorBlock+1","theSenshi:SailorBlock+1","theSenshi:SailorBlock+1","theSenshi:RoseThrow+1","theSenshi:MoonPrismPowerMakeUp+1","theSenshi:SteeledNerves+1","theSenshi:LateForSchool+1","theSenshi:TallSilhouette+1","theSenshi:LunasBite","theSenshi:MoonKick","theSenshi:Sidestep","theSenshi:MoonTwilightFlash","theSenshi:Overload","theSenshi:TallSilhouette","theSenshi:SailorChibiMoonAssists","Sadistic Nature","theSenshi:KlutzyLuck+1","theSenshi:MoonGorgeousMeditation+1","theSenshi:MoonTiaraMagic+1","theSenshi:MoonKick","theSenshi:MoonKick+1","Replay:Fractal Strike+1","infinitespire:Starlight","theSenshi:SailorVenusAssists+1","theSenshi:SailorMercuryAssists","theSenshi:MoonCrystalPowerMakeUp+1","infinitespire:SevenWalls+1","theSenshi:SaturnsMystery","theSenshi:SailorMercuryAssists","theSenshi:JupitersPower+1","theSenshi:MoonCosmicPowerMakeUp+1","theSenshi:SailorPlanetPower+1","theSenshi:SailorChibiMoonAssists+1","theSenshi:SailorStarHealerAssists","theSenshi:SailorMercuryAssists+1","theSenshi:MoonCosmicPowerMakeUp","theSenshi:Overload","theSenshi:Overload","theSenshi:SailorMarsAssists","theSenshi:SailorMarsAssists","theSenshi:FatedKiss","theSenshi:TuxedoSmokingBomber+1","theSenshi:SailorMarsAssists","theSenshi:SailorChibiMoonAssists"],"relics":["theSenshi:TransformationBroochRelic","aspiration:StickyExplosives_weak","Replay:Bottled Eggs","CaptainsWheel","aspiration:SecretTechniqueScroll","theSenshi:CrescentMoonWandRelic","aspiration:RitualDagger","theSenshi:CosmicHeartCompactRelic","War Paint","hubris:AstralHammer","infinitespire:PuzzleCube","aspiration:RunicSpoon","Shuriken","Unceasing Top","The Courier","infinitespire:Beetle Shell","Nunchaku","Black Star"],"acts_visited":["Exordium","TheCity","TheBeyond","Exordium"],"potions_floor_usage":[7,7,12,16,28,33,35,39,41],"damage_taken":[{"damage":10,"enemies":"infinitespire:Voidling","floor":1,"turns":4},{"damage":0,"enemies":"2 Louse","floor":2,"turns":4},{"damage":1,"enemies":"Cultist","floor":3,"turns":5},{"damage":0,"enemies":"2 Fungi Beasts","floor":4,"turns":5},{"damage":1,"enemies":"Looter","floor":5,"turns":4},{"damage":16,"enemies":"Lagavulin","floor":7,"turns":10},{"damage":10,"enemies":"Exordium Thugs","floor":10,"turns":4},{"damage":10,"enemies":"Gremlin Nob","floor":12,"turns":3},{"damage":0,"enemies":"Blue Slaver","floor":13,"turns":4},{"damage":22,"enemies":"Hexaghost","floor":16,"turns":7},{"damage":12,"enemies":"Chosen","floor":18,"turns":5},{"damage":1,"enemies":"Spheric Guardian","floor":19,"turns":6},{"damage":30,"enemies":"Snake Plant","floor":20,"turns":4},{"damage":24,"enemies":"Centurion and Healer","floor":22,"turns":5},{"damage":33,"enemies":"Cultist and Chosen","floor":28,"turns":8},{"damage":30,"enemies":"Nightmare","floor":30,"turns":9},{"damage":14,"enemies":"Snake Plant","floor":31,"turns":4},{"damage":49,"enemies":"Automaton","floor":33,"turns":8},{"damage":43,"enemies":"3 Darklings","floor":35,"turns":5},{"damage":17,"enemies":"3 Shapes","floor":36,"turns":3},{"damage":53,"enemies":"Spire Growth","floor":38,"turns":6},{"damage":26,"enemies":"2 Orb Walkers","floor":39,"turns":5},{"damage":19,"enemies":"Giant Head","floor":41,"turns":6},{"damage":31,"enemies":"Maw","floor":46,"turns":6},{"damage":51,"enemies":"hubris:GrandSnecko","floor":50,"turns":9},{"damage":12,"enemies":"2 Louse","floor":52,"turns":4},{"damage":16,"enemies":"Jaw Worm","floor":54,"turns":2},{"damage":9,"enemies":"Small Slimes","floor":55,"turns":3},{"damage":122,"enemies":"Nightmare","floor":57,"turns":4}],"seed_played":"7521707752031511751","potions_obtained":[{"floor":1,"key":"Weak Potion"},{"floor":4,"key":"Adrenaline Potion"},{"floor":10,"key":"ColorlessPotion"},{"floor":12,"key":"Energy Potion"},{"floor":20,"key":"Explosive Potion"},{"floor":28,"key":"Fire Potion"},{"floor":33,"key":"BlessingOfTheForge"},{"floor":36,"key":"ColorlessPotion"},{"floor":38,"key":"SteroidPotion"}],"is_trial":false,"path_per_floor":["M","M","M","M","M","R","E","R","T","M","?","E","M","$","R","B",null,"M","M","M","AVR","M","$","?","R","T","?","M","R","NM","M","R","B",null,"M","M","$","M","?","R","E","R","T","$","R","M","?","T","R","B",null,"M","?","M","M","?","NM"],"character_chosen":"THE_SENSHI","items_purchased":["Sadistic Nature","theSenshi:KlutzyLuck","theSenshi:SailorMercuryAssists","theSenshi:CosmicHeartCompactRelic","Shuriken","theSenshi:MoonCosmicPowerMakeUp","theSenshi:Overload","theSenshi:Overload","theSenshi:SailorMarsAssists"],"campfire_rested":1,"item_purchase_floors":[14,14,23,23,37,44,44,44,44],"current_hp_per_floor":[72,72,71,71,70,70,54,54,54,44,37,27,27,27,49,27,75,63,62,32,32,18,18,18,18,18,18,72,72,65,74,74,75,75,64,69,69,55,58,58,75,75,75,75,75,69,69,69,69,75,75,72,72,61,59,59,0,0],"gold":131,"neow_bonus":"THREE_CARDS","is_daily":false,"chose_seed":false,"campfire_upgraded":8,"win_rate":0.0,"timestamp":1609128616,"path_taken":["M","M","?","M","M","R","E","R","T","M","?","E","M","$","R","BOSS","M","?","M","AVR","M","$","?","R","T","?","M","R","NM","M","R","BOSS","M","M","$","M","?","R","E","R","T","$","R","M","?","?","R","BOSS","M","?","M","M","?","NM"],"items_purchased_type":["Card","Card","Card","Relic","Relic","Card","Card","Card","Card"],"build_version":"2020-12-22","purchased_purges":0,"victory":false,"max_hp_per_floor":[75,75,75,75,75,75,75,75,75,75,75,75,75,75,75,75,75,75,75,75,75,75,75,75,75,75,75,75,75,75,75,75,75,75,75,75,75,75,75,75,75,75,75,75,75,75,75,75,75,75,75,75,75,75,75,75,75,75],"card_choices":[{"not_picked":["theSenshi:MoonPower","theSenshi:HesSoDreamy"],"picked":"theSenshi:SteeledNerves","floor":0},{"not_picked":["theSenshi:MoonsReflection","theSenshi:SailorMarsAssists"],"picked":"theSenshi:LateForSchool","floor":1},{"not_picked":["theSenshi:SchoolBag","theSenshi:SupersonicWaves"],"picked":"theSenshi:TallSilhouette","floor":2},{"not_picked":["theSenshi:MoonPrincessHalation","theSenshi:YouCanTalk"],"picked":"theSenshi:LunasBite","floor":3},{"not_picked":["theSenshi:SailorNeptuneAssists","theSenshi:HesSoDreamy"],"picked":"theSenshi:MoonKick","floor":4},{"not_picked":["theSenshi:SupersonicWaves","theSenshi:MoonPrincessHalation"],"picked":"theSenshi:Sidestep","floor":5},{"not_picked":["theSenshi:DramaticEntrance","theSenshi:ChibiMoonsLove"],"picked":"theSenshi:MoonTwilightFlash","floor":7},{"not_picked":["theSenshi:MoonPower","theSenshi:LunasBite"],"picked":"theSenshi:Overload","floor":10},{"not_picked":["theSenshi:SchoolBag","theSenshi:MoonPower"],"picked":"theSenshi:TallSilhouette","floor":12},{"not_picked":["theSenshi:SailorVenusAssists","theSenshi:MoonTiaraMagic"],"picked":"theSenshi:SailorChibiMoonAssists","floor":13},{"not_picked":["theSenshi:GlimpseOfThePast","theSenshi:WarriorOfTheMoon"],"picked":"theSenshi:MoonGorgeousMeditation","floor":16},{"not_picked":["theSenshi:SchoolBag","theSenshi:VenusGlamour"],"picked":"theSenshi:MoonTiaraMagic+1","floor":18},{"not_picked":["theSenshi:NeptunesGrace","theSenshi:MoonPower"],"picked":"theSenshi:MoonKick","floor":19},{"not_picked":["theSenshi:SchoolBag","theSenshi:SailorStarMakerAssists"],"picked":"theSenshi:MoonKick+1","floor":20},{"not_picked":["theSenshi:SailorPlutoAssists","theSenshi:DramaticEntrance"],"picked":"theSenshi:SailorVenusAssists+1","floor":22},{"not_picked":["theSenshi:SailorMarsAssists","theSenshi:SaturnsMystery+1"],"picked":"theSenshi:MoonCrystalPowerMakeUp+1","floor":28},{"not_picked":["ReplayTheSpireMod:??????????????????????","infinitespire:Menacing"],"picked":"infinitespire:SevenWalls","floor":30},{"not_picked":["theSenshi:YouCanTalk+1","theSenshi:UranusStrength+1"],"picked":"theSenshi:SaturnsMystery","floor":30},{"not_picked":["theSenshi:GatheringStrength","theSenshi:SupersonicWaves"],"picked":"theSenshi:SailorMercuryAssists","floor":31},{"not_picked":["theSenshi:GlimpseOfThePast","theSenshi:SailorStarHealerAssists"],"picked":"theSenshi:JupitersPower","floor":33},{"not_picked":["theSenshi:SailorMarsAssists+1","theSenshi:LunasBite"],"picked":"theSenshi:MoonCosmicPowerMakeUp","floor":35},{"not_picked":["theSenshi:TallSilhouette","theSenshi:SchoolBag"],"picked":"theSenshi:SailorPlanetPower","floor":36},{"not_picked":["theSenshi:SupersonicWaves","theSenshi:EncouragingSpeech+1"],"picked":"theSenshi:SailorChibiMoonAssists+1","floor":38},{"not_picked":["theSenshi:LunasBite","theSenshi:LateForSchool"],"picked":"theSenshi:SailorStarHealerAssists","floor":39},{"not_picked":["theSenshi:Sidestep+1","theSenshi:MoonPower+1"],"picked":"theSenshi:SailorMercuryAssists+1","floor":41},{"not_picked":["theSenshi:LunaWiseMentor+1","theSenshi:MoonPunch+1","theSenshi:SchoolBag+1"],"picked":"SKIP","floor":46},{"not_picked":["theSenshi:SailorPlutoAssists","theSenshi:IWillPunishYou"],"picked":"theSenshi:FatedKiss","floor":50},{"not_picked":["theSenshi:LunasBite","theSenshi:SailorStarMakerAssists"],"picked":"theSenshi:TuxedoSmokingBomber","floor":52},{"not_picked":["theSenshi:Sidestep","theSenshi:SailorChibiMoonAssists"],"picked":"theSenshi:SailorMarsAssists","floor":54},{"not_picked":["theSenshi:TuxedoSmokingBomber","theSenshi:SailorPlanetPower"],"picked":"theSenshi:SailorChibiMoonAssists","floor":55}],"player_experience":201959,"relics_obtained":[{"floor":7,"key":"aspiration:StickyExplosives_weak"},{"floor":9,"key":"Replay:Bottled Eggs"},{"floor":12,"key":"CaptainsWheel"},{"floor":26,"key":"War Paint"},{"floor":30,"key":"hubris:AstralHammer"},{"floor":32,"key":"infinitespire:PuzzleCube"},{"floor":39,"key":"Unceasing Top"},{"floor":41,"key":"The Courier"},{"floor":43,"key":"infinitespire:Beetle Shell"},{"floor":48,"key":"Nunchaku"}],"event_choices":[{"damage_healed":0,"gold_gain":75,"player_choice":"Touch","damage_taken":7,"max_hp_gain":0,"max_hp_loss":0,"event_name":"FaceTrader","floor":11,"gold_loss":0},{"damage_healed":0,"gold_gain":0,"player_choice":"Simplicity","damage_taken":0,"max_hp_gain":0,"max_hp_loss":0,"event_name":"Back to Basics","floor":24,"gold_loss":0,"cards_upgraded":["theSenshi:SailorBlock","theSenshi:SailorBlock","theSenshi:SailorBlock","theSenshi:SailorBlock"]},{"damage_healed":0,"gold_gain":0,"player_choice":"Upgraded","damage_taken":0,"max_hp_gain":0,"max_hp_loss":0,"event_name":"Upgrade Shrine","floor":27,"gold_loss":0,"cards_upgraded":["theSenshi:KlutzyLuck"]},{"damage_healed":0,"gold_gain":0,"player_choice":"Fight","damage_taken":0,"max_hp_gain":0,"max_hp_loss":0,"event_name":"Mysterious Sphere","floor":39,"gold_loss":0},{"damage_healed":0,"gold_gain":0,"player_choice":"Grow","damage_taken":0,"max_hp_gain":0,"max_hp_loss":0,"event_name":"Living Wall","floor":53,"gold_loss":0,"cards_upgraded":["theSenshi:TuxedoSmokingBomber"]}],"is_beta":false,"boss_relics":[{"not_picked":["Sozu","Calling Bell"],"picked":"aspiration:SecretTechniqueScroll"},{"not_picked":["Runic Dome","Ring of Chaos"],"picked":"aspiration:RunicSpoon"},{"not_picked":["aspiration:FutureDiary","Coffee Dripper"],"picked":"Black Star"}],"items_purged_floors":[],"is_endless":true,"potions_floor_spawned":[1,4,10,12,20,28,33,36,38],"killed_by":"Nightmare","ascension_level":0}}