{"host":"2se5dq1do2gp0x9k","time":1609138324,"event":{"mods":["AchievementEnabler","BaseMod","Block Reminder","Colored Map","Colored Powertips","Minty Spire (QoL Compilation)","Relic Stats","StSLib","SuperFastMode"],"gold_per_floor":[110,120,134,59,74,74,99,116,116,116,145,145,156,156,156],"floor_reached":14,"playtime":392,"items_purged":["Bash"],"score":229,"play_id":"e39dae6f-8975-43bb-b999-3224446b75f9","local_time":"20201227225204","is_ascension_mode":true,"campfire_choices":[{"data":"Uppercut","floor":6,"key":"SMITH"},{"data":"Cleave","floor":12,"key":"SMITH"}],"circlet_count":0,"master_deck":["AscendersBane","Strike_R","Strike_R","Strike_R","Strike_R","Defend_R","Defend_R+1","Defend_R","Defend_R","Feed","Uppercut+1","Pommel Strike","Cleave+1","Flex+1","Spot Weakness","Limit Break"],"relics":["Burning Blood","War Paint","Singing Bowl","Self Forming Clay"],"acts_visited":["Exordium"],"potions_floor_usage":[7,13],"damage_taken":[{"damage":14.0,"enemies":"2 Louse","floor":1.0,"turns":2.0},{"damage":2.0,"enemies":"Cultist","floor":2.0,"turns":4.0},{"damage":11.0,"enemies":"Jaw Worm","floor":3.0,"turns":4.0},{"damage":10,"enemies":"3 Louse","floor":5,"turns":5},{"damage":24,"enemies":"Gremlin Nob","floor":7,"turns":4},{"damage":4,"enemies":"Blue Slaver","floor":8,"turns":2},{"damage":25,"enemies":"3 Sentries","floor":11,"turns":6},{"damage":27,"enemies":"Exordium Wildlife","floor":13,"turns":5},{"damage":26,"enemies":"Gremlin Nob","floor":14,"turns":3}],"seed_played":"-6078555301232226372","potions_obtained":[{"floor":2.0,"key":"SteroidPotion"},{"floor":7,"key":"BloodPotion"},{"floor":11,"key":"ElixirPotion"}],"is_trial":false,"path_per_floor":["M","M","M","$","M","R","E","M","T","?","E","R","M","E"],"character_chosen":"IRONCLAD","items_purchased":[],"campfire_rested":0,"item_purchase_floors":[],"current_hp_per_floor":[45,52,50,50,49,49,31,36,36,36,22,22,23,0,0],"gold":156,"neow_bonus":"THREE_RARE_CARDS","is_daily":false,"chose_seed":false,"campfire_upgraded":2,"win_rate":0.0,"timestamp":1609138324,"path_taken":["M","M","M","$","M","R","E","M","T","?","E","R","M","E"],"items_purchased_type":[],"build_version":"2020-12-22","purchased_purges":1,"victory":false,"max_hp_per_floor":[78,81,84,84,87,87,87,90,90,90,95,95,98,98,98],"relic_stats":{"Singing Bowl":2,"counters":[9,35],"Self Forming Clay":[15],"War Paint":["Defend_R","Flex"],"obtain_stats":[{"Singing Bowl":9,"Self Forming Clay":11,"War Paint":7,"Burning Blood":0},{"Singing Bowl":6,"Self Forming Clay":7,"War Paint":5,"Burning Blood":0},{"Singing Bowl":21,"Self Forming Clay":27,"War Paint":19,"Burning Blood":0}],"Burning Blood":48},"card_choices":[{"not_picked":["Barricade","Immolate"],"picked":"Feed","floor":0.0},{"not_picked":["Anger","Clothesline"],"picked":"Uppercut","floor":1.0},{"not_picked":["Sentinel","Sever Soul"],"picked":"Pommel Strike","floor":2.0},{"not_picked":["Shrug It Off","Feel No Pain"],"picked":"Cleave","floor":3.0},{"not_picked":["Anger","Heavy Blade","Rampage"],"picked":"SKIP","floor":5},{"not_picked":["Anger","Heavy Blade","Rampage"],"picked":"SKIP","floor":5},{"not_picked":["Sword Boomerang","Wild Strike"],"picked":"Flex","floor":7},{"not_picked":["Twin Strike","Second Wind"],"picked":"Spot Weakness","floor":8},{"not_picked":["Uppercut","Infernal Blade","Clothesline"],"picked":"Singing Bowl","floor":11},{"not_picked":["Iron Wave","Sever Soul"],"picked":"Limit Break","floor":13}],"player_experience":3627260,"relics_obtained":[{"floor":7,"key":"War Paint"},{"floor":9,"key":"Singing Bowl"},{"floor":11,"key":"Self Forming Clay"}],"event_choices":[{"cards_removed":["Strike_R"],"damage_healed":0,"gold_gain":0,"player_choice":"Offered Basic","damage_taken":0,"max_hp_gain":0,"max_hp_loss":0,"event_name":"Bonfire Elementals","floor":10,"gold_loss":0}],"is_beta":false,"boss_relics":[],"items_purged_floors":[4],"is_endless":false,"potions_floor_spawned":[2,7,11],"killed_by":"Gremlin Nob","ascension_level":20}}