{"host":"mi0eibewekhugwl1","time":1609175159,"event":{"mods":["AchievementEnabler","BaseMod","Colored Map","Colored Powertips","DeckTracker","Keyboard Shortcuts","Minty Spire (QoL Compilation)","Quick Restart","Rare Cards Sparkle","Relic Stats","StSLib","SuperFastMode","everything is the same but u backflip on backflip"],"gold_per_floor":[116,116,41,41,41,74,91,1,1,12,31,47,65,80,80,153,153,164,179,74,74,89,89,89,108,108,88,88,120,120,136,136,136,136],"floor_reached":33,"playtime":577,"items_purged":["Pain"],"score":588,"play_id":"918d5283-bb0c-4222-9154-e66313435fe7","local_time":"20201229020559","is_ascension_mode":true,"campfire_choices":[{"data":"Reprogram","floor":15.0,"key":"SMITH"},{"data":"Hologram","floor":23.0,"key":"SMITH"},{"floor":28.0,"key":"REST"},{"data":"Reinforced Body","floor":30.0,"key":"SMITH"},{"floor":32.0,"key":"REST"}],"circlet_count":0,"master_deck":["AscendersBane","Strike_B","Strike_B","Strike_B","Defend_B","Defend_B","Defend_B","Defend_B","Reprogram+1","Gash","Melter","Sweeping Beam+1","Rebound+1","Hologram+1","Beam Cell+1","Reinforced Body+1","Hyperbeam+1","Gash+1","Leap","Finesse","Steam","Leap+1"],"relics":["Cracked Core","NeowsBlessing","WarpedTongs","Nunchaku","Molten Egg 2","Empty Cage","Emotion Chip","PreservedInsect"],"acts_visited":["Exordium","TheCity"],"potions_floor_usage":[33],"damage_taken":[{"damage":0.0,"enemies":"Small Slimes","floor":1.0,"turns":1.0},{"damage":0.0,"enemies":"Gremlin Nob","floor":6.0,"turns":1.0},{"damage":0.0,"enemies":"Cultist","floor":7.0,"turns":1.0},{"damage":0.0,"enemies":"2 Louse","floor":10.0,"turns":3.0},{"damage":3.0,"enemies":"Blue Slaver","floor":11.0,"turns":4.0},{"damage":12.0,"enemies":"Exordium Wildlife","floor":12.0,"turns":3.0},{"damage":0.0,"enemies":"Lots of Slimes","floor":13.0,"turns":1.0},{"damage":0.0,"enemies":"Large Slime","floor":14.0,"turns":4.0},{"damage":8.0,"enemies":"Hexaghost","floor":16.0,"turns":11.0},{"damage":7.0,"enemies":"3 Byrds","floor":18.0,"turns":5.0},{"damage":11.0,"enemies":"2 Thieves","floor":19.0,"turns":2.0},{"damage":2.0,"enemies":"Cultist and Chosen","floor":22.0,"turns":5.0},{"damage":4.0,"enemies":"3 Cultists","floor":25.0,"turns":3.0},{"damage":7.0,"enemies":"Gremlin Leader","floor":29.0,"turns":5.0},{"damage":24.0,"enemies":"Sentry and Sphere","floor":31.0,"turns":5.0},{"damage":53,"enemies":"Collector","floor":33,"turns":7}],"seed_played":"-5545037526112086980","potions_obtained":[{"floor":6.0,"key":"Block Potion"},{"floor":7.0,"key":"SmokeBomb"},{"floor":14.0,"key":"Strength Potion"},{"floor":19.0,"key":"SteroidPotion"},{"floor":31.0,"key":"PotionOfCapacity"}],"is_trial":false,"path_per_floor":["M","?","$","?","$","E","M","$","T","M","M","M","M","M","R","B",null,"M","M","$","?","M","R","$","M","T","?","R","E","R","M","R","B"],"character_chosen":"DEFECT","items_purchased":["Melter","Finesse"],"campfire_rested":2,"item_purchase_floors":[8,20],"current_hp_per_floor":[64,64,64,57,57,57,57,57,57,57,54,42,42,42,42,34,62,55,44,44,44,42,42,42,38,38,38,59,52,52,28,49,0,0],"gold":136,"neow_bonus":"THREE_ENEMY_KILL","is_daily":false,"chose_seed":false,"campfire_upgraded":3,"win_rate":0.0,"timestamp":1609175159,"path_taken":["M","?","?","?","?","E","M","$","T","M","M","M","M","M","R","BOSS","M","M","$","?","M","R","$","M","T","?","R","E","R","M","R","BOSS"],"items_purchased_type":["Card","Card"],"build_version":"2020-12-22","purchased_purges":1,"victory":false,"max_hp_per_floor":[71,71,71,71,71,71,71,71,71,71,71,71,71,71,71,71,71,71,71,71,71,71,71,71,71,71,71,71,71,71,71,71,71,71],"relic_stats":{"Nunchaku":[11],"Emotion Chip":[5,5,0,0,0],"counters":[16,61],"PreservedInsect":0,"obtain_stats":[{"Nunchaku":6,"Emotion Chip":26,"NeowsBlessing":0,"Molten Egg 2":9,"PreservedInsect":29,"Cracked Core":0,"Empty Cage":17,"WarpedTongs":2},{"Nunchaku":2,"Emotion Chip":13,"NeowsBlessing":0,"Molten Egg 2":3,"PreservedInsect":14,"Cracked Core":0,"Empty Cage":9,"WarpedTongs":1},{"Nunchaku":2,"Emotion Chip":44,"NeowsBlessing":0,"Molten Egg 2":3,"PreservedInsect":49,"Cracked Core":0,"Empty Cage":29,"WarpedTongs":1}],"WarpedTongs":[59]},"card_choices":[{"not_picked":["Rebound","Turbo","Hologram"],"picked":"SKIP","floor":1.0},{"not_picked":["Fusion","Fission"],"picked":"Reprogram","floor":6.0},{"not_picked":["Cold Snap","Barrage"],"picked":"Gash","floor":7.0},{"not_picked":["Defragment","Redo"],"picked":"Sweeping Beam+1","floor":10.0},{"not_picked":["Heatsinks","Tempest"],"picked":"Rebound+1","floor":11.0},{"not_picked":["Leap","Compile Driver+1"],"picked":"Hologram","floor":12.0},{"not_picked":["Tempest","Stack"],"picked":"Beam Cell+1","floor":13.0},{"not_picked":["Reboot","Steam Power"],"picked":"Reinforced Body","floor":14.0},{"not_picked":["Machine Learning","Multi-Cast"],"picked":"Hyperbeam+1","floor":16.0},{"not_picked":["Reprogram","Rebound+1"],"picked":"Gash+1","floor":18.0},{"not_picked":["Rebound+1","Reinforced Body"],"picked":"Leap","floor":19.0},{"not_picked":["Cold Snap+1","Barrage+1","Double Energy"],"picked":"SKIP","floor":22.0},{"not_picked":["Streamline+1","Cold Snap+1"],"picked":"Steam","floor":25.0},{"not_picked":["Multi-Cast","Scrape+1","Hologram"],"picked":"SKIP","floor":29.0},{"not_picked":["Consume","Recycle"],"picked":"Leap+1","floor":31.0}],"player_experience":1713653,"relics_obtained":[{"floor":6.0,"key":"Nunchaku"},{"floor":9.0,"key":"Molten Egg 2"},{"floor":26.0,"key":"Emotion Chip"},{"floor":29.0,"key":"PreservedInsect"}],"event_choices":[{"damage_healed":0.0,"max_hp_gain":0.0,"max_hp_loss":0.0,"gold_gain":0.0,"event_name":"Accursed Blacksmith","player_choice":"Rummage","floor":2.0,"gold_loss":0.0,"damage_taken":0.0,"relics_obtained":["WarpedTongs"],"cards_obtained":["Pain"]},{"cards_removed":["Strike_B"],"damage_healed":0.0,"max_hp_gain":0.0,"max_hp_loss":0.0,"gold_gain":0.0,"event_name":"Golden Wing","player_choice":"Card Removal","floor":4.0,"gold_loss":0.0,"damage_taken":7.0},{"damage_healed":0.0,"max_hp_gain":0.0,"max_hp_loss":0.0,"gold_gain":0.0,"event_name":"The Mausoleum","player_choice":"Ignored","floor":21.0,"gold_loss":0.0,"damage_taken":0.0},{"damage_healed":0.0,"max_hp_gain":0.0,"max_hp_loss":0.0,"gold_gain":0.0,"event_name":"The Woman in Blue","player_choice":"Bought 1 Potion","floor":27.0,"gold_loss":0.0,"damage_taken":0.0}],"is_beta":false,"boss_relics":[{"not_picked":["Pandora\u0027s Box","SacredBark"],"picked":"Empty Cage"}],"items_purged_floors":[3],"is_endless":false,"potions_floor_spawned":[6,7,14,16,19,22,31],"killed_by":"Collector","ascension_level":20}}