{"host":"hdafziggwnbzqpcb","time":1609151585,"event":{"mods":["BaseMod","Better Vampires","Colored Map","Colored Powertips","Curses Come First","Duelist Mod","GifTheSpireLib","Hero for Fun","Minty Spire (QoL Compilation)","Quick Restart","Rare Cards Sparkle","Relic Stats","Spicy Shops","StSLib","The Bug Knight","The Cursed","The Marked","The Senshi","The Wild Card","TheHero"],"gold_per_floor":[118,118,128,147,16,16,33,33,82,115,115,115,148,167,167,246,246,260,145,145,505,78,78,111,111,162,192,204,204,204],"floor_reached":29,"playtime":2146,"items_purged":["theSenshi:SailorNeptuneAssists+1"],"score":838,"play_id":"4ef65009-a150-4b38-a046-c9d8ab6d3dec","local_time":"20201228023305","daily_mods":["SealedDeck"],"is_ascension_mode":true,"campfire_choices":[{"data":"theSenshi:MoonCrystalPowerMakeUp","floor":6.0,"key":"SMITH"},{"data":"theSenshi:MoonHealingEscalation","floor":11.0,"key":"SMITH"},{"data":"theSenshi:LateForSchool","floor":15.0,"key":"SMITH"},{"floor":23.0,"key":"REST"},{"floor":25,"key":"REST"}],"circlet_count":0,"master_deck":["AscendersBane","theSenshi:MercurysCunning+1","theSenshi:SchoolBag","theSenshi:MoonPunch+1","theSenshi:SailorMercuryAssists+1","theSenshi:SailorMercuryAssists","theSenshi:MoonPunch","theSenshi:MoonPunch","theSenshi:MoonPrincessHalation","theSenshi:SteeledNerves","theSenshi:VenusGlamour","theSenshi:MoonCrystalPowerMakeUp+1","theSenshi:MoonTiaraMagic","theSenshi:MoonCosmicPowerMakeUp","theSenshi:MoonHealingEscalation+1","theSenshi:LateForSchool+1","theSenshi:SilverMoonCrystalPowerKiss","theSenshi:CrisisMakeUp","theSenshi:MoonCrisisMakeUp","Dramatic Entrance","Purity","theSenshi:SilverCrystal+1"],"relics":["theSenshi:TransformationBroochRelic","War Paint","Strawberry","Pocketwatch","Black Star","theSenshi:CosmicHeartCompactRelic","Whetstone","Oddly Smooth Stone","Bottled Lightning","Smiling Mask","Toy Ornithopter","Frozen Egg 2"],"acts_visited":["Exordium","TheCity"],"potions_floor_usage":[27,29],"damage_taken":[{"damage":0.0,"enemies":"2 Louse","floor":1.0,"turns":2.0},{"damage":0.0,"enemies":"Cultist","floor":3.0,"turns":3.0},{"damage":2.0,"enemies":"Small Slimes","floor":4.0,"turns":3.0},{"damage":9.0,"enemies":"Gremlin Gang","floor":7.0,"turns":3.0},{"damage":9.0,"enemies":"Gremlin Nob","floor":10.0,"turns":4.0},{"damage":0.0,"enemies":"Lagavulin","floor":13.0,"turns":6.0},{"damage":0.0,"enemies":"Lots of Slimes","floor":14.0,"turns":3.0},{"damage":30.0,"enemies":"Hexaghost","floor":16.0,"turns":11.0},{"damage":13.0,"enemies":"2 Thieves","floor":18.0,"turns":4.0},{"damage":48,"enemies":"Slavers","floor":24,"turns":8},{"damage":40,"enemies":"Book of Stabbing","floor":27,"turns":6},{"damage":18,"enemies":"3 Byrds","floor":28,"turns":5},{"damage":42,"enemies":"Cultist and Chosen","floor":29,"turns":4}],"seed_played":"4347729800908613564","potions_obtained":[{"floor":7.0,"key":"LiquidMemories"},{"floor":10.0,"key":"BlessingOfTheForge"},{"floor":13.0,"key":"SkillPotion"},{"floor":16.0,"key":"SteroidPotion"},{"floor":24,"key":"DistilledChaos"},{"floor":27,"key":"BlessingOfTheForge"},{"floor":28,"key":"SteroidPotion"}],"is_trial":true,"path_per_floor":["M","?","M","M","$","R","M","?","T","E","R","?","E","M","R","B",null,"M","$","?","?","$","R","E","R","T","E","M","M"],"character_chosen":"THE_SENSHI","items_purchased":["theSenshi:MoonCrystalPowerMakeUp","theSenshi:MoonTiaraMagic","theSenshi:MoonCrisisMakeUp","theSenshi:CosmicHeartCompactRelic","Purity","Whetstone"],"campfire_rested":2,"item_purchase_floors":[5,5,19,22,22,22],"current_hp_per_floor":[68,68,68,66,66,66,57,52,59,50,50,50,65,70,70,62,77,74,74,74,32,32,56,28,52,52,22,14,0,0],"gold":204,"neow_bonus":"","is_daily":false,"chose_seed":false,"campfire_upgraded":3,"win_rate":0.0,"timestamp":1609151585,"path_taken":["M","?","?","M","$","R","M","?","T","E","R","?","E","?","R","BOSS","M","?","?","?","$","R","E","R","T","E","M","M"],"items_purchased_type":["Card","Card","Card","Relic","Card","Relic"],"build_version":"2020-12-22","purchased_purges":1,"victory":false,"max_hp_per_floor":[75,75,75,75,75,75,75,75,82,82,82,82,82,82,82,82,82,82,82,82,82,82,82,82,82,82,82,82,82,82],"relic_stats":{"counters":[13,62],"Black Star":2,"Whetstone":["theSenshi:MercurysCunning","theSenshi:MoonPunch"],"War Paint":["theSenshi:SailorNeptuneAssists","theSenshi:SailorMercuryAssists"],"Smiling Mask":0,"obtain_stats":[{"theSenshi:TransformationBroochRelic":0,"Strawberry":9,"Oddly Smooth Stone":24,"Black Star":17,"Whetstone":22,"Bottled Lightning":24,"War Paint":8,"Frozen Egg 2":27,"Smiling Mask":26,"theSenshi:CosmicHeartCompactRelic":22,"Toy Ornithopter":27,"Pocketwatch":10},{"theSenshi:TransformationBroochRelic":0,"Strawberry":4,"Oddly Smooth Stone":10,"Black Star":8,"Whetstone":9,"Bottled Lightning":10,"War Paint":4,"Frozen Egg 2":11,"Smiling Mask":10,"theSenshi:CosmicHeartCompactRelic":9,"Toy Ornithopter":11,"Pocketwatch":5},{"theSenshi:TransformationBroochRelic":0,"Strawberry":11,"Oddly Smooth Stone":47,"Black Star":35,"Whetstone":39,"Bottled Lightning":47,"War Paint":11,"Frozen Egg 2":53,"Smiling Mask":47,"theSenshi:CosmicHeartCompactRelic":39,"Toy Ornithopter":53,"Pocketwatch":15}],"Toy Ornithopter":5,"Pocketwatch":[48]},"card_choices":[{"not_picked":["theSenshi:SailorNeptuneAssists","theSenshi:LunaWiseMentor"],"picked":"theSenshi:SteeledNerves","floor":1.0},{"not_picked":["theSenshi:PlutosSolemnity","theSenshi:SailorJupiterAssists","theSenshi:EncouragingSpeech"],"picked":"SKIP","floor":3.0},{"not_picked":["theSenshi:PlutosSolemnity","theSenshi:GatheringStrength"],"picked":"theSenshi:VenusGlamour","floor":4.0},{"not_picked":["theSenshi:TuxedoSmokingBomber","theSenshi:SailorPlanetPower"],"picked":"theSenshi:MoonCosmicPowerMakeUp","floor":7.0},{"not_picked":["theSenshi:SailorMercuryAssists","theSenshi:Sidestep"],"picked":"theSenshi:MoonHealingEscalation","floor":10.0},{"not_picked":["theSenshi:EncouragingSpeech","theSenshi:RainbowMoonHeartAche","theSenshi:TallSilhouette"],"picked":"SKIP","floor":13.0},{"not_picked":["theSenshi:SchoolBag","theSenshi:MoonTiaraMagic"],"picked":"theSenshi:LateForSchool","floor":14.0},{"not_picked":["theSenshi:InTheNameOfTheMoon","theSenshi:SailorStarHealerAssists"],"picked":"theSenshi:SilverMoonCrystalPowerKiss","floor":16.0},{"not_picked":["theSenshi:Sidestep","theSenshi:EncouragingSpeech"],"picked":"theSenshi:CrisisMakeUp","floor":18.0},{"not_picked":["theSenshi:SailorMercuryAssists+1","theSenshi:TuxedoMaskAssists","theSenshi:SupersonicWaves"],"picked":"SKIP","floor":24},{"not_picked":["theSenshi:SailorMercuryAssists+1","theSenshi:TuxedoMaskAssists","theSenshi:SupersonicWaves"],"picked":"SKIP","floor":24},{"not_picked":["theSenshi:MoonHealingEscalation","theSenshi:TallSilhouette"],"picked":"theSenshi:SilverCrystal+1","floor":27},{"not_picked":["theSenshi:MercurysCunning","theSenshi:MoonPunch","theSenshi:SailorMercuryAssists"],"picked":"SKIP","floor":28}],"player_experience":675304,"relics_obtained":[{"floor":9.0,"key":"Strawberry"},{"floor":10.0,"key":"Pocketwatch"},{"floor":24,"key":"Oddly Smooth Stone"},{"floor":24,"key":"Bottled Lightning"},{"floor":26,"key":"Smiling Mask"},{"floor":27,"key":"Toy Ornithopter"},{"floor":27,"key":"Frozen Egg 2"}],"event_choices":[{"damage_healed":0.0,"max_hp_gain":0.0,"max_hp_loss":0.0,"gold_gain":0.0,"event_name":"Transmorgrifier","player_choice":"Ignored","floor":2.0,"gold_loss":0.0,"damage_taken":0.0},{"damage_healed":0.0,"max_hp_gain":0.0,"max_hp_loss":0.0,"gold_gain":0.0,"event_name":"Scrap Ooze","player_choice":"Success","floor":8.0,"gold_loss":0.0,"damage_taken":5.0,"relics_obtained":["War Paint"]},{"cards_removed":["theSenshi:SailorMercuryAssists"],"damage_healed":0.0,"max_hp_gain":0.0,"max_hp_loss":0.0,"gold_gain":0.0,"event_name":"Purifier","player_choice":"Purged","floor":12.0,"gold_loss":0.0,"damage_taken":0.0},{"damage_healed":0.0,"max_hp_gain":0.0,"max_hp_loss":0.0,"gold_gain":0.0,"event_name":"Ghosts","player_choice":"Ignored","floor":20.0,"gold_loss":0.0,"damage_taken":0.0},{"damage_healed":0.0,"max_hp_gain":0.0,"max_hp_loss":0.0,"gold_gain":360.0,"event_name":"Knowing Skull","player_choice":"CARD GOLD GOLD GOLD GOLD ","floor":21.0,"potions_obtained":[],"gold_loss":0.0,"damage_taken":42.0,"cards_obtained":["Dramatic Entrance"]}],"is_beta":false,"boss_relics":[{"not_picked":["Busted Crown","Ectoplasm"],"picked":"Black Star"}],"items_purged_floors":[19],"is_endless":true,"potions_floor_spawned":[7,10,13,16,24,27,28],"killed_by":"Cultist and Chosen","ascension_level":20}}