{"host":"kdt6w7ix8lwe69i9","time":1609148502,"event":{"mods":["Bartender","BaseMod","ChefMod","Downfall","Fiend Mod","Jorbs\u0027s Wanderer Trilogy","Minty Spire (QoL Compilation)","Reimu（博丽灵梦）","Robot Space Explorer","StSLib","The Cursed","The Disciple","The Dragon Tamer","The Druid","The Elementalist","The Forsaken","The Gatherer","The Judge","The Marked","TheBandit"],"gold_per_floor":[110,128,128,128,141,159,159,176,176,23,23,40,60,235,235,232,232],"floor_reached":16,"playtime":1666,"items_purged":[],"score":94,"play_id":"bc7b1955-b651-4faa-a88e-8a0e5371ae74","local_time":"20201228044142","is_ascension_mode":false,"campfire_choices":[{"data":"chefmod:SliceAndDice","floor":7,"key":"SMITH"},{"floor":15,"key":"REST"}],"circlet_count":0,"master_deck":["chefmod:Strike","chefmod:Strike+1","chefmod:Strike","chefmod:Strike","chefmod:Strike","chefmod:Defend","chefmod:Defend","chefmod:Defend","chefmod:QuickThaw","chefmod:TodaysSpecial","chefmod:SliceAndDice+1","chefmod:Chop+1","chefmod:Granita","chefmod:QuickChop","chefmod:CleanHouse","chefmod:HotSoup","chefmod:HotSoup","Doubt"],"relics":["Velvet Choker","YidongShenshe:ReiMu","Whetstone","MealTicket","NlothsMask"],"acts_visited":["Exordium"],"potions_floor_usage":[8,16,16],"damage_taken":[{"damage":4,"enemies":"2 Louse","floor":1,"turns":3},{"damage":6,"enemies":"Jaw Worm","floor":2,"turns":2},{"damage":0,"enemies":"Cultist","floor":5,"turns":2},{"damage":0,"enemies":"3 Louse","floor":6,"turns":3},{"damage":7,"enemies":"Exordium Wildlife","floor":8,"turns":3},{"damage":11,"enemies":"Large Slime","floor":12,"turns":3},{"damage":2,"enemies":"3 Louse","floor":13,"turns":3},{"damage":63,"enemies":"Slime Boss","floor":16,"turns":12}],"seed_played":"8966391023652015680","potions_obtained":[{"floor":1,"key":"AttackPotion"},{"floor":5,"key":"SteroidPotion"},{"floor":12,"key":"Explosive Potion"}],"is_trial":false,"path_per_floor":["M","M","?","?","M","M","R","M","T","$","?","M","M","?","R","B"],"character_chosen":"THE_CHEF","items_purchased":["MealTicket"],"campfire_rested":1,"item_purchase_floors":[10],"current_hp_per_floor":[72,66,66,59,59,59,59,52,52,52,52,41,39,39,61,0,0],"gold":232,"neow_bonus":"BOSS_RELIC","is_daily":false,"chose_seed":false,"campfire_upgraded":1,"win_rate":0.0,"timestamp":1609148502,"path_taken":["M","M","?","?","M","M","R","M","T","?","?","?","M","?","R","BOSS"],"items_purchased_type":["Relic"],"build_version":"2020-12-22","purchased_purges":0,"victory":false,"max_hp_per_floor":[76,76,76,76,76,76,76,76,76,76,76,76,76,76,76,76,76],"card_choices":[{"not_picked":["chefmod:Cleavers","chefmod:Defrost"],"picked":"chefmod:SliceAndDice","floor":1},{"not_picked":["chefmod:FreezerBurn","chefmod:MonsterBait"],"picked":"chefmod:Chop","floor":2},{"not_picked":["chefmod:NewMenu","chefmod:LocoMoco"],"picked":"chefmod:Granita","floor":5},{"not_picked":["chefmod:SearedScallops","chefmod:ZaruSoba"],"picked":"chefmod:QuickChop","floor":6},{"not_picked":["chefmod:AlooGobi","chefmod:AllYouCanEat"],"picked":"chefmod:CleanHouse","floor":8},{"not_picked":["chefmod:SpaghettiCarbonara","chefmod:DinoKale"],"picked":"chefmod:HotSoup","floor":12},{"not_picked":["chefmod:Sorbet","chefmod:FireUp"],"picked":"chefmod:HotSoup","floor":13}],"player_experience":1623328,"relics_obtained":[{"floor":9,"key":"Whetstone"}],"event_choices":[{"damage_healed":0,"gold_gain":0,"player_choice":"Take Tiny Shrine away","damage_taken":0,"relics_obtained":["YidongShenshe:ReiMu"],"max_hp_gain":0,"max_hp_loss":0,"event_name":"yidonshenshe","floor":3,"gold_loss":0,"cards_obtained":["Poor:ReiMu"]},{"cards_removed":["Poor:ReiMu"],"damage_healed":0,"gold_gain":0,"player_choice":"Card Removal","damage_taken":7,"max_hp_gain":0,"max_hp_loss":0,"event_name":"Golden Wing","floor":4,"gold_loss":0},{"damage_healed":0,"gold_gain":0,"player_choice":"Trade","damage_taken":0,"relics_obtained":["NlothsMask"],"max_hp_gain":0,"max_hp_loss":0,"event_name":"FaceTrader","floor":11,"gold_loss":0},{"damage_healed":0,"gold_gain":175,"player_choice":"AGREE","damage_taken":0,"max_hp_gain":0,"max_hp_loss":0,"event_name":"Liars Game","floor":14,"gold_loss":0,"cards_obtained":["Doubt"]}],"is_beta":false,"boss_relics":[],"items_purged_floors":[],"is_endless":false,"potions_floor_spawned":[1,5,12],"killed_by":"Slime Boss","ascension_level":0}}