{"host":"solomon","time":1609120715,"event":{"mods":["Act Like it!","BaseMod","Decade(王小明)","Library of Ruina","Library of Ruina Extra","Luminous","Minty Spire (QoL Compilation)","Robot Space Explorer","StSLib","The Dragon Tamer","【东方二次创作】八云紫mod","残留之物"],"gold_per_floor":[110,124,124,148,164,197,197,217,243,243,318,341,341,354,354,480,480,495,420,335,89,89,122,147,147,147,147,160,178,205,205,205,306,306,306,306],"floor_reached":35,"playtime":2728,"items_purged":["PlaceholderMod:BaseDefend","Decade_Defend"],"score":552,"play_id":"84534d99-6bfb-4df5-adea-109ae5020691","local_time":"20201228095835","is_ascension_mode":false,"campfire_choices":[{"data":"Dragreder","floor":7,"key":"SMITH"},{"data":"KamenRideRyuki","floor":10,"key":"SMITH"},{"floor":15,"key":"RECALL"},{"data":"Kiva_Swallow","floor":25,"key":"SMITH"},{"data":"Blade_Mach","floor":27,"key":"SMITH"},{"data":"Kuuga_Rising","floor":32,"key":"SMITH"}],"circlet_count":0,"master_deck":["Decade_Attack","Decade_Attack","KamenRide","Decade_SpecialSkill","Blade_Beat","Dragreder+1","KamenRideRyuki+1","DragShield","Blade_Metal","Kiva_Swallow+1","DenO_Climax","Blade_Metal","Blade_Mach+1","Blade_Mach+1","Kuuga_Rising+1","Blade_Metal","Kiva_Bats+1","Kiva_Swallow+1","DenO_Climax","Kabuto_ClockUp+1","KamenRideKiva+1","Kiva_Frozen+1"],"relics":["Decadriver","TOEIDeficitBill","Bloody Idol","PageOfSpiderBud","Vajra","Coffee Dripper","Strawberry","DollysMirror","Bag of Marbles","Molten Egg 2","PageOfSingingMachine","Astrolabe"],"acts_visited":["Exordium","TheCity","TheBeyond"],"potions_floor_usage":[8],"damage_taken":[{"damage":1,"enemies":"Cultist","floor":1,"turns":5},{"damage":10,"enemies":"Small Slimes","floor":2,"turns":2},{"damage":1,"enemies":"Jaw Worm","floor":4,"turns":2},{"damage":6,"enemies":"Exordium Thugs","floor":5,"turns":5},{"damage":0,"enemies":"Lagavulin","floor":6,"turns":7},{"damage":2,"enemies":"Blue Slaver","floor":8,"turns":3},{"damage":0,"enemies":"Exordium Wildlife","floor":12,"turns":4},{"damage":8,"enemies":"Lots of Slimes","floor":14,"turns":2},{"damage":0,"enemies":"Hexaghost","floor":16,"turns":8},{"damage":0,"enemies":"Spheric Guardian","floor":18,"turns":4},{"damage":0,"enemies":"Book of Stabbing","floor":23,"turns":5},{"damage":0,"enemies":"Shell Parasite","floor":24,"turns":8},{"damage":0,"enemies":"Snake Plant","floor":28,"turns":4},{"damage":0,"enemies":"Cultist and Chosen","floor":29,"turns":6},{"damage":0,"enemies":"Collector","floor":33,"turns":6},{"damage":18,"enemies":"3 Darklings","floor":35,"turns":3}],"seed_played":"6732965948367667932","potions_obtained":[{"floor":1,"key":"Energy Potion"},{"floor":5,"key":"Strength Potion"},{"floor":8,"key":"Fruit Juice"},{"floor":12,"key":"FairyPotion"},{"floor":16,"key":"ColorlessPotion"},{"floor":29,"key":"PowerPotion"}],"is_trial":false,"path_per_floor":["M","M","?","M","M","E","R","M","T","R","?","M","?","M","R","B",null,"M","$","?","$","?","E","M","R","T","R","M","M","T","?","R","B",null,"M"],"character_chosen":"Decade","items_purchased":["DollysMirror"],"campfire_rested":0,"item_purchase_floors":[21],"current_hp_per_floor":[48,38,38,37,41,41,41,44,44,44,33,33,33,25,25,36,85,85,85,92,92,92,92,92,92,92,92,92,92,92,92,92,92,92,74,74],"gold":306,"neow_bonus":"TRANSFORM_TWO_CARDS","is_daily":false,"chose_seed":false,"campfire_upgraded":5,"win_rate":0.0,"timestamp":1609120715,"path_taken":["M","M","?","M","M","E","R","M","T","R","?","M","?","?","R","BOSS","M","$","?","$","?","E","M","R","T","R","M","?","?","?","R","BOSS","M"],"items_purchased_type":["Relic"],"build_version":"2020-12-18","purchased_purges":2,"victory":false,"max_hp_per_floor":[70,70,65,65,75,75,75,80,80,80,80,80,80,80,80,85,85,85,85,92,92,92,92,92,92,92,92,92,92,92,92,92,92,92,92,92],"card_choices":[{"not_picked":["Kuuga_GouramAttack","Decade_Defend2"],"picked":"Dragreder","floor":1},{"not_picked":["Decade_Dash1","FormRideDogga","Blade_Slash"],"picked":"SKIP","floor":1},{"not_picked":["Decade_Dash1","FormRideDogga","Blade_Slash"],"picked":"SKIP","floor":1},{"not_picked":["FormRideFlame","UnarmedAttack3"],"picked":"KamenRideRyuki","floor":2},{"not_picked":["Blade_Kick","KamenRideKiva","UnarmedAttack6"],"picked":"SKIP","floor":2},{"not_picked":["DenO_Rod","KamenRideRyuki"],"picked":"DragShield","floor":4},{"not_picked":["Hibiki_Attack2","Kiva_Eat"],"picked":"PhotonAcceleration","floor":5},{"not_picked":["DenO_Climax","DenO_Gun","AutoVajin"],"picked":"SKIP","floor":5},{"not_picked":["UnarmedAttack5","KamenRideKuuga","UnarmedAttack1"],"picked":"SKIP","floor":6},{"not_picked":["AutoVajin","FormRidePegasus","FormRideJack"],"picked":"SKIP","floor":6},{"not_picked":["FormRide","DenO_Sword","Blade_Beat"],"picked":"SKIP","floor":8},{"not_picked":["KamenRideDecade","KamenRideKiva"],"picked":"Blade_Metal","floor":12},{"not_picked":["Kuuga_GouramAttack","UnarmedAttack5","AttackRide"],"picked":"SKIP","floor":12},{"not_picked":["UnarmedAttack5","KamenRideHibiki","Hibiki_Attack1"],"picked":"SKIP","floor":14},{"not_picked":["Kiva_Eat","FormRideAxel"],"picked":"Kiva_Swallow","floor":16},{"not_picked":["Hibiki_FEVER","Kuuga_Rising"],"picked":"DenO_Climax","floor":16},{"not_picked":["RideBooker+1","Decade_Dash1","RideBooker_Skill_1"],"picked":"SKIP","floor":18},{"not_picked":["Decade_Defend2","AutoVajin","UnarmedAttack4"],"picked":"SKIP","floor":18},{"not_picked":["Kiva_Eat","DenO_Rod"],"picked":"Blade_Mach+1","floor":23},{"not_picked":["Decade_Defend2","Blade_Slash","Hibiki_Attack1"],"picked":"SKIP","floor":23},{"not_picked":["Kuuga_GouramAttack","Decade_Dash2"],"picked":"Kuuga_Rising","floor":24},{"not_picked":["DenO_Rod","FormRideDogga+1"],"picked":"Blade_Metal","floor":24},{"not_picked":["MirrorWorld","FormRidePegasus"],"picked":"Kiva_Bats+1","floor":28},{"not_picked":["Blade_Slash","Blade_Metal+1","AutoVajin"],"picked":"SKIP","floor":28},{"not_picked":["UnarmedAttack7+1","RideBooker_Skill_3"],"picked":"Kiva_Swallow+1","floor":29},{"not_picked":["DenO_Sword+1","PhotonAcceleration","KamenRideDecade"],"picked":"SKIP","floor":29},{"not_picked":["DecadeViolentEmotion","Kabuto_ClockUp"],"picked":"DenO_Climax","floor":33}],"player_experience":424659,"relics_obtained":[{"floor":6,"key":"PageOfSpiderBud"},{"floor":9,"key":"Vajra"},{"floor":23,"key":"Bag of Marbles"},{"floor":26,"key":"Molten Egg 2"},{"floor":30,"key":"PageOfSingingMachine"}],"event_choices":[{"damage_healed":0,"gold_gain":0,"player_choice":"Lose Max HP","damage_taken":0,"relics_obtained":["Golden Idol"],"max_hp_gain":0,"max_hp_loss":5,"event_name":"Golden Idol","floor":3,"gold_loss":0},{"damage_healed":0,"gold_gain":75,"player_choice":"Gather Gold","damage_taken":11,"max_hp_gain":0,"max_hp_loss":0,"event_name":"World of Goop","floor":11,"gold_loss":0},{"cards_removed":["PhotonAcceleration"],"damage_healed":0,"gold_gain":0,"player_choice":"Took Card","damage_taken":0,"max_hp_gain":0,"max_hp_loss":0,"event_name":"NoteForYourself","floor":13,"gold_loss":0,"cards_obtained":["PlaceholderMod:BaseDefend"]},{"damage_healed":0,"gold_gain":0,"player_choice":"Obtained Relic","damage_taken":0,"relics_obtained":["Strawberry"],"max_hp_gain":0,"max_hp_loss":0,"event_name":"Addict","floor":20,"gold_loss":85},{"damage_healed":0,"gold_gain":0,"cards_transformed":["Decade_Attack"],"player_choice":"Transformed","damage_taken":0,"max_hp_gain":0,"max_hp_loss":0,"event_name":"Transmorgrifier","floor":22,"gold_loss":0,"cards_obtained":["Blade_Mach"]},{"damage_healed":0,"gold_gain":0,"player_choice":"Gave Idol","damage_taken":0,"relics_obtained":["Bloody Idol"],"max_hp_gain":0,"max_hp_loss":0,"event_name":"Forgotten Altar","floor":31,"relics_lost":["Golden Idol"],"gold_loss":0}],"is_beta":true,"boss_relics":[{"not_picked":["Philosopher\u0027s Stone","Calling Bell"],"picked":"Coffee Dripper"},{"not_picked":["Fusion Hammer","Runic Dome"],"picked":"Astrolabe"}],"items_purged_floors":[19,21],"is_endless":false,"potions_floor_spawned":[1,5,8,12,16,18,29],"killed_by":"3 Darklings","ascension_level":0}}