{"host":"2nzy6rv16qd8ry46","time":1609170974,"event":{"mods":["AchievementEnabler","BaseMod","Colored Map","Colored Powertips","Googly Eyes","Minty Spire (QoL Compilation)","StSLib","The IronCluck"],"gold_per_floor":[115,115,135,155,155,155,170,170,170,190,190,115,290,320,320,421,421,440,440,355,355,355,355,370,370,370,370,386,386,404,404,404,507,557,573,626,636,636,652,652,354,381,408,428,428,445,445,460,460,460],"floor_reached":51,"playtime":3546,"items_purged":["Strike_B","Strike_B+1"],"score":725,"play_id":"52fa8434-224e-43c4-bcb8-c58d46de3228","local_time":"20201228155614","is_ascension_mode":false,"campfire_choices":[{"floor":6,"key":"REST"},{"data":"Dualcast","floor":8,"key":"SMITH"},{"data":"Scrape","floor":15,"key":"SMITH"},{"data":"Echo Form","floor":23,"key":"SMITH"},{"floor":25,"key":"REST"},{"floor":29,"key":"REST"},{"floor":32,"key":"REST"},{"floor":40,"key":"REST"},{"floor":45,"key":"REST"},{"data":"Redo","floor":49,"key":"SMITH"}],"circlet_count":0,"master_deck":["Strike_B+1","Defend_B","Defend_B","Defend_B","Defend_B","Zap","Dualcast+1","Scrape+1","Redo+1","Leap","Steam","Gash","FTL","Seek","Echo Form+1","Gash+1","FTL+1","Gash","Undo","All For One","Gash+1","Gash+1","Chill+1","Steam Power+1","Steam+1","Doubt","Steam+1"],"relics":["Cracked Core","Darkstone Periapt","Ornamental Fan","Girya","Runic Pyramid","Vajra","Sundial","Bottled Tornado","HornCleat","WarpedTongs","Tiny House","Shovel","Boot","Letter Opener","Juzu Bracelet"],"acts_visited":["Exordium","TheCity","TheBeyond"],"potions_floor_usage":[16,16,24,24,28,36,37,50,50],"damage_taken":[{"damage":0,"enemies":"2 Louse","floor":1,"turns":3},{"damage":0,"enemies":"Small Slimes","floor":3,"turns":3},{"damage":6,"enemies":"Jaw Worm","floor":4,"turns":3},{"damage":6,"enemies":"Looter","floor":7,"turns":4},{"damage":0,"enemies":"Large Slime","floor":10,"turns":5},{"damage":14,"enemies":"Gremlin Nob","floor":14,"turns":3},{"damage":2,"enemies":"Slime Boss","floor":16,"turns":7},{"damage":33,"enemies":"2 Thieves","floor":18,"turns":5},{"damage":17,"enemies":"3 Byrds","floor":24,"turns":4},{"damage":29,"enemies":"Snake Plant","floor":28,"turns":5},{"damage":23,"enemies":"Centurion and Healer","floor":30,"turns":6},{"damage":53,"enemies":"Champ","floor":33,"turns":10},{"damage":10,"enemies":"Orb Walker","floor":35,"turns":3},{"damage":19,"enemies":"2 Orb Walkers","floor":36,"turns":3},{"damage":15,"enemies":"3 Darklings","floor":37,"turns":4},{"damage":0,"enemies":"4 Shapes","floor":39,"turns":4},{"damage":51,"enemies":"Reptomancer","floor":42,"turns":5},{"damage":21,"enemies":"Writhing Mass","floor":44,"turns":4},{"damage":2,"enemies":"Jaw Worm Horde","floor":46,"turns":4},{"damage":5,"enemies":"4 Shapes","floor":48,"turns":4},{"damage":8,"enemies":"Donu and Deca","floor":50,"turns":7}],"seed_played":"-3161640034279015406","potions_obtained":[{"floor":1,"key":"CultistPotion"},{"floor":3,"key":"CultistPotion"},{"floor":7,"key":"Energy Potion"},{"floor":18,"key":"LiquidMemories"},{"floor":24,"key":"Weak Potion"},{"floor":33,"key":"AttackPotion"},{"floor":34,"key":"LiquidMemories"},{"floor":35,"key":"DuplicationPotion"},{"floor":36,"key":"AttackPotion"},{"floor":39,"key":"LiquidMemories"}],"is_trial":false,"path_per_floor":["M","?","M","M","?","R","M","R","T","M","T","$","?","E","R","B",null,"M","?","?","?","T","R","M","R","T","?","M","R","M","?","R","B",null,"M","?","M","?","M","R","$","E","T","M","R","M","?","M","R","B",null],"character_chosen":"DEFECT","items_purchased":["Boot","Strength Potion"],"campfire_rested":6,"item_purchase_floors":[41,41],"current_hp_per_floor":[68,68,68,62,48,68,62,62,62,62,62,62,68,54,54,52,74,41,41,41,41,41,41,24,46,46,52,23,47,24,30,55,2,91,81,62,47,47,47,74,74,23,23,2,29,27,97,92,92,84],"gold":460,"neow_bonus":"THREE_RARE_CARDS","is_daily":false,"chose_seed":false,"campfire_upgraded":4,"win_rate":0.0,"timestamp":1609170974,"path_taken":["M","?","M","M","?","R","M","R","T","M","?","$","?","E","R","BOSS","M","?","?","?","?","R","M","R","T","?","?","R","M","?","R","BOSS","M","?","M","?","?","R","$","E","T","M","R","M","?","M","R","BOSS"],"items_purchased_type":["Relic","Potion"],"build_version":"2020-12-22","purchased_purges":2,"victory":true,"max_hp_per_floor":[68,68,68,68,68,68,68,68,68,68,68,68,74,74,74,74,74,74,74,74,74,74,74,74,74,74,80,80,80,80,86,86,86,91,91,91,91,91,91,91,91,91,91,91,91,91,97,97,97,97],"card_choices":[{"not_picked":["Biased Cognition","Fission"],"picked":"Buffer","floor":0},{"not_picked":["Aggregate","Force Field"],"picked":"Scrape","floor":1},{"not_picked":["Go for the Eyes","Streamline"],"picked":"Leap","floor":3},{"not_picked":["Self Repair","Blizzard"],"picked":"Steam","floor":4},{"not_picked":["Stack","Beam Cell"],"picked":"Gash","floor":7},{"not_picked":["Beam Cell","Rip and Tear"],"picked":"FTL","floor":10},{"not_picked":["Creative AI","Tempest"],"picked":"Seek","floor":14},{"not_picked":["Machine Learning","Multi-Cast"],"picked":"Echo Form","floor":16},{"not_picked":["Double Energy","Sweeping Beam"],"picked":"Gash+1","floor":18},{"not_picked":["Barrage","Hello World","Sweeping Beam"],"picked":"SKIP","floor":24},{"not_picked":["Rebound","Heatsinks+1","Streamline"],"picked":"SKIP","floor":28},{"not_picked":["Compile Driver","Tempest"],"picked":"Gash","floor":30},{"not_picked":["Electrodynamics","Creative AI"],"picked":"All For One","floor":33},{"not_picked":["Cold Snap","Streamline"],"picked":"Gash+1","floor":34},{"not_picked":["Coolheaded+1","Barrage"],"picked":"Gash+1","floor":35},{"not_picked":["Auto Shields+1","Redo","Barrage+1"],"picked":"SKIP","floor":37},{"not_picked":["Streamline","Coolheaded"],"picked":"Chill+1","floor":39},{"not_picked":["White Noise+1","Gash","Barrage"],"picked":"SKIP","floor":42},{"not_picked":["Gash+1","Melter"],"picked":"Steam Power+1","floor":44},{"not_picked":["Reinforced Body","Undo+1"],"picked":"Steam+1","floor":46},{"not_picked":["Glacier+1","Hologram"],"picked":"Steam+1","floor":48}],"player_experience":51227,"relics_obtained":[{"floor":9,"key":"Darkstone Periapt"},{"floor":11,"key":"Ornamental Fan"},{"floor":14,"key":"Girya"},{"floor":22,"key":"Bottled Tornado"},{"floor":26,"key":"HornCleat"},{"floor":36,"key":"Shovel"},{"floor":42,"key":"Letter Opener"},{"floor":43,"key":"Juzu Bracelet"}],"event_choices":[{"damage_healed":0,"gold_gain":0,"cards_transformed":["Buffer"],"player_choice":"Change","damage_taken":0,"max_hp_gain":0,"max_hp_loss":0,"event_name":"Living Wall","floor":2,"gold_loss":0,"cards_obtained":["Redo"]},{"damage_healed":0,"gold_gain":0,"player_choice":"Entered Light","damage_taken":14,"max_hp_gain":0,"max_hp_loss":0,"event_name":"Shining Light","floor":5,"gold_loss":0,"cards_upgraded":["Strike_B","Strike_B"]},{"damage_healed":0,"gold_gain":175,"player_choice":"AGREE","damage_taken":0,"max_hp_gain":0,"max_hp_loss":0,"event_name":"Liars Game","floor":13,"gold_loss":0,"cards_obtained":["Doubt"]},{"damage_healed":0,"gold_gain":0,"player_choice":"Read","damage_taken":0,"max_hp_gain":0,"max_hp_loss":0,"event_name":"The Library","floor":19,"gold_loss":0,"cards_obtained":["FTL"]},{"damage_healed":0,"gold_gain":0,"player_choice":"Obtained Relic","damage_taken":0,"relics_obtained":["Vajra"],"max_hp_gain":0,"max_hp_loss":0,"event_name":"Addict","floor":20,"gold_loss":85},{"damage_healed":0,"gold_gain":0,"player_choice":"Opened","damage_taken":0,"relics_obtained":["Sundial"],"max_hp_gain":0,"max_hp_loss":0,"event_name":"The Mausoleum","floor":21,"gold_loss":0},{"damage_healed":0,"gold_gain":0,"player_choice":"Rummage","damage_taken":0,"relics_obtained":["WarpedTongs"],"max_hp_gain":0,"max_hp_loss":0,"event_name":"Accursed Blacksmith","floor":27,"gold_loss":0,"cards_obtained":["Pain"]},{"damage_healed":0,"gold_gain":0,"cards_transformed":["Pain","Strike_B"],"player_choice":"Became Test Subject","damage_taken":0,"max_hp_gain":0,"max_hp_loss":0,"event_name":"Drug Dealer","floor":31,"gold_loss":0,"cards_obtained":["Regret","Undo"]},{"damage_healed":0,"gold_gain":0,"player_choice":"Fight","damage_taken":0,"max_hp_gain":0,"max_hp_loss":0,"event_name":"Mysterious Sphere","floor":36,"gold_loss":0},{"cards_removed":["Regret","Doubt"],"damage_healed":0,"gold_gain":0,"player_choice":"Removed Curses","damage_taken":0,"max_hp_gain":0,"max_hp_loss":0,"event_name":"Fountain of Cleansing","floor":38,"gold_loss":0},{"damage_healed":64,"gold_gain":0,"player_choice":"Heal","damage_taken":0,"max_hp_gain":0,"max_hp_loss":0,"event_name":"MindBloom","floor":47,"gold_loss":0,"cards_obtained":["Doubt"]}],"is_beta":false,"boss_relics":[{"not_picked":["Ectoplasm","SacredBark"],"picked":"Runic Pyramid"},{"not_picked":["Sozu","Runic Dome"],"picked":"Tiny House"}],"items_purged_floors":[12,41],"is_endless":false,"potions_floor_spawned":[1,3,7,14,18,24,33,35,36,39,46],"ascension_level":0}}