{"host":"lku4gktzilv18rfq","time":1609120851,"event":{"mods":["Ascension Reborn","BaseMod","Minty Spire (QoL Compilation)","Permanent Neow","StSLib","The Marked"],"gold_per_floor":[113,125,15,90,90,90,113,113,113,136,136,159,200,200,200,324,324,345,55,79,79,79,79,103,127,154,195,195,215,215,231,231,354,354,378,441,441,88,88,88,109,109,136,136,179,29,63,78,78,78,78,78,2,37,37,37],"floor_reached":55,"playtime":7090,"items_purged":["theMarked:Strike","theMarked:Strike","theMarked:Defend","theMarked:Defend"],"score":816,"play_id":"0cbbe6b8-9c6d-4873-a512-fb61e53bb5cc","local_time":"20201227180051","is_ascension_mode":true,"campfire_choices":[{"data":"theMarked:SoldierOfQuellstein","floor":6,"key":"SMITH"},{"data":"theMarked:EnhancedHearing","floor":8,"key":"SMITH"},{"data":"theMarked:SelfDefenseTraining","floor":11,"key":"SMITH"},{"floor":15,"key":"REST"},{"data":"theMarked:Overthink","floor":23,"key":"SMITH"},{"data":"theMarked:MagicAdept","floor":30,"key":"SMITH"},{"data":"theMarked:SoldierForm","floor":32,"key":"SMITH"},{"floor":40,"key":"RECALL"},{"data":"theMarked:Aftermath","floor":42,"key":"SMITH"},{"data":"theMarked:Strike","floor":44,"key":"SMITH"},{"data":"theMarked:Strike","floor":49,"key":"SMITH"},{"floor":52,"key":"REST"}],"circlet_count":0,"master_deck":["theMarked:Strike+1","theMarked:Strike+1","theMarked:SoldierOfQuellstein+1","theMarked:SoldierForm+1","theMarked:SelfDefenseTraining+1","theMarked:Aftermath+1","theMarked:MagicAdept+1","theMarked:EnhancedHearing+1","theMarked:Overthink+1","theMarked:TakeOffHeels+1","theMarked:Generate+1","theMarked:BindingBlade+1","theMarked:Indomitable+1","Master of Strategy+1","theMarked:TakeCover+1","theMarked:Generate+1","theMarked:WardOff+1","theMarked:EmpowerWeapon+1","theMarked:Convert+1","theMarked:Panic+1","theMarked:Overcharge+1","theMarked:TurnInvisible+1","theMarked:EmpowerWeapon+1","theMarked:Generate+1","theMarked:CreepingChasm+1","theMarked:Panic+1","theMarked:Panic+1","theMarked:WastefulDefense+1","theMarked:TunnelVision+1","theMarked:ReduceFriction+1"],"relics":["theMarked:ArtifactOfAir","Golden Idol","Toxic Egg 2","Tiny Chest","Strawberry","theMarked:SpiritSword","PreservedInsect","Centennial Puzzle","Sozu","WingedGreaves","theMarked:DemonDagger","theMarked:Gun","Nunchaku","Happy Flower","Eternal Feather","Bag of Preparation"],"acts_visited":["Exordium","TheCity","TheBeyond","TheEnding"],"potions_floor_usage":[12,20,29,55],"damage_taken":[{"damage":1,"enemies":"Jaw Worm","floor":1,"turns":3},{"damage":0,"enemies":"2 Louse","floor":2,"turns":2},{"damage":1,"enemies":"Small Slimes","floor":7,"turns":3},{"damage":9,"enemies":"Exordium Wildlife","floor":12,"turns":7},{"damage":7,"enemies":"3 Sentries","floor":13,"turns":9},{"damage":18,"enemies":"Slime Boss","floor":16,"turns":15},{"damage":0,"enemies":"Chosen","floor":18,"turns":3},{"damage":3,"enemies":"Spheric Guardian","floor":20,"turns":3},{"damage":0,"enemies":"Snecko","floor":24,"turns":3},{"damage":1,"enemies":"3 Cultists","floor":25,"turns":5},{"damage":6,"enemies":"Book of Stabbing","floor":27,"turns":5},{"damage":2,"enemies":"Cultist and Chosen","floor":29,"turns":3},{"damage":3,"enemies":"Snecko","floor":31,"turns":3},{"damage":9,"enemies":"Champ","floor":33,"turns":4},{"damage":0,"enemies":"Orb Walker","floor":35,"turns":3},{"damage":0,"enemies":"Mind Bloom Boss Battle","floor":36,"turns":2},{"damage":0,"enemies":"3 Darklings","floor":41,"turns":2},{"damage":8,"enemies":"Reptomancer","floor":45,"turns":3},{"damage":13,"enemies":"Giant Head","floor":47,"turns":3},{"damage":0,"enemies":"Maw","floor":48,"turns":4},{"damage":0,"enemies":"Donu and Deca","floor":50,"turns":2},{"damage":0,"enemies":"Shield and Spear","floor":54,"turns":2},{"damage":93,"enemies":"The Heart","floor":55,"turns":3}],"seed_played":"-8517126178086609056","potions_obtained":[{"floor":7,"key":"SkillPotion"},{"floor":12,"key":"Energy Potion"},{"floor":18,"key":"AttackPotion"},{"floor":25,"key":"SpeedPotion"},{"floor":29,"key":"Ancient Potion"}],"is_trial":false,"path_per_floor":["M","M","$","?","?","R","M","R","T","T","R","M","E","?","R","B",null,"M","$","M","?","?","R","M","M","T","E","T","M","R","M","R","B",null,"M","?","?","$","T","R","M","R","T","R","E","$","E","M","R","B",null,"R","$","E","B"],"character_chosen":"THE_DEFAULT","items_purchased":["theMarked:EnhancedHearing","Master of Strategy+1","theMarked:Panic+1","theMarked:DemonDagger","theMarked:ReduceFriction+1"],"campfire_rested":2,"item_purchase_floors":[3,19,38,38,53],"current_hp_per_floor":[48,48,48,37,20,20,19,19,19,19,19,10,10,10,33,15,77,77,77,74,74,74,74,74,73,73,67,67,65,65,62,62,53,77,77,77,77,77,77,77,77,77,77,77,69,69,56,56,71,71,77,77,77,77,0,0],"gold":37,"neow_bonus":"TRANSFORM_TWO_CARDS","is_daily":false,"chose_seed":false,"campfire_upgraded":9,"win_rate":0.0,"timestamp":1609120851,"path_taken":["M","M","$","?","?","R","M","R","T","?","R","M","E","?","R","BOSS","M","$","M","?","?","R","M","M","T","E","?","M","R","?","R","BOSS","M","?","?","$","?","R","?","R","T","R","E","?","E","M","R","BOSS","R","$","E","BOSS"],"items_purchased_type":["Card","Card","Card","Relic","Card"],"build_version":"2020-12-22","purchased_purges":4,"victory":false,"max_hp_per_floor":[70,70,70,70,70,70,70,70,70,70,70,70,77,77,77,77,77,77,77,77,77,77,77,77,77,77,77,77,77,77,77,77,77,77,77,77,77,77,77,77,77,77,77,77,77,77,77,77,77,77,77,77,77,77,77,77],"card_choices":[{"not_picked":["theMarked:ChainLightning","theMarked:Improvise"],"picked":"theMarked:Aftermath","floor":1},{"not_picked":["theMarked:EmpowerWeapon","theMarked:TunnelVision"],"picked":"theMarked:MagicAdept","floor":2},{"not_picked":["theMarked:ElectricStrings","theMarked:Frustration"],"picked":"theMarked:Overthink","floor":7},{"not_picked":["theMarked:Parkour","theMarked:StartUp"],"picked":"theMarked:TakeOffHeels+1","floor":12},{"not_picked":["theMarked:ChainLightning","theMarked:Opportunist"],"picked":"theMarked:Generate+1","floor":13},{"not_picked":["theMarked:Defy","theMarked:Levitate+1"],"picked":"theMarked:BindingBlade+1","floor":16},{"not_picked":["theMarked:WastefulAttack","theMarked:TwofoldDefense+1"],"picked":"theMarked:Indomitable+1","floor":18},{"not_picked":["theMarked:TunnelVision","theMarked:MagicAdept"],"picked":"theMarked:TakeCover+1","floor":20},{"not_picked":["theMarked:HeightenedSenses+1","theMarked:ChainLightning+1"],"picked":"theMarked:WardOff+1","floor":24},{"not_picked":["theMarked:WardOff+1","theMarked:ElectricStrings+1"],"picked":"theMarked:EmpowerWeapon+1","floor":25},{"not_picked":["theMarked:ChannelForce+1","theMarked:LightningStrikesTwice+1"],"picked":"theMarked:Convert+1","floor":27},{"not_picked":["theMarked:WastefulAttack+1","theMarked:CreepingChasm+1"],"picked":"theMarked:Panic+1","floor":29},{"not_picked":["theMarked:TwofoldDefense+1","theMarked:WardOff+1"],"picked":"theMarked:Overcharge+1","floor":31},{"not_picked":["theMarked:UnarmedFury","theMarked:Defy"],"picked":"theMarked:TurnInvisible+1","floor":33},{"not_picked":["theMarked:Parkour","theMarked:WardOff+1"],"picked":"theMarked:EmpowerWeapon+1","floor":35},{"not_picked":["theMarked:EnhanceMovement+1","theMarked:ChainLightning+1"],"picked":"theMarked:Generate+1","floor":36},{"not_picked":["theMarked:ResourceFulStrike+1","theMarked:TunnelVision+1","theMarked:BanishingStrike"],"picked":"SKIP","floor":41},{"not_picked":["theMarked:ResourceFulStrike","theMarked:EmpowerWeapon+1"],"picked":"theMarked:Panic+1","floor":45},{"not_picked":["theMarked:WastefulAttack+1","theMarked:ResourceFulStrike"],"picked":"theMarked:WastefulDefense+1","floor":47},{"not_picked":["theMarked:Improvise+1","theMarked:HeightenedSenses+1"],"picked":"theMarked:TunnelVision+1","floor":48},{"not_picked":["theMarked:ElectricStrings+1","theMarked:Snap","theMarked:WardOff+1"],"picked":"SKIP","floor":54}],"player_experience":852863,"relics_obtained":[{"floor":9,"key":"Toxic Egg 2"},{"floor":10,"key":"Tiny Chest"},{"floor":13,"key":"Strawberry"},{"floor":26,"key":"PreservedInsect"},{"floor":27,"key":"Centennial Puzzle"},{"floor":36,"key":"WingedGreaves"},{"floor":39,"key":"theMarked:Gun"},{"floor":43,"key":"Nunchaku"},{"floor":45,"key":"Happy Flower"},{"floor":47,"key":"Eternal Feather"},{"floor":54,"key":"Bag of Preparation"}],"event_choices":[{"damage_healed":0,"gold_gain":75,"player_choice":"Gather Gold","damage_taken":11,"max_hp_gain":0,"max_hp_loss":0,"event_name":"World of Goop","floor":4,"gold_loss":0},{"damage_healed":0,"gold_gain":0,"player_choice":"Take Damage","damage_taken":17,"relics_obtained":["Golden Idol"],"max_hp_gain":0,"max_hp_loss":0,"event_name":"Golden Idol","floor":5,"gold_loss":0},{"damage_healed":0,"gold_gain":0,"player_choice":"Ignored","damage_taken":0,"max_hp_gain":0,"max_hp_loss":0,"event_name":"Liars Game","floor":14,"gold_loss":0},{"damage_healed":0,"gold_gain":0,"player_choice":"Read","damage_taken":0,"max_hp_gain":0,"max_hp_loss":0,"event_name":"The Library","floor":21,"gold_loss":0,"cards_obtained":["theMarked:Generate"]},{"damage_healed":0,"gold_gain":0,"player_choice":"Fight","damage_taken":0,"max_hp_gain":0,"max_hp_loss":0,"event_name":"MindBloom","floor":36,"gold_loss":0},{"damage_healed":0,"gold_gain":0,"cards_transformed":["theMarked:Defend"],"player_choice":"Transformed","damage_taken":0,"max_hp_gain":0,"max_hp_loss":0,"event_name":"Transmorgrifier","floor":37,"gold_loss":0,"cards_obtained":["theMarked:CreepingChasm"]}],"is_beta":false,"boss_relics":[{"not_picked":["Snecko Eye","Calling Bell"],"picked":"theMarked:SpiritSword"},{"not_picked":["Tiny House","SlaversCollar"],"picked":"Sozu"}],"items_purged_floors":[3,19,38,46],"is_endless":false,"potions_floor_spawned":[7,12,18,25,29,41,45,48],"killed_by":"The Heart","ascension_level":0}}