{"host":"jgyoyy5iuhtvyvtg","time":1609139546,"event":{"mods":["2.2 Compatiblity","BaseMod","Challenge The Spire","ChefMod","Colored Map","Conspire","Downfall","Hermit","Highlight Path","Infinite Spire","Lobotomy","LobotomyExtend","Minty Spire (QoL Compilation)","Quick Restart","Replay The Spire","Spikes Relics","StSLib","The Construct","The Disciple","The Jungle","Yuri Mod"],"gold_per_floor":[114,114,126,138,71,71,71,85,85,85,85,105,24,35,35,132,132,146,160,14,14,27,27,58,58,83,93,3,3,3,16,16,111,111,131,142,142,155,166,166,166,166],"floor_reached":41,"playtime":1794,"items_purged":[],"score":430,"play_id":"89449919-104b-42ef-896f-ac2eec4dae33","local_time":"20201227231226","is_ascension_mode":false,"campfire_choices":[{"data":"chefmod:FreezerBurn","floor":6,"key":"SMITH"},{"data":"chefmod:Granita","floor":10,"key":"SMITH"},{"data":"chefmod:FiveAlarmChili","floor":15,"key":"SMITH"},{"floor":23,"key":"REST"},{"floor":25,"key":"REST"},{"floor":29,"key":"REST"},{"data":"Shame","floor":32,"key":"PURGE"},{"floor":40,"key":"REST"}],"circlet_count":0,"master_deck":["chefmod:Strike+1","chefmod:Strike+1","chefmod:Strike+1","chefmod:Strike+1","chefmod:Strike+1","chefmod:Defend+1","chefmod:Defend+1","chefmod:Defend+1","chefmod:QuickThaw+1","chefmod:TodaysSpecial+1","chefmod:FreezerBurn+1","chefmod:Chop","chefmod:Granita+1","chefmod:DoubleChop","chefmod:IcePick","chefmod:Fillet","chefmod:FreezeSolid","chefmod:FiveAlarmChili+1","chefmod:TwoForOne","chefmod:BleedOut","chefmod:BaoBuns","chefmod:Gelato","chefmod:FreezeSolid+1","chefmod:BaoBuns","chefmod:Tenderizer","chefmod:ZaruSoba","chefmod:LocoMoco+1","chefmod:Sorbet","chefmod:Julienne"],"relics":["chefmod:TrustyPot","LetterFromLob","Quantum Egg","conspire:SpecialSausage","Membership Card","Blue Doll","infinitespire:Beetle Shell","theJungle:ParSnip","theJungle:PaperFaux","Vajra"],"acts_visited":["Exordium","Exordium","TheBeyond"],"potions_floor_usage":[18,31,38,39,41],"damage_taken":[{"damage":10,"enemies":"Small Slimes","floor":1,"turns":3},{"damage":1,"enemies":"2 Louse","floor":3,"turns":5},{"damage":3,"enemies":"Jaw Worm","floor":4,"turns":6},{"damage":0,"enemies":"Looter","floor":8,"turns":3},{"damage":6,"enemies":"Exordium Wildlife","floor":12,"turns":3},{"damage":8,"enemies":"Gremlin Gang","floor":14,"turns":5},{"damage":14,"enemies":"Hexaghost","floor":16,"turns":8},{"damage":10,"enemies":"theJungle:MUSHROOMGANG","floor":18,"turns":3},{"damage":13,"enemies":"theJungle:Flameango_and_Byrd","floor":19,"turns":6},{"damage":31,"enemies":"theJungle:2_Snecko_Cultists","floor":22,"turns":5},{"damage":30,"enemies":"Nightmare","floor":24,"turns":10},{"damage":9,"enemies":"theJungle:Lyon","floor":27,"turns":5},{"damage":20,"enemies":"theJungle:Snecko_Cultist_And_Trap","floor":31,"turns":8},{"damage":4,"enemies":"theJungle:QueenSpyder","floor":33,"turns":11},{"damage":12,"enemies":"3 Shapes","floor":35,"turns":7},{"damage":16,"enemies":"Orb Walker","floor":36,"turns":7},{"damage":15,"enemies":"Spire Growth","floor":38,"turns":5},{"damage":6,"enemies":"Jaw Worm Horde","floor":39,"turns":6},{"damage":58,"enemies":"Nightmare","floor":41,"turns":5}],"seed_played":"4659200625879425944","potions_obtained":[{"floor":3,"key":"LiquidMemories"},{"floor":4,"key":"Elixir"},{"floor":14,"key":"ColorlessPotion"},{"floor":19,"key":"Dexterity Potion"},{"floor":27,"key":"SkillPotion"},{"floor":36,"key":"Energy Potion"},{"floor":39,"key":"champ:CounterPotion"}],"is_trial":false,"path_per_floor":["M","?","M","M","$","R","?","M","T","R","M","M","$","M","R","B",null,"M","M","$","?","M","R","NM","R","T","M","?","R","?","M","R_BF","B",null,"M","M","AVR","M","M","R","NM"],"character_chosen":"THE_CHEF","items_purchased":["chefmod:DoubleChop","chefmod:FreezeSolid","Membership Card"],"campfire_rested":4,"item_purchase_floors":[5,13,20],"current_hp_per_floor":[66,66,65,62,62,62,62,62,62,62,62,56,56,48,48,34,76,66,53,53,53,22,44,14,36,36,27,27,49,49,29,29,25,76,64,48,48,33,27,49,0,0],"gold":166,"neow_bonus":"UPGRADE_CARD","is_daily":false,"chose_seed":false,"campfire_upgraded":3,"win_rate":0.0,"timestamp":1609139546,"path_taken":["M","?","M","M","$","R","?","M","T","R","M","M","$","M","R","BOSS","M","M","$","?","M","R","NM","R","T","M","?","R","?","M","R_BF","BOSS","M","M","AVR","M","M","R","NM"],"items_purchased_type":["Card","Card","Relic"],"build_version":"2020-12-22","purchased_purges":0,"victory":false,"max_hp_per_floor":[76,76,76,76,76,76,76,76,76,76,76,76,76,76,76,76,76,76,76,76,76,76,76,76,76,76,76,76,76,76,76,76,76,76,76,76,76,76,76,76,76,76],"card_choices":[{"not_picked":["chefmod:SpaghettiCarbonara","chefmod:IceCreamCone"],"picked":"chefmod:FreezerBurn","floor":1},{"not_picked":["chefmod:DimSum","chefmod:Flambe"],"picked":"chefmod:Chop","floor":3},{"not_picked":["chefmod:CuttingBoard","chefmod:FryPan"],"picked":"chefmod:Granita","floor":4},{"not_picked":["chefmod:FarmersMarket","chefmod:NoSoupForYou"],"picked":"chefmod:IcePick","floor":8},{"not_picked":["chefmod:SushiPlatter","chefmod:DinoKale"],"picked":"chefmod:Fillet","floor":12},{"not_picked":["chefmod:FireUp","chefmod:SaveForLater"],"picked":"chefmod:FiveAlarmChili","floor":14},{"not_picked":["chefmod:Canape","chefmod:Mince"],"picked":"chefmod:TwoForOne","floor":16},{"not_picked":["chefmod:SearedScallops","chefmod:FryPan","chefmod:CayenneCloud"],"picked":"SKIP","floor":18},{"not_picked":["chefmod:Granita","chefmod:Chop"],"picked":"chefmod:BleedOut","floor":19},{"not_picked":["chefmod:FryPan","chefmod:MonsterBait"],"picked":"chefmod:BaoBuns","floor":22},{"not_picked":["chefmod:Mince","chefmod:LocoMoco"],"picked":"chefmod:Gelato","floor":24},{"not_picked":["chefmod:Puree","chefmod:ZaruSoba"],"picked":"chefmod:FreezeSolid+1","floor":27},{"not_picked":["chefmod:MonsterBait","chefmod:NewMenu+1"],"picked":"chefmod:BaoBuns","floor":31},{"not_picked":["chefmod:BananaSplit","chefmod:TastyDistraction"],"picked":"chefmod:Tenderizer","floor":33},{"not_picked":["chefmod:Granita","chefmod:BaoBuns"],"picked":"chefmod:ZaruSoba","floor":35},{"not_picked":["chefmod:ZaruSoba","chefmod:BaoBuns+1"],"picked":"chefmod:LocoMoco+1","floor":36},{"not_picked":["chefmod:PotatoGratin+1","chefmod:SliceAndDice+1"],"picked":"chefmod:Sorbet","floor":38},{"not_picked":["chefmod:BleedOut+1","chefmod:Canape"],"picked":"chefmod:Julienne","floor":39}],"player_experience":3189066,"relics_obtained":[{"floor":1,"key":"LetterFromLob"},{"floor":9,"key":"Quantum Egg"},{"floor":24,"key":"Blue Doll"},{"floor":26,"key":"infinitespire:Beetle Shell"}],"event_choices":[{"damage_healed":0,"gold_gain":0,"player_choice":"Ignored","damage_taken":0,"max_hp_gain":0,"max_hp_loss":0,"event_name":"Liars Game","floor":2,"gold_loss":0}],"is_beta":false,"boss_relics":[{"not_picked":["Pandora\u0027s Box","Replay:Drink Me"],"picked":"conspire:SpecialSausage"},{"not_picked":["Honey Jar","Snecko Eye","Philosopher\u0027s Stone"]}],"items_purged_floors":[],"is_endless":false,"potions_floor_spawned":[3,4,14,19,27,36,39],"killed_by":"Nightmare","ascension_level":0}}