{"host":"chv1qanoipyt46jc","time":1609134672,"event":{"mods":["2.2 Compatiblity","AchievementEnabler","BaseMod","BetterRewards","CapriCore","Card Filter","Gold Saver","Grow up Mod","Minty Spire (QoL Compilation)","Rare Cards Sparkle","Relic Filter","Remove Card Discount Mod","Reorder Act Four","StSLib","The Poker Player"],"gold_per_floor":[1083,1100,1100,1115,1129,1129,1143,1143,1195,1189,1215,1235,1124,1141,1141,1244,1294,1305,1305,1324,1320,1330,1330,1347,1347,1347,1361,1394,1394,1423,1441,1441,1541,1541,1552,1552,1550,1570,1583,1597,1597,1612,1639,1639,1655,1655,1667,1677,1677,1677,1677,1671,1671,1700,1700],"floor_reached":56,"playtime":2139,"items_purged":["PokerPlayerMod:Diamond1","PokerPlayerMod:Diamond2","PokerPlayerMod:Spade1","PokerPlayerMod:Spade2","PokerPlayerMod:TrumpStrike","PokerPlayerMod:BadJoker","PokerPlayerMod:Mulligan","PokerPlayerMod:Spade3","PokerPlayerMod:Spade4","PokerPlayerMod:Diamond3","PokerPlayerMod:Diamond4","PokerPlayerMod:Spade5","PokerPlayerMod:Club1","PokerPlayerMod:Club3","PokerPlayerMod:Diamond5","PokerPlayerMod:Raise+1","PokerPlayerMod:Raise+1","PokerPlayerMod:Heart2"],"score":1797,"play_id":"ce76d095-f3e6-4da1-980e-d73729a5943f","local_time":"20201227235112","is_ascension_mode":false,"metric_token":978,"campfire_choices":[{"data":"PokerPlayerMod:Raise","floor":6,"key":"SMITH"},{"data":"PokerPlayerMod:Raise","floor":8,"key":"SMITH"},{"floor":15,"key":"RECALL"},{"data":"PokerPlayerMod:Diamond9","floor":23,"key":"SMITH"},{"data":"PokerPlayerMod:Spade6","floor":25,"key":"SMITH"},{"data":"PokerPlayerMod:Spade7","floor":29,"key":"SMITH"},{"data":"PokerPlayerMod:Spade8","floor":32,"key":"SMITH"},{"data":"PokerPlayerMod:Spade6","floor":41,"key":"SMITH"},{"data":"PokerPlayerMod:Spade7","floor":44,"key":"SMITH"},{"data":"PokerPlayerMod:Spade8","floor":46,"key":"SMITH"},{"data":"PokerPlayerMod:Spade9","floor":49,"key":"SMITH"},{"floor":53,"key":"REST"}],"circlet_count":0,"master_deck":["PokerPlayerMod:Spade10+","PokerPlayerMod:Diamond10+","PokerPlayerMod:Spade10+","PokerPlayerMod:Club10+","PokerPlayerMod:Club10+"],"relics":["PokerPlayerMod:DeckCase","Membership Card","Singing Bowl","Tiny House","Mummified Hand","Vajra","Black Star","Potion Belt","Ornamental Fan","HornCleat"],"acts_visited":["Exordium","TheCity","TheBeyond","TheEnding"],"potions_floor_usage":[55,55,55],"damage_taken":[{"damage":0,"enemies":"2 Louse","floor":1,"turns":2},{"damage":5,"enemies":"Jaw Worm","floor":2,"turns":3},{"damage":0,"enemies":"Cultist","floor":4,"turns":3},{"damage":6,"enemies":"2 Fungi Beasts","floor":5,"turns":3},{"damage":6,"enemies":"Exordium Thugs","floor":7,"turns":4},{"damage":72,"enemies":"Gremlin Nob","floor":11,"turns":7},{"damage":9,"enemies":"Large Slime","floor":12,"turns":4},{"damage":0,"enemies":"Lots of Slimes","floor":14,"turns":2},{"damage":0,"enemies":"The Guardian","floor":16,"turns":7},{"damage":0,"enemies":"Chosen","floor":18,"turns":4},{"damage":0,"enemies":"3 Byrds","floor":20,"turns":1},{"damage":0,"enemies":"Snecko","floor":22,"turns":3},{"damage":0,"enemies":"Sentry and Sphere","floor":24,"turns":3},{"damage":0,"enemies":"Snake Plant","floor":27,"turns":2},{"damage":0,"enemies":"Slavers","floor":28,"turns":2},{"damage":0,"enemies":"Gremlin Leader","floor":30,"turns":3},{"damage":0,"enemies":"Snecko","floor":31,"turns":4},{"damage":0,"enemies":"Champ","floor":33,"turns":6},{"damage":0,"enemies":"3 Darklings","floor":35,"turns":1},{"damage":0,"enemies":"3 Shapes","floor":38,"turns":1},{"damage":0,"enemies":"Writhing Mass","floor":39,"turns":2},{"damage":0,"enemies":"Spire Growth","floor":40,"turns":3},{"damage":0,"enemies":"4 Shapes","floor":42,"turns":2},{"damage":0,"enemies":"Transient","floor":45,"turns":5},{"damage":0,"enemies":"Jaw Worm Horde","floor":47,"turns":1},{"damage":0,"enemies":"Maw","floor":48,"turns":3},{"damage":0,"enemies":"Donu and Deca","floor":50,"turns":4},{"damage":0,"enemies":"Shield and Spear","floor":54,"turns":3},{"damage":0,"enemies":"The Heart","floor":55,"turns":7}],"seed_played":"852102938500619963","potions_obtained":[{"floor":5,"key":"LiquidBronze"},{"floor":11,"key":"FearPotion"},{"floor":16,"key":"Block Potion"}],"is_trial":false,"path_per_floor":["M","M","?","M","M","R","M","R","T","$","E","M","$","M","R","B",null,"M","?","M","$","M","R","M","R","T","M","E","R","E","M","R","B",null,"M","?","$","M","M","M","R","M","T","R","M","R","M","M","R","B",null,"$","R","E","B",null],"character_chosen":"THE_POKER_PLAYER","items_purchased":["PokerPlayerMod:Raise","PokerPlayerMod:Raise","Membership Card","PokerPlayerMod:Diamond9","PokerPlayerMod:Spade6"],"campfire_rested":1,"item_purchase_floors":[0,0,0,13,13],"current_hp_per_floor":[42,47,57,67,75,85,92,102,112,122,64,69,79,93,103,119,245,257,264,276,286,300,310,323,333,343,355,367,377,389,401,411,421,431,443,453,463,475,487,499,509,521,531,541,553,563,575,587,597,607,617,627,637,649,659],"gold":1700,"neow_bonus":"","is_daily":false,"chose_seed":false,"campfire_upgraded":10,"win_rate":0.0,"timestamp":1609134672,"path_taken":["M","M","?","M","M","R","M","R","T","$","E","M","$","M","R","BOSS","M","?","M","$","M","R","M","R","T","?","E","R","E","M","R","BOSS","M","?","$","M","M","M","R","M","T","R","M","R","M","M","R","BOSS","$","R","E","BOSS"],"items_purchased_type":["Card","Card","Relic","Card","Card"],"build_version":"2020-12-22","purchased_purges":18,"victory":true,"max_hp_per_floor":[72,82,92,102,112,122,132,142,152,162,174,186,196,208,218,228,245,257,267,279,289,301,311,323,333,343,355,367,377,389,401,411,421,431,443,453,463,475,487,499,509,521,531,541,553,563,575,587,597,607,617,627,637,649,659],"card_choices":[{"not_picked":["PokerPlayerMod:Diamond2","PokerPlayerMod:JackOfSpades","PokerPlayerMod:Harden"],"picked":"SKIP","floor":1},{"not_picked":["PokerPlayerMod:CardPrinter","PokerPlayerMod:Diamond4","PokerPlayerMod:Spade6"],"picked":"SKIP","floor":2},{"not_picked":["PokerPlayerMod:CardPrinter","PokerPlayerMod:Diamond4"],"picked":"PokerPlayerMod:Spade6","floor":2},{"not_picked":["PokerPlayerMod:Configure","PokerPlayerMod:Trickery","PokerPlayerMod:HotShotCut"],"picked":"SKIP","floor":4},{"not_picked":["PokerPlayerMod:Harden","PokerPlayerMod:Spade3","PokerPlayerMod:Sharpen"],"picked":"SKIP","floor":5},{"not_picked":["PokerPlayerMod:CardBurn","PokerPlayerMod:Diamond4"],"picked":"PokerPlayerMod:Spade5","floor":7},{"not_picked":["PokerPlayerMod:JackOfSpades","PokerPlayerMod:DartThrow","PokerPlayerMod:Configure"],"picked":"Singing Bowl","floor":11},{"not_picked":["PokerPlayerMod:Diamond2","PokerPlayerMod:DamnStraight","PokerPlayerMod:Configure"],"picked":"Singing Bowl","floor":12},{"not_picked":["PokerPlayerMod:Club1","PokerPlayerMod:Heart3","PokerPlayerMod:ClubsClub"],"picked":"Singing Bowl","floor":14},{"not_picked":["PokerPlayerMod:Promotion","PokerPlayerMod:Diamond10+"],"picked":"PokerPlayerMod:Club10+","floor":16},{"not_picked":["PokerPlayerMod:Spade2","PokerPlayerMod:Spade3","PokerPlayerMod:CloakAndDiamond"],"picked":"Singing Bowl","floor":17},{"not_picked":["PokerPlayerMod:DiamondStrike","PokerPlayerMod:Club4","PokerPlayerMod:CardBurn"],"picked":"Singing Bowl","floor":18},{"not_picked":["PokerPlayerMod:Spade1","PokerPlayerMod:Spade5","PokerPlayerMod:MagicTrick+1"],"picked":"Singing Bowl","floor":20},{"not_picked":["PokerPlayerMod:MagicTrick","PokerPlayerMod:Heart4","PokerPlayerMod:Spade5"],"picked":"Singing Bowl","floor":22},{"not_picked":["PokerPlayerMod:Raise","PokerPlayerMod:DiamondStrike","PokerPlayerMod:HeartStrike+1"],"picked":"Singing Bowl","floor":24},{"not_picked":["PokerPlayerMod:Diamond4","PokerPlayerMod:Sharpen","PokerPlayerMod:MagicTrick"],"picked":"Singing Bowl","floor":27},{"not_picked":["PokerPlayerMod:Spade4","PokerPlayerMod:DartThrow","PokerPlayerMod:Spade3"],"picked":"Singing Bowl","floor":28},{"not_picked":["PokerPlayerMod:Diamond3","PokerPlayerMod:Heart1","PokerPlayerMod:CloakAndDiamond+1"],"picked":"Singing Bowl","floor":30},{"not_picked":["PokerPlayerMod:Sharpen","PokerPlayerMod:Heart7","PokerPlayerMod:Fold"],"picked":"Singing Bowl","floor":31},{"not_picked":["PokerPlayerMod:TheDieIsCast","PokerPlayerMod:Duplicate"],"picked":"PokerPlayerMod:Club10+","floor":33},{"not_picked":["PokerPlayerMod:Spade2","PokerPlayerMod:Diamond3","PokerPlayerMod:CardPrinter+1"],"picked":"Singing Bowl","floor":35},{"not_picked":["PokerPlayerMod:Diamond3","PokerPlayerMod:Overdeal+1","PokerPlayerMod:Spade5"],"picked":"Singing Bowl","floor":38},{"not_picked":["PokerPlayerMod:Spade3","PokerPlayerMod:CardBurn+1","PokerPlayerMod:Diamond1"],"picked":"Singing Bowl","floor":39},{"not_picked":["PokerPlayerMod:Raise+1","PokerPlayerMod:SecondChance+1","PokerPlayerMod:Spade3"],"picked":"Singing Bowl","floor":40},{"not_picked":["PokerPlayerMod:Fold","PokerPlayerMod:Heart8","PokerPlayerMod:CardBurn"],"picked":"Singing Bowl","floor":42},{"not_picked":["PokerPlayerMod:RiskyBet","PokerPlayerMod:Club3","PokerPlayerMod:HotShotCut+1"],"picked":"Singing Bowl","floor":45},{"not_picked":["PokerPlayerMod:GamblerForm","PokerPlayerMod:Overdeal+1","PokerPlayerMod:Spade4"],"picked":"Singing Bowl","floor":47},{"not_picked":["PokerPlayerMod:Extraction+1","PokerPlayerMod:Manipulation","PokerPlayerMod:Heart4"],"picked":"Singing Bowl","floor":48},{"not_picked":["PokerPlayerMod:HotShotCut","PokerPlayerMod:DartThrow","PokerPlayerMod:Spade3"],"picked":"Singing Bowl","floor":54}],"player_experience":307671,"relics_obtained":[{"floor":11,"key":"Singing Bowl"},{"floor":26,"key":"Mummified Hand"},{"floor":28,"key":"Vajra"},{"floor":43,"key":"Potion Belt"},{"floor":54,"key":"Ornamental Fan"},{"floor":54,"key":"HornCleat"}],"event_choices":[{"damage_healed":0,"gold_gain":0,"player_choice":"Leave","damage_taken":0,"max_hp_gain":0,"max_hp_loss":0,"event_name":"The Cleric","floor":3,"gold_loss":0},{"damage_healed":0,"gold_gain":0,"player_choice":"Punched","damage_taken":3,"max_hp_gain":0,"max_hp_loss":0,"event_name":"Designer","floor":19,"gold_loss":0},{"damage_healed":0,"gold_gain":0,"player_choice":"Forge","damage_taken":0,"max_hp_gain":0,"max_hp_loss":0,"event_name":"Accursed Blacksmith","floor":36,"gold_loss":0,"cards_upgraded":["PokerPlayerMod:Spade10"]}],"is_beta":false,"boss_relics":[{"not_picked":["PokerPlayerMod:AceCard","SacredBark"],"picked":"Tiny House"},{"not_picked":["Calling Bell","Sozu"],"picked":"Black Star"}],"items_purged_floors":[0,0,0,0,0,0,0,10,10,10,13,13,21,21,37,52,52,52],"is_endless":false,"potions_floor_spawned":[5,11,16,20,22,24,28,33,35,39,45,47,48],"ascension_level":0}}