{"host":"ofo1c8vhbvqfz1lu","time":1609178981,"event":{"mods":["BaseMod","Better Note","Colored Powertips","Energized Spire","Minty Spire (QoL Compilation)","SIMod","Shade Mod","StSLib","Starting Relic: Pandora\u0027s Box","The Runesmith"],"gold_per_floor":[113,113,113,113,34,34,184,24,50,79,79,97,97,116,116,187,187,198,198,215,232,232,232],"floor_reached":22,"playtime":474,"items_purged":[],"score":337,"play_id":"da18c5b0-ca19-47c5-8fbc-c9255a4ac280","local_time":"20201228190941","is_ascension_mode":true,"campfire_choices":[{"floor":6,"key":"REST"},{"floor":11,"key":"REST"},{"floor":15,"key":"REST"}],"circlet_count":0,"master_deck":["AscendersBane","Bash","Ghostly Armor","Body Slam","Disarm","Cleave","Flex+1","Headbutt","Iron Wave","Havoc+1","Sword Boomerang","Fire Breathing+1","Doubt","Immolate","Immolate","Whirlwind","Offering"],"relics":["energizedSpire:MagnifyingGlass","Oddly Smooth Stone","Juzu Bracelet","Pocketwatch","Runic Cube"],"acts_visited":["Exordium","TheCity"],"potions_floor_usage":[10,22],"damage_taken":[{"damage":1,"enemies":"Small Slimes","floor":1,"turns":3},{"damage":22,"enemies":"Lagavulin","floor":10,"turns":5},{"damage":0,"enemies":"2 Louse","floor":12,"turns":1},{"damage":10,"enemies":"Jaw Worm","floor":14,"turns":2},{"damage":27,"enemies":"Hexaghost","floor":16,"turns":7},{"damage":12,"enemies":"3 Byrds","floor":18,"turns":2},{"damage":6,"enemies":"Chosen","floor":20,"turns":3},{"damage":18,"enemies":"3 Cultists","floor":21,"turns":3},{"damage":27,"enemies":"Snake Plant","floor":22,"turns":2}],"seed_played":"-3266761055605272112","potions_obtained":[{"floor":1,"key":"BlessingOfTheForge"},{"floor":10,"key":"Swift Potion"},{"floor":12,"key":"SteroidPotion"}],"is_trial":false,"path_per_floor":["M","?","?","?","$","R","?","$","T","E","R","M","?","M","R","B",null,"M","?","M","M","M"],"character_chosen":"IRONCLAD","items_purchased":["Fire Breathing","Immolate"],"campfire_rested":3,"item_purchase_floors":[5,8],"current_hp_per_floor":[67,56,49,26,26,48,48,48,48,26,48,48,48,38,60,33,65,53,47,41,23,0,0],"gold":232,"neow_bonus":"BOSS_RELIC","is_daily":false,"chose_seed":false,"campfire_upgraded":0,"win_rate":0.0,"timestamp":1609178981,"path_taken":["M","?","?","?","$","R","?","$","T","E","R","M","?","M","R","BOSS","M","?","M","M","M"],"items_purchased_type":["Card","Card"],"build_version":"2020-12-22","purchased_purges":0,"victory":false,"max_hp_per_floor":[75,75,75,75,75,75,75,75,75,75,75,75,75,75,75,75,75,75,75,75,75,75,75],"card_choices":[{"not_picked":["Second Wind","Thunderclap"],"picked":"Sword Boomerang","floor":1},{"not_picked":["Feel No Pain","Carnage"],"picked":"Immolate","floor":10},{"not_picked":["Searing Blow","Rage","Headbutt"],"picked":"SKIP","floor":12},{"not_picked":["Burning Pact","Pommel Strike"],"picked":"Whirlwind","floor":14},{"not_picked":["Brutality","Bludgeon"],"picked":"Offering","floor":16},{"not_picked":["Clothesline","Dropkick","Sword Boomerang"],"picked":"SKIP","floor":18},{"not_picked":["Shrug It Off","Clothesline","Intimidate"],"picked":"SKIP","floor":20},{"not_picked":["Sword Boomerang","Perfected Strike","True Grit"],"picked":"SKIP","floor":21}],"player_experience":474988,"relics_obtained":[{"floor":9,"key":"Juzu Bracelet"},{"floor":10,"key":"Pocketwatch"}],"event_choices":[{"damage_healed":0,"gold_gain":0,"player_choice":"Success","damage_taken":11,"relics_obtained":["Oddly Smooth Stone"],"max_hp_gain":0,"max_hp_loss":0,"event_name":"Scrap Ooze","floor":2,"gold_loss":0},{"cards_removed":["Burning Pact"],"damage_healed":0,"gold_gain":0,"player_choice":"Card Removal","damage_taken":7,"max_hp_gain":0,"max_hp_loss":0,"event_name":"Golden Wing","floor":3,"gold_loss":0},{"damage_healed":0,"gold_gain":0,"player_choice":"Entered Light","damage_taken":23,"max_hp_gain":0,"max_hp_loss":0,"event_name":"Shining Light","floor":4,"gold_loss":0,"cards_upgraded":["Flex","Havoc"]},{"damage_healed":0,"gold_gain":150,"player_choice":"AGREE","damage_taken":0,"max_hp_gain":0,"max_hp_loss":0,"event_name":"Liars Game","floor":7,"gold_loss":0,"cards_obtained":["Doubt"]},{"damage_healed":0,"gold_gain":0,"player_choice":"Forge","damage_taken":0,"max_hp_gain":0,"max_hp_loss":0,"event_name":"Accursed Blacksmith","floor":13,"gold_loss":0,"cards_upgraded":["Fire Breathing"]},{"damage_healed":0,"gold_gain":0,"player_choice":"","damage_taken":6,"max_hp_gain":0,"max_hp_loss":0,"event_name":"Knowing Skull","floor":19,"potions_obtained":[],"gold_loss":0,"cards_obtained":[]}],"is_beta":false,"boss_relics":[{"not_picked":["energizedSpire:StickyHand","Black Star"],"picked":"Runic Cube"}],"items_purged_floors":[],"is_endless":false,"potions_floor_spawned":[1,10,12,21],"killed_by":"Snake Plant","ascension_level":17}}