{"host":"a4s27ghlnr83kbqz","time":1609146847,"event":{"mods":["AchievementEnabler","BaseMod","Colored Map","Minty Spire (QoL Compilation)","Permanent Neow","SuperFastMode"],"gold_per_floor":[112,122,132,149,149,149,183,183,235,235,235,249,263,273,273,347,347,362,379,267,267,267],"floor_reached":21,"playtime":597,"items_purged":["Strike_R"],"score":366,"play_id":"531a29c0-1af3-4eea-8bc0-773f9c20900d","local_time":"20201228171407","is_ascension_mode":true,"campfire_choices":[{"data":"Pommel Strike","floor":6,"key":"SMITH"},{"data":"Armaments","floor":8,"key":"SMITH"},{"floor":11,"key":"REST"},{"floor":15,"key":"REST"}],"circlet_count":0,"master_deck":["AscendersBane","Strike_R","Strike_R","Defend_R","Defend_R","Defend_R","Defend_R","Bash","Armaments+1","Pommel Strike+1","Clothesline+1","Twin Strike+1","Body Slam+1","Impervious","Second Wind","Power Through"],"relics":["Burning Blood","Molten Egg 2","Blood Vial","Orichalcum","Philosopher\u0027s Stone"],"acts_visited":["Exordium","TheCity"],"potions_floor_usage":[16,19],"damage_taken":[{"damage":20.0,"enemies":"Small Slimes","floor":1.0,"turns":6.0},{"damage":0,"enemies":"Cultist","floor":2,"turns":5},{"damage":9,"enemies":"Jaw Worm","floor":3,"turns":4},{"damage":34,"enemies":"Exordium Thugs","floor":4,"turns":6},{"damage":32,"enemies":"Gremlin Nob","floor":7,"turns":4},{"damage":13,"enemies":"Large Slime","floor":12,"turns":5},{"damage":5,"enemies":"Blue Slaver","floor":13,"turns":4},{"damage":25,"enemies":"Exordium Thugs","floor":14,"turns":7},{"damage":25,"enemies":"Hexaghost","floor":16,"turns":8},{"damage":19,"enemies":"2 Thieves","floor":18,"turns":5},{"damage":35,"enemies":"Shell Parasite","floor":19,"turns":12},{"damage":28,"enemies":"Cultist and Chosen","floor":21,"turns":7}],"seed_played":"-2586225170563004662","potions_obtained":[{"floor":1,"key":"BloodPotion"},{"floor":7,"key":"CultistPotion"},{"floor":16,"key":"SneckoOil"}],"is_trial":false,"path_per_floor":["M","M","M","M","?","R","E","R","T","?","R","M","M","M","R","B",null,"M","M","$","M"],"character_chosen":"IRONCLAD","items_purchased":["Power Through"],"campfire_rested":2,"item_purchase_floors":[20],"current_hp_per_floor":[36,42,39,11,36,36,10,10,10,10,32,27,30,13,35,18,61,50,23,23,0,0],"gold":267,"neow_bonus":"REMOVE_TWO","is_daily":false,"chose_seed":false,"campfire_upgraded":2,"win_rate":0.0,"timestamp":1609146847,"path_taken":["M","M","M","M","?","R","E","R","T","?","R","?","M","M","R","BOSS","M","M","$","M"],"items_purchased_type":["Card"],"build_version":"2020-12-22","purchased_purges":1,"victory":false,"max_hp_per_floor":[75,75,75,75,75,75,75,75,75,75,75,75,75,75,75,75,75,75,75,75,75,75],"card_choices":[{"not_picked":["Sentinel","Perfected Strike"],"picked":"Armaments","floor":1},{"not_picked":["Havoc","Sword Boomerang","Second Wind"],"picked":"SKIP","floor":2},{"not_picked":["Perfected Strike","Clothesline"],"picked":"Pommel Strike","floor":3},{"not_picked":["Flex","Searing Blow","Havoc"],"picked":"SKIP","floor":4},{"not_picked":["Ghostly Armor","Thunderclap+1"],"picked":"Seeing Red","floor":7},{"not_picked":["Dual Wield","Bloodletting"],"picked":"Clothesline+1","floor":12},{"not_picked":["Headbutt+1","Shrug It Off"],"picked":"Twin Strike+1","floor":13},{"not_picked":["Brutality","Combust"],"picked":"Body Slam+1","floor":14},{"not_picked":["Juggernaut","Berserk"],"picked":"Impervious","floor":16},{"not_picked":["Cleave+1","Iron Wave+1","Sword Boomerang+1"],"picked":"SKIP","floor":18},{"not_picked":["Disarm","Havoc"],"picked":"Second Wind","floor":19}],"player_experience":1054993,"relics_obtained":[{"floor":7,"key":"Molten Egg 2"},{"floor":9,"key":"Blood Vial"}],"event_choices":[{"damage_healed":25,"gold_gain":0,"player_choice":"Banana","damage_taken":0,"max_hp_gain":0,"max_hp_loss":0,"event_name":"Big Fish","floor":5,"gold_loss":0},{"cards_removed":["Seeing Red"],"damage_healed":0,"gold_gain":0,"player_choice":"Gave Card","damage_taken":0,"relics_obtained":["Orichalcum"],"max_hp_gain":0,"max_hp_loss":0,"event_name":"WeMeetAgain","floor":10,"gold_loss":0}],"is_beta":false,"boss_relics":[{"not_picked":["SacredBark","Coffee Dripper"],"picked":"Philosopher\u0027s Stone"}],"items_purged_floors":[20],"is_endless":false,"potions_floor_spawned":[1,7,13,14,16],"killed_by":"Cultist and Chosen","ascension_level":20}}