{"host":"mr1ctipv0dcr6y8g","time":1609197491,"event":{"mods":["BaseMod","DeckTracker","Minty Spire (QoL Compilation)","Shop Mod","StSLib"],"gold_per_floor":[118,293,368,293,306,335,335,335,358,371,384,403,428,428,428,428,428],"floor_reached":16,"playtime":560,"items_purged":["Doubt"],"score":110,"play_id":"d7b5abf9-2eb1-4147-a521-fd00c88b9bf9","local_time":"20201228161811","daily_mods":["Vintage","Heirloom","Time Dilation","Flight"],"is_ascension_mode":false,"campfire_choices":[{"floor":8,"key":"REST"},{"data":"Uppercut","floor":15,"key":"SMITH"}],"circlet_count":0,"master_deck":["Strike_R","Strike_R","Strike_R","Strike_R","Strike_R","Defend_R","Defend_R+1","Defend_R+1","Defend_R","Bash+1","Uppercut+1"],"relics":["Burning Blood","Turnip","War Paint","Anchor","Singing Bowl","Toxic Egg 2","HornCleat","Omamori","Oddly Smooth Stone"],"acts_visited":["Exordium"],"potions_floor_usage":[6,16,16],"damage_taken":[{"damage":0,"enemies":"2 Louse","floor":1,"turns":3},{"damage":6,"enemies":"Jaw Worm","floor":5,"turns":3},{"damage":60,"enemies":"Lagavulin","floor":6,"turns":8},{"damage":0,"enemies":"Small Slimes","floor":10,"turns":3},{"damage":5,"enemies":"Red Slaver","floor":11,"turns":5},{"damage":0,"enemies":"Looter","floor":12,"turns":3},{"damage":14,"enemies":"Gremlin Nob","floor":13,"turns":4},{"damage":49,"enemies":"Hexaghost","floor":16,"turns":13}],"seed_played":"-4909053481868014880","potions_obtained":[{"floor":1,"key":"Block Potion"},{"floor":10,"key":"GamblersBrew"},{"floor":13,"key":"Fire Potion"}],"is_trial":true,"path_per_floor":["M","?","?","$","M","E","?","R","T","M","M","M","E","?","R","B"],"character_chosen":"IRONCLAD","items_purchased":[],"campfire_rested":1,"item_purchase_floors":[],"current_hp_per_floor":[80,80,69,69,69,17,17,41,41,47,48,54,46,46,46,0,0],"gold":428,"neow_bonus":"","is_daily":false,"chose_seed":false,"campfire_upgraded":1,"win_rate":0.0,"timestamp":1609197491,"path_taken":["M","?","?","$","M","E","?","R","T","?","M","M","E","?","R","BOSS"],"items_purchased_type":[],"build_version":"2020-12-22","purchased_purges":1,"victory":false,"max_hp_per_floor":[80,80,80,80,80,82,82,82,82,82,82,82,82,82,82,82,82],"card_choices":[{"not_picked":["Carnage","Anger","Wild Strike"],"picked":"Singing Bowl","floor":6},{"not_picked":["Warcry+1","Second Wind+1"],"picked":"Uppercut","floor":13}],"player_experience":1235548,"relics_obtained":[{"floor":1,"key":"War Paint"},{"floor":5,"key":"Anchor"},{"floor":6,"key":"Singing Bowl"},{"floor":10,"key":"Toxic Egg 2"},{"floor":11,"key":"HornCleat"},{"floor":12,"key":"Omamori"},{"floor":13,"key":"Oddly Smooth Stone"}],"event_choices":[{"damage_healed":0,"gold_gain":175,"player_choice":"AGREE","damage_taken":0,"max_hp_gain":0,"max_hp_loss":0,"event_name":"Liars Game","floor":2,"gold_loss":0,"cards_obtained":["Doubt"]},{"damage_healed":0,"gold_gain":75,"player_choice":"Gather Gold","damage_taken":11,"max_hp_gain":0,"max_hp_loss":0,"event_name":"World of Goop","floor":3,"gold_loss":0},{"damage_healed":0,"gold_gain":0,"player_choice":"Upgraded","damage_taken":0,"max_hp_gain":0,"max_hp_loss":0,"event_name":"Upgrade Shrine","floor":7,"gold_loss":0,"cards_upgraded":["Bash"]},{"damage_healed":0,"gold_gain":0,"player_choice":"0 cards matched","damage_taken":0,"max_hp_gain":0,"max_hp_loss":0,"event_name":"Match and Keep!","floor":14,"gold_loss":0,"cards_obtained":[]}],"is_beta":false,"boss_relics":[],"items_purged_floors":[4],"is_endless":false,"potions_floor_spawned":[1,10,13],"killed_by":"Hexaghost","ascension_level":0}}