{"host":"pynofkhbweftzsaw","time":1609165832,"event":{"mods":["BaseMod","Colored Map","Minty Spire (QoL Compilation)","StSLib"],"gold_per_floor":[114,114,132,132,148,181,196,196,196],"floor_reached":8,"playtime":439,"items_purged":[],"score":58,"play_id":"a94a8660-0407-4a58-ab2e-cff62758f166","local_time":"20201228223032","is_ascension_mode":false,"campfire_choices":[],"circlet_count":0,"master_deck":["Strike_R","Strike_R","Strike_R","Strike_R","Strike_R","Defend_R","Defend_R","Defend_R","Defend_R","Bash","CurseOfTheBell","Clash","Perfected Strike","Reckless Charge","Flex","Warcry"],"relics":["Calling Bell","Oddly Smooth Stone","Eternal Feather","Incense Burner","CultistMask","Darkstone Periapt","Pear"],"acts_visited":["Exordium"],"potions_floor_usage":[6],"damage_taken":[{"damage":6,"enemies":"Cultist","floor":1,"turns":4},{"damage":6,"enemies":"Jaw Worm","floor":3,"turns":3},{"damage":0,"enemies":"Small Slimes","floor":5,"turns":3},{"damage":30,"enemies":"3 Sentries","floor":6,"turns":7},{"damage":6,"enemies":"Blue Slaver","floor":7,"turns":3},{"damage":22,"enemies":"Lagavulin","floor":8,"turns":3}],"seed_played":"5563479266672172996","potions_obtained":[{"floor":1,"key":"Explosive Potion"}],"is_trial":false,"path_per_floor":["M","?","M","?","M","E","M","E"],"character_chosen":"IRONCLAD","items_purchased":[],"campfire_rested":0,"item_purchase_floors":[],"current_hp_per_floor":[74,74,68,35,35,15,9,0,0],"gold":196,"neow_bonus":"BOSS_RELIC","is_daily":false,"chose_seed":false,"campfire_upgraded":0,"win_rate":0.0,"timestamp":1609165832,"path_taken":["M","?","?","?","M","E","M","E"],"items_purchased_type":[],"build_version":"2020-12-22","purchased_purges":0,"victory":false,"max_hp_per_floor":[80,80,80,80,80,90,90,90,90],"card_choices":[{"not_picked":["Pommel Strike","Iron Wave"],"picked":"Clash","floor":1},{"not_picked":["Thunderclap","Flex"],"picked":"Perfected Strike","floor":3},{"not_picked":["Bludgeon","Clash"],"picked":"Reckless Charge","floor":5},{"not_picked":["Carnage","Iron Wave"],"picked":"Flex","floor":6},{"not_picked":["Heavy Blade","Cleave"],"picked":"Warcry","floor":7}],"player_experience":36383,"relics_obtained":[{"floor":0,"key":"Oddly Smooth Stone"},{"floor":0,"key":"Eternal Feather"},{"floor":0,"key":"Incense Burner"},{"floor":6,"key":"Pear"}],"event_choices":[{"damage_healed":0,"gold_gain":0,"player_choice":"Trade","damage_taken":0,"relics_obtained":["CultistMask"],"max_hp_gain":0,"max_hp_loss":0,"event_name":"FaceTrader","floor":2,"gold_loss":0},{"damage_healed":0,"gold_gain":0,"player_choice":"Success","damage_taken":33,"relics_obtained":["Darkstone Periapt"],"max_hp_gain":0,"max_hp_loss":0,"event_name":"Scrap Ooze","floor":4,"gold_loss":0}],"is_beta":false,"boss_relics":[],"items_purged_floors":[],"is_endless":false,"potions_floor_spawned":[1],"killed_by":"Lagavulin","ascension_level":0}}