{"host":"mwqnlghgfp5mgeui","time":1609159511,"event":{"mods":["2.2 Compatiblity","BaseMod","DeckTracker","Highlight Path","Minty Spire (QoL Compilation)","SuperFastMode","everything is the same but u backflip on backflip"],"gold_per_floor":[119,138,35,47,67,67,82,140,140,207,219,246,276,298,310,426,438,462,386,396,396,396],"floor_reached":21,"playtime":925,"items_purged":[],"score":175,"play_id":"0a251623-57f5-4d07-abd8-b58df4731dc9","local_time":"20201228214511","is_ascension_mode":false,"campfire_choices":[{"data":"Bandage Up","floor":6,"key":"SMITH"},{"floor":11,"key":"REST"},{"floor":15,"key":"REST"}],"circlet_count":0,"master_deck":["Strike_G","Strike_G","Strike_G","Strike_G","Strike_G","Defend_G","Defend_G","Defend_G","Defend_G","Defend_G","Survivor","Neutralize","Bandage Up+1","Dagger Spray","Cloak And Dagger","Endless Agony","Cloak And Dagger","PiercingWail","All Out Attack","Infinite Blades","Terror","Tactician","Blade Dance","Sucker Punch","Die Die Die","Noxious Fumes+1","Heel Hook","Blade Dance","Underhanded Strike+1"],"relics":["Ring of the Snake","Lantern","MawBank","HoveringKite"],"acts_visited":["Exordium","TheCity"],"potions_floor_usage":[16,16],"damage_taken":[{"damage":3,"enemies":"Jaw Worm","floor":1,"turns":3},{"damage":0,"enemies":"2 Louse","floor":2,"turns":3},{"damage":0,"enemies":"Small Slimes","floor":4,"turns":3},{"damage":0,"enemies":"3 Louse","floor":5,"turns":3},{"damage":8,"enemies":"Large Slime","floor":7,"turns":5},{"damage":16,"enemies":"3 Sentries","floor":8,"turns":8},{"damage":9,"enemies":"2 Fungi Beasts","floor":12,"turns":2},{"damage":1,"enemies":"Looter","floor":13,"turns":3},{"damage":8,"enemies":"Blue Slaver","floor":14,"turns":3},{"damage":42,"enemies":"The Guardian","floor":16,"turns":13},{"damage":2,"enemies":"Shell Parasite","floor":18,"turns":5},{"damage":24,"enemies":"2 Thieves","floor":20,"turns":3},{"damage":53,"enemies":"Cultist and Chosen","floor":21,"turns":7}],"seed_played":"-697176778998735177","potions_obtained":[{"floor":2,"key":"LiquidBronze"},{"floor":5,"key":"Explosive Potion"},{"floor":12,"key":"Energy Potion"}],"is_trial":false,"path_per_floor":["M","M","$","M","M","R","M","?","T","?","R","M","M","M","R","B",null,"M","$","M","M"],"character_chosen":"THE_SILENT","items_purchased":["Endless Agony","Cloak And Dagger","Heel Hook","Blade Dance"],"campfire_rested":2,"item_purchase_floors":[3,3,19,19],"current_hp_per_floor":[70,70,70,70,70,70,65,55,55,55,70,61,66,58,70,34,70,70,70,46,0,0],"gold":396,"neow_bonus":"RANDOM_COLORLESS","is_daily":false,"chose_seed":false,"campfire_upgraded":1,"win_rate":0.0,"timestamp":1609159511,"path_taken":["M","M","$","M","M","R","M","?","T","?","R","M","M","M","R","BOSS","M","$","M","M"],"items_purchased_type":["Card","Card","Card","Card"],"build_version":"2020-12-22","purchased_purges":0,"victory":false,"max_hp_per_floor":[70,70,70,70,70,70,70,70,70,70,70,70,70,70,70,70,70,70,70,70,70,70],"card_choices":[{"not_picked":["Impatience","Forethought"],"picked":"Bandage Up","floor":0},{"not_picked":["Choke","Flying Knee"],"picked":"Dagger Spray","floor":1},{"not_picked":["Dodge and Roll","Riddle With Holes"],"picked":"Cloak And Dagger","floor":2},{"not_picked":["Backstab","Acrobatics"],"picked":"PiercingWail","floor":4},{"not_picked":["Deadly Poison","Dash"],"picked":"All Out Attack","floor":5},{"not_picked":["PiercingWail","Deflect"],"picked":"Infinite Blades","floor":7},{"not_picked":["Underhanded Strike","Riddle With Holes"],"picked":"Terror","floor":8},{"not_picked":["Choke","Well Laid Plans"],"picked":"Tactician","floor":12},{"not_picked":["Infinite Blades","Cloak And Dagger"],"picked":"Blade Dance","floor":13},{"not_picked":["Corpse Explosion","Infinite Blades"],"picked":"Sucker Punch","floor":14},{"not_picked":["After Image","Bullet Time"],"picked":"Die Die Die","floor":16},{"not_picked":["Deflect","Backstab"],"picked":"Noxious Fumes+1","floor":18},{"not_picked":["Sucker Punch+1","Eviscerate"],"picked":"Underhanded Strike+1","floor":20}],"player_experience":125329,"relics_obtained":[{"floor":9,"key":"MawBank"}],"event_choices":[{"damage_healed":0,"gold_gain":0,"player_choice":"Searched \u00272\u0027 times","damage_taken":0,"relics_obtained":["Lantern"],"max_hp_gain":0,"max_hp_loss":0,"event_name":"Dead Adventurer","floor":8,"gold_loss":0},{"damage_healed":0,"gold_gain":55,"player_choice":"Gained Gold","damage_taken":0,"max_hp_gain":0,"max_hp_loss":0,"event_name":"Golden Wing","floor":10,"gold_loss":0}],"is_beta":false,"boss_relics":[{"not_picked":["Sozu","Fusion Hammer"],"picked":"HoveringKite"}],"items_purged_floors":[],"is_endless":false,"potions_floor_spawned":[2,5,12,14],"killed_by":"Cultist and Chosen","ascension_level":0}}