{"host":"1lhpgrjjhxx10cx0","time":1609129928,"event":{"mods":["Arknights The Spire","BaseMod","CapriCore","Friendly Minions","Highlight Path","Minty Spire (QoL Compilation)","Permanent Neow","Quick Restart","RumiaBox-露米娅的神秘盒子","StSLib","The Alterego","The Animator","The Immortal","Voiceroid Mod","Waifu the Spire","Yakumo Yukari mod","残留之物"],"gold_per_floor":[16,116,128,53,128,159,159,172,172,26,26,44,44,68,68,68,68],"floor_reached":16,"playtime":508,"items_purged":["ats:Strike C"],"score":100,"play_id":"57e62b35-e129-46af-ad29-5a844f75d894","local_time":"20201228123208","is_ascension_mode":false,"campfire_choices":[{"data":"ats:Shadow Assault","floor":11,"key":"SMITH"},{"data":"ats:True Silver Slash","floor":13,"key":"SMITH"},{"data":"ats:Overload","floor":15,"key":"SMITH"}],"circlet_count":0,"master_deck":["ats:Strike G","ats:Strike S","ats:Strike V","ats:Armor Crushing Shot","ats:Defend","ats:Defend","ats:Defend","ats:Defend","ats:Emotion Absorption","ats:True Silver Slash+1","ats:Leaping Hammer","ats:Overload+1","Injury","ats:Shadow Assault+1","ats:Shadow Assault"],"relics":["ats:Sanity","ats:Originium","Lizard Tail","Golden Idol","StoneCalendar"],"acts_visited":["Exordium"],"potions_floor_usage":[],"damage_taken":[{"damage":6,"enemies":"2 Louse","floor":1,"turns":3},{"damage":10,"enemies":"Cultist","floor":3,"turns":4},{"damage":18,"enemies":"3 Sentries","floor":6,"turns":4},{"damage":0,"enemies":"Small Slimes","floor":8,"turns":2},{"damage":6,"enemies":"2 Fungi Beasts","floor":12,"turns":2},{"damage":13,"enemies":"Red Slaver","floor":14,"turns":2},{"damage":0,"enemies":"Hexaghost","floor":16,"turns":1}],"seed_played":"-3837345896084994850","potions_obtained":[{"floor":1,"key":"EssenceOfSteel"},{"floor":6,"key":"Weak Potion"},{"floor":8,"key":"DuplicationPotion"}],"is_trial":false,"path_per_floor":["M","?","M","$","?","E","?","M","T","$","R","M","R","M","R","B"],"character_chosen":"DOCTOR_CLASS","items_purchased":["ats:Shadow Assault"],"campfire_rested":0,"item_purchase_floors":[10],"current_hp_per_floor":[66,66,56,56,45,27,27,27,27,27,27,21,21,8,8,8,8],"gold":68,"neow_bonus":"THREE_RARE_CARDS","is_daily":false,"chose_seed":false,"campfire_upgraded":3,"win_rate":0.0,"timestamp":1609129928,"path_taken":["M","?","?","$","?","E","?","M","T","$","R","M","R","M","R","BOSS"],"items_purchased_type":["Card"],"build_version":"2020-12-22","purchased_purges":1,"victory":false,"max_hp_per_floor":[72,72,72,72,72,72,72,72,72,72,72,72,72,72,72,72,72],"card_choices":[{"not_picked":["ats:Durian","ats:Dogmatic Field"],"picked":"ats:True Silver Slash","floor":0},{"not_picked":["ats:Magnetic Hammer","ats:Hammer On"],"picked":"ats:Leaping Hammer","floor":1},{"not_picked":["ats:Flexible Camouflage","ats:Explosion Area Strengthen","ats:Steam Pump"],"picked":"SKIP","floor":3},{"not_picked":["ats:Apocalypse","ats:Consecutive Shot Auto"],"picked":"ats:Overload","floor":6},{"not_picked":["ats:Mental Burst","ats:Poison Spread","ats:Revitalization"],"picked":"SKIP","floor":8},{"not_picked":["ats:Flame Of Heaven","ats:Ignite"],"picked":"ats:Shadow Assault","floor":12},{"not_picked":["ats:Childhood Dance","ats:Curse Doll","ats:Automatic Cover"],"picked":"SKIP","floor":14}],"player_experience":96170,"relics_obtained":[{"floor":6,"key":"ats:Originium"},{"floor":6,"key":"Lizard Tail"},{"floor":9,"key":"StoneCalendar"}],"event_choices":[{"damage_healed":0,"gold_gain":100,"player_choice":"Pray","damage_taken":0,"max_hp_gain":0,"max_hp_loss":0,"event_name":"Golden Shrine","floor":2,"gold_loss":0},{"damage_healed":0,"gold_gain":75,"player_choice":"Gather Gold","damage_taken":11,"max_hp_gain":0,"max_hp_loss":0,"event_name":"World of Goop","floor":5,"gold_loss":0},{"damage_healed":0,"gold_gain":0,"player_choice":"Take Wound","damage_taken":0,"relics_obtained":["Golden Idol"],"max_hp_gain":0,"max_hp_loss":0,"event_name":"Golden Idol","floor":7,"gold_loss":0,"cards_obtained":["Injury"]}],"is_beta":false,"boss_relics":[],"items_purged_floors":[4],"is_endless":false,"potions_floor_spawned":[1,6,8],"killed_by":"Hexaghost","ascension_level":0}}