{"host":"d1ko3fbbyfpftrlc","time":1609156223,"event":{"mods":["BaseMod","Curses Come First","Minty Spire (QoL Compilation)","StSLib","The Animator"],"gold_per_floor":[121,121,196,207,207,207,232,232,232,57,84,84,104,122,122,264,264,284,291,2,28,28,28,28],"floor_reached":23,"playtime":2460,"items_purged":["animator:SilverFang","animator:Defend"],"score":183,"play_id":"828d8dac-1f27-4135-9456-975283c657d0","local_time":"20201228185023","is_ascension_mode":false,"campfire_choices":[{"data":"animator:Aqua","floor":6,"key":"SMITH"},{"data":"animator:Kazuma","floor":8,"key":"SMITH"},{"data":"animator:MumenRider","floor":12,"key":"SMITH"},{"data":"animator:PinaCoLada","floor":15,"key":"SMITH"}],"circlet_count":0,"master_deck":["animator:Strike_Konosuba","animator:Defend_Konosuba","animator:Strike","animator:Strike","animator:Strike","animator:Defend","animator:Kazuma","animator:Aqua+1","animator:Cocytus","animator:YaoHaDucy","animator:Kazuma+1","animator:YaoHaDucy","animator:Kazuma+1","animator:MumenRider+1","animator:Genos","animator:PinaCoLada+1","animator:Wiz+1","animator:Vanir","animator:Geryuganshoop+1","animator:Pride+1","animator:Caster+1","animator:QuestionMark+1","animator:Darkness"],"relics":["animator:VividPicture","animator:TheMissingPiece","Golden Idol","Toxic Egg 2"],"acts_visited":["Exordium","TheCity"],"potions_floor_usage":[16,16,19,23],"damage_taken":[{"damage":1,"enemies":"Small Slimes","floor":1,"turns":4},{"damage":15,"enemies":"Jaw Worm","floor":4,"turns":8},{"damage":0,"enemies":"2 Louse","floor":7,"turns":3},{"damage":0,"enemies":"Blue Slaver","floor":11,"turns":6},{"damage":0,"enemies":"Looter","floor":13,"turns":5},{"damage":0,"enemies":"3 Louse","floor":14,"turns":4},{"damage":22,"enemies":"Hexaghost","floor":16,"turns":12},{"damage":28,"enemies":"Shell Parasite","floor":18,"turns":10},{"damage":5,"enemies":"2 Thieves","floor":19,"turns":4},{"damage":0,"enemies":"Snake Plant","floor":21,"turns":5},{"damage":56,"enemies":"animator:HornedBat","floor":23,"turns":9}],"seed_played":"-8326350155037195807","potions_obtained":[{"floor":4,"key":"Swift Potion"},{"floor":11,"key":"Ancient Potion"},{"floor":14,"key":"animator:GrowthPotion"},{"floor":21,"key":"Explosive Potion"}],"is_trial":false,"path_per_floor":["M","?","?","M","?","R","M","R","T","$","M","R","M","M","R","B",null,"M","M","$","M","$","E"],"character_chosen":"THE_ANIMATOR","items_purchased":["animator:YaoHaDucy","animator:Kazuma+1","animator:Pride+1","animator:Caster+1","animator:QuestionMark+1"],"campfire_rested":0,"item_purchase_floors":[10,10,20,20,20],"current_hp_per_floor":[71,71,60,47,47,47,50,50,50,50,53,53,57,60,60,41,68,47,48,48,51,51,0,0],"gold":28,"neow_bonus":"TEN_PERCENT_HP_BONUS","is_daily":false,"chose_seed":false,"campfire_upgraded":4,"win_rate":0.0,"timestamp":1609156223,"path_taken":["M","?","?","M","?","R","M","R","T","?","M","R","M","M","R","BOSS","M","M","$","M","$","E"],"items_purchased_type":["Card","Card","Card","Card","Card"],"build_version":"2020-12-22","purchased_purges":2,"victory":false,"max_hp_per_floor":[72,72,72,72,67,67,67,67,67,67,67,67,68,68,68,68,68,69,69,69,69,69,69,69],"card_choices":[{"not_picked":["animator:Sebas","animator:Kazuma"],"picked":"animator:Cocytus","floor":1},{"not_picked":["animator:OrikoMikuni","animator:LeleiLaLalena"],"picked":"animator:YaoHaDucy","floor":4},{"not_picked":["animator:MetalKnight","animator:Tyuule"],"picked":"animator:Kazuma","floor":7},{"not_picked":["animator:SilverFang+1","animator:Tatsumaki+1"],"picked":"animator:MumenRider","floor":11},{"not_picked":["animator:SilverFang+1","animator:Sloth"],"picked":"animator:Genos","floor":13},{"not_picked":["animator:Gluttony+1","animator:EmiyaShirou+1"],"picked":"animator:PinaCoLada","floor":14},{"not_picked":["animator:ItamiYouji","animator:MadokaKaname+1"],"picked":"animator:Wiz+1","floor":16},{"not_picked":["animator:ElricEdward+1","animator:WinryRockbell+1"],"picked":"animator:Vanir","floor":18},{"not_picked":["animator:MetalKnight","animator:Sonic+1"],"picked":"animator:Geryuganshoop+1","floor":19},{"not_picked":["animator:Genos","animator:KyokoSakura+1"],"picked":"animator:Darkness","floor":21}],"player_experience":32845,"relics_obtained":[{"floor":9,"key":"Toxic Egg 2"}],"event_choices":[{"damage_healed":0,"gold_gain":0,"cards_transformed":["animator:Defend"],"player_choice":"Change","damage_taken":0,"max_hp_gain":0,"max_hp_loss":0,"event_name":"Living Wall","floor":2,"gold_loss":0,"cards_obtained":["animator:SilverFang"]},{"damage_healed":0,"gold_gain":75,"player_choice":"Gather Gold","damage_taken":11,"max_hp_gain":0,"max_hp_loss":0,"event_name":"World of Goop","floor":3,"gold_loss":0},{"damage_healed":0,"gold_gain":0,"player_choice":"Lose Max HP","damage_taken":0,"relics_obtained":["Golden Idol"],"max_hp_gain":0,"max_hp_loss":5,"event_name":"Golden Idol","floor":5,"gold_loss":0}],"is_beta":false,"boss_relics":[{"not_picked":["Cursed Key","Tiny House"],"picked":"animator:VividPicture"}],"items_purged_floors":[10,20],"is_endless":false,"potions_floor_spawned":[4,11,14,21],"killed_by":"animator:HornedBat","ascension_level":0}}