{"host":"iy58fyt9wsbv4cf1","time":1609179407,"event":{"mods":["BaseMod","Better Altar","Better Match","Better Skull","Better Third Choice","BetterRewards","Conspire","Custom Start","Defuse TimeMaze Blight","Hubris","Infinite Spire","Minty Spire (QoL Compilation)","Permanent Neow","Quick Restart","Spicy Shops","StSLib","Thieving Mod"],"gold_per_floor":[111,34,46,46,46,65,83,83,110,135,150,185,185,202,202,299,299,316,231,49,49,49,49,62,88,115,143,156,184,39,39,39,138,138,152,62,72,22,40,65,65,65,90,90,102,102,102,114,114,114,114],"floor_reached":50,"playtime":1436,"items_purged":["Defend_B","Rebound","Strike_B"],"score":638,"play_id":"e90de751-dff7-4bbd-9b43-6615394a2a9b","local_time":"20201228131647","is_ascension_mode":false,"campfire_choices":[{"data":"White Noise","floor":13,"key":"SMITH"},{"floor":15,"key":"REST"},{"data":"Turbo","floor":23,"key":"SMITH"},{"floor":32,"key":"DIG"},{"floor":41,"key":"DIG"},{"floor":44,"key":"DIG"},{"floor":47,"key":"REST"},{"floor":49,"key":"REST"}],"circlet_count":0,"master_deck":["Defend_B","Defend_B","Defend_B","Zap+1","Dualcast","Tempest","Conserve Battery+1","BootSequence+1","White Noise+1","Reboot","Multi-Cast","Tempest","Turbo+1","Recycle","Tempest","Seek+1","Tempest","White Noise+1"],"relics":["Cracked Core","hubris:BallOfYels","Membership Card","Lantern","War Paint","Oddly Smooth Stone","Mummified Hand","DataDisk","hubris:Spice","Bronze Scales","infinitespire:Cupcake","Omamori","Toy Ornithopter","Shovel","Boot","hubris:Backtick","infinitespire:Bottled Soul","PreservedInsect","infinitespire:Beetle Shell"],"acts_visited":["Exordium","TheCity","TheBeyond"],"potions_floor_usage":[12,16,16,33,50,50],"damage_taken":[{"damage":0.0,"enemies":"Jaw Worm","floor":1.0,"turns":1.0},{"damage":0.0,"enemies":"2 Louse","floor":3.0,"turns":2.0},{"damage":0.0,"enemies":"Small Slimes","floor":6.0,"turns":2.0},{"damage":0.0,"enemies":"Exordium Thugs","floor":7.0,"turns":3.0},{"damage":3.0,"enemies":"Lagavulin","floor":10.0,"turns":6.0},{"damage":0.0,"enemies":"Exordium Wildlife","floor":11.0,"turns":2.0},{"damage":14,"enemies":"Gremlin Nob","floor":12,"turns":3},{"damage":0,"enemies":"3 Louse","floor":14,"turns":1},{"damage":0,"enemies":"Slime Boss","floor":16,"turns":2},{"damage":1,"enemies":"3 Byrds","floor":18,"turns":3},{"damage":0,"enemies":"Spheric Guardian","floor":24,"turns":1},{"damage":0,"enemies":"conspire:Head Lice","floor":25,"turns":2},{"damage":18,"enemies":"Book of Stabbing","floor":27,"turns":2},{"damage":7,"enemies":"conspire:HollyBat","floor":28,"turns":4},{"damage":13,"enemies":"Slavers","floor":29,"turns":2},{"damage":15,"enemies":"conspire:MysteriousRune","floor":33,"turns":2},{"damage":0,"enemies":"3 Shapes","floor":35,"turns":2},{"damage":0,"enemies":"3 Darklings","floor":37,"turns":2},{"damage":0,"enemies":"Maw","floor":39,"turns":4},{"damage":35,"enemies":"Nightmare","floor":40,"turns":3},{"damage":23,"enemies":"Transient","floor":45,"turns":5},{"damage":0,"enemies":"Sphere and 2 Shapes","floor":48,"turns":2},{"damage":93,"enemies":"Awakened One","floor":50,"turns":10}],"seed_played":"-4785681115542865406","potions_obtained":[{"floor":3.0,"key":"Energy Potion"},{"floor":11.0,"key":"AttackPotion"},{"floor":12,"key":"DistilledChaos"},{"floor":14,"key":"BlessingOfTheForge"},{"floor":16,"key":"FairyPotion"},{"floor":18,"key":"LiquidBronze"},{"floor":24,"key":"Energy Potion"},{"floor":33,"key":"DistilledChaos"}],"is_trial":false,"path_per_floor":["M","$","M","?","?","M","M","?","T","E","M","E","R","M","R","B",null,"M","?","$","?","AVR","R","M","E","T","E","M","E","$","T","R","B",null,"M","?","M","$","M","NM","R","?","T","R","M","?","R","M","R","B"],"character_chosen":"DEFECT","items_purchased":["hubris:BallOfYels","Membership Card","Lantern","Tempest","Conserve Battery","War Paint","Tempest","Turbo","Bronze Scales","Shovel"],"campfire_rested":3,"item_purchase_floors":[0,0,0,0,0,2,20,20,20,30],"current_hp_per_floor":[40,40,40,40,40,40,40,40,40,37,37,23,23,23,45,45,75,74,82,82,82,82,82,82,82,82,64,57,44,44,44,44,34,83,83,83,83,83,83,48,48,48,48,48,25,25,49,49,73,24,24],"gold":114,"neow_bonus":"","is_daily":false,"chose_seed":false,"campfire_upgraded":2,"win_rate":0.0,"timestamp":1609179407,"path_taken":["M","$","M","?","?","M","M","?","T","E","?","E","R","M","R","BOSS","M","?","?","?","AVR","R","M","E","T","E","M","E","$","?","R","BOSS","M","?","M","?","M","NM","R","?","T","R","?","?","R","?","R","BOSS"],"items_purchased_type":["Relic","Relic","Relic","Card","Card","Relic","Card","Card","Relic","Relic"],"build_version":"2020-12-22","purchased_purges":3,"victory":false,"max_hp_per_floor":[75,75,75,75,75,75,75,75,75,75,75,75,75,75,75,75,75,75,83,83,83,83,83,83,83,83,83,83,83,83,83,83,83,83,83,83,83,83,83,83,83,83,83,83,83,83,83,83,83,83,83],"card_choices":[{"not_picked":["Cold Snap","Ball Lightning"],"picked":"BootSequence","floor":1.0},{"not_picked":["Conserve Battery","conspire:Rain","Sweeping Beam"],"picked":"SKIP","floor":3.0},{"not_picked":["Steam","Barrage","Buffer"],"picked":"SKIP","floor":6.0},{"not_picked":["Aggregate","Leap"],"picked":"White Noise","floor":7.0},{"not_picked":["Barrage","Rebound","Beam Cell"],"picked":"SKIP","floor":10.0},{"not_picked":["Compile Driver","Meteor Strike","Cold Snap"],"picked":"SKIP","floor":11.0},{"not_picked":["Barrage","Scrape"],"picked":"Reboot","floor":12},{"not_picked":["Conserve Battery","Chaos","Streamline"],"picked":"SKIP","floor":14},{"not_picked":["hubris:SpecializedCircuitry","Reboot"],"picked":"Multi-Cast","floor":16},{"not_picked":["Chill+1","Coolheaded+1","Go for the Eyes+1"],"picked":"SKIP","floor":18},{"not_picked":["Conserve Battery+1","Hello World","Compile Driver"],"picked":"SKIP","floor":24},{"not_picked":["Self Repair+1","Redo","Stack+1"],"picked":"SKIP","floor":25},{"not_picked":["All For One","Conserve Battery","Coolheaded"],"picked":"SKIP","floor":27},{"not_picked":["Sweeping Beam","Streamline"],"picked":"Tempest","floor":28},{"not_picked":["Stack","Blizzard","Sunder"],"picked":"SKIP","floor":29},{"not_picked":["Amplify","Echo Form"],"picked":"Seek","floor":33},{"not_picked":["Conserve Battery","Steam","Sunder+1"],"picked":"SKIP","floor":35},{"not_picked":["Darkness","Rebound+1","BootSequence+1"],"picked":"SKIP","floor":37},{"not_picked":["Streamline","conspire:SharedLibrary+1","Cold Snap+1"],"picked":"SKIP","floor":39},{"not_picked":["Redo+1","Hello World+1"],"picked":"Tempest","floor":40},{"not_picked":["Beam Cell+1","Undo+1","Stack+1"],"picked":"SKIP","floor":45},{"not_picked":["Cold Snap","Reinforced Body"],"picked":"White Noise+1","floor":48}],"player_experience":30171,"relics_obtained":[{"floor":9.0,"key":"Oddly Smooth Stone"},{"floor":10.0,"key":"Mummified Hand"},{"floor":12,"key":"DataDisk"},{"floor":26,"key":"Omamori"},{"floor":29,"key":"Toy Ornithopter"},{"floor":32,"key":"Boot"},{"floor":41,"key":"PreservedInsect"},{"floor":43,"key":"infinitespire:Beetle Shell"}],"event_choices":[{"damage_healed":0.0,"max_hp_gain":0.0,"max_hp_loss":0.0,"gold_gain":0.0,"event_name":"conspire:LoneGhost","player_choice":"Disagree","floor":5.0,"gold_loss":0.0,"damage_taken":0.0},{"damage_healed":0.0,"max_hp_gain":0.0,"max_hp_loss":0.0,"gold_gain":0.0,"event_name":"WeMeetAgain","player_choice":"Ignored","floor":8.0,"gold_loss":0.0,"damage_taken":0.0},{"damage_healed":0,"gold_gain":0,"player_choice":"Obtained Relic","damage_taken":0,"relics_obtained":["hubris:Spice"],"max_hp_gain":0,"max_hp_loss":0,"event_name":"Addict","floor":19,"gold_loss":85},{"damage_healed":0,"gold_gain":0,"cards_transformed":["Strike_B","Strike_B"],"player_choice":"Became Test Subject","damage_taken":0,"max_hp_gain":0,"max_hp_loss":0,"event_name":"Drug Dealer","floor":21,"gold_loss":0,"cards_obtained":["Recycle","Rebound"]},{"cards_removed":["Strike_B"],"damage_healed":0,"gold_gain":0,"player_choice":"Upgrade and Remove","damage_taken":0,"max_hp_gain":0,"max_hp_loss":0,"event_name":"Designer","floor":36,"gold_loss":90,"cards_upgraded":["Seek"]},{"damage_healed":0,"gold_gain":0,"player_choice":"Ignored","damage_taken":0,"max_hp_gain":0,"max_hp_loss":0,"event_name":"NoteForYourself","floor":46,"gold_loss":0}],"is_beta":false,"boss_relics":[{"not_picked":["Velvet Choker","SacredBark","hubris:BlackHole"]},{"not_picked":["hubris:Spice","Inserter"],"picked":"hubris:Backtick"}],"items_purged_floors":[0,22,38],"is_endless":true,"potions_floor_spawned":[3,11,12,14,16,18,24,33,39,45,48],"killed_by":"Awakened One","ascension_level":0}}