{"host":"f5uumzf5hfexzk8l","time":1609130642,"event":{"mods":["BaseMod","Colored Map","Googly Eyes","Highlight Path","Minty Spire (QoL Compilation)","Permanent Neow","StSLib","SuperFastMode","Unceasing Turn Reminder"],"gold_per_floor":[115,115,115,133,133,133,172,196,196,240,254,274,274,274,274,274,274],"floor_reached":16,"playtime":505,"items_purged":[],"score":155,"play_id":"07005064-4b83-4f96-8ae0-819e37bc61e2","local_time":"20201227204402","is_ascension_mode":true,"campfire_choices":[{"data":"Bash","floor":6.0,"key":"SMITH"},{"floor":15.0,"key":"REST"}],"circlet_count":0,"master_deck":["Strike_R","Strike_R","Strike_R","Strike_R+1","Defend_R","Defend_R","Defend_R","Defend_R","Bash+1","Shrug It Off+1","Exhume","Flame Barrier","Metallicize"],"relics":["Burning Blood","Juzu Bracelet","Golden Idol","Akabeko","Matryoshka","Ornamental Fan"],"acts_visited":["Exordium"],"potions_floor_usage":[16,16],"damage_taken":[{"damage":3.0,"enemies":"2 Louse","floor":1.0,"turns":4.0},{"damage":3.0,"enemies":"Cultist","floor":4.0,"turns":4.0},{"damage":44.0,"enemies":"3 Sentries","floor":7.0,"turns":11.0},{"damage":4.0,"enemies":"Jaw Worm","floor":8.0,"turns":3.0},{"damage":15.0,"enemies":"Lagavulin","floor":10.0,"turns":6.0},{"damage":0.0,"enemies":"3 Louse","floor":11.0,"turns":4.0},{"damage":0.0,"enemies":"2 Fungi Beasts","floor":12.0,"turns":4.0},{"damage":36,"enemies":"Slime Boss","floor":16,"turns":10}],"seed_played":"-1969223964877386479","potions_obtained":[{"floor":4.0,"key":"PowerPotion"},{"floor":10.0,"key":"DistilledChaos"},{"floor":11.0,"key":"ElixirPotion"},{"floor":12.0,"key":"Strength Potion"}],"is_trial":false,"path_per_floor":["M","?","?","M","?","R","E","M","T","E","M","M","?","?","R","B"],"character_chosen":"IRONCLAD","items_purchased":[],"campfire_rested":1,"item_purchase_floors":[],"current_hp_per_floor":[80,80,60,63,56,56,18,20,20,11,17,23,7,7,31,0,0],"gold":274,"neow_bonus":"RANDOM_COMMON_RELIC","is_daily":false,"chose_seed":false,"campfire_upgraded":1,"win_rate":0.0,"timestamp":1609130642,"path_taken":["M","?","?","M","?","R","E","M","T","E","M","M","?","?","R","BOSS"],"items_purchased_type":[],"build_version":"2020-12-22","purchased_purges":0,"victory":false,"max_hp_per_floor":[80,80,80,80,80,80,80,80,80,80,80,80,80,80,80,80,80],"card_choices":[{"not_picked":["Wild Strike","Bloodletting"],"picked":"Shrug It Off","floor":1.0},{"not_picked":["Anger","Wild Strike","Thunderclap"],"picked":"SKIP","floor":4.0},{"not_picked":["Body Slam","Flex"],"picked":"Exhume","floor":7.0},{"not_picked":["Havoc","Fire Breathing"],"picked":"Flame Barrier","floor":8.0},{"not_picked":["Bloodletting","Ghostly Armor","Sever Soul"],"picked":"SKIP","floor":10.0},{"not_picked":["Rampage","Anger","Shockwave"],"picked":"SKIP","floor":11.0},{"not_picked":["Rampage","Pommel Strike"],"picked":"Metallicize","floor":12.0}],"player_experience":312894,"relics_obtained":[{"floor":7.0,"key":"Akabeko"},{"floor":9.0,"key":"Matryoshka"},{"floor":10.0,"key":"Ornamental Fan"}],"event_choices":[{"damage_healed":0.0,"max_hp_gain":0.0,"max_hp_loss":0.0,"gold_gain":0.0,"event_name":"The Woman in Blue","player_choice":"Bought 0 Potions","floor":2.0,"gold_loss":0.0,"damage_taken":0.0},{"damage_healed":0.0,"max_hp_gain":0.0,"max_hp_loss":0.0,"gold_gain":0.0,"event_name":"Golden Idol","player_choice":"Take Damage","floor":3.0,"gold_loss":0.0,"damage_taken":20.0,"relics_obtained":["Golden Idol"]},{"cards_removed":["Strike_R"],"damage_healed":0.0,"max_hp_gain":0.0,"max_hp_loss":0.0,"gold_gain":0.0,"event_name":"Golden Wing","player_choice":"Card Removal","floor":5.0,"gold_loss":0.0,"damage_taken":7.0},{"damage_healed":0.0,"max_hp_gain":0.0,"max_hp_loss":0.0,"gold_gain":0.0,"event_name":"Shining Light","player_choice":"Entered Light","floor":13.0,"gold_loss":0.0,"damage_taken":16.0,"cards_upgraded":["Shrug It Off","Strike_R"]},{"damage_healed":0.0,"max_hp_gain":0.0,"max_hp_loss":0.0,"gold_gain":0.0,"event_name":"Liars Game","player_choice":"Ignored","floor":14.0,"gold_loss":0.0,"damage_taken":0.0}],"is_beta":false,"boss_relics":[],"items_purged_floors":[],"is_endless":false,"potions_floor_spawned":[4,10,11,12],"killed_by":"Slime Boss","ascension_level":3}}