{"host":"Jackie","time":1609152826,"event":{"mods":["BaseMod","Highlight Path","Minty Spire (QoL Compilation)","Relic Stats","Slay the Relics Exporter","StSLib","Twitch Decklist"],"gold_per_floor":[99,99,99,99,24,24,24,24,24,24,24,24,24,0,0,0,0,0,0,0,0,0,0,0,0,0,0,0,0,0,0,0,0,0,0,0,0,0,0,0,0,0,0,0,0,0,0,0,0,0,0,0,0,0,0,0],"floor_reached":55,"playtime":4674,"items_purged":[],"score":2214,"play_id":"f6bf9fad-f856-4dc1-a6a6-9b57bbcb7da9","local_time":"20201228025346","is_ascension_mode":true,"campfire_choices":[{"data":"Streamline","floor":7.0,"key":"SMITH"},{"data":"Defragment","floor":13.0,"key":"SMITH"},{"data":"Static Discharge","floor":15.0,"key":"SMITH"},{"data":"Defragment","floor":23.0,"key":"SMITH"},{"data":"Reinforced Body","floor":25.0,"key":"SMITH"},{"floor":32.0,"key":"REST"},{"floor":47,"key":"RECALL"},{"data":"Biased Cognition","floor":49,"key":"SMITH"},{"data":"Loop","floor":53,"key":"SMITH"}],"circlet_count":0,"master_deck":["AscendersBane","Zap","Dualcast","Glacier","Rebound","Static Discharge+1","Streamline+1","Defragment+1","Darkness","Electrodynamics+1","Hologram","Coolheaded","Defragment+1","Reinforced Body+1","Sunder+1","Compile Driver+1","Capacitor","Rainbow","Recycle","Biased Cognition+1","Self Repair","Buffer","Steam Power","Chill","Blizzard","Loop+1","Heatsinks","Loop+1","Core Surge","Hologram+1","Capacitor+1"],"relics":["Ectoplasm","Golden Idol","Bottled Lightning","Turnip","Bottled Tornado","Nuclear Battery","Darkstone Periapt","Bag of Marbles","WingedGreaves","Pandora\u0027s Box","FossilizedHelix","Ginger","Frozen Egg 2","Bottled Flame","Sundial","Bronze Scales","Anchor"],"acts_visited":["Exordium","TheCity","TheBeyond","TheEnding"],"potions_floor_usage":[39,40,40,41,51],"damage_taken":[{"damage":0.0,"enemies":"2 Louse","floor":1.0,"turns":2.0},{"damage":0.0,"enemies":"Small Slimes","floor":2.0,"turns":3.0},{"damage":0.0,"enemies":"Jaw Worm","floor":4.0,"turns":4.0},{"damage":17.0,"enemies":"3 Sentries","floor":6.0,"turns":11.0},{"damage":6.0,"enemies":"Lagavulin","floor":8.0,"turns":7.0},{"damage":4.0,"enemies":"Red Slaver","floor":11.0,"turns":5.0},{"damage":0.0,"enemies":"3 Louse","floor":12.0,"turns":5.0},{"damage":3.0,"enemies":"Looter","floor":14.0,"turns":3.0},{"damage":10.0,"enemies":"Slime Boss","floor":16.0,"turns":7.0},{"damage":0.0,"enemies":"Spheric Guardian","floor":18.0,"turns":5.0},{"damage":2.0,"enemies":"Chosen","floor":19.0,"turns":5.0},{"damage":14.0,"enemies":"Snake Plant","floor":21.0,"turns":2.0},{"damage":9.0,"enemies":"Shelled Parasite and Fungi","floor":22.0,"turns":7.0},{"damage":17.0,"enemies":"Slavers","floor":24.0,"turns":2.0},{"damage":5.0,"enemies":"Sentry and Sphere","floor":27.0,"turns":7.0},{"damage":5.0,"enemies":"Gremlin Leader","floor":28.0,"turns":7.0},{"damage":10.0,"enemies":"Snecko","floor":29.0,"turns":3.0},{"damage":10.0,"enemies":"Book of Stabbing","floor":30.0,"turns":4.0},{"damage":57.0,"enemies":"Automaton","floor":33.0,"turns":7.0},{"damage":0.0,"enemies":"3 Shapes","floor":35.0,"turns":4.0},{"damage":0.0,"enemies":"Mind Bloom Boss Battle","floor":37.0,"turns":5.0},{"damage":0.0,"enemies":"Orb Walker","floor":38.0,"turns":5.0},{"damage":0,"enemies":"2 Orb Walkers","floor":39,"turns":4},{"damage":13,"enemies":"Nemesis","floor":40,"turns":9},{"damage":0,"enemies":"Reptomancer","floor":41,"turns":7},{"damage":0,"enemies":"Maw","floor":42,"turns":5},{"damage":0,"enemies":"Nemesis","floor":44,"turns":11},{"damage":0,"enemies":"Reptomancer","floor":46,"turns":6},{"damage":0,"enemies":"Spire Growth","floor":48,"turns":5},{"damage":15,"enemies":"Time Eater","floor":50,"turns":17},{"damage":28,"enemies":"Awakened One","floor":51,"turns":19},{"damage":61,"enemies":"Shield and Spear","floor":55,"turns":3}],"seed_played":"-8053983951691569767","potions_obtained":[{"floor":1.0,"key":"Energy Potion"},{"floor":11.0,"key":"LiquidMemories"},{"floor":12.0,"key":"SteroidPotion"},{"floor":16.0,"key":"Energy Potion"},{"floor":21.0,"key":"FairyPotion"},{"floor":22.0,"key":"FairyPotion"},{"floor":29.0,"key":"Fruit Juice"},{"floor":33.0,"key":"SkillPotion"},{"floor":35.0,"key":"EssenceOfDarkness"},{"floor":39,"key":"Ancient Potion"},{"floor":40,"key":"SneckoOil"},{"floor":44,"key":"EssenceOfSteel"},{"floor":48,"key":"FearPotion"}],"is_trial":false,"path_per_floor":["M","M","?","M","?","E","R","E","T","$","M","M","R","M","R","B",null,"M","M","?","M","M","R","E","R","T","M","E","M","E","?","R","B",null,"M","$","?","M","?","E","E","M","T","E","$","E","R","M","R","B","B",null,"R","$","E"],"character_chosen":"DEFECT","items_purchased":[],"campfire_rested":1,"item_purchase_floors":[],"current_hp_per_floor":[64,64,64,64,64,47,47,41,41,41,37,37,37,34,34,24,54,54,52,52,38,29,29,12,12,12,7,2,19,9,9,34,20,57,64,64,69,69,69,56,63,69,69,69,69,69,69,69,69,54,33,60,60,60,0,0],"gold":0,"neow_bonus":"BOSS_RELIC","is_daily":false,"chose_seed":false,"campfire_upgraded":7,"win_rate":0.0,"timestamp":1609152826,"path_taken":["M","M","?","M","?","E","R","E","T","$","M","M","R","M","R","BOSS","M","M","?","?","M","R","E","R","T","M","E","M","E","?","R","BOSS","M","$","?","M","?","E","E","M","T","E","?","E","R","M","R","BOSS","BOSS","R","$","E"],"items_purchased_type":[],"build_version":"2020-12-18","purchased_purges":0,"victory":false,"max_hp_per_floor":[71,71,64,64,64,64,64,64,64,64,64,64,64,64,64,64,64,64,64,64,64,64,64,64,64,64,64,64,64,64,64,69,69,69,69,69,69,69,69,69,69,69,69,69,69,69,69,69,69,69,69,69,69,69,69,69],"relic_stats":{"Darkstone Periapt":0,"counters":[32,195],"Golden Idol":219,"Sundial":[8],"Bronze Scales":[241],"Pandora\u0027s Box":["Self Repair","Buffer","Steam Power","Chill","Blizzard"],"Ectoplasm":1013,"Turnip":[22],"Ginger":[10],"obtain_stats":[{"Darkstone Periapt":24,"Golden Idol":3,"Ginger":39,"Bottled Tornado":9,"Frozen Egg 2":40,"Nuclear Battery":17,"Bottled Flame":41,"Anchor":46,"Sundial":43,"Bronze Scales":44,"Pandora\u0027s Box":34,"Ectoplasm":0,"Turnip":8,"WingedGreaves":30,"Bag of Marbles":28,"Bottled Lightning":6,"Cracked Core":0,"FossilizedHelix":37},{"Darkstone Periapt":14,"Golden Idol":2,"Ginger":23,"Bottled Tornado":5,"Frozen Egg 2":24,"Nuclear Battery":9,"Bottled Flame":25,"Anchor":28,"Sundial":26,"Bronze Scales":27,"Pandora\u0027s Box":19,"Ectoplasm":0,"Turnip":5,"WingedGreaves":18,"Bag of Marbles":16,"Bottled Lightning":4,"Cracked Core":0,"FossilizedHelix":21},{"Darkstone Periapt":68,"Golden Idol":5,"Ginger":114,"Bottled Tornado":27,"Frozen Egg 2":123,"Nuclear Battery":47,"Bottled Flame":130,"Anchor":151,"Sundial":135,"Bronze Scales":146,"Pandora\u0027s Box":96,"Ectoplasm":0,"Turnip":27,"WingedGreaves":89,"Bag of Marbles":82,"Bottled Lightning":20,"Cracked Core":0,"FossilizedHelix":105}]},"card_choices":[{"not_picked":["Aggregate","Barrage"],"picked":"Glacier","floor":1.0},{"not_picked":["Go for the Eyes","Recycle"],"picked":"Rebound","floor":2.0},{"not_picked":["Coolheaded","Self Repair"],"picked":"Static Discharge","floor":4.0},{"not_picked":["Glacier","Rebound"],"picked":"Streamline","floor":6.0},{"not_picked":["Steam","Steam Power","Recycle"],"picked":"SKIP","floor":8.0},{"not_picked":["Redo","Seek"],"picked":"Defragment","floor":11.0},{"not_picked":["Leap","Steam","Sunder"],"picked":"SKIP","floor":12.0},{"not_picked":["Compile Driver","Barrage"],"picked":"Darkness","floor":14.0},{"not_picked":["Meteor Strike","Amplify"],"picked":"Electrodynamics","floor":16.0},{"not_picked":["Blizzard","Steam+1"],"picked":"Hologram","floor":18.0},{"not_picked":["Conserve Battery","Sunder","Go for the Eyes"],"picked":"SKIP","floor":19.0},{"not_picked":["Streamline","Hologram"],"picked":"Coolheaded","floor":21.0},{"not_picked":["Redo","Conserve Battery+1"],"picked":"Defragment","floor":22.0},{"not_picked":["Rebound","Gash"],"picked":"Reinforced Body","floor":24.0},{"not_picked":["Force Field+1","Auto Shields"],"picked":"Sunder+1","floor":27.0},{"not_picked":["Force Field","Machine Learning","Lockon"],"picked":"SKIP","floor":28.0},{"not_picked":["Force Field","Machine Learning","Lockon"],"picked":"SKIP","floor":28.0},{"not_picked":["Hologram","Aggregate"],"picked":"Compile Driver+1","floor":29.0},{"not_picked":["Barrage","Recycle"],"picked":"Capacitor","floor":30.0},{"not_picked":["Seek","Machine Learning"],"picked":"Biased Cognition","floor":33.0},{"not_picked":["Storm","Recycle","Leap+1"],"picked":"SKIP","floor":35.0},{"not_picked":["Rebound","Steam"],"picked":"Loop","floor":37.0},{"not_picked":["Stack","Blizzard+1","Leap+1"],"picked":"SKIP","floor":38.0},{"not_picked":["Rip and Tear","Glacier"],"picked":"Heatsinks","floor":39},{"not_picked":["Compile Driver","Aggregate+1"],"picked":"Loop+1","floor":40},{"not_picked":["Hologram","Sweeping Beam","Conserve Battery+1"],"picked":"SKIP","floor":41},{"not_picked":["Beam Cell","Doom and Gloom"],"picked":"Core Surge","floor":42},{"not_picked":["Cold Snap+1","Ball Lightning+1"],"picked":"Hologram+1","floor":44},{"not_picked":["Darkness+1","Coolheaded","Turbo+1"],"picked":"SKIP","floor":46},{"not_picked":["Conserve Battery","Ball Lightning+1"],"picked":"Capacitor+1","floor":48}],"player_experience":2142616,"relics_obtained":[{"floor":6.0,"key":"Bottled Lightning"},{"floor":8.0,"key":"Turnip"},{"floor":9.0,"key":"Bottled Tornado"},{"floor":24.0,"key":"Darkstone Periapt"},{"floor":28.0,"key":"Bag of Marbles"},{"floor":30.0,"key":"WingedGreaves"},{"floor":37.0,"key":"FossilizedHelix"},{"floor":39,"key":"Ginger"},{"floor":40,"key":"Frozen Egg 2"},{"floor":41,"key":"Bottled Flame"},{"floor":43,"key":"Sundial"},{"floor":44,"key":"Bronze Scales"},{"floor":46,"key":"Anchor"}],"event_choices":[{"damage_healed":0.0,"max_hp_gain":0.0,"max_hp_loss":7.0,"gold_gain":0.0,"event_name":"Golden Idol","player_choice":"Lose Max HP","floor":3.0,"gold_loss":0.0,"damage_taken":0.0,"relics_obtained":["Golden Idol"]},{"cards_removed":["Strike_B"],"damage_healed":0.0,"max_hp_gain":0.0,"max_hp_loss":0.0,"gold_gain":0.0,"event_name":"The Cleric","player_choice":"Card Removal","floor":5.0,"gold_loss":75.0,"damage_taken":0.0},{"damage_healed":0.0,"max_hp_gain":0.0,"max_hp_loss":0.0,"gold_gain":0.0,"event_name":"Accursed Blacksmith","player_choice":"Forge","floor":20.0,"gold_loss":0.0,"damage_taken":0.0,"cards_upgraded":["Electrodynamics"]},{"damage_healed":0.0,"max_hp_gain":0.0,"max_hp_loss":0.0,"gold_gain":0.0,"cards_transformed":["Strike_B","Strike_B"],"event_name":"Drug Dealer","player_choice":"Became Test Subject","floor":31.0,"gold_loss":0.0,"damage_taken":0.0,"cards_obtained":["Rainbow","Recycle"]},{"damage_healed":0.0,"max_hp_gain":0.0,"max_hp_loss":0.0,"gold_gain":0.0,"event_name":"MindBloom","player_choice":"Fight","floor":37.0,"gold_loss":0.0,"damage_taken":0.0},{"damage_healed":0,"gold_gain":0,"player_choice":"Fight","damage_taken":0,"max_hp_gain":0,"max_hp_loss":0,"event_name":"Mysterious Sphere","floor":39,"gold_loss":0}],"is_beta":true,"boss_relics":[{"not_picked":["Cursed Key","Coffee Dripper"],"picked":"Nuclear Battery"},{"not_picked":["Philosopher\u0027s Stone","Runic Dome"],"picked":"Pandora\u0027s Box"}],"items_purged_floors":[],"is_endless":false,"potions_floor_spawned":[1,11,12,14,16,21,22,29,33,35,39,40,44,48],"killed_by":"Shield and Spear","ascension_level":20}}