{"host":"7r6bd5ce6zscnmwq","time":1609163544,"event":{"mods":["BaseMod","Better Altar","Better Match","Better Note","Better Sensory Stone","Better Skull","Better Third Choice","Better Vampires","Block Reminder","Colored Powertips","Displayed Cursed Tome","Minty Spire (QoL Compilation)","Permanent Neow","Quick Restart","Shop Mod","Spicy Shops","StSLib","The Marked"],"gold_per_floor":[117,117,5,25,25,25,37,51,120,153,165,165,180,194,194,290,290,302,53,67,85,85,85,104,104,131,131,47,47,73,87,87,87,87],"floor_reached":33,"playtime":3306,"items_purged":["theMarked:Strike"],"score":294,"play_id":"c8d8551f-7dd3-44d2-9870-43d9b0bb4eda","local_time":"20201228225223","is_ascension_mode":false,"campfire_choices":[{"data":"theMarked:SoldierOfQuellstein","floor":6.0,"key":"SMITH"},{"floor":12,"key":"REST"},{"data":"theMarked:Overthink","floor":15,"key":"SMITH"},{"data":"theMarked:EternalStudent","floor":23,"key":"SMITH"},{"data":"theMarked:MysticalArsenal","floor":27,"key":"SMITH"},{"data":"Bandage Up","floor":29,"key":"SMITH"},{"data":"theMarked:EnhanceMovement","floor":32,"key":"SMITH"}],"circlet_count":0,"master_deck":["theMarked:Strike","theMarked:Strike","theMarked:Strike","theMarked:Defend","theMarked:Defend","theMarked:SoldierOfQuellstein+1","theMarked:ShockingTouch","theMarked:Overthink+1","theMarked:EmpowerWeapon","theMarked:MysticalArsenal+1","theMarked:WardOff","theMarked:SuspiciousRaven","theMarked:EternalStudent+1","theMarked:FavorableWinds","theMarked:ReduceFriction","Bandage Up+1","theMarked:EnhanceMovement+1"],"relics":["theMarked:ArtifactOfAir","Orichalcum","Singing Bowl","Question Card","Coffee Dripper","theMarked:NailFile","Bag of Marbles","Bird Faced Urn"],"acts_visited":["Exordium","TheCity"],"potions_floor_usage":[18,30,30,33,33],"damage_taken":[{"damage":0.0,"enemies":"Small Slimes","floor":1.0,"turns":3.0},{"damage":0.0,"enemies":"Cultist","floor":4.0,"turns":2.0},{"damage":1.0,"enemies":"Jaw Worm","floor":7.0,"turns":2.0},{"damage":4.0,"enemies":"Exordium Thugs","floor":8.0,"turns":4.0},{"damage":30.0,"enemies":"Lagavulin","floor":10.0,"turns":4.0},{"damage":3,"enemies":"Exordium Wildlife","floor":11,"turns":5},{"damage":4,"enemies":"Lots of Slimes","floor":13,"turns":5},{"damage":2,"enemies":"Looter","floor":14,"turns":3},{"damage":14,"enemies":"Hexaghost","floor":16,"turns":6},{"damage":6,"enemies":"3 Byrds","floor":18,"turns":3},{"damage":19,"enemies":"Spheric Guardian","floor":20,"turns":4},{"damage":19,"enemies":"Snake Plant","floor":21,"turns":3},{"damage":2,"enemies":"Centurion and Healer","floor":24,"turns":4},{"damage":0,"enemies":"Gremlin Leader","floor":30,"turns":4},{"damage":0,"enemies":"3 Cultists","floor":31,"turns":4},{"damage":70,"enemies":"Automaton","floor":33,"turns":6}],"seed_played":"8684055153541685968","potions_obtained":[{"floor":1.0,"key":"theMarked:ChargePotion"},{"floor":4.0,"key":"Weak Potion"},{"floor":13,"key":"AttackPotion"},{"floor":16,"key":"CultistPotion"},{"floor":20,"key":"Energy Potion"},{"floor":21,"key":"BlessingOfTheForge"},{"floor":30,"key":"FearPotion"},{"floor":31,"key":"Weak Potion"}],"is_trial":false,"path_per_floor":["M","?","$","M","?","R","M","M","T","E","M","R","M","M","R","B",null,"M","$","M","M","?","R","M","?","T","R","$","R","E","M","R","B"],"character_chosen":"THE_DEFAULT","items_purchased":["theMarked:Overthink","theMarked:NailFile","Bandage Up"],"campfire_rested":1,"item_purchase_floors":[3,19,28],"current_hp_per_floor":[70,63,63,63,63,63,62,58,58,30,27,48,44,44,44,30,74,70,70,53,34,34,34,32,32,32,32,32,32,47,55,55,0,0],"gold":87,"neow_bonus":"REMOVE_CARD","is_daily":false,"chose_seed":false,"campfire_upgraded":6,"win_rate":0.0,"timestamp":1609163543,"path_taken":["M","?","$","M","?","R","M","M","T","E","M","R","M","?","R","BOSS","M","$","M","M","?","R","M","?","T","R","$","R","E","?","R","BOSS"],"items_purchased_type":["Card","Relic","Card"],"build_version":"2020-12-22","purchased_purges":1,"victory":false,"max_hp_per_floor":[70,70,70,70,70,70,70,70,70,72,72,72,72,74,74,74,74,76,76,78,78,78,78,78,78,78,78,78,78,80,80,80,80,80],"card_choices":[{"not_picked":["theMarked:ParalyzingBlade","theMarked:Electrocute"],"picked":"theMarked:ShockingTouch","floor":1.0},{"not_picked":["theMarked:Parkour","theMarked:Generate"],"picked":"theMarked:EmpowerWeapon","floor":4.0},{"not_picked":["theMarked:TwofoldDefense","theMarked:WardOff"],"picked":"theMarked:MysticalArsenal","floor":7.0},{"not_picked":["theMarked:Panic","theMarked:SwordAndMagic","theMarked:TwofoldDefense"],"picked":"SKIP","floor":8.0},{"not_picked":["theMarked:ResourceFulStrike","theMarked:BanishingStrike","theMarked:DeterminationOfTheMarked"],"picked":"Singing Bowl","floor":10},{"not_picked":["theMarked:Improvise","theMarked:GodGivenPower","theMarked:HeightenedSenses"],"picked":"theMarked:WardOff","floor":11},{"not_picked":["theMarked:Reabsorb","theMarked:TunnelVision","theMarked:Static"],"picked":"theMarked:SuspiciousRaven","floor":13},{"not_picked":["theMarked:EmpowerWeapon","theMarked:DeterminationOfTheMarked","theMarked:Improvise","theMarked:Aftermath"],"picked":"Singing Bowl","floor":14},{"not_picked":["theMarked:ChannelForce","theMarked:FavorableWinds","theMarked:UnarmedFury"],"picked":"theMarked:EternalStudent","floor":16},{"not_picked":["theMarked:RogueSparks","theMarked:TwofoldDefense+1","theMarked:HeightenedSenses","theMarked:WastefulAttack"],"picked":"Singing Bowl","floor":18},{"not_picked":["theMarked:ElectricStrings","theMarked:HeightenedSenses","theMarked:Convert","theMarked:Parkour+1"],"picked":"Singing Bowl","floor":20},{"not_picked":["theMarked:EmpowerWeapon+1","theMarked:SwordAndMagic+1","theMarked:BanishingStrike"],"picked":"theMarked:FavorableWinds","floor":21},{"not_picked":["theMarked:Generate+1","theMarked:Frustration","theMarked:HeightenedSenses"],"picked":"theMarked:ReduceFriction","floor":24},{"not_picked":["theMarked:Panic","theMarked:Improvise","theMarked:Polarize","theMarked:Electrocute+1"],"picked":"Singing Bowl","floor":30},{"not_picked":["theMarked:BanishingStrike","theMarked:EternalStudent","theMarked:MaelstromOfLightning+1"],"picked":"theMarked:EnhanceMovement","floor":31}],"player_experience":600364,"relics_obtained":[{"floor":9.0,"key":"Singing Bowl"},{"floor":10,"key":"Question Card"},{"floor":26,"key":"Bag of Marbles"},{"floor":30,"key":"Bird Faced Urn"}],"event_choices":[{"cards_removed":["theMarked:Strike"],"damage_healed":0.0,"max_hp_gain":0.0,"max_hp_loss":0.0,"gold_gain":0.0,"event_name":"Golden Wing","player_choice":"Card Removal","floor":2.0,"gold_loss":0.0,"damage_taken":7.0},{"damage_healed":0.0,"max_hp_gain":0.0,"max_hp_loss":0.0,"gold_gain":0.0,"event_name":"WeMeetAgain","player_choice":"Gave Potion","floor":5.0,"gold_loss":0.0,"damage_taken":0.0,"relics_obtained":["Orichalcum"]},{"cards_removed":["theMarked:Overthink"],"damage_healed":0,"gold_gain":0,"player_choice":"Give","damage_taken":0,"max_hp_gain":0,"max_hp_loss":0,"event_name":"betterNote:BetterNote","floor":22,"gold_loss":0,"cards_obtained":["None"]},{"cards_removed":["theMarked:Defend"],"damage_healed":0,"gold_gain":0,"player_choice":"Purged","damage_taken":0,"max_hp_gain":0,"max_hp_loss":0,"event_name":"Purifier","floor":25,"gold_loss":0}],"is_beta":false,"boss_relics":[{"not_picked":["SlaversCollar","Astrolabe"],"picked":"Coffee Dripper"}],"items_purged_floors":[3],"is_endless":false,"potions_floor_spawned":[1,4,13,16,20,21,30,31],"killed_by":"Automaton","ascension_level":0}}