{"host":"56ghxnzsglgdq727","time":1609143503,"event":{"mods":["AchievementEnabler","BaseMod","Minty Spire (QoL Compilation)"],"gold_per_floor":[112,112,130,55,71,71,88,88,88,102,121,137,148,180,180,284,284,294,314,329,229,229,240,240,268,268,143,143,143,143,123,123,221,221,237,257,62,62,0,30,42,85,123,151,13,63,80,80,80,80,80],"floor_reached":50,"playtime":1637,"items_purged":["Strike_G","Well Laid Plans","Blade Dance+1","Neutralize+1"],"score":597,"play_id":"f74348d5-48d1-413d-93a3-fba0db606d1a","local_time":"20201228031823","is_ascension_mode":false,"campfire_choices":[{"data":"Dagger Throw","floor":6,"key":"SMITH"},{"data":"Survivor","floor":8,"key":"SMITH"},{"floor":15,"key":"REST"},{"data":"Eviscerate","floor":24,"key":"SMITH"},{"data":"Underhanded Strike","floor":29,"key":"SMITH"},{"data":"Neutralize","floor":32,"key":"SMITH"},{"data":"1","floor":41,"key":"LIFT"},{"floor":49,"key":"REST"}],"circlet_count":0,"master_deck":["Survivor+1","Eviscerate+1","Dagger Throw+1","Terror+1","Adrenaline+1","Tactician+1","Adrenaline+1","Underhanded Strike+1","Poisoned Stab","Tactician+1","Distraction+1","Eviscerate+1","Escape Plan+1","Phantasmal Killer+1","Prepared+1","Dagger Throw","Underhanded Strike+1","CurseOfTheBell","Calculated Gamble+1","Transmutation+1","A Thousand Cuts+1","Malaise+1","Escape Plan+1"],"relics":["Ring of the Snake","NeowsBlessing","Toxic Egg 2","Torii","Pandora\u0027s Box","Ornamental Fan","Juzu Bracelet","Pen Nib","Calling Bell","Dream Catcher","Frozen Egg 2","Girya","Red Mask","MawBank","White Beast Statue","Bag of Preparation","Shovel"],"acts_visited":["Exordium","TheCity","TheBeyond"],"potions_floor_usage":[14,14,16,25,33,40,40,40,40,40,46,50,50,50],"damage_taken":[{"damage":0,"enemies":"Jaw Worm","floor":1,"turns":1},{"damage":0,"enemies":"Cultist","floor":3,"turns":1},{"damage":0,"enemies":"2 Louse","floor":5,"turns":1},{"damage":1,"enemies":"Red Slaver","floor":7,"turns":2},{"damage":1,"enemies":"Large Slime","floor":10,"turns":4},{"damage":0,"enemies":"2 Fungi Beasts","floor":11,"turns":3},{"damage":9,"enemies":"Red Slaver","floor":12,"turns":2},{"damage":0,"enemies":"Looter","floor":13,"turns":1},{"damage":0,"enemies":"Gremlin Nob","floor":14,"turns":2},{"damage":12,"enemies":"Hexaghost","floor":16,"turns":10},{"damage":0,"enemies":"Spheric Guardian","floor":18,"turns":2},{"damage":0,"enemies":"Chosen","floor":19,"turns":2},{"damage":0,"enemies":"Snake Plant","floor":20,"turns":2},{"damage":2,"enemies":"Chosen and Byrds","floor":23,"turns":2},{"damage":2,"enemies":"Book of Stabbing","floor":25,"turns":2},{"damage":12,"enemies":"Collector","floor":33,"turns":3},{"damage":0,"enemies":"3 Shapes","floor":35,"turns":2},{"damage":1,"enemies":"Orb Walker","floor":36,"turns":2},{"damage":0,"enemies":"Reptomancer","floor":40,"turns":1},{"damage":29,"enemies":"Nemesis","floor":42,"turns":3},{"damage":1,"enemies":"Sphere and 2 Shapes","floor":44,"turns":3},{"damage":0,"enemies":"Mind Bloom Boss Battle","floor":46,"turns":2},{"damage":1,"enemies":"Transient","floor":47,"turns":5},{"damage":76,"enemies":"Time Eater","floor":50,"turns":11}],"seed_played":"5970598139606112627","potions_obtained":[{"floor":1,"key":"CunningPotion"},{"floor":5,"key":"Weak Potion"},{"floor":7,"key":"Explosive Potion"},{"floor":10,"key":"PowerPotion"},{"floor":14,"key":"Fire Potion"},{"floor":18,"key":"CultistPotion"},{"floor":20,"key":"EssenceOfSteel"},{"floor":22,"key":"EntropicBrew"},{"floor":22,"key":"SkillPotion"},{"floor":31,"key":"Energy Potion"},{"floor":35,"key":"GamblersBrew"},{"floor":44,"key":"Poison Potion"},{"floor":46,"key":"Ancient Potion"},{"floor":47,"key":"Regen Potion"}],"is_trial":false,"path_per_floor":["M","?","M","$","M","R","M","R","T","M","M","M","M","E","R","B",null,"M","M","M","$","?","M","R","E","T","$","?","R","?","?","R","B",null,"M","M","$","?","?","E","R","E","T","M","$","?","M","?","R","B"],"character_chosen":"THE_SILENT","items_purchased":["Transmutation+1"],"campfire_rested":2,"item_purchase_floors":[37],"current_hp_per_floor":[70,70,70,70,70,70,69,69,69,68,68,59,59,59,70,58,70,70,70,70,70,70,68,68,66,66,66,66,66,66,66,66,54,70,70,69,69,66,66,66,66,37,37,36,36,36,35,35,54,0,0],"gold":80,"neow_bonus":"THREE_ENEMY_KILL","is_daily":false,"chose_seed":false,"campfire_upgraded":5,"win_rate":0.0,"timestamp":1609143503,"path_taken":["M","?","M","$","?","R","M","R","T","M","M","M","M","E","R","BOSS","M","?","?","$","?","M","R","E","T","$","?","R","?","?","R","BOSS","M","M","$","?","?","E","R","E","T","M","$","?","M","?","R","BOSS"],"items_purchased_type":["Card"],"build_version":"2020-12-22","purchased_purges":4,"victory":false,"max_hp_per_floor":[70,70,70,70,70,70,70,70,70,70,70,70,70,70,70,70,70,70,70,70,70,70,70,70,70,70,70,70,70,70,70,70,70,70,70,70,70,66,66,66,66,66,66,66,66,66,66,66,66,66,66],"card_choices":[{"not_picked":["Underhanded Strike","Deflect"],"picked":"Eviscerate","floor":1},{"not_picked":["Accuracy","Dash"],"picked":"Dagger Throw","floor":3},{"not_picked":["Deadly Poison","Accuracy","Outmaneuver"],"picked":"SKIP","floor":5},{"not_picked":["Masterful Stab","Flechettes","Deadly Poison"],"picked":"SKIP","floor":7},{"not_picked":["Dagger Spray","Slice","Deflect+1"],"picked":"SKIP","floor":10},{"not_picked":["Accuracy","Dagger Throw"],"picked":"Terror+1","floor":11},{"not_picked":["Poisoned Stab","Dagger Spray"],"picked":"Adrenaline+1","floor":12},{"not_picked":["Well Laid Plans","Leg Sweep+1"],"picked":"Tactician+1","floor":13},{"not_picked":["Slice","Well Laid Plans","Deadly Poison+1"],"picked":"SKIP","floor":14},{"not_picked":["Envenom","A Thousand Cuts"],"picked":"Adrenaline+1","floor":16},{"not_picked":["Poisoned Stab","Dodge and Roll+1"],"picked":"Prepared+1","floor":18},{"not_picked":["Finisher+1","Backflip+1","Infinite Blades"],"picked":"SKIP","floor":19},{"not_picked":["Flechettes","Envenom"],"picked":"Dagger Throw","floor":20},{"not_picked":["All Out Attack","Masterful Stab+1"],"picked":"Underhanded Strike+1","floor":23},{"not_picked":["Cloak And Dagger+1","Distraction+1","Endless Agony"],"picked":"SKIP","floor":25},{"not_picked":["Envenom","Burst+1"],"picked":"After Image","floor":33},{"not_picked":["Quick Slash","Blade Dance+1","Bouncing Flask+1"],"picked":"SKIP","floor":35},{"not_picked":["Sucker Punch+1","Endless Agony"],"picked":"Calculated Gamble+1","floor":36},{"not_picked":["Dagger Spray+1","Sucker Punch"],"picked":"A Thousand Cuts+1","floor":40},{"not_picked":["Deadly Poison+1","Slice","Bane+1"],"picked":"SKIP","floor":42},{"not_picked":["Slice+1","Cloak And Dagger+1","Dash+1"],"picked":"SKIP","floor":44},{"not_picked":["Skewer+1","Catalyst+1"],"picked":"Malaise+1","floor":46},{"not_picked":["Crippling Poison+1","Caltrops+1"],"picked":"Escape Plan+1","floor":47}],"player_experience":35574,"relics_obtained":[{"floor":9,"key":"Toxic Egg 2"},{"floor":14,"key":"Torii"},{"floor":25,"key":"Ornamental Fan"},{"floor":26,"key":"Juzu Bracelet"},{"floor":34,"key":"Dream Catcher"},{"floor":34,"key":"Frozen Egg 2"},{"floor":34,"key":"Girya"},{"floor":40,"key":"MawBank"},{"floor":42,"key":"White Beast Statue"},{"floor":43,"key":"Bag of Preparation"},{"floor":46,"key":"Shovel"}],"event_choices":[{"damage_healed":0,"gold_gain":0,"player_choice":"Upgraded","damage_taken":0,"max_hp_gain":0,"max_hp_loss":0,"event_name":"Upgrade Shrine","floor":2,"gold_loss":0,"cards_upgraded":["Eviscerate"]},{"damage_healed":0,"gold_gain":0,"player_choice":"Got Potions","damage_taken":0,"max_hp_gain":0,"max_hp_loss":0,"event_name":"Lab","floor":22,"gold_loss":0},{"damage_healed":0,"gold_gain":0,"player_choice":"Opened","damage_taken":0,"relics_obtained":["Pen Nib"],"max_hp_gain":0,"max_hp_loss":0,"event_name":"The Mausoleum","floor":28,"gold_loss":0},{"damage_healed":0,"gold_gain":0,"player_choice":"Ignored","damage_taken":0,"max_hp_gain":0,"max_hp_loss":0,"event_name":"Vampires","floor":30,"gold_loss":0},{"damage_healed":0,"gold_gain":0,"player_choice":"Bought 1 Potion","damage_taken":0,"max_hp_gain":0,"max_hp_loss":0,"event_name":"The Woman in Blue","floor":31,"gold_loss":0},{"damage_healed":0,"gold_gain":0,"player_choice":"Max HP","damage_taken":0,"max_hp_gain":0,"max_hp_loss":4,"event_name":"Winding Halls","floor":38,"gold_loss":0},{"damage_healed":0,"gold_gain":0,"player_choice":"Paid","damage_taken":0,"relics_obtained":["Red Mask"],"max_hp_gain":0,"max_hp_loss":0,"event_name":"Tomb of Lord Red Mask","floor":39,"gold_loss":62},{"damage_healed":0,"gold_gain":0,"player_choice":"Fight","damage_taken":0,"max_hp_gain":0,"max_hp_loss":0,"event_name":"MindBloom","floor":46,"gold_loss":0},{"cards_removed":["After Image"],"damage_healed":0,"gold_gain":0,"player_choice":"Removed Power","damage_taken":0,"max_hp_gain":0,"max_hp_loss":0,"event_name":"Falling","floor":48,"gold_loss":0}],"is_beta":false,"boss_relics":[{"not_picked":["Fusion Hammer","Sozu"],"picked":"Pandora\u0027s Box"},{"not_picked":["Coffee Dripper","SlaversCollar"],"picked":"Calling Bell"}],"items_purged_floors":[4,21,27,45],"is_endless":false,"potions_floor_spawned":[1,5,7,10,14,18,20,35,36,44,46,47],"killed_by":"Time Eater","ascension_level":0}}