{"host":"wbjiqg83duq292na","time":1609186593,"event":{"mods":["BaseMod","Minty Spire (QoL Compilation)"],"gold_per_floor":[142,142,142,177,212,212,212,387,387,412,473,473,88,132,132,132,132],"floor_reached":16,"playtime":738,"items_purged":["Doubt"],"score":105,"play_id":"3842558a-6dc1-4ce9-8bcc-519cb44585da","local_time":"20201228181633","is_ascension_mode":true,"campfire_choices":[{"floor":6,"key":"RECALL"},{"floor":15,"key":"REST"}],"circlet_count":0,"master_deck":["Strike_P","Strike_P","Strike_P","Strike_P","Defend_P","Defend_P","Defend_P","Eruption","Vigilance","Wish","FollowUp+1","CutThroughFate","Consecrate+1","Injury","Vengeance","MentalFortress","LessonLearned"],"relics":["PureWater","Golden Idol","Whetstone","Bag of Preparation","Blood Vial","Akabeko"],"acts_visited":["Exordium"],"potions_floor_usage":[14,16,16],"damage_taken":[{"damage":0,"enemies":"Small Slimes","floor":1,"turns":3},{"damage":7,"enemies":"Jaw Worm","floor":4,"turns":4},{"damage":6,"enemies":"2 Louse","floor":5,"turns":6},{"damage":7,"enemies":"Looter","floor":10,"turns":3},{"damage":42,"enemies":"Lagavulin","floor":11,"turns":10},{"damage":1,"enemies":"Red Slaver","floor":14,"turns":4},{"damage":32,"enemies":"Hexaghost","floor":16,"turns":7}],"seed_played":"-5410843178548795160","potions_obtained":[{"floor":1,"key":"BottledMiracle"},{"floor":5,"key":"SkillPotion"},{"floor":11,"key":"DuplicationPotion"}],"is_trial":false,"path_per_floor":["M","?","$","M","M","R","?","?","T","M","E","T","$","M","R","B"],"character_chosen":"WATCHER","items_purchased":["Blood Vial","Akabeko"],"campfire_rested":1,"item_purchase_floors":[13,13],"current_hp_per_floor":[72,65,65,58,52,52,52,52,52,45,3,3,3,4,25,0,0],"gold":132,"neow_bonus":"ONE_RANDOM_RARE_CARD","is_daily":false,"chose_seed":false,"campfire_upgraded":0,"win_rate":0.0,"timestamp":1609186593,"path_taken":["M","?","$","M","M","R","?","?","T","M","E","?","?","M","R","BOSS"],"items_purchased_type":["Relic","Relic"],"build_version":"2020-12-22","purchased_purges":1,"victory":false,"max_hp_per_floor":[72,72,72,72,72,72,72,72,72,72,72,72,72,72,72,72,72],"card_choices":[{"not_picked":["Evaluate","Conclude"],"picked":"FollowUp","floor":1},{"not_picked":["ClearTheMind","CarveReality"],"picked":"CutThroughFate","floor":4},{"not_picked":["ThirdEye","ClearTheMind"],"picked":"Consecrate","floor":5},{"not_picked":["FollowUp","FlyingSleeves"],"picked":"Vengeance","floor":10},{"not_picked":["Study","FlyingSleeves"],"picked":"MentalFortress","floor":11},{"not_picked":["Halt","WheelKick"],"picked":"LessonLearned","floor":14}],"player_experience":248095,"relics_obtained":[{"floor":11,"key":"Whetstone"},{"floor":12,"key":"Bag of Preparation"}],"event_choices":[{"cards_removed":["Defend_P"],"damage_healed":0,"gold_gain":0,"player_choice":"Card Removal","damage_taken":7,"max_hp_gain":0,"max_hp_loss":0,"event_name":"Golden Wing","floor":2,"gold_loss":0},{"damage_healed":0,"gold_gain":0,"player_choice":"Take Wound","damage_taken":0,"relics_obtained":["Golden Idol"],"max_hp_gain":0,"max_hp_loss":0,"event_name":"Golden Idol","floor":7,"gold_loss":0,"cards_obtained":["Injury"]},{"damage_healed":0,"gold_gain":175,"player_choice":"AGREE","damage_taken":0,"max_hp_gain":0,"max_hp_loss":0,"event_name":"Liars Game","floor":8,"gold_loss":0,"cards_obtained":["Doubt"]}],"is_beta":false,"boss_relics":[],"items_purged_floors":[13],"is_endless":false,"potions_floor_spawned":[1,5,11],"killed_by":"Hexaghost","ascension_level":1}}