{"host":"psucr0e9afynhpu7","time":1609165677,"event":{"mods":["AchievementEnabler","BaseMod","Better Altar","Better Match","Better Note","Better Sensory Stone","Better Skull","Better Third Choice","Colored Powertips","DeckTracker","Lobotomy","Minty Spire (QoL Compilation)","Quick Restart","Random Character Button","Relic Sorter","StSLib","Synergy Search","The Animator","The Caster","The Juggle","The Poker Player","The Wild Card"],"gold_per_floor":[115,130,20,35,48,73,85,103,150,150,150],"floor_reached":10,"playtime":1248,"items_purged":["Strike_R"],"score":72,"play_id":"9cf6ab1f-89f4-42a4-9f25-a1d9fc7361ca","local_time":"20201228122757","is_ascension_mode":false,"campfire_choices":[],"circlet_count":0,"master_deck":["Strike_R","Strike_R","Strike_R","Strike_R","Defend_R","Defend_R","Defend_R","Defend_R","Bash","Rampage","Infernal Blade","Dropkick","Dual Wield","Fire Breathing","Carnage","True Grit","Armaments"],"relics":["Burning Blood","Bottled Flame","Orichalcum"],"acts_visited":[],"potions_floor_usage":[8],"damage_taken":[{"damage":5,"enemies":"Small Slimes","floor":1,"turns":3},{"damage":1,"enemies":"Cultist","floor":2,"turns":4},{"damage":6,"enemies":"Jaw Worm","floor":4,"turns":3},{"damage":21,"enemies":"3 Louse","floor":5,"turns":4},{"damage":31,"enemies":"3 Sentries","floor":6,"turns":5},{"damage":10,"enemies":"Looter","floor":7,"turns":3},{"damage":17,"enemies":"Large Slime","floor":8,"turns":6},{"damage":44,"enemies":"Lagavulin","floor":10,"turns":6}],"seed_played":"2964435943659668226","potions_obtained":[{"floor":5,"key":"BlessingOfTheForge"},{"floor":6,"key":"ElixirPotion"},{"floor":7,"key":"Swift Potion"}],"is_trial":false,"path_per_floor":["M","M","$","M","M","E","M","M","T","E"],"character_chosen":"IRONCLAD","items_purchased":["Dropkick"],"campfire_rested":0,"item_purchase_floors":[3],"current_hp_per_floor":[88,88,88,88,73,48,44,33,33,0,0],"gold":150,"neow_bonus":"TEN_PERCENT_HP_BONUS","is_daily":false,"chose_seed":false,"campfire_upgraded":0,"win_rate":0.0,"timestamp":1609165677,"path_taken":["M","M","$","M","M","E","M","M","T","E"],"items_purchased_type":["Card"],"build_version":"2020-12-22","purchased_purges":1,"victory":false,"max_hp_per_floor":[88,88,88,88,88,88,88,88,88,88,88],"card_choices":[{"not_picked":["Pommel Strike","Twin Strike"],"picked":"Rampage","floor":1},{"not_picked":["Ghostly Armor","Armaments"],"picked":"Infernal Blade","floor":2},{"not_picked":["Second Wind","True Grit"],"picked":"Dual Wield","floor":4},{"not_picked":["Sever Soul","Perfected Strike"],"picked":"Fire Breathing","floor":5},{"not_picked":["Twin Strike","Impervious"],"picked":"Carnage","floor":6},{"not_picked":["Cleave","Perfected Strike"],"picked":"True Grit","floor":7},{"not_picked":["Rampage","Clash"],"picked":"Armaments","floor":8}],"player_experience":0,"relics_obtained":[{"floor":6,"key":"Bottled Flame"},{"floor":9,"key":"Orichalcum"}],"event_choices":[],"is_beta":false,"boss_relics":[],"items_purged_floors":[3],"is_endless":false,"potions_floor_spawned":[5,6,7],"killed_by":"Lagavulin","ascension_level":0}}