{"host":"bg8va46pgqgvtzim","time":1609166900,"event":{"mods":["BaseMod","Minty Spire (QoL Compilation)","Quick Restart","StSLib","SuperFastMode"],"gold_per_floor":[117,136,136,211,35,35,60,60,133,58,93,93,113,113,113,208,208,227,251,176,176,188,188,216,216,241,241,20,52,65,76,76,177,177,187,187,87,104,154,186,186,216,263,279,309,309,309,249,249,249,249,249,33,66,66],"floor_reached":56,"playtime":1588,"items_purged":["Strike_R","Strike_R","Anger"],"score":1608,"play_id":"dfceb592-1781-4491-a3ee-c2536f4dfee3","local_time":"20201228224820","is_ascension_mode":true,"campfire_choices":[{"data":"Armaments","floor":6.0,"key":"SMITH"},{"data":"Offering","floor":8.0,"key":"SMITH"},{"floor":12.0,"key":"RECALL"},{"data":"True Grit","floor":15.0,"key":"SMITH"},{"data":"Barricade","floor":23.0,"key":"SMITH"},{"data":"Burning Pact","floor":25.0,"key":"SMITH"},{"data":"Disarm","floor":27.0,"key":"SMITH"},{"data":"Berserk","floor":32.0,"key":"SMITH"},{"data":"Rampage","floor":41.0,"key":"SMITH"},{"data":"Battle Trance","floor":46.0,"key":"SMITH"},{"data":"Rage","floor":49,"key":"SMITH"},{"data":"Panacea","floor":52,"key":"SMITH"}],"circlet_count":0,"master_deck":["Defend_R","Defend_R","Defend_R","Bash","Offering+1","Flex","Combust","Armaments+1","Disarm+1","True Grit+1","Rampage+1","Barricade+1","Burning Pact+1","Berserk+1","Battle Trance+1","Sanctity+1","Panacea+1","Rage+1","Pummel","Evolve"],"relics":["Burning Blood","Medical Kit","Sundial","Bottled Lightning","Self Forming Clay","Runic Pyramid","Art of War","Potion Belt","Juzu Bracelet","Ancient Tea Set","PrismaticShard","Strawberry","Mark of Pain","TungstenRod","Bag of Marbles","Question Card","Omamori","Paper Frog"],"acts_visited":["Exordium","TheCity","TheBeyond","TheEnding"],"potions_floor_usage":[55,55,55,55,55],"damage_taken":[{"damage":6.0,"enemies":"Cultist","floor":1.0,"turns":2.0},{"damage":7.0,"enemies":"Jaw Worm","floor":2.0,"turns":2.0},{"damage":25.0,"enemies":"3 Sentries","floor":7.0,"turns":5.0},{"damage":22.0,"enemies":"Gremlin Nob","floor":11.0,"turns":3.0},{"damage":6.0,"enemies":"Small Slimes","floor":13.0,"turns":3.0},{"damage":21.0,"enemies":"Slime Boss","floor":16.0,"turns":9.0},{"damage":8.0,"enemies":"2 Thieves","floor":18.0,"turns":3.0},{"damage":6.0,"enemies":"Chosen","floor":22.0,"turns":10.0},{"damage":11.0,"enemies":"Gremlin Leader","floor":24.0,"turns":6.0},{"damage":6.0,"enemies":"Book of Stabbing","floor":29.0,"turns":6.0},{"damage":6.0,"enemies":"Snake Plant","floor":30.0,"turns":8.0},{"damage":6.0,"enemies":"Cultist and Chosen","floor":31.0,"turns":7.0},{"damage":6.0,"enemies":"Champ","floor":33.0,"turns":6.0},{"damage":6.0,"enemies":"3 Darklings","floor":35.0,"turns":7.0},{"damage":6.0,"enemies":"3 Shapes","floor":38.0,"turns":9.0},{"damage":6.0,"enemies":"Mind Bloom Boss Battle","floor":39.0,"turns":5.0},{"damage":8.0,"enemies":"Reptomancer","floor":40.0,"turns":5.0},{"damage":5.0,"enemies":"Giant Head","floor":42.0,"turns":3.0},{"damage":19.0,"enemies":"Jaw Worm Horde","floor":44.0,"turns":5.0},{"damage":5.0,"enemies":"Nemesis","floor":45.0,"turns":5.0},{"damage":13,"enemies":"Donu and Deca","floor":50,"turns":6},{"damage":39,"enemies":"Shield and Spear","floor":54,"turns":5},{"damage":14,"enemies":"The Heart","floor":55,"turns":6}],"seed_played":"4596744864265014032","potions_obtained":[{"floor":1.0,"key":"BloodPotion"},{"floor":7.0,"key":"SneckoOil"},{"floor":11.0,"key":"FearPotion"},{"floor":13.0,"key":"Block Potion"},{"floor":16.0,"key":"ColorlessPotion"},{"floor":18.0,"key":"SpeedPotion"},{"floor":30.0,"key":"PowerPotion"},{"floor":33.0,"key":"BlessingOfTheForge"},{"floor":38.0,"key":"ColorlessPotion"},{"floor":39.0,"key":"BloodPotion"},{"floor":44.0,"key":"GamblersBrew"}],"is_trial":false,"path_per_floor":["M","M","?","?","$","R","E","R","T","$","E","R","M","?","R","B",null,"M","T","?","?","M","R","E","R","T","R","$","E","M","M","R","B",null,"M","?","$","M","?","E","R","E","T","M","E","R","?","?","R","B",null,"R","$","E","B",null],"character_chosen":"IRONCLAD","items_purchased":["Armaments","Medical Kit","PrismaticShard","Berserk","Evolve","Dexterity Potion"],"campfire_rested":0,"item_purchase_floors":[5,5,28,28,53,53],"current_hp_per_floor":[72,71,76,65,65,65,46,46,46,46,30,30,45,45,45,30,77,75,75,75,75,75,75,70,70,70,70,70,77,77,77,77,77,84,84,80,80,80,80,78,78,79,79,80,80,80,71,71,71,64,80,80,80,47,39],"gold":66,"neow_bonus":"THREE_RARE_CARDS","is_daily":false,"chose_seed":false,"campfire_upgraded":11,"win_rate":0.0,"timestamp":1609166900,"path_taken":["M","M","?","?","?","R","E","R","T","$","E","R","M","?","R","BOSS","M","?","?","?","M","R","E","R","T","R","$","E","M","M","R","BOSS","M","?","$","M","?","E","R","E","T","M","E","R","?","?","R","BOSS","R","$","E","BOSS"],"items_purchased_type":["Card","Relic","Relic","Card","Card","Potion"],"build_version":"2020-12-22","purchased_purges":3,"victory":true,"max_hp_per_floor":[72,72,77,77,77,77,77,77,77,77,77,77,77,77,77,77,77,77,77,77,77,77,77,77,77,77,77,77,84,84,84,84,84,84,84,80,80,80,80,80,80,80,80,80,80,80,80,80,80,80,80,80,80,80,80],"card_choices":[{"not_picked":["Juggernaut","Double Tap"],"picked":"Offering","floor":0.0},{"not_picked":["Reckless Charge","Metallicize"],"picked":"Flex","floor":1.0},{"not_picked":["Clash","Warcry"],"picked":"Combust","floor":2.0},{"not_picked":["Combust","Sever Soul"],"picked":"Anger","floor":7.0},{"not_picked":["Power Through","Infernal Blade"],"picked":"Disarm","floor":11.0},{"not_picked":["Hemokinesis","Demon Form"],"picked":"True Grit","floor":13.0},{"not_picked":["Exhume","Corruption"],"picked":"Barricade","floor":16.0},{"not_picked":["Evolve","Iron Wave"],"picked":"Burning Pact","floor":18.0},{"not_picked":["Cleave","Power Through+1","Anger+1"],"picked":"SKIP","floor":22.0},{"not_picked":["Thunderclap","Shrug It Off","Whirlwind"],"picked":"SKIP","floor":24.0},{"not_picked":["Flying Knee+1","SignatureMove","Warcry"],"picked":"SKIP","floor":29.0},{"not_picked":["True Grit","Backflip+1"],"picked":"Battle Trance","floor":30.0},{"not_picked":["FollowUp","Slice+1","Pommel Strike"],"picked":"SKIP","floor":31.0},{"not_picked":["Cold Snap+1","Study","Rampage"],"picked":"SKIP","floor":35.0},{"not_picked":["Iron Wave+1","Bane","Clothesline+1"],"picked":"SKIP","floor":38.0},{"not_picked":["Tempest+1","Beam Cell+1"],"picked":"Sanctity+1","floor":39.0},{"not_picked":["Body Slam+1","Shockwave","Lockon+1"],"picked":"SKIP","floor":40.0},{"not_picked":["Shrug It Off","Doom and Gloom","FlyingSleeves+1"],"picked":"SKIP","floor":42.0},{"not_picked":["Perfected Strike+1","Blade Dance+1","Evaluate","Prepared+1"],"picked":"SKIP","floor":44.0},{"not_picked":["EmptyBody","TalkToTheHand","SignatureMove","Cloak And Dagger"],"picked":"SKIP","floor":45.0},{"not_picked":["Good Instincts","Forethought","Dark Shackles"],"picked":"Panacea","floor":47.0},{"not_picked":["Tools of the Trade","Terror","True Grit+1","DevaForm"],"picked":"SKIP","floor":54}],"player_experience":2196876,"relics_obtained":[{"floor":7.0,"key":"Sundial"},{"floor":9.0,"key":"Bottled Lightning"},{"floor":11.0,"key":"Self Forming Clay"},{"floor":19.0,"key":"Art of War"},{"floor":24.0,"key":"Juzu Bracelet"},{"floor":26.0,"key":"Ancient Tea Set"},{"floor":29.0,"key":"Strawberry"},{"floor":39.0,"key":"TungstenRod"},{"floor":40.0,"key":"Bag of Marbles"},{"floor":42.0,"key":"Question Card"},{"floor":45.0,"key":"Omamori"},{"floor":54,"key":"Paper Frog"}],"event_choices":[{"damage_healed":0.0,"max_hp_gain":5.0,"max_hp_loss":0.0,"gold_gain":0.0,"event_name":"Big Fish","player_choice":"Donut","floor":3.0,"gold_loss":0.0,"damage_taken":0.0},{"damage_healed":0.0,"max_hp_gain":0.0,"max_hp_loss":0.0,"gold_gain":75.0,"event_name":"World of Goop","player_choice":"Gather Gold","floor":4.0,"gold_loss":0.0,"damage_taken":11.0},{"damage_healed":0.0,"max_hp_gain":0.0,"max_hp_loss":0.0,"gold_gain":0.0,"cards_transformed":["Strike_R"],"event_name":"Transmorgrifier","player_choice":"Transformed","floor":14.0,"gold_loss":0.0,"damage_taken":0.0,"cards_obtained":["Rampage"]},{"cards_removed":["Strike_R"],"damage_healed":0.0,"max_hp_gain":0.0,"max_hp_loss":0.0,"gold_gain":0.0,"event_name":"Beggar","player_choice":"Gave Gold","floor":20.0,"gold_loss":75.0,"damage_taken":0.0},{"damage_healed":0.0,"max_hp_gain":0.0,"max_hp_loss":0.0,"gold_gain":0.0,"event_name":"The Mausoleum","player_choice":"Opened","floor":21.0,"gold_loss":0.0,"damage_taken":0.0,"relics_obtained":["Potion Belt"]},{"damage_healed":0.0,"max_hp_gain":0.0,"max_hp_loss":4.0,"gold_gain":0.0,"event_name":"Winding Halls","player_choice":"Max HP","floor":36.0,"gold_loss":0.0,"damage_taken":0.0},{"damage_healed":0.0,"max_hp_gain":0.0,"max_hp_loss":0.0,"gold_gain":0.0,"event_name":"MindBloom","player_choice":"Fight","floor":39.0,"gold_loss":0.0,"damage_taken":0.0},{"damage_healed":0.0,"max_hp_gain":0.0,"max_hp_loss":0.0,"gold_gain":0.0,"event_name":"SensoryStone","player_choice":"Memory 3","floor":47.0,"gold_loss":0.0,"damage_taken":10.0},{"damage_healed":0,"gold_gain":0,"cards_transformed":["Strike_R","Defend_R"],"player_choice":"Transformed Cards","damage_taken":0,"max_hp_gain":0,"max_hp_loss":0,"event_name":"Designer","floor":48,"gold_loss":60,"cards_obtained":["Rage","Pummel"]}],"is_beta":false,"boss_relics":[{"not_picked":["SlaversCollar","Fusion Hammer"],"picked":"Runic Pyramid"},{"not_picked":["Sozu","Runic Cube"],"picked":"Mark of Pain"}],"items_purged_floors":[10,37,53],"is_endless":false,"potions_floor_spawned":[1,7,11,13,16,18,30,33,38,39,40,44],"ascension_level":1}}