{"host":"88gj1a6q1iuldet9","time":1609191779,"event":{"mods":["Act Like it!","BaseMod","Better Note","Better Third Choice","BetterRewards","Conspire","Downfall","Energized Spire","Gensokyo","GungeonMod","Hubris","Jorbs\u0027s Wanderer Trilogy","Luminous","Magitek Elite","Melee Mod","Minty Spire (QoL Compilation)","Quick Restart","Reimu??????","Replay The Spire","Robot Space Explorer","Shop Mod","StSLib","The Dragon Tamer","The Hayseed","The Marked","The Mystic","The Necromancer","The Problem Sleuth","The Runesmith","The Sage","TheArtist","TheFirefly","Wandering Minibosses","Yuri Mod"],"gold_per_floor":[112,112,112,123,0,28,38,38,38,63,23,23,23,47,47,173,173,186,202,223,223,249,284,304,338,338,381,381,561,561,579,579,700,700,716,735,45,45,61,94,94,94,142,167,183,243,243,243],"floor_reached":47,"playtime":7223,"items_purged":["expansioncontent:PrepareCrush"],"score":648,"play_id":"cdef1ae6-b5d1-4504-a1ec-978506c83dca","local_time":"20201228164259","is_ascension_mode":false,"campfire_choices":[{"data":"TheSimpletonMod:StockTheCellar","floor":8,"key":"SMITH"},{"data":"TheSimpletonMod:HitTheSack","floor":12,"key":"SMITH"},{"data":"TheSimpletonMod:SpiceUp","floor":15,"key":"SMITH"},{"floor":32,"key":"DIG"},{"floor":41,"key":"DIG"}],"circlet_count":0,"master_deck":["TheSimpletonMod:Strike_TheSimpleton","TheSimpletonMod:Defend_TheSimpleton","TheSimpletonMod:Defend_TheSimpleton","TheSimpletonMod:Defend_TheSimpleton","TheSimpletonMod:Haymaker","TheSimpletonMod:ReapAndSow","TheSimpletonMod:SpiceUp+1","TheSimpletonMod:HitTheSack+1","Enlightenment","TheSimpletonMod:StockTheCellar+1","TheSimpletonMod:PestManagement","TheSimpletonMod:PestManagement","TheSimpletonMod:Photosynthesis","TheSimpletonMod:Aerate+1","TheSimpletonMod:Swelter+1","TheSimpletonMod:PestManagement+1","expansioncontent:DefensiveMode","TheSimpletonMod:Photosynthesis","TheSimpletonMod:OnionBloom","TheSimpletonMod:Innovate","TheSimpletonMod:CullingStrike+1","Finesse","Replay:SS_hec_2","Finesse","TheSimpletonMod:Pruning","AbeCurse","TheSimpletonMod:ResistantStrain","AbeCurse","TheSimpletonMod:SoilSample+1","TheSimpletonMod:Fertilaser+1","TheSimpletonMod:CropRotation+1","TheSimpletonMod:OnionBloom","TheSimpletonMod:Swelter","TheSimpletonMod:Potatoes","Pain"],"relics":["TheSimpletonMod:SpudOfTheInnocent","TheSimpletonMod:NightSoil","TheSimpletonMod:TheHarvester","NeowsBlessing","White Beast Statue","hubris:Reverence","DemoMod:PinkGuonStone","conspire:DecoderRing","PaintedHorse:ReiMu","Golden Idol","ChewingGum","Bag of Marbles","TheSimpletonMod:GardenGlove","Shovel","Sundial","Meat on the Bone","conspire:Flyswatter","hubris:ToyBattleship","Replay:Grab Bag","Abe\u0027s Treasure","energizedSpire:RedRose","Astrolabe","WristBlade","Replay:WaspNest","Mango","WarpedTongs","hubris:Metronome","ReplayTheSpireMod:TigerMarble","Angel_Ring","hubris:64BitClover"],"acts_visited":["Exordium","TheCity","TheBeyond"],"potions_floor_usage":[10,14,19,25,25,27,27,46],"damage_taken":[{"damage":0,"enemies":"Jaw Worm","floor":1,"turns":1},{"damage":0,"enemies":"2 Louse","floor":4,"turns":1},{"damage":0,"enemies":"Lagavulin","floor":6,"turns":1},{"damage":0,"enemies":"Small Slimes","floor":7,"turns":4},{"damage":0,"enemies":"Gremlin Nob","floor":10,"turns":4},{"damage":0,"enemies":"3 Louse","floor":14,"turns":3},{"damage":30,"enemies":"Hexaghost","floor":16,"turns":8},{"damage":0,"enemies":"conspire:FuzzyDice","floor":18,"turns":5},{"damage":0,"enemies":"2 Thieves","floor":19,"turns":3},{"damage":26,"enemies":"Snake Plant","floor":20,"turns":6},{"damage":2,"enemies":"Replay:Snechameleon","floor":23,"turns":4},{"damage":0,"enemies":"Shelled Parasite and Fungi","floor":24,"turns":4},{"damage":0,"enemies":"Slavers","floor":25,"turns":5},{"damage":8,"enemies":"conspire:Head Lice","floor":27,"turns":7},{"damage":3,"enemies":"Chosen and Byrds","floor":31,"turns":6},{"damage":26,"enemies":"Pondfish","floor":33,"turns":16},{"damage":8,"enemies":"3 Shapes","floor":35,"turns":5},{"damage":25,"enemies":"3 Darklings","floor":36,"turns":7},{"damage":13,"enemies":"Maw","floor":39,"turns":8},{"damage":20,"enemies":"Reptomancer","floor":40,"turns":5},{"damage":0,"enemies":"Sphere and 2 Shapes","floor":44,"turns":4},{"damage":0,"enemies":"Spire Growth","floor":45,"turns":4},{"damage":26,"enemies":"2 Orb Walkers","floor":46,"turns":3},{"damage":42,"enemies":"Nemesis","floor":47,"turns":2}],"seed_played":"4653117524623111305","potions_obtained":[{"floor":1,"key":"Regen Potion"},{"floor":4,"key":"Weak Potion"},{"floor":6,"key":"Toxic Potion"},{"floor":7,"key":"ColorlessPotion"},{"floor":10,"key":"conspire:TimeTravelPotion"},{"floor":14,"key":"Block Potion"},{"floor":16,"key":"SpeedPotion"},{"floor":19,"key":"Dexterity Potion"},{"floor":20,"key":"Flashbang"},{"floor":23,"key":"SkillPotion"},{"floor":25,"key":"Energy Potion"},{"floor":27,"key":"DuplicationPotion"},{"floor":31,"key":"Dexterity Potion"},{"floor":33,"key":"Energy Potion"},{"floor":35,"key":"Energy Potion"},{"floor":40,"key":"AttackPotion"},{"floor":46,"key":"EssenceOfSteel"}],"is_trial":false,"path_per_floor":["M","?","T","M","?","E","M","R","T","E","?","R","?","M","R","B",null,"M","M","M","?","T","E","M","E","T","E","?","?","?","M","R","B",null,"M","M","$","?","M","E","R","?","T","M","M","?","E"],"character_chosen":"THE_SIMPLETON","items_purchased":["Replay:WaspNest","Mango","TheSimpletonMod:Potatoes"],"campfire_rested":0,"item_purchase_floors":[37,37,37],"current_hp_per_floor":[75,68,68,68,74,78,81,81,88,88,88,88,66,70,70,44,88,88,88,62,62,62,64,68,72,72,68,68,28,28,41,41,31,88,84,63,77,77,68,52,52,52,52,52,52,38,0,0],"gold":243,"neow_bonus":"THREE_ENEMY_KILL","is_daily":false,"chose_seed":false,"campfire_upgraded":3,"win_rate":0.0,"timestamp":1609191779,"path_taken":["M","?","?","M","?","E","M","R","T","E","?","R","?","M","R","BOSS","M","M","M","?","?","E","?","E","T","E","?","?","?","M","R","BOSS","M","M","$","?","?","E","R","?","T","M","M","?","E"],"items_purchased_type":["Relic","Relic","Card"],"build_version":"2020-12-22","purchased_purges":1,"victory":false,"max_hp_per_floor":[75,75,75,75,81,81,81,81,88,88,88,88,88,88,88,88,88,88,88,88,88,88,88,88,88,88,88,88,88,88,88,88,88,88,88,88,102,102,102,102,102,102,102,102,102,102,102,102],"card_choices":[{"not_picked":["TheSimpletonMod:SlashAndBurn","TheSimpletonMod:Thresh"],"picked":"TheSimpletonMod:SpiceUp","floor":1},{"not_picked":["TheSimpletonMod:Potatoes","TheSimpletonMod:Aerate"],"picked":"TheSimpletonMod:HitTheSack","floor":4},{"not_picked":["TheSimpletonMod:Fertilaser","TheSimpletonMod:Mulch"],"picked":"TheSimpletonMod:StockTheCellar","floor":6},{"not_picked":["TheSimpletonMod:StockTheCellar","TheSimpletonMod:SeedCoat"],"picked":"TheSimpletonMod:PestManagement","floor":7},{"not_picked":["TheSimpletonMod:CullingStrike","TheSimpletonMod:Mulch","TheSimpletonMod:Ferment"],"picked":"SKIP","floor":10},{"not_picked":["TheSimpletonMod:Pruning","TheSimpletonMod:Germinate"],"picked":"TheSimpletonMod:PestManagement","floor":14},{"not_picked":["TheSimpletonMod:FlashPasteurize","TheSimpletonMod:HitTheSack"],"picked":"TheSimpletonMod:Photosynthesis","floor":16},{"not_picked":["TheSimpletonMod:Thresh+1","TheSimpletonMod:SpiceUp"],"picked":"TheSimpletonMod:Aerate+1","floor":18},{"not_picked":["TheSimpletonMod:Rototilling","TheSimpletonMod:PestManagement"],"picked":"TheSimpletonMod:Swelter+1","floor":19},{"not_picked":["TheSimpletonMod:DesperatePlunge","TheSimpletonMod:Aerate+1"],"picked":"TheSimpletonMod:PestManagement+1","floor":20},{"not_picked":["TheSimpletonMod:BirdFeeder","TheSimpletonMod:Mulch"],"picked":"TheSimpletonMod:OnionBloom","floor":23},{"not_picked":["TheSimpletonMod:Germinate","TheSimpletonMod:Ferment"],"picked":"TheSimpletonMod:Innovate","floor":24},{"not_picked":["TheSimpletonMod:ControlledBurn","TheSimpletonMod:BumperCrop"],"picked":"TheSimpletonMod:CullingStrike+1","floor":25},{"not_picked":["TheSimpletonMod:Strawberries","TheSimpletonMod:ToughenUp+1","TheSimpletonMod:SoilSample"],"picked":"SKIP","floor":27},{"not_picked":["TheSimpletonMod:CropRotation+1","TheSimpletonMod:Aerate"],"picked":"TheSimpletonMod:Pruning","floor":31},{"not_picked":["TheSimpletonMod:DesperatePlunge","TheSimpletonMod:CrackOfDawn"],"picked":"TheSimpletonMod:ResistantStrain","floor":33},{"not_picked":["TheSimpletonMod:BumperCrop","TheSimpletonMod:OnionBloom","TheSimpletonMod:SpiceUp"],"picked":"SKIP","floor":35},{"not_picked":["TheSimpletonMod:BumperCrop","TheSimpletonMod:SpiceUp"],"picked":"TheSimpletonMod:OnionBloom","floor":35},{"not_picked":["TheSimpletonMod:PestManagement","TheSimpletonMod:Sunchoke+1"],"picked":"TheSimpletonMod:Swelter","floor":36},{"not_picked":["TheSimpletonMod:CullingStrike","TheSimpletonMod:PestManagement+1","TheSimpletonMod:Innovate"],"picked":"SKIP","floor":39},{"not_picked":["TheSimpletonMod:Sunchoke","TheSimpletonMod:KeenEdge+1","TheSimpletonMod:SeedCoat"],"picked":"SKIP","floor":40},{"not_picked":["TheSimpletonMod:Fertilaser+1","TheSimpletonMod:Sunseed+1","TheSimpletonMod:SlashAndBurn+1"],"picked":"SKIP","floor":44},{"not_picked":["TheSimpletonMod:ControlledBurn+1","TheSimpletonMod:Fertilaser+1","TheSimpletonMod:CropRotation+1"],"picked":"SKIP","floor":45}],"player_experience":943094,"relics_obtained":[{"floor":3,"key":"White Beast Statue"},{"floor":6,"key":"hubris:Reverence"},{"floor":9,"key":"DemoMod:PinkGuonStone"},{"floor":10,"key":"conspire:DecoderRing"},{"floor":22,"key":"Bag of Marbles"},{"floor":23,"key":"TheSimpletonMod:GardenGlove"},{"floor":25,"key":"Shovel"},{"floor":26,"key":"Sundial"},{"floor":27,"key":"Meat on the Bone"},{"floor":28,"key":"conspire:Flyswatter"},{"floor":32,"key":"hubris:ToyBattleship"},{"floor":40,"key":"hubris:Metronome"},{"floor":41,"key":"ReplayTheSpireMod:TigerMarble"},{"floor":43,"key":"Angel_Ring"},{"floor":46,"key":"hubris:64BitClover"}],"event_choices":[{"cards_removed":["TheSimpletonMod:Strike_TheSimpleton"],"damage_healed":0,"gold_gain":0,"player_choice":"Card Removal","damage_taken":7,"max_hp_gain":0,"max_hp_loss":0,"event_name":"Golden Wing","floor":2,"gold_loss":0},{"damage_healed":0,"gold_gain":0,"player_choice":"RENOUNCE","damage_taken":123,"max_hp_gain":0,"max_hp_loss":0,"event_name":"betterThird:BetterSerpent","floor":5,"gold_loss":123,"cards_obtained":["Enlightenment"]},{"damage_healed":0,"gold_gain":0,"player_choice":"Donate","damage_taken":0,"relics_obtained":["PaintedHorse:ReiMu"],"max_hp_gain":0,"max_hp_loss":0,"event_name":"yidonshenshe","floor":11,"gold_loss":40},{"damage_healed":0,"gold_gain":0,"player_choice":"Take Damage","damage_taken":22,"relics_obtained":["Golden Idol"],"max_hp_gain":0,"max_hp_loss":0,"event_name":"Golden Idol","floor":13,"gold_loss":0},{"damage_healed":0,"gold_gain":0,"player_choice":"2 cards matched","damage_taken":0,"max_hp_gain":0,"max_hp_loss":0,"event_name":"Match and Keep!","floor":21,"gold_loss":0,"cards_obtained":["expansioncontent:DefensiveMode","TheSimpletonMod:Photosynthesis"]},{"damage_healed":0,"gold_gain":0,"player_choice":"Relic","damage_taken":0,"max_hp_gain":0,"max_hp_loss":0,"event_name":"Wheel of Change","floor":28,"gold_loss":0},{"damage_healed":0,"gold_gain":180,"player_choice":"CARD CARD CARD GOLD GOLD ","damage_taken":40,"max_hp_gain":0,"max_hp_loss":0,"event_name":"Knowing Skull","floor":29,"potions_obtained":[],"gold_loss":0,"cards_obtained":["Finesse","expansioncontent:PrepareCrush","Replay:SS_hec_2"]},{"damage_healed":0,"gold_gain":0,"player_choice":"Copied","damage_taken":0,"max_hp_gain":0,"max_hp_loss":0,"event_name":"Duplicator","floor":30,"gold_loss":0,"cards_obtained":["Finesse"]},{"damage_healed":0,"gold_gain":0,"player_choice":"Rummage","damage_taken":0,"relics_obtained":["WarpedTongs"],"max_hp_gain":0,"max_hp_loss":0,"event_name":"Accursed Blacksmith","floor":38,"gold_loss":0,"cards_obtained":["Pain"]},{"damage_healed":0,"gold_gain":0,"player_choice":"Fight","damage_taken":0,"max_hp_gain":0,"max_hp_loss":0,"event_name":"Mysterious Sphere","floor":46,"gold_loss":0}],"is_beta":false,"boss_relics":[{"not_picked":["Painkiller Herb","hubris:GrandSneckoEye"],"picked":"ChewingGum"},{"not_picked":["conspire:SpecialSausage","hubris:Stopwatch"],"picked":"Replay:Grab Bag"},{"not_picked":["Sozu","energizedSpire:SpiderWeb"],"picked":"Abe\u0027s Treasure"},{"not_picked":["energizedSpire:MagnifyingGlass","Fusion Hammer"],"picked":"energizedSpire:RedRose"},{"not_picked":["Ring of Chaos","TheSimpletonMod:OnionBelt"],"picked":"Astrolabe"},{"not_picked":["hubris:BlackHole","SlaversCollar"],"picked":"WristBlade"}],"items_purged_floors":[37],"is_endless":false,"potions_floor_spawned":[1,4,6,7,10,14,16,18,19,20,23,24,25,27,31,33,35,36,39,40,44,45,46],"killed_by":"Nemesis","ascension_level":0}}