{"host":"c78wly9r9u34kc2l","time":1609130075,"event":{"mods":["AchievementEnabler","Aspiration","BaseMod","Better Altar","Better Skull","Better Third Choice","BetterRewards","Card Forge","Colored Powertips","Conspire","Displayed Cursed Tome","Highlight Path","Hubris","Infinite Spire","Mimic Mod","Minty Spire (QoL Compilation)","Permanent Neow","Quick Restart","Replay The Spire","Shop Mod","Spicy Shops","Spikes Relics","StSLib"],"gold_per_floor":[117,117,117,117,142,167,85,115,139,165,176,451,451,481,481,552,552,571,771,811,811,811,811,842,855,890,918,929,947,972,988,988,1065,1065,1082,1107,1138,1190,1090,1123,1123,1080,1105,1105,1105,1105,1130,1130,1130,1148,1170,1170,1170,1114,1163,1173],"floor_reached":57,"playtime":2327,"items_purged":[],"score":4291,"play_id":"d84b7d9e-1227-47a5-bfc6-4e63e5275d9d","local_time":"20201228053435","is_ascension_mode":true,"campfire_choices":[{"floor":15,"key":"DIG"},{"floor":23,"key":"DIG"},{"floor":32,"key":"DIG"},{"floor":41,"key":"DIG"},{"floor":44,"key":"DIG"},{"floor":46,"key":"DIG"},{"floor":49,"key":"RECALL"},{"floor":53,"key":"DIG"}],"circlet_count":0,"master_deck":["AscendersBane","Strike_R+1","Strike_R+1","Strike_R+1","Defend_R+1","Defend_R+1","Defend_R+1","Defend_R+1","Bash+1","Poisoned Strike+1","Jack Of All Trades+1","Reckless Charge+1","Pummel+1","Ghostly Armor+1","Havoc+1","Inflame+1","Cleave+1","Fire Breathing+1","Thunderclap+1","Intimidate+1","Sword Boomerang+1","Twin Strike+1","Limit Break+1","Entrench+1","Corruption+1","True Grit+1","Inflame+1","Shockwave+1","infinitespire:OneForAll+1","Flame Barrier+1","Power Through+1","Power Through+1","Shrug It Off+1","Body Slam+1","Pummel+1","Twin Strike+1","True Grit+1","Offering+1","Berserk+1","Disarm+1","Twin Strike+1","Infernal Blade+1","Flame Barrier+1","Flame Barrier+1","ReplayTheSpireMod:Strike From Hell+1","Iron Wave+1","Inflame+1","Pummel+1","Absolvement+1"],"relics":["Burning Blood","Hammer of Thor","Seething Fire","Anvil of the Gods","MerchantsRug","Medical Kit","Anchor","Membership Card","Shuriken","hubris:ChampionShield","OrangePellets","Rawhide","aspiration:FetidBarrel","Juzu Bracelet","Shovel","BargainBundle","SnailShell","Chemical X","RollingBoulder","conspire:TreasureMap","Tiny Chest","Blood Vial","hubris:Towel","Replay:Baseball","hubris:OldNail","BicycleWheel","PreservedInsect","hubris:TenFootPole","infinitespire:PuzzleCube","hubris:MysteriousPyramids","Bag of Marbles","Cursed Key","Prayer Wheel","hubris:Zylophone","Bronze Scales","hubris:Potato","Replay:Towering Pillar of Hats","hubris:SlimyHat","Vajra","RetroEgg","hubris:Backtick","Charon\u0027s Ashes","infinitespire:Magic Flask","Bag of Preparation","Blue Doll","Pen Nib","Replay:Bandana","Replay:WaspNest","Replay:Wax Seal","Regal Pillow","hubris:Teleporter","Potion Belt","RoseTintedShades","Replay:Rubber Ducky","hubris:SphereOfDissonance"],"acts_visited":["Exordium","TheCity","TheBeyond","TheEnding"],"potions_floor_usage":[31,31,56,56],"damage_taken":[{"damage":0,"enemies":"Small Slimes","floor":1,"turns":2},{"damage":0,"enemies":"Lagavulin","floor":6,"turns":4},{"damage":0,"enemies":"3 Sentries","floor":8,"turns":2},{"damage":0,"enemies":"Lagavulin","floor":10,"turns":3},{"damage":0,"enemies":"2 Louse","floor":11,"turns":1},{"damage":0,"enemies":"Gremlin Nob","floor":14,"turns":2},{"damage":22,"enemies":"The Guardian","floor":16,"turns":6},{"damage":0,"enemies":"3 Byrds","floor":18,"turns":3},{"damage":0,"enemies":"Shell Parasite","floor":20,"turns":2},{"damage":0,"enemies":"Gremlin Leader","floor":24,"turns":3},{"damage":0,"enemies":"Shell Parasite","floor":25,"turns":2},{"damage":0,"enemies":"Centurion and Healer","floor":26,"turns":5},{"damage":0,"enemies":"conspire:SneckoGhost","floor":27,"turns":2},{"damage":0,"enemies":"Centurion and Healer","floor":28,"turns":3},{"damage":0,"enemies":"3 Cultists","floor":29,"turns":2},{"damage":0,"enemies":"Slavers","floor":30,"turns":3},{"damage":0,"enemies":"Cultist and Chosen","floor":31,"turns":4},{"damage":0,"enemies":"Champ","floor":33,"turns":3},{"damage":0,"enemies":"3 Darklings","floor":35,"turns":3},{"damage":0,"enemies":"Mind Bloom Boss Battle","floor":36,"turns":3},{"damage":0,"enemies":"3 Shapes","floor":37,"turns":4},{"damage":0,"enemies":"Nightmare","floor":40,"turns":3},{"damage":0,"enemies":"3 Shapes","floor":47,"turns":2},{"damage":32,"enemies":"conspire:OrnateMirror","floor":50,"turns":3},{"damage":0,"enemies":"Awakened One","floor":51,"turns":5},{"damage":0,"enemies":"Shield and Spear","floor":55,"turns":1},{"damage":0,"enemies":"The Heart","floor":56,"turns":5}],"seed_played":"-7966607218759578934","potions_obtained":[{"floor":1,"key":"Swift Potion"},{"floor":6,"key":"FearPotion"},{"floor":24,"key":"Dexterity Potion"},{"floor":38,"key":"HeartOfIron"},{"floor":47,"key":"BlessingOfTheForge"},{"floor":55,"key":"Weak Potion"}],"is_trial":false,"path_per_floor":["M","?","?","?","T","E","$","E","T","E","M","?","?","E","R","B",null,"M","?","MIM","?","?","R","E","M","MIM","E","M","M","E","M","R","B",null,"M","?","MIM","?","NS","NM","R","$","T","R","?","R","M","?","R","B","B",null,"R","$","E","B",null],"character_chosen":"IRONCLAD","items_purchased":["MerchantsRug","Medical Kit","Anchor","hubris:CrystalStatue","Membership Card","Shuriken","hubris:ChampionShield","OrangePellets","Rawhide","aspiration:FetidBarrel","Juzu Bracelet","Shovel","BargainBundle","Poisoned Strike","Jack Of All Trades","Reckless Charge","Pummel","Ghostly Armor","Havoc","Inflame","SnailShell","Chemical X","RollingBoulder","conspire:TreasureMap","Tiny Chest","Blood Vial","PreservedInsect","Replay:Wax Seal","Replay:Rubber Ducky","Inflame","Pummel+1"],"campfire_rested":0,"item_purchase_floors":[0,0,0,0,0,0,0,0,0,0,0,0,0,0,0,0,0,0,0,0,0,0,0,0,0,0,7,42,54,54,54],"current_hp_per_floor":[75,75,75,75,75,75,75,75,75,75,75,75,75,75,75,59,71,75,75,75,75,75,75,75,75,75,75,75,75,75,75,75,75,75,75,75,75,75,75,75,75,75,75,75,75,75,75,75,75,49,57,71,71,71,75,75],"gold":1173,"neow_bonus":"","is_daily":false,"chose_seed":false,"campfire_upgraded":0,"win_rate":0.0,"timestamp":1609130075,"path_taken":["M","?","?","?","?","E","$","E","T","E","M","?","?","E","R","BOSS","M","?","?","?","?","R","E","M","MIM","E","M","M","E","M","R","BOSS","M","?","?","?","NS","NM","R","$","T","R","?","R","M","?","R","BOSS","BOSS","R","$","E","BOSS"],"items_purchased_type":["Relic","Relic","Relic","Relic","Relic","Relic","Relic","Relic","Relic","Relic","Relic","Relic","Relic","Card","Card","Card","Card","Card","Card","Card","Relic","Relic","Relic","Relic","Relic","Relic","Relic","Relic","Relic","Card","Card"],"build_version":"2020-12-22","purchased_purges":0,"victory":true,"max_hp_per_floor":[75,75,75,75,75,75,75,75,75,75,75,75,75,75,75,75,75,75,75,75,75,75,75,75,75,75,75,75,75,75,75,75,75,75,75,75,75,75,75,75,75,75,75,75,75,75,75,75,75,75,75,75,75,75,75,75],"card_choices":[{"not_picked":["Burning Pact","Perfected Strike"],"picked":"Cleave","floor":1},{"not_picked":["Clash","Anger"],"picked":"Fire Breathing","floor":6},{"not_picked":["Infernal Blade","Twin Strike"],"picked":"Thunderclap","floor":8},{"not_picked":["Inflame","Shrug It Off"],"picked":"Intimidate","floor":10},{"not_picked":["Heavy Blade","Pommel Strike"],"picked":"Sword Boomerang","floor":11},{"not_picked":["Perfected Strike","Armaments"],"picked":"Twin Strike","floor":14},{"not_picked":["Reaper","Feed"],"picked":"Limit Break","floor":16},{"not_picked":["Heavy Blade","Twin Strike"],"picked":"Entrench","floor":18},{"not_picked":["Shrug It Off","hubris:ReadiedAction"],"picked":"Corruption","floor":20},{"not_picked":["ReplayTheSpireMod:Limb From Limb+1","Rage"],"picked":"True Grit","floor":24},{"not_picked":["Brutality","Havoc"],"picked":"Inflame","floor":25},{"not_picked":["Hemokinesis","Uppercut+1"],"picked":"Shockwave","floor":25},{"not_picked":["Cleave","Headbutt+1"],"picked":"infinitespire:OneForAll+1","floor":26},{"not_picked":["Power Through","Pommel Strike"],"picked":"Flame Barrier","floor":27},{"not_picked":["Rage","Run Through"],"picked":"Power Through","floor":28},{"not_picked":["Wild Strike+1","Heavy Blade"],"picked":"Power Through","floor":28},{"not_picked":["Clash","Warcry"],"picked":"Shrug It Off","floor":29},{"not_picked":["Anger+1","Run Through+1"],"picked":"Body Slam","floor":29},{"not_picked":["ReplayTheSpireMod:Strike From Hell","Iron Wave"],"picked":"Pummel+1","floor":30},{"not_picked":["Wild Strike","Havoc"],"picked":"Twin Strike","floor":31},{"not_picked":["Clash","Twin Strike"],"picked":"True Grit","floor":31},{"not_picked":["Impervious","Replay:Many Hands"],"picked":"Offering","floor":33},{"not_picked":["Headbutt","True Grit"],"picked":"Berserk","floor":35},{"not_picked":["Pommel Strike","ReplayReversal"],"picked":"Disarm","floor":35},{"not_picked":["Iron Wave","Ghostly Armor"],"picked":"Twin Strike","floor":36},{"not_picked":["BarbarianYell","Massacre"],"picked":"Infernal Blade+1","floor":37},{"not_picked":["Shockwave+1","Armaments+1"],"picked":"Flame Barrier+1","floor":38},{"not_picked":["Flex","ReplayTheSpireMod:LeadingStrike"],"picked":"Flame Barrier","floor":40},{"not_picked":["Warcry","Havoc"],"picked":"ReplayTheSpireMod:Strike From Hell","floor":47},{"not_picked":["Thunderclap","Searing Blow+1"],"picked":"Iron Wave","floor":47},{"not_picked":["Clothesline+1","BarbarianYell"],"picked":"Absolvement","floor":55}],"player_experience":769531,"relics_obtained":[{"floor":5,"key":"hubris:OldNail"},{"floor":6,"key":"BicycleWheel"},{"floor":8,"key":"hubris:TenFootPole"},{"floor":10,"key":"infinitespire:PuzzleCube"},{"floor":14,"key":"hubris:MysteriousPyramids"},{"floor":15,"key":"Bag of Marbles"},{"floor":20,"key":"Prayer Wheel"},{"floor":20,"key":"hubris:Zylophone"},{"floor":24,"key":"Bronze Scales"},{"floor":26,"key":"hubris:Potato"},{"floor":26,"key":"Replay:Towering Pillar of Hats"},{"floor":27,"key":"hubris:SlimyHat"},{"floor":30,"key":"Vajra"},{"floor":32,"key":"RetroEgg"},{"floor":36,"key":"infinitespire:Magic Flask"},{"floor":37,"key":"Bag of Preparation"},{"floor":37,"key":"Blue Doll"},{"floor":38,"key":"Pen Nib"},{"floor":40,"key":"Replay:Bandana"},{"floor":41,"key":"Replay:WaspNest"},{"floor":43,"key":"Regal Pillow"},{"floor":44,"key":"hubris:Teleporter"},{"floor":46,"key":"Potion Belt"},{"floor":53,"key":"RoseTintedShades"},{"floor":55,"key":"hubris:SphereOfDissonance"}],"event_choices":[{"damage_healed":0,"gold_gain":0,"player_choice":"Disagree","damage_taken":0,"max_hp_gain":0,"max_hp_loss":0,"event_name":"conspire:LoneGhost","floor":3,"gold_loss":0},{"damage_healed":0,"gold_gain":0,"player_choice":"Box","damage_taken":0,"relics_obtained":["Replay:Baseball"],"max_hp_gain":0,"max_hp_loss":0,"event_name":"Big Fish","floor":4,"gold_loss":0,"cards_obtained":["Regret"]},{"damage_healed":0,"gold_gain":275,"player_choice":"Desecrate","damage_taken":0,"max_hp_gain":0,"max_hp_loss":0,"event_name":"Golden Shrine","floor":12,"gold_loss":0,"cards_obtained":["Regret"]},{"damage_healed":0,"gold_gain":0,"player_choice":"Leave","damage_taken":0,"max_hp_gain":0,"max_hp_loss":0,"event_name":"The Cleric","floor":13,"gold_loss":0},{"damage_healed":0,"gold_gain":250,"player_choice":"Bet on Owner","damage_taken":0,"max_hp_gain":0,"max_hp_loss":0,"event_name":"The Joust","floor":19,"gold_loss":50},{"damage_healed":0,"gold_gain":0,"player_choice":"Fight","damage_taken":0,"max_hp_gain":0,"max_hp_loss":0,"event_name":"MindBloom","floor":36,"gold_loss":0},{"damage_healed":0,"gold_gain":0,"player_choice":"Upgraded","damage_taken":0,"max_hp_gain":0,"max_hp_loss":0,"event_name":"Upgrade Shrine","floor":48,"gold_loss":0,"cards_upgraded":["Disarm"]}],"is_beta":false,"boss_relics":[{"not_picked":["aspiration:SecretTechniqueScroll","Ooze Armor"],"picked":"Cursed Key"},{"not_picked":["Pandora\u0027s Box","hubris:RunicObelisk"],"picked":"hubris:Backtick"}],"items_purged_floors":[],"is_endless":false,"potions_floor_spawned":[1,6,10,14,16,24,27,28,30,40,47,55],"ascension_level":20}}