{"host":"49c2zf0lajbcs427","time":1609129966,"event":{"mods":["AchievementEnabler","BaseMod","Colored Map","Colored Powertips","Highlight Path","Key Reminder","Minty Spire (QoL Compilation)","Relic Stats","StSLib"],"gold_per_floor":[112,112,130,130,149,149,184,184,211,246,246,346,385,416,428,560,572,608,643,710,174,174,174,205,205,205,226,250,250,274,308,308,438,438,452,476,476,497,303,303,303],"floor_reached":40,"playtime":2744,"items_purged":["Strike_R","Strike_R"],"score":599,"play_id":"d9dae58c-92d3-4424-a576-1fdb900370a6","local_time":"20201228173246","is_ascension_mode":true,"campfire_choices":[{"data":"Uppercut","floor":6,"key":"SMITH"},{"data":"Dual Wield","floor":8,"key":"SMITH"},{"floor":11,"key":"REST"},{"data":"Disarm","floor":15,"key":"SMITH"},{"floor":23,"key":"REST"},{"data":"Immolate","floor":25,"key":"SMITH"},{"data":"Impervious","floor":29,"key":"SMITH"},{"floor":32,"key":"REST"}],"circlet_count":0,"master_deck":["Strike_R","Strike_R","Strike_R","Defend_R","Defend_R","Defend_R","Defend_R","Bash","Clothesline","Uppercut+1","Disarm+1","Dual Wield+1","Offering","Body Slam","Battle Trance","Immolate+1","CurseOfTheBell","Rage","Dual Wield","Impervious+1","Inflame","Juggernaut","Iron Wave","Burning Pact","Second Wind+1","Spot Weakness+1","Juggernaut","Rage","Rage","Disarm"],"relics":["Sozu","Golden Idol","Nunchaku","keyreminder:keyreminder","Smiling Mask","Regal Pillow","MawBank","Calling Bell","Potion Belt","Question Card","FossilizedHelix","Ancient Tea Set","Membership Card","Bag of Preparation","Calipers","TungstenRod","Mummified Hand","Blood Vial","Mark of Pain","Shuriken"],"acts_visited":["Exordium","TheCity","TheBeyond"],"potions_floor_usage":[],"damage_taken":[{"damage":0,"enemies":"2 Louse","floor":1,"turns":3},{"damage":1,"enemies":"Small Slimes","floor":3,"turns":4},{"damage":0,"enemies":"Cultist","floor":5,"turns":2},{"damage":18,"enemies":"Gremlin Nob","floor":7,"turns":4},{"damage":25,"enemies":"3 Sentries","floor":10,"turns":8},{"damage":18,"enemies":"Gremlin Nob","floor":13,"turns":3},{"damage":12,"enemies":"Looter","floor":14,"turns":2},{"damage":22,"enemies":"The Guardian","floor":16,"turns":13},{"damage":16,"enemies":"Spheric Guardian","floor":18,"turns":4},{"damage":6,"enemies":"Shell Parasite","floor":19,"turns":5},{"damage":10,"enemies":"Gremlin Leader","floor":24,"turns":6},{"damage":0,"enemies":"Shelled Parasite and Fungi","floor":27,"turns":2},{"damage":4,"enemies":"Snake Plant","floor":28,"turns":3},{"damage":0,"enemies":"3 Cultists","floor":30,"turns":4},{"damage":24,"enemies":"Slavers","floor":31,"turns":4},{"damage":67,"enemies":"Champ","floor":33,"turns":13},{"damage":30,"enemies":"3 Darklings","floor":35,"turns":6},{"damage":7,"enemies":"Orb Walker","floor":36,"turns":3},{"damage":0,"enemies":"4 Shapes","floor":38,"turns":5},{"damage":38,"enemies":"Spire Growth","floor":40,"turns":4}],"seed_played":"-704598719642383898","potions_obtained":[],"is_trial":false,"path_per_floor":["M","?","M","?","M","R","E","R","T","E","R","?","E","M","R","B",null,"M","M","T","$","?","R","E","R","T","M","M","R","M","E","R","B",null,"M","M","?","M","$","M"],"character_chosen":"IRONCLAD","items_purchased":["Membership Card","Bag of Preparation","Calipers","Impervious","Inflame","Disarm","Shuriken"],"campfire_rested":3,"item_purchase_floors":[21,21,21,21,21,39,39],"current_hp_per_floor":[72,72,71,71,71,71,53,53,53,28,65,65,47,35,35,13,59,43,37,37,37,37,74,64,64,64,64,60,60,60,36,73,7,57,29,24,24,26,26,0,0],"gold":303,"neow_bonus":"BOSS_RELIC","is_daily":false,"chose_seed":false,"campfire_upgraded":5,"win_rate":0.0,"timestamp":1609129966,"path_taken":["M","?","M","?","M","R","E","R","T","E","R","?","E","M","R","BOSS","M","M","?","$","?","R","E","R","T","M","M","R","?","E","R","BOSS","M","M","?","M","$","M"],"items_purchased_type":["Relic","Relic","Relic","Card","Card","Card","Relic"],"build_version":"2020-12-22","purchased_purges":2,"victory":false,"max_hp_per_floor":[80,74,74,74,74,74,74,74,74,74,74,74,74,74,74,74,74,74,74,74,74,74,74,74,74,74,74,74,74,74,74,74,74,74,74,74,70,70,70,70,70],"relic_stats":{"Regal Pillow":45,"counters":[20,98],"Golden Idol":133,"Bag of Preparation":[20],"Smiling Mask":-12,"MawBank":96,"Question Card":11,"Sozu":9,"Blood Vial":9,"Nunchaku":[16],"Mummified Hand":[22],"Shuriken":[3],"obtain_stats":[{"Potion Belt":17,"Regal Pillow":10,"Calipers":21,"Golden Idol":2,"Bag of Preparation":21,"Smiling Mask":9,"MawBank":13,"Question Card":17,"Ancient Tea Set":20,"Burning Blood":0,"Sozu":0,"keyreminder:keyreminder":7,"Calling Bell":17,"Blood Vial":31,"Nunchaku":7,"Mummified Hand":26,"Shuriken":39,"Mark of Pain":34,"Membership Card":21,"FossilizedHelix":17,"TungstenRod":24},{"Potion Belt":8,"Regal Pillow":5,"Calipers":10,"Golden Idol":1,"Bag of Preparation":10,"Smiling Mask":4,"MawBank":6,"Question Card":8,"Ancient Tea Set":10,"Burning Blood":0,"Sozu":0,"keyreminder:keyreminder":4,"Calling Bell":8,"Blood Vial":15,"Nunchaku":4,"Mummified Hand":11,"Shuriken":19,"Mark of Pain":16,"Membership Card":10,"FossilizedHelix":8,"TungstenRod":11},{"Potion Belt":39,"Regal Pillow":21,"Calipers":48,"Golden Idol":3,"Bag of Preparation":48,"Smiling Mask":13,"MawBank":24,"Question Card":39,"Ancient Tea Set":48,"Burning Blood":0,"Sozu":0,"keyreminder:keyreminder":13,"Calling Bell":39,"Blood Vial":67,"Nunchaku":13,"Mummified Hand":54,"Shuriken":94,"Mark of Pain":80,"Membership Card":48,"FossilizedHelix":39,"TungstenRod":54}],"TungstenRod":18},"card_choices":[{"not_picked":["Havoc","Seeing Red"],"picked":"Clothesline","floor":1},{"not_picked":["Bloodletting","Battle Trance"],"picked":"Uppercut","floor":3},{"not_picked":["Sentinel","Armaments"],"picked":"Disarm","floor":5},{"not_picked":["Sword Boomerang","Clothesline"],"picked":"Dual Wield","floor":7},{"not_picked":["Infernal Blade","Pummel"],"picked":"Offering","floor":10},{"not_picked":["Havoc","Wild Strike"],"picked":"Body Slam","floor":13},{"not_picked":["Dropkick","Carnage"],"picked":"Battle Trance","floor":14},{"not_picked":["Exhume","Brutality"],"picked":"Immolate","floor":16},{"not_picked":["Carnage","Sword Boomerang","Cleave"],"picked":"Rage","floor":18},{"not_picked":["Clothesline+1","Wild Strike+1","Combust+1"],"picked":"Dual Wield","floor":19},{"not_picked":["Armaments","Infernal Blade","Carnage"],"picked":"Juggernaut","floor":24},{"not_picked":["Thunderclap","Anger","Carnage"],"picked":"Iron Wave","floor":27},{"not_picked":["Ghostly Armor","Thunderclap","Battle Trance"],"picked":"Burning Pact","floor":28},{"not_picked":["Dark Embrace+1","Burning Pact","Clothesline"],"picked":"Second Wind+1","floor":30},{"not_picked":["Flex+1","Hemokinesis","Battle Trance"],"picked":"Spot Weakness+1","floor":31},{"not_picked":["Bludgeon","Corruption","Feed"],"picked":"Juggernaut","floor":33},{"not_picked":["Dropkick+1","Shrug It Off","Rupture"],"picked":"Rage","floor":35},{"not_picked":["Havoc","Anger+1","Hemokinesis","Warcry"],"picked":"SKIP","floor":36},{"not_picked":["Wild Strike","Anger","Clothesline+1"],"picked":"Rage","floor":38}],"player_experience":2183267,"relics_obtained":[{"floor":7,"key":"Nunchaku"},{"floor":9,"key":"Smiling Mask"},{"floor":10,"key":"Regal Pillow"},{"floor":13,"key":"MawBank"},{"floor":17,"key":"Potion Belt"},{"floor":17,"key":"Question Card"},{"floor":17,"key":"FossilizedHelix"},{"floor":20,"key":"Ancient Tea Set"},{"floor":24,"key":"TungstenRod"},{"floor":26,"key":"Mummified Hand"},{"floor":31,"key":"Blood Vial"}],"event_choices":[{"damage_healed":0,"gold_gain":0,"player_choice":"Lose Max HP","damage_taken":0,"relics_obtained":["Golden Idol"],"max_hp_gain":0,"max_hp_loss":6,"event_name":"Golden Idol","floor":2,"gold_loss":0},{"damage_healed":0,"gold_gain":0,"player_choice":"Ignored","damage_taken":0,"max_hp_gain":0,"max_hp_loss":0,"event_name":"Liars Game","floor":4,"gold_loss":0},{"damage_healed":0,"gold_gain":100,"player_choice":"Pray","damage_taken":0,"max_hp_gain":0,"max_hp_loss":0,"event_name":"Golden Shrine","floor":12,"gold_loss":0},{"damage_healed":0,"gold_gain":0,"player_choice":"Ignored","damage_taken":0,"max_hp_gain":0,"max_hp_loss":0,"event_name":"WeMeetAgain","floor":22,"gold_loss":0},{"damage_healed":0,"gold_gain":0,"player_choice":"Max HP","damage_taken":0,"max_hp_gain":0,"max_hp_loss":4,"event_name":"Winding Halls","floor":37,"gold_loss":0}],"is_beta":false,"boss_relics":[{"not_picked":["Cursed Key","SacredBark"],"picked":"Calling Bell"},{"not_picked":["SlaversCollar","Pandora\u0027s Box"],"picked":"Mark of Pain"}],"items_purged_floors":[21,39],"is_endless":false,"potions_floor_spawned":[3,5,7,13,14,18,24,31,38],"killed_by":"Spire Growth","ascension_level":7}}