{"host":"bydnmyvf669xu6ab","time":1609181596,"event":{"mods":["Aspiration","BaseMod","Better Note","BetterRewards","Colored Map","Colored Powertips","Minty Spire (QoL Compilation)","Rare Cards Sparkle","Relic Stats","Shop Mod","StSLib","SuperFastMode","Virulent Crown"],"gold_per_floor":[112,77,352,366,377,377,412,412,438,27,27,54,54,67,67,170,170,183,183,183,193,193,193,204,220,301,318,318,73,73,90,90,90,90],"floor_reached":33,"playtime":2292,"items_purged":[],"score":387,"play_id":"cebd6c96-4ab1-470e-bccd-d69a5885ffbe","local_time":"20201228105316","is_ascension_mode":true,"campfire_choices":[{"data":"Metallicize","floor":6,"key":"SMITH"},{"data":"Flame Barrier","floor":8,"key":"SMITH"},{"data":"Double Tap","floor":11,"key":"SMITH"},{"data":"Enlightenment","floor":15,"key":"SMITH"},{"data":"Rampage","floor":23,"key":"SMITH"},{"floor":28,"key":"REST"},{"floor":30,"key":"RECALL"},{"data":"Body Slam","floor":32,"key":"SMITH"}],"circlet_count":0,"master_deck":["Strike_R","Strike_R","Strike_R","Strike_R","Strike_R","Defend_R","Defend_R","Defend_R","Bash","Metallicize+1","Enlightenment","Spot Weakness+1","Enlightenment+1","Rampage+1","Shrug It Off","Flame Barrier+1","Entrench","Body Slam+1","Double Tap+1","Rage","Feed+1","Perfected Strike+1","Bloodletting","True Grit","Fire Breathing","Heavy Blade"],"relics":["Burning Blood","Bag of Preparation","DollysMirror","Omamori","Nunchaku","Boot","Strawberry","HornCleat","SlaversCollar","Nloth\u0027s Gift","Blue Candle","Eternal Feather"],"acts_visited":["Exordium","TheCity"],"potions_floor_usage":[4,7,16,27,27,33],"damage_taken":[{"damage":6,"enemies":"Jaw Worm","floor":1,"turns":3},{"damage":1,"enemies":"Small Slimes","floor":4,"turns":4},{"damage":1,"enemies":"Cultist","floor":5,"turns":3},{"damage":7,"enemies":"3 Sentries","floor":7,"turns":8},{"damage":0,"enemies":"Exordium Thugs","floor":14,"turns":4},{"damage":41,"enemies":"Hexaghost","floor":16,"turns":13},{"damage":29,"enemies":"Chosen","floor":18,"turns":5},{"damage":3,"enemies":"3 Byrds","floor":21,"turns":4},{"damage":52,"enemies":"Cultist and Chosen","floor":24,"turns":9},{"damage":9,"enemies":"Snake Plant","floor":25,"turns":3},{"damage":10,"enemies":"Centurion and Healer","floor":27,"turns":7},{"damage":10,"enemies":"Snecko","floor":31,"turns":4},{"damage":104,"enemies":"Automaton","floor":33,"turns":12}],"seed_played":"-7988865259261112005","potions_obtained":[{"floor":1,"key":"DistilledChaos"},{"floor":7,"key":"BlessingOfTheForge"},{"floor":14,"key":"EssenceOfSteel"},{"floor":24,"key":"GamblersBrew"},{"floor":25,"key":"SkillPotion"}],"is_trial":false,"path_per_floor":["M","?","?","M","M","R","E","R","T","$","R","T","?","M","R","B",null,"M","?","?","M","?","R","M","M","T","M","R","$","R","M","R","B"],"character_chosen":"IRONCLAD","items_purchased":["Fruit Juice","Bag of Preparation","Metallicize","Enlightenment","Spot Weakness","DollysMirror","Rampage","Omamori","Shrug It Off","Strawberry","HornCleat","Eternal Feather"],"campfire_rested":1,"item_purchase_floors":[0,0,0,0,0,0,0,0,0,10,10,29],"current_hp_per_floor":[42,62,62,72,77,77,86,86,86,93,93,93,93,99,99,64,102,79,79,79,82,82,82,36,33,33,33,64,64,79,75,90,0,0],"gold":90,"neow_bonus":"","is_daily":false,"chose_seed":false,"campfire_upgraded":6,"win_rate":0.0,"timestamp":1609181596,"path_taken":["M","?","?","?","M","R","E","R","T","$","R","?","?","M","R","BOSS","M","?","?","M","?","R","?","M","T","M","R","?","R","?","R","BOSS"],"items_purchased_type":["Potion","Relic","Card","Card","Card","Relic","Card","Relic","Card","Relic","Relic","Relic"],"build_version":"2020-12-22","purchased_purges":0,"victory":false,"max_hp_per_floor":[80,80,80,85,85,85,95,95,95,102,102,102,102,102,102,102,102,102,102,102,102,102,102,102,102,102,106,106,106,106,106,106,106,106],"relic_stats":{"Nunchaku":[13],"counters":[992,5001],"Blue Candle":[1],"Eternal Feather":54,"Bag of Preparation":[26],"Nloth\u0027s Gift":1,"Boot":[9],"obtain_stats":[{"Ice Cream":49,"Regal Pillow":0,"Calipers":10,"Gremlin Horn":29,"Enchiridion":19,"Bag of Preparation":38,"Incense Burner":38,"Juzu Bracelet":40,"Whetstone":19,"Cursed Key":17,"Ancient Tea Set":26,"Boot":9,"Burning Blood":0,"ClockworkSouvenir":19,"Old Coin":43,"Nunchaku":0,"Shovel":38,"HornCleat":10,"Mummified Hand":31,"DollysMirror":0,"aspiration:AnachronicSnailShell":12,"Strawberry":10,"Toolbox":0,"Kunai":31,"Toxic Egg 2":19,"Paper Frog":45,"Pear":7,"Self Forming Clay":26,"Blue Candle":44,"Eternal Feather":44,"Pen Nib":9,"The Courier":12,"aspiration:HummingbirdHeart":9,"Omamori":0,"aspiration:SecretTechniqueScroll":17,"MawBank":8,"Strange Spoon":0,"SlaversCollar":17,"Bird Faced Urn":22,"Mark of Pain":34,"Turnip":38,"Black Star":17,"Nloth\u0027s Gift":20,"Champion Belt":24,"Membership Card":38,"Unceasing Top":5,"TungstenRod":42,"Meat on the Bone":24},{"Ice Cream":978,"Regal Pillow":956,"Calipers":937,"Gremlin Horn":968,"Enchiridion":951,"Bag of Preparation":973,"Incense Burner":973,"Juzu Bracelet":974,"Whetstone":964,"Cursed Key":941,"Ancient Tea Set":953,"Boot":983,"Burning Blood":0,"ClockworkSouvenir":964,"Old Coin":975,"Nunchaku":979,"Shovel":973,"HornCleat":983,"Mummified Hand":970,"DollysMirror":979,"aspiration:AnachronicSnailShell":949,"Strawberry":983,"Toolbox":943,"Kunai":970,"Toxic Egg 2":942,"Paper Frog":976,"Pear":983,"Self Forming Clay":966,"Blue Candle":976,"Eternal Feather":976,"Pen Nib":936,"The Courier":961,"aspiration:HummingbirdHeart":960,"Omamori":979,"aspiration:SecretTechniqueScroll":950,"MawBank":960,"Strange Spoon":956,"SlaversCollar":985,"Bird Faced Urn":951,"Mark of Pain":971,"Turnip":973,"Black Star":963,"Nloth\u0027s Gift":986,"Champion Belt":952,"Membership Card":973,"Unceasing Top":945,"TungstenRod":975,"Meat on the Bone":966},{"Ice Cream":4914,"Regal Pillow":4807,"Calipers":4722,"Gremlin Horn":4863,"Enchiridion":4777,"Bag of Preparation":4886,"Incense Burner":4886,"Juzu Bracelet":4891,"Whetstone":4842,"Cursed Key":4734,"Ancient Tea Set":4790,"Boot":4940,"Burning Blood":0,"ClockworkSouvenir":4842,"Old Coin":4895,"Nunchaku":4922,"Shovel":4886,"HornCleat":4940,"Mummified Hand":4872,"DollysMirror":4922,"aspiration:AnachronicSnailShell":4761,"Strawberry":4940,"Toolbox":4741,"Kunai":4872,"Toxic Egg 2":4738,"Paper Frog":4903,"Pear":4940,"Self Forming Clay":4851,"Blue Candle":4903,"Eternal Feather":4903,"Pen Nib":4716,"The Courier":4824,"aspiration:HummingbirdHeart":4819,"Omamori":4922,"aspiration:SecretTechniqueScroll":4773,"MawBank":4819,"Strange Spoon":4807,"SlaversCollar":4957,"Bird Faced Urn":4777,"Mark of Pain":4879,"Turnip":4886,"Black Star":4835,"Nloth\u0027s Gift":4962,"Champion Belt":4786,"Membership Card":4886,"Unceasing Top":4749,"TungstenRod":4895,"Meat on the Bone":4851}],"Burning Blood":319},"card_choices":[{"not_picked":["Armaments","Twin Strike"],"picked":"Flame Barrier","floor":1},{"not_picked":["Iron Wave","Perfected Strike"],"picked":"Entrench","floor":4},{"not_picked":["Thunderclap","Rage"],"picked":"Body Slam","floor":5},{"not_picked":["Infernal Blade","Anger"],"picked":"Double Tap","floor":7},{"not_picked":["Disarm","Rupture"],"picked":"Rage","floor":14},{"not_picked":["Impervious","Fiend Fire"],"picked":"Feed","floor":16},{"not_picked":["Iron Wave","Hemokinesis"],"picked":"Perfected Strike+1","floor":18},{"not_picked":["Shrug It Off","Double Tap"],"picked":"Bloodletting","floor":21},{"not_picked":["Rupture","Rampage","Clash"],"picked":"SKIP","floor":24},{"not_picked":["Wild Strike","Havoc"],"picked":"True Grit","floor":25},{"not_picked":["Perfected Strike+1","Twin Strike"],"picked":"Fire Breathing","floor":27},{"not_picked":["Carnage","Iron Wave"],"picked":"Heavy Blade","floor":31}],"player_experience":2055670,"relics_obtained":[{"floor":7,"key":"Pear"},{"floor":9,"key":"Boot"},{"floor":26,"key":"Blue Candle"}],"event_choices":[{"damage_healed":20,"gold_gain":0,"player_choice":"Healed","damage_taken":0,"max_hp_gain":0,"max_hp_loss":0,"event_name":"The Cleric","floor":2,"gold_loss":35},{"damage_healed":0,"gold_gain":275,"player_choice":"Desecrate","damage_taken":0,"max_hp_gain":0,"max_hp_loss":0,"event_name":"Golden Shrine","floor":3,"gold_loss":0,"cards_obtained":["Regret"]},{"damage_healed":0,"gold_gain":0,"player_choice":"Grow","damage_taken":0,"max_hp_gain":0,"max_hp_loss":0,"event_name":"Living Wall","floor":13,"gold_loss":0,"cards_upgraded":["Spot Weakness"]},{"damage_healed":0,"gold_gain":0,"player_choice":"Forge","damage_taken":0,"max_hp_gain":0,"max_hp_loss":0,"event_name":"Accursed Blacksmith","floor":19,"gold_loss":0,"cards_upgraded":["Feed"]},{"damage_healed":0,"gold_gain":0,"player_choice":"Traded Relic","damage_taken":0,"relics_obtained":["Nloth\u0027s Gift"],"max_hp_gain":0,"max_hp_loss":0,"event_name":"N\u0027loth","floor":20,"relics_lost":["Pear"],"gold_loss":0},{"cards_removed":["Defend_R"],"damage_healed":0,"gold_gain":0,"player_choice":"Purged","damage_taken":0,"max_hp_gain":0,"max_hp_loss":0,"event_name":"Purifier","floor":22,"gold_loss":0}],"is_beta":false,"boss_relics":[{"not_picked":["Velvet Choker","Tiny House"],"picked":"SlaversCollar"}],"items_purged_floors":[],"is_endless":false,"potions_floor_spawned":[1,7,14,24,25],"killed_by":"Automaton","ascension_level":1}}