{"host":"6pgtslebjnyv5xmi","time":1609151158,"event":{"mods":["AchievementEnabler","BaseMod","Colored Map","Minty Spire (QoL Compilation)","Rare Cards Sparkle","StSLib","SuperFastMode","everything is the same but u backflip on backflip"],"gold_per_floor":[362,362,362,287,297,297,312,312,312,312,212,230,246,260,260,361,361,373,373,373,393,411,411,431,306,306,331,331,181,213,38,38,138,138,158,13,33,33,45,73,73,92,92,108,122,176,176,188,188,188],"floor_reached":51,"playtime":2585,"items_purged":["Strike_R","Defend_R","Strike_R+1","Strike_R+1","Strike_R+1"],"score":909,"play_id":"47a10f1b-ae18-4e71-b378-050a78c406af","local_time":"20201228192558","is_ascension_mode":false,"campfire_choices":[{"data":"Bash","floor":6.0,"key":"SMITH"},{"data":"Strike_R","floor":8.0,"key":"SMITH"},{"data":"Strike_R","floor":10.0,"key":"SMITH"},{"floor":15.0,"key":"REST"},{"data":"Dropkick","floor":23,"key":"SMITH"},{"floor":28,"key":"REST"},{"floor":32,"key":"REST"},{"floor":41,"key":"REST"},{"floor":49,"key":"REST"}],"circlet_count":0,"master_deck":["Defend_R+1","Defend_R+1","Bash+1","Dropkick+1","Dropkick+1"],"relics":["Burning Blood","Mercury Hourglass","Empty Cage","Gremlin Horn","Potion Belt","Bag of Preparation","SacredBark","Bag of Marbles","Oddly Smooth Stone","White Beast Statue","Nunchaku"],"acts_visited":["Exordium","TheCity","TheBeyond"],"potions_floor_usage":[27,27,50,50,50,50,50],"damage_taken":[{"damage":6.0,"enemies":"Cultist","floor":1.0,"turns":4.0},{"damage":3.0,"enemies":"Jaw Worm","floor":5.0,"turns":4.0},{"damage":0.0,"enemies":"2 Louse","floor":7.0,"turns":3.0},{"damage":11.0,"enemies":"Blue Slaver","floor":12.0,"turns":3.0},{"damage":0.0,"enemies":"Lots of Slimes","floor":13.0,"turns":3.0},{"damage":9.0,"enemies":"Exordium Wildlife","floor":14.0,"turns":3.0},{"damage":46.0,"enemies":"Slime Boss","floor":16.0,"turns":9.0},{"damage":15.0,"enemies":"3 Byrds","floor":18.0,"turns":5.0},{"damage":2,"enemies":"Chosen","floor":21,"turns":4},{"damage":22,"enemies":"Snecko","floor":22,"turns":4},{"damage":21,"enemies":"Shelled Parasite and Fungi","floor":24,"turns":6},{"damage":7,"enemies":"Gremlin Leader","floor":27,"turns":4},{"damage":23,"enemies":"Book of Stabbing","floor":30,"turns":4},{"damage":0,"enemies":"Collector","floor":33,"turns":1},{"damage":0,"enemies":"Orb Walker","floor":35,"turns":1},{"damage":0,"enemies":"3 Darklings","floor":37,"turns":1},{"damage":0,"enemies":"Maw","floor":39,"turns":1},{"damage":0,"enemies":"Reptomancer","floor":40,"turns":1},{"damage":0,"enemies":"Spire Growth","floor":42,"turns":1},{"damage":0,"enemies":"Writhing Mass","floor":44,"turns":1},{"damage":0,"enemies":"4 Shapes","floor":45,"turns":1},{"damage":0,"enemies":"Spire Growth","floor":48,"turns":1},{"damage":0,"enemies":"Awakened One","floor":50,"turns":2}],"seed_played":"1118921273841651498","potions_obtained":[{"floor":3.0,"key":"FearPotion"},{"floor":3.0,"key":"Energy Potion"},{"floor":3.0,"key":"Regen Potion"},{"floor":22,"key":"Block Potion"},{"floor":33,"key":"Strength Potion"},{"floor":39,"key":"Block Potion"},{"floor":40,"key":"Regen Potion"},{"floor":44,"key":"Block Potion"},{"floor":45,"key":"SteroidPotion"}],"is_trial":false,"path_per_floor":["M","?","?","$","M","R","M","R","T","R","$","M","M","M","R","B",null,"M","?","?","M","M","R","M","$","T","E","R","$","E","$","R","B",null,"M","$","M","?","M","E","R","M","T","M","M","T","$","M","R","B",null],"character_chosen":"IRONCLAD","items_purchased":["Bag of Marbles"],"campfire_rested":5,"item_purchase_floors":[36],"current_hp_per_floor":[72,58,58,58,61,61,67,67,67,67,67,62,68,65,72,47,72,63,63,63,67,51,51,36,36,36,35,56,56,39,39,60,66,72,72,72,72,72,72,72,72,72,72,72,72,72,72,72,72,72],"gold":188,"neow_bonus":"TWO_FIFTY_GOLD","is_daily":false,"chose_seed":false,"campfire_upgraded":4,"win_rate":0.0,"timestamp":1609151158,"path_taken":["M","?","?","$","?","R","?","R","T","R","?","M","M","M","R","BOSS","M","?","?","M","M","R","M","$","T","E","R","$","E","$","R","BOSS","M","$","?","?","?","E","R","M","T","?","M","?","?","?","R","BOSS"],"items_purchased_type":["Relic"],"build_version":"2020-12-22","purchased_purges":5,"victory":true,"max_hp_per_floor":[72,72,72,72,72,72,72,72,72,72,72,72,72,72,72,72,72,72,72,72,72,72,72,72,72,72,72,72,72,72,72,72,72,72,72,72,72,72,72,72,72,72,72,72,72,72,72,72,72,72],"card_choices":[{"not_picked":["Heavy Blade","Iron Wave","Cleave"],"picked":"SKIP","floor":1.0},{"not_picked":["Evolve","Reckless Charge","Warcry"],"picked":"SKIP","floor":5.0},{"not_picked":["Anger","Heavy Blade","Feel No Pain"],"picked":"SKIP","floor":7.0},{"not_picked":["Uppercut","Power Through","Metallicize"],"picked":"SKIP","floor":12.0},{"not_picked":["True Grit","Fiend Fire","Anger"],"picked":"SKIP","floor":13.0},{"not_picked":["Seeing Red","Perfected Strike","Body Slam"],"picked":"SKIP","floor":14.0},{"not_picked":["Intimidate","Warcry+1","Thunderclap"],"picked":"SKIP","floor":18.0},{"not_picked":["Evolve","Dual Wield"],"picked":"Dropkick","floor":21},{"not_picked":["Anger","Cleave+1","Entrench+1"],"picked":"SKIP","floor":22},{"not_picked":["Havoc+1","Headbutt"],"picked":"Dropkick","floor":24},{"not_picked":["Twin Strike","Clothesline","Havoc"],"picked":"SKIP","floor":27},{"not_picked":["Barricade","Anger+1","Warcry"],"picked":"SKIP","floor":30},{"not_picked":["Dual Wield+1","Warcry","Uppercut+1"],"picked":"SKIP","floor":35},{"not_picked":["Metallicize+1","Twin Strike+1","Iron Wave"],"picked":"SKIP","floor":37},{"not_picked":["Dual Wield+1","Anger","Wild Strike+1"],"picked":"SKIP","floor":39},{"not_picked":["Offering","Iron Wave","Demon Form"],"picked":"SKIP","floor":40},{"not_picked":["Disarm","Whirlwind+1","Blood for Blood"],"picked":"SKIP","floor":42},{"not_picked":["Warcry","True Grit+1","Sword Boomerang"],"picked":"SKIP","floor":44},{"not_picked":["Pommel Strike","Twin Strike+1","Clash+1"],"picked":"SKIP","floor":45},{"not_picked":["Shrug It Off","Entrench","Dropkick+1"],"picked":"SKIP","floor":48}],"player_experience":549597,"relics_obtained":[{"floor":9.0,"key":"Mercury Hourglass"},{"floor":26,"key":"Gremlin Horn"},{"floor":27,"key":"Potion Belt"},{"floor":30,"key":"Bag of Preparation"},{"floor":40,"key":"Oddly Smooth Stone"},{"floor":43,"key":"White Beast Statue"},{"floor":46,"key":"Nunchaku"}],"event_choices":[{"damage_healed":0.0,"max_hp_gain":0.0,"max_hp_loss":0.0,"gold_gain":0.0,"event_name":"Shining Light","player_choice":"Entered Light","floor":2.0,"gold_loss":0.0,"damage_taken":14.0,"cards_upgraded":["Strike_R","Defend_R"]},{"damage_healed":0.0,"max_hp_gain":0.0,"max_hp_loss":0.0,"gold_gain":0.0,"event_name":"Lab","player_choice":"Got Potions","floor":3.0,"gold_loss":0.0,"damage_taken":0.0},{"damage_healed":0,"gold_gain":0,"player_choice":"Ignored","damage_taken":0,"max_hp_gain":0,"max_hp_loss":0,"event_name":"Cursed Tome","floor":19,"gold_loss":0},{"damage_healed":0,"gold_gain":0,"player_choice":"Upgraded","damage_taken":0,"max_hp_gain":0,"max_hp_loss":0,"event_name":"Upgrade Shrine","floor":20,"gold_loss":0,"cards_upgraded":["Defend_R"]},{"damage_healed":0,"gold_gain":0,"player_choice":"Forge","damage_taken":0,"max_hp_gain":0,"max_hp_loss":0,"event_name":"Accursed Blacksmith","floor":38,"gold_loss":0,"cards_upgraded":["Dropkick"]}],"is_beta":false,"boss_relics":[{"not_picked":["Philosopher\u0027s Stone","Runic Dome"],"picked":"Empty Cage"},{"not_picked":["Runic Pyramid","Sozu"],"picked":"SacredBark"}],"items_purged_floors":[4,11,25,29,31],"is_endless":false,"potions_floor_spawned":[7,13,22,33,39,40,44,45,48],"ascension_level":0}}