{"host":"bydnmyvf669xu6ab","time":1609183295,"event":{"mods":["Aspiration","BaseMod","Better Note","BetterRewards","Colored Map","Colored Powertips","Minty Spire (QoL Compilation)","Rare Cards Sparkle","Relic Stats","Shop Mod","StSLib","SuperFastMode","Virulent Crown"],"gold_per_floor":[109,184,201,215,234,234,251,265,316,341,341,357,357,374,374,478,478,489,121,131,131,143,143,168,168,168,168,168,168,168,168],"floor_reached":30,"playtime":1683,"items_purged":[],"score":370,"play_id":"3c503bf6-f823-4f55-bf75-69986778817f","local_time":"20201228112135","is_ascension_mode":true,"campfire_choices":[{"data":"Armaments","floor":6,"key":"SMITH"},{"data":"Armaments","floor":11,"key":"SMITH"},{"data":"Inflame","floor":13,"key":"SMITH"},{"data":"Body Slam","floor":15,"key":"SMITH"},{"data":"Juggernaut","floor":23,"key":"SMITH"},{"floor":25,"key":"REST"}],"circlet_count":0,"master_deck":["Strike_R","Strike_R+1","Strike_R+1","Strike_R","Strike_R","Defend_R","Defend_R","Defend_R","Bash","Inflame+1","Pommel Strike","Uppercut","Armaments+1","Flame Barrier","Pummel","Armaments+1","Flame Barrier","Heavy Blade","Body Slam+1","Juggernaut+1","Feel No Pain","Metallicize","Flex+1","Headbutt","Battle Trance","Apotheosis+1"],"relics":["Black Blood","Anchor","Nunchaku","FossilizedHelix","MealTicket","Bag of Preparation","Whetstone","Strawberry"],"acts_visited":["Exordium","TheCity"],"potions_floor_usage":[8,16,24,24,24,30],"damage_taken":[{"damage":0,"enemies":"Small Slimes","floor":1,"turns":3},{"damage":4,"enemies":"Cultist","floor":3,"turns":3},{"damage":1,"enemies":"Jaw Worm","floor":4,"turns":3},{"damage":0,"enemies":"3 Louse","floor":5,"turns":3},{"damage":0,"enemies":"Blue Slaver","floor":7,"turns":3},{"damage":3,"enemies":"Lots of Slimes","floor":8,"turns":4},{"damage":28,"enemies":"3 Sentries","floor":10,"turns":10},{"damage":0,"enemies":"3 Louse","floor":12,"turns":3},{"damage":0,"enemies":"Looter","floor":14,"turns":3},{"damage":18,"enemies":"The Guardian","floor":16,"turns":12},{"damage":17,"enemies":"3 Byrds","floor":18,"turns":5},{"damage":6,"enemies":"Spheric Guardian","floor":20,"turns":5},{"damage":4,"enemies":"Chosen and Byrds","floor":22,"turns":6},{"damage":95,"enemies":"Gremlin Leader","floor":24,"turns":8},{"damage":45,"enemies":"Book of Stabbing","floor":30,"turns":4}],"seed_played":"5504970625808112545","potions_obtained":[{"floor":3,"key":"ElixirPotion"},{"floor":7,"key":"Energy Potion"},{"floor":12,"key":"BloodPotion"},{"floor":18,"key":"EssenceOfSteel"},{"floor":24,"key":"Weak Potion"}],"is_trial":false,"path_per_floor":["M","?","M","M","M","R","M","M","T","E","R","M","R","M","R","B",null,"M","$","M","$","M","R","E","R","T","?","?","?","E"],"character_chosen":"IRONCLAD","items_purchased":["Anchor","Inflame","Pommel Strike","Uppercut","Strength Potion","MealTicket","Metallicize","Bag of Preparation"],"campfire_rested":1,"item_purchase_floors":[0,0,0,0,0,19,19,19],"current_hp_per_floor":[73,65,67,72,78,78,80,80,80,58,58,64,64,70,70,58,80,75,75,80,80,80,80,13,37,44,44,44,44,0,0],"gold":168,"neow_bonus":"","is_daily":false,"chose_seed":false,"campfire_upgraded":5,"win_rate":0.0,"timestamp":1609183295,"path_taken":["M","?","M","M","M","R","?","?","T","E","R","M","R","M","R","BOSS","M","$","M","$","M","R","E","R","T","?","?","?","E"],"items_purchased_type":["Relic","Card","Card","Card","Potion","Relic","Card","Relic"],"build_version":"2020-12-22","purchased_purges":0,"victory":false,"max_hp_per_floor":[80,80,80,80,80,80,80,80,80,80,80,80,80,80,80,80,80,80,80,80,80,80,80,80,80,87,87,87,87,87,87],"relic_stats":{"Nunchaku":[20],"counters":[1007,5076],"Black Blood":411,"MealTicket":0,"Bag of Preparation":[34],"Whetstone":["Strike_R","Strike_R"],"obtain_stats":[{"Ice Cream":49,"Calipers":10,"Gremlin Horn":29,"Whetstone":19,"Boot":9,"Old Coin":43,"HornCleat":10,"DollysMirror":0,"Strawberry":10,"MealTicket":19,"Kunai":31,"Toxic Egg 2":19,"Pear":7,"Blue Candle":44,"Eternal Feather":44,"Pen Nib":9,"SlaversCollar":17,"Bird Faced Urn":22,"Mark of Pain":34,"Black Star":17,"Nloth\u0027s Gift":20,"Unceasing Top":5,"Meat on the Bone":24,"Regal Pillow":0,"Enchiridion":19,"Black Blood":17,"Bag of Preparation":38,"Incense Burner":38,"Juzu Bracelet":40,"Cursed Key":17,"Ancient Tea Set":26,"Burning Blood":0,"ClockworkSouvenir":19,"Nunchaku":0,"Shovel":38,"Mummified Hand":31,"aspiration:AnachronicSnailShell":12,"Toolbox":0,"Paper Frog":45,"Self Forming Clay":26,"The Courier":12,"aspiration:HummingbirdHeart":9,"Omamori":0,"aspiration:SecretTechniqueScroll":17,"MawBank":8,"Strange Spoon":0,"Anchor":0,"Turnip":38,"Champion Belt":24,"Membership Card":38,"TungstenRod":42,"FossilizedHelix":10},{"Ice Cream":978,"Calipers":937,"Gremlin Horn":968,"Whetstone":964,"Boot":983,"Old Coin":975,"HornCleat":983,"DollysMirror":979,"Strawberry":983,"MealTicket":1003,"Kunai":970,"Toxic Egg 2":942,"Pear":983,"Blue Candle":976,"Eternal Feather":976,"Pen Nib":936,"SlaversCollar":985,"Bird Faced Urn":951,"Mark of Pain":971,"Black Star":963,"Nloth\u0027s Gift":986,"Unceasing Top":945,"Meat on the Bone":966,"Regal Pillow":956,"Enchiridion":951,"Black Blood":1002,"Bag of Preparation":973,"Incense Burner":973,"Juzu Bracelet":974,"Cursed Key":941,"Ancient Tea Set":953,"Burning Blood":0,"ClockworkSouvenir":964,"Nunchaku":979,"Shovel":973,"Mummified Hand":970,"aspiration:AnachronicSnailShell":949,"Toolbox":943,"Paper Frog":976,"Self Forming Clay":966,"The Courier":961,"aspiration:HummingbirdHeart":960,"Omamori":979,"aspiration:SecretTechniqueScroll":950,"MawBank":960,"Strange Spoon":956,"Anchor":992,"Turnip":973,"Champion Belt":952,"Membership Card":973,"TungstenRod":975,"FossilizedHelix":999},{"Ice Cream":4914,"Calipers":4722,"Gremlin Horn":4863,"Whetstone":4842,"Boot":4940,"Old Coin":4895,"HornCleat":4940,"DollysMirror":4922,"Strawberry":4940,"MealTicket":5053,"Kunai":4872,"Toxic Egg 2":4738,"Pear":4940,"Blue Candle":4903,"Eternal Feather":4903,"Pen Nib":4716,"SlaversCollar":4957,"Bird Faced Urn":4777,"Mark of Pain":4879,"Black Star":4835,"Nloth\u0027s Gift":4962,"Unceasing Top":4749,"Meat on the Bone":4851,"Regal Pillow":4807,"Enchiridion":4777,"Black Blood":5048,"Bag of Preparation":4886,"Incense Burner":4886,"Juzu Bracelet":4891,"Cursed Key":4734,"Ancient Tea Set":4790,"Burning Blood":0,"ClockworkSouvenir":4842,"Nunchaku":4922,"Shovel":4886,"Mummified Hand":4872,"aspiration:AnachronicSnailShell":4761,"Toolbox":4741,"Paper Frog":4903,"Self Forming Clay":4851,"The Courier":4824,"aspiration:HummingbirdHeart":4819,"Omamori":4922,"aspiration:SecretTechniqueScroll":4773,"MawBank":4819,"Strange Spoon":4807,"Anchor":5001,"Turnip":4886,"Champion Belt":4786,"Membership Card":4886,"TungstenRod":4895,"FossilizedHelix":5030}]},"card_choices":[{"not_picked":["Disarm","Fire Breathing"],"picked":"Armaments","floor":1},{"not_picked":["Havoc","Body Slam"],"picked":"Flame Barrier","floor":3},{"not_picked":["Intimidate","Havoc"],"picked":"Pummel","floor":4},{"not_picked":["Clothesline","Sentinel"],"picked":"Armaments","floor":5},{"not_picked":["Warcry","Carnage","Clothesline"],"picked":"SKIP","floor":7},{"not_picked":["Clothesline","Sever Soul"],"picked":"Flame Barrier","floor":8},{"not_picked":["Armaments","Fiend Fire","Havoc"],"picked":"SKIP","floor":10},{"not_picked":["Bloodletting","Headbutt"],"picked":"Heavy Blade","floor":12},{"not_picked":["Havoc","Seeing Red"],"picked":"Body Slam","floor":14},{"not_picked":["Exhume","Bludgeon"],"picked":"Juggernaut","floor":16},{"not_picked":["Hemokinesis","Anger"],"picked":"Feel No Pain","floor":18},{"not_picked":["Clash","Searing Blow"],"picked":"Flex+1","floor":20},{"not_picked":["Pommel Strike","Perfected Strike"],"picked":"Headbutt","floor":22},{"not_picked":["Pommel Strike+1","Infernal Blade"],"picked":"Battle Trance","floor":24}],"player_experience":2057962,"relics_obtained":[{"floor":9,"key":"Nunchaku"},{"floor":10,"key":"FossilizedHelix"},{"floor":24,"key":"Whetstone"},{"floor":26,"key":"Strawberry"}],"event_choices":[{"damage_healed":0,"gold_gain":75,"player_choice":"Touch","damage_taken":8,"max_hp_gain":0,"max_hp_loss":0,"event_name":"FaceTrader","floor":2,"gold_loss":0},{"cards_removed":["Defend_R"],"damage_healed":0,"gold_gain":0,"player_choice":"Offered Basic","damage_taken":0,"max_hp_gain":0,"max_hp_loss":0,"event_name":"Bonfire Elementals","floor":27,"gold_loss":0},{"cards_removed":["Armaments"],"damage_healed":0,"gold_gain":0,"player_choice":"Take \u0026 Give","damage_taken":0,"max_hp_gain":0,"max_hp_loss":0,"event_name":"betterNote:BetterNote","floor":28,"gold_loss":0,"cards_obtained":["Apotheosis"]}],"is_beta":false,"boss_relics":[{"not_picked":["aspiration:PoetsPen_weak","Runic Dome"],"picked":"Black Blood"}],"items_purged_floors":[],"is_endless":false,"potions_floor_spawned":[3,7,12,14,18,24],"killed_by":"Book of Stabbing","ascension_level":1}}