{"host":"hkfd27larxvbrzdx","time":1609176100,"event":{"mods":["AchievementEnabler","BaseMod","Minty Spire (QoL Compilation)"],"gold_per_floor":[114,114,114,114,134,134,209,209,209,237,261,128,142,161,161,264,264,236,236,46,46,66,66,66,94,94,94,94,94,5,105,105,204,204,220,233,249,299,299,299,329,329,329,329,329,344,358,369,369,369,369],"floor_reached":50,"playtime":5327,"items_purged":["Strike_G","Strike_G"],"score":560,"play_id":"3955926b-abb9-4cd0-affd-d0c075982e8f","local_time":"20201229012140","is_ascension_mode":true,"campfire_choices":[{"data":"Neutralize","floor":6,"key":"SMITH"},{"data":"Flying Knee","floor":8,"key":"SMITH"},{"floor":15,"key":"REST"},{"data":"Footwork","floor":23,"key":"SMITH"},{"data":"Phantasmal Killer","floor":27,"key":"SMITH"},{"data":"Sucker Punch","floor":29,"key":"SMITH"},{"floor":32,"key":"REST"},{"floor":40,"key":"REST"},{"floor":42,"key":"RECALL"},{"data":"A Thousand Cuts","floor":44,"key":"SMITH"},{"floor":49,"key":"REST"}],"circlet_count":0,"master_deck":["Strike_G","Strike_G","Strike_G","Defend_G","Defend_G+1","Defend_G+1","Defend_G+1","Defend_G","Survivor","Neutralize+1","Leg Sweep","Backflip","Flying Knee+1","Caltrops","Footwork+1","Outmaneuver","Phantasmal Killer+1","Venomology","Dagger Spray","Backstab","Sucker Punch+1","Predator","Backflip","Dash","Dodge and Roll+1","A Thousand Cuts+1","Terror+1","Acrobatics+1","Doubt","Glass Knife","Backstab+1","Skewer+1"],"relics":["Ring of the Snake","Shuriken","MawBank","WristBlade","Toy Ornithopter","Letter Opener","Cursed Key","Mango","War Paint"],"acts_visited":["Exordium","TheCity","TheBeyond"],"potions_floor_usage":[14,16,25,33,33,33,36,36,38,38,38,38,38,41,46,46,47,48,50,50],"damage_taken":[{"damage":8,"enemies":"Jaw Worm","floor":1,"turns":10},{"damage":0,"enemies":"2 Louse","floor":5,"turns":3},{"damage":36,"enemies":"Gremlin Nob","floor":10,"turns":7},{"damage":0,"enemies":"Small Slimes","floor":11,"turns":3},{"damage":0,"enemies":"Exordium Thugs","floor":13,"turns":6},{"damage":0,"enemies":"3 Louse","floor":14,"turns":3},{"damage":25,"enemies":"Slime Boss","floor":16,"turns":15},{"damage":29,"enemies":"2 Thieves","floor":18,"turns":5},{"damage":4,"enemies":"Spheric Guardian","floor":22,"turns":6},{"damage":13,"enemies":"Book of Stabbing","floor":25,"turns":7},{"damage":58,"enemies":"Automaton","floor":33,"turns":8},{"damage":0,"enemies":"3 Shapes","floor":35,"turns":5},{"damage":0,"enemies":"Orb Walker","floor":36,"turns":4},{"damage":42,"enemies":"3 Darklings","floor":37,"turns":5},{"damage":22,"enemies":"Mind Bloom Boss Battle","floor":38,"turns":6},{"damage":8,"enemies":"Nemesis","floor":41,"turns":8},{"damage":16,"enemies":"Spire Growth","floor":46,"turns":5},{"damage":9,"enemies":"4 Shapes","floor":47,"turns":3},{"damage":34,"enemies":"Transient","floor":48,"turns":5},{"damage":67,"enemies":"Awakened One","floor":50,"turns":16}],"seed_played":"-227585828022676734","potions_obtained":[{"floor":10,"key":"Block Potion"},{"floor":11,"key":"SmokeBomb"},{"floor":14,"key":"FearPotion"},{"floor":16,"key":"CultistPotion"},{"floor":38,"key":"CultistPotion"},{"floor":46,"key":"Fire Potion"},{"floor":48,"key":"SkillPotion"}],"is_trial":false,"path_per_floor":["M","?","?","T","M","R","?","R","T","E","M","$","M","M","R","B",null,"M","?","$","?","M","R","?","E","T","R","?","R","$","?","R","B",null,"M","M","M","?","?","R","E","R","T","R","?","M","M","M","R","B"],"character_chosen":"THE_SILENT","items_purchased":["Footwork","Backstab","Sucker Punch","Dash","Dodge and Roll"],"campfire_rested":4,"item_purchase_floors":[12,20,20,30,30],"current_hp_per_floor":[62,62,48,48,48,48,41,41,41,5,5,5,5,5,26,1,70,41,41,41,41,37,37,60,47,47,47,47,47,47,47,68,12,70,70,70,28,45,45,70,67,67,67,67,67,61,57,28,53,0,0],"gold":369,"neow_bonus":"THREE_CARDS","is_daily":false,"chose_seed":false,"campfire_upgraded":6,"win_rate":0.0,"timestamp":1609176100,"path_taken":["M","?","?","?","M","R","?","R","T","E","M","$","M","?","R","BOSS","M","?","$","?","?","R","?","E","T","R","?","R","$","?","R","BOSS","M","M","?","?","?","R","E","R","T","R","?","M","M","M","R","BOSS"],"items_purchased_type":["Card","Card","Card","Card","Card"],"build_version":"2020-12-22","purchased_purges":2,"victory":false,"max_hp_per_floor":[70,70,70,70,70,70,70,70,70,70,70,70,70,70,70,70,70,70,70,70,70,70,70,70,70,70,70,70,70,70,70,70,70,70,70,70,70,84,84,84,84,84,84,84,84,84,84,84,84,84,84],"card_choices":[{"not_picked":["Riddle With Holes","Bane"],"picked":"Leg Sweep","floor":0},{"not_picked":["Deflect","Acrobatics"],"picked":"Backflip","floor":1},{"not_picked":["Dagger Throw","Prepared"],"picked":"Flying Knee","floor":5},{"not_picked":["Acrobatics","Eviscerate"],"picked":"Caltrops","floor":10},{"not_picked":["PiercingWail","Heel Hook","Prepared"],"picked":"SKIP","floor":11},{"not_picked":["PiercingWail","Heel Hook","Prepared"],"picked":"SKIP","floor":11},{"not_picked":["Deflect","Flechettes"],"picked":"Outmaneuver","floor":13},{"not_picked":["Acrobatics","Blur"],"picked":"Phantasmal Killer","floor":14},{"not_picked":["Doppelganger","Phantasmal Killer"],"picked":"Venomology","floor":16},{"not_picked":["Outmaneuver+1","PiercingWail+1"],"picked":"Dagger Spray","floor":18},{"not_picked":["Calculated Gamble+1","Leg Sweep+1"],"picked":"Predator","floor":22},{"not_picked":["Slice","Flechettes+1"],"picked":"Backflip","floor":25},{"not_picked":["Tools of the Trade","Adrenaline"],"picked":"A Thousand Cuts","floor":33},{"not_picked":["Dodge and Roll","Deadly Poison+1"],"picked":"Terror+1","floor":35},{"not_picked":["Dagger Spray","Catalyst+1","All Out Attack+1"],"picked":"SKIP","floor":36},{"not_picked":["Dagger Spray+1","Eviscerate+1","Leg Sweep+1"],"picked":"SKIP","floor":37},{"not_picked":["Blade Dance+1","Dagger Throw"],"picked":"Acrobatics+1","floor":38},{"not_picked":["Choke","Flying Knee","Dodge and Roll"],"picked":"SKIP","floor":41},{"not_picked":["Choke+1","Deflect"],"picked":"Backstab+1","floor":46},{"not_picked":["Sucker Punch","Riddle With Holes+1","Bane+1"],"picked":"SKIP","floor":47},{"not_picked":["All Out Attack+1","Die Die Die"],"picked":"Skewer+1","floor":48}],"player_experience":141805,"relics_obtained":[{"floor":9,"key":"Shuriken"},{"floor":10,"key":"MawBank"},{"floor":25,"key":"Toy Ornithopter"},{"floor":26,"key":"Letter Opener"},{"floor":38,"key":"Mango"},{"floor":41,"key":"War Paint"}],"event_choices":[{"damage_healed":0,"gold_gain":0,"player_choice":"Ignored","damage_taken":0,"max_hp_gain":0,"max_hp_loss":0,"event_name":"Liars Game","floor":2,"gold_loss":0},{"damage_healed":0,"gold_gain":0,"player_choice":"Entered Light","damage_taken":14,"max_hp_gain":0,"max_hp_loss":0,"event_name":"Shining Light","floor":3,"gold_loss":0,"cards_upgraded":["Defend_G","Defend_G"]},{"damage_healed":0,"gold_gain":75,"player_choice":"Touch","damage_taken":7,"max_hp_gain":0,"max_hp_loss":0,"event_name":"FaceTrader","floor":7,"gold_loss":0},{"damage_healed":0,"gold_gain":0,"player_choice":"Ignored","damage_taken":0,"max_hp_gain":0,"max_hp_loss":0,"event_name":"Vampires","floor":19,"gold_loss":0},{"damage_healed":0,"gold_gain":0,"player_choice":"Ignored","damage_taken":0,"max_hp_gain":0,"max_hp_loss":0,"event_name":"The Mausoleum","floor":21,"gold_loss":0},{"damage_healed":23,"gold_gain":0,"player_choice":"Heal","damage_taken":0,"max_hp_gain":0,"max_hp_loss":0,"event_name":"The Library","floor":24,"gold_loss":0},{"damage_healed":0,"gold_gain":0,"player_choice":"Ignored","damage_taken":0,"max_hp_gain":0,"max_hp_loss":0,"event_name":"Ghosts","floor":28,"gold_loss":0},{"damage_healed":0,"gold_gain":100,"player_choice":"Pray","damage_taken":0,"max_hp_gain":0,"max_hp_loss":0,"event_name":"Golden Shrine","floor":31,"gold_loss":0},{"damage_healed":0,"gold_gain":0,"player_choice":"Fight","damage_taken":0,"max_hp_gain":0,"max_hp_loss":0,"event_name":"MindBloom","floor":38,"gold_loss":0},{"damage_healed":0,"gold_gain":0,"player_choice":"Ignored","damage_taken":0,"max_hp_gain":0,"max_hp_loss":0,"event_name":"Mysterious Sphere","floor":39,"gold_loss":0},{"damage_healed":0,"gold_gain":0,"player_choice":"2 cards matched","damage_taken":0,"max_hp_gain":0,"max_hp_loss":0,"event_name":"Match and Keep!","floor":45,"gold_loss":0,"cards_obtained":["Doubt","Glass Knife"]}],"is_beta":false,"boss_relics":[{"not_picked":["Runic Pyramid","Fusion Hammer"],"picked":"WristBlade"},{"not_picked":["HoveringKite","SlaversCollar"],"picked":"Cursed Key"}],"items_purged_floors":[12,20],"is_endless":false,"potions_floor_spawned":[10,11,14,16,22,38,46,48],"killed_by":"Awakened One","ascension_level":2}}