{"host":"56ghxnzsglgdq727","time":1609135348,"event":{"mods":["AchievementEnabler","BaseMod","Minty Spire (QoL Compilation)"],"gold_per_floor":[117,117,117,130,80,80,115,131,155,155,181,191,41,57,57,155,155,166,166,184,184,184],"floor_reached":21,"playtime":531,"items_purged":[],"score":189,"play_id":"93ac9c3f-6464-4e48-98d4-3092ff49b67f","local_time":"20201228010228","is_ascension_mode":false,"campfire_choices":[{"data":"A Thousand Cuts","floor":6,"key":"SMITH"},{"data":"Deadly Poison","floor":10,"key":"SMITH"},{"data":"Catalyst","floor":15,"key":"SMITH"}],"circlet_count":0,"master_deck":["Strike_G","Strike_G","Strike_G","Strike_G","Strike_G","Defend_G","Defend_G","Defend_G","Defend_G","Defend_G","Survivor","Neutralize","A Thousand Cuts+1","Deadly Poison+1","Catalyst+1","Noxious Fumes","Footwork","A Thousand Cuts","Crippling Poison","Bandage Up"],"relics":["Ring of the Serpent","Darkstone Periapt","Snake Skull","Toy Ornithopter","Lantern","Bag of Marbles","Lee\u0027s Waffle"],"acts_visited":["Exordium","TheCity"],"potions_floor_usage":[7,11,16,16],"damage_taken":[{"damage":1,"enemies":"Cultist","floor":1,"turns":4},{"damage":3,"enemies":"2 Louse","floor":4,"turns":3},{"damage":13,"enemies":"Lagavulin","floor":7,"turns":7},{"damage":1,"enemies":"Small Slimes","floor":8,"turns":4},{"damage":6,"enemies":"Gremlin Nob","floor":11,"turns":4},{"damage":15,"enemies":"Looter","floor":12,"turns":4},{"damage":0,"enemies":"3 Louse","floor":14,"turns":2},{"damage":9,"enemies":"The Guardian","floor":16,"turns":6},{"damage":39,"enemies":"Shell Parasite","floor":18,"turns":5},{"damage":13,"enemies":"Spheric Guardian","floor":20,"turns":4},{"damage":21,"enemies":"Shelled Parasite and Fungi","floor":21,"turns":3}],"seed_played":"5169012702488671789","potions_obtained":[{"floor":1,"key":"Block Potion"},{"floor":4,"key":"Swift Potion"},{"floor":12,"key":"Swift Potion"},{"floor":14,"key":"AttackPotion"},{"floor":18,"key":"EssenceOfSteel"}],"is_trial":false,"path_per_floor":["M","T","?","M","?","R","E","M","T","R","E","M","$","M","R","B",null,"M","?","M","M"],"character_chosen":"THE_SILENT","items_purchased":["Lee\u0027s Waffle"],"campfire_rested":0,"item_purchase_floors":[13],"current_hp_per_floor":[62,62,68,65,65,65,52,51,51,51,50,35,76,76,76,72,76,37,25,16,0,0],"gold":184,"neow_bonus":"THREE_RARE_CARDS","is_daily":false,"chose_seed":false,"campfire_upgraded":3,"win_rate":0.0,"timestamp":1609135348,"path_taken":["M","?","?","M","?","R","E","M","T","R","E","M","$","M","R","BOSS","M","?","M","?"],"items_purchased_type":["Relic"],"build_version":"2020-12-22","purchased_purges":0,"victory":false,"max_hp_per_floor":[63,63,69,69,69,69,69,69,69,69,69,69,76,76,76,76,76,76,76,76,76,76],"card_choices":[{"not_picked":["Adrenaline","Glass Knife"],"picked":"A Thousand Cuts","floor":0},{"not_picked":["Reflex","Flechettes"],"picked":"Deadly Poison","floor":1},{"not_picked":["Dagger Throw","Blade Dance"],"picked":"Catalyst","floor":4},{"not_picked":["Dodge and Roll","Cloak And Dagger","Quick Slash"],"picked":"SKIP","floor":7},{"not_picked":["Outmaneuver","Flying Knee","Deflect"],"picked":"SKIP","floor":8},{"not_picked":["Wraith Form v2","Choke"],"picked":"Noxious Fumes","floor":11},{"not_picked":["Deflect","Dagger Throw","Outmaneuver"],"picked":"SKIP","floor":12},{"not_picked":["Poisoned Stab","Calculated Gamble"],"picked":"Footwork","floor":14},{"not_picked":["Glass Knife","After Image"],"picked":"A Thousand Cuts","floor":16},{"not_picked":["Cloak And Dagger","Slice+1"],"picked":"Crippling Poison","floor":18},{"not_picked":["Poisoned Stab","PiercingWail","Deflect"],"picked":"SKIP","floor":20}],"player_experience":32533,"relics_obtained":[{"floor":2,"key":"Darkstone Periapt"},{"floor":7,"key":"Toy Ornithopter"},{"floor":9,"key":"Lantern"},{"floor":11,"key":"Bag of Marbles"}],"event_choices":[{"damage_healed":0,"gold_gain":0,"player_choice":"Box","damage_taken":0,"relics_obtained":["Snake Skull"],"max_hp_gain":0,"max_hp_loss":0,"event_name":"Big Fish","floor":3,"gold_loss":0,"cards_obtained":["Regret"]},{"cards_removed":["Regret"],"damage_healed":0,"gold_gain":0,"player_choice":"Card Removal","damage_taken":0,"max_hp_gain":0,"max_hp_loss":0,"event_name":"The Cleric","floor":5,"gold_loss":50},{"damage_healed":0,"gold_gain":0,"player_choice":"CARD ","damage_taken":12,"max_hp_gain":0,"max_hp_loss":0,"event_name":"Knowing Skull","floor":19,"potions_obtained":[],"gold_loss":0,"cards_obtained":["Bandage Up"]}],"is_beta":false,"boss_relics":[{"not_picked":["Busted Crown","Coffee Dripper"],"picked":"Ring of the Serpent"}],"items_purged_floors":[],"is_endless":false,"potions_floor_spawned":[1,4,12,14,18],"killed_by":"Shelled Parasite and Fungi","ascension_level":0}}