{"host":"1eo5f82aifdzd7pr","time":1609162162,"event":{"mods":["AchievementEnabler","BaseMod","Colored Map","Colored Powertips","DeckTracker","Minty Spire (QoL Compilation)","SuperFastMode","The Servant 0.9.4"],"gold_per_floor":[110,110,134,164,192,204,216,254,290,332,374,386,413,437,449,559,571,598,315,315,348,1,1,26,26,49,68,167,178,196,212,212,310,310,323,336,386,398,125,155,187,37,37,52,52,52,52,80,80,80],"floor_reached":51,"playtime":3256,"items_purged":["Strike_S","Strike_S","Strike_S","Defend_S"],"score":1310,"play_id":"a17ff6d4-c8b7-46ba-84f2-8f7eb373aa16","local_time":"20201228152922","is_ascension_mode":true,"campfire_choices":[{"data":"KidneyShot","floor":6.0,"key":"SMITH"},{"floor":12,"key":"REST"},{"data":"SurpressingFire","floor":15,"key":"SMITH"},{"data":"SilverBlades","floor":23,"key":"SMITH"},{"data":"Contraction","floor":25,"key":"SMITH"},{"data":"SurpressingFire","floor":32,"key":"SMITH"},{"data":"Solidify","floor":45,"key":"SMITH"},{"data":"ForgedInTime","floor":49,"key":"SMITH"}],"circlet_count":0,"master_deck":["Strike_S+1","Defend_S","Defend_S","Defend_S","KidneyShot+1","Exchange","Rewind","BottledTime","BottledTime","Moonlight+1","TheWorld","SurpressingFire+1","ForgedInTime+1","SurpressingFire+1","SilverBlades+1","BottledTime+1","Contraction+1","Solidify+1","FloweringNight","SilverBlades+1","BottledTime"],"relics":["Uniform","Toy Ornithopter","MawBank","Oddly Smooth Stone","Whetstone","Gremlin Horn","SlaversCollar","Bag of Preparation","Red Mask","Meat on the Bone","Strawberry","Omamori","Cursed Key","WingedGreaves","ClockworkSouvenir","Nunchaku","Darkstone Periapt","Regal Pillow","Bronze Scales","Eternal Feather"],"acts_visited":["Exordium","TheCity","TheBeyond"],"potions_floor_usage":[8,10,38,50,50],"damage_taken":[{"damage":2.0,"enemies":"2 Louse","floor":1.0,"turns":3.0},{"damage":0.0,"enemies":"Small Slimes","floor":3.0,"turns":3.0},{"damage":8.0,"enemies":"Jaw Worm","floor":4.0,"turns":5.0},{"damage":3.0,"enemies":"Looter","floor":5.0,"turns":5.0},{"damage":28,"enemies":"Lagavulin","floor":8,"turns":8},{"damage":12,"enemies":"3 Sentries","floor":10,"turns":11},{"damage":0,"enemies":"2 Fungi Beasts","floor":13,"turns":2},{"damage":0,"enemies":"Blue Slaver","floor":14,"turns":3},{"damage":56,"enemies":"The Guardian","floor":16,"turns":18},{"damage":0,"enemies":"Chosen","floor":18,"turns":6},{"damage":15,"enemies":"Masked Bandits","floor":21,"turns":6},{"damage":0,"enemies":"Book of Stabbing","floor":24,"turns":4},{"damage":7,"enemies":"2 Thieves","floor":27,"turns":4},{"damage":1,"enemies":"Centurion and Healer","floor":29,"turns":6},{"damage":8,"enemies":"Cultist and Chosen","floor":30,"turns":6},{"damage":0,"enemies":"Sentry and Sphere","floor":31,"turns":5},{"damage":0,"enemies":"Automaton","floor":33,"turns":10},{"damage":0,"enemies":"3 Shapes","floor":35,"turns":8},{"damage":0,"enemies":"Orb Walker","floor":36,"turns":3},{"damage":2,"enemies":"Mind Bloom Boss Battle","floor":37,"turns":4},{"damage":12,"enemies":"Transient","floor":38,"turns":5},{"damage":0,"enemies":"Nemesis","floor":40,"turns":5},{"damage":0,"enemies":"Reptomancer","floor":41,"turns":5},{"damage":2,"enemies":"Sphere and 2 Shapes","floor":44,"turns":4},{"damage":0,"enemies":"Giant Head","floor":48,"turns":4},{"damage":0,"enemies":"Donu and Deca","floor":50,"turns":4}],"seed_played":"2140816551409439655","potions_obtained":[{"floor":3.0,"key":"FairyPotion"},{"floor":4.0,"key":"FearPotion"},{"floor":8,"key":"Swift Potion"},{"floor":18,"key":"SneckoOil"},{"floor":29,"key":"Fire Potion"},{"floor":33,"key":"EssenceOfSteel"},{"floor":35,"key":"Fruit Juice"},{"floor":38,"key":"LiquidBronze"}],"is_trial":false,"path_per_floor":["M","?","M","M","M","R","?","E","T","E","?","R","M","M","R","B",null,"M","$","?","?","$","R","E","R","T","M","?","M","M","M","R","B",null,"M","M","?","M","$","E","E","$","T","M","R","T","?","E","R","B",null],"character_chosen":"THE_SERVANT","items_purchased":["SilverBlades","Bag of Preparation","Meat on the Bone","ClockworkSouvenir"],"campfire_rested":1,"item_purchase_floors":[19,19,22,39],"current_hp_per_floor":[57,45,45,37,34,34,34,11,11,4,4,23,23,23,23,10,51,51,51,51,36,36,36,43,43,43,48,48,47,39,39,39,39,64,64,64,62,60,60,60,60,60,60,58,58,58,58,58,70,77],"gold":80,"neow_bonus":"RANDOM_COMMON_RELIC","is_daily":false,"chose_seed":false,"campfire_upgraded":7,"win_rate":0.0,"timestamp":1609162162,"path_taken":["M","?","M","M","M","R","?","E","T","E","?","R","M","M","R","BOSS","M","$","?","?","$","R","E","R","T","M","?","M","M","M","R","BOSS","M","M","?","M","$","E","E","$","T","M","R","?","?","E","R","BOSS"],"items_purchased_type":["Card","Relic","Relic","Relic"],"build_version":"2020-12-22","purchased_purges":4,"victory":true,"max_hp_per_floor":[65,65,65,65,65,65,65,65,65,65,65,65,65,65,65,65,65,65,65,65,65,65,65,72,72,72,72,72,72,72,72,72,72,72,72,72,72,77,77,77,77,77,77,77,77,77,77,77,77,77],"card_choices":[{"not_picked":["Spin","Revamp","Gouge"],"picked":"SKIP","floor":1.0},{"not_picked":["Rearm","Defy"],"picked":"Rewind","floor":3.0},{"not_picked":["Unruled","Alleviate"],"picked":"BottledTime","floor":4.0},{"not_picked":["SpecialFormula","Rewind"],"picked":"BottledTime","floor":5.0},{"not_picked":["Spin","Sunlight"],"picked":"Moonlight","floor":8},{"not_picked":["Unruled","Rearm"],"picked":"TheWorld","floor":10},{"not_picked":["Hightail","DoubleEdge","Ricochet"],"picked":"SKIP","floor":13},{"not_picked":["Rearm","BottledTime"],"picked":"SurpressingFire","floor":14},{"not_picked":["PendulumOfEternity","Deny"],"picked":"ForgedInTime","floor":16},{"not_picked":["Alleviate","FanOfKnives"],"picked":"SurpressingFire","floor":18},{"not_picked":["FastForward","ShatteredReality"],"picked":"BottledTime+1","floor":21},{"not_picked":["Unruled","Reset"],"picked":"Contraction","floor":24},{"not_picked":["TimeWarp","Gouge+1","Rewind"],"picked":"SKIP","floor":27},{"not_picked":["Starlight","TimeWarp","BottledTime"],"picked":"SKIP","floor":29},{"not_picked":["ShatteredReality+1","FastForward"],"picked":"Solidify","floor":30},{"not_picked":["BestPractice","Defy","FastForward"],"picked":"SKIP","floor":31},{"not_picked":["Dilation","Sunlight"],"picked":"FloweringNight","floor":33},{"not_picked":["FastForward","Spin","Ricochet+1"],"picked":"SKIP","floor":35},{"not_picked":["Unruled","Hightail+1","Gouge"],"picked":"SKIP","floor":36},{"not_picked":["Contraction+1","InstantArmor+1","BestPractice"],"picked":"SKIP","floor":38},{"not_picked":["SpecialFormula","FlawlessForm","DualDimension+1"],"picked":"SKIP","floor":40},{"not_picked":["SpecialFormula","FlawlessForm","DualDimension+1"],"picked":"SKIP","floor":40},{"not_picked":["TimeTheft","Rearm+1"],"picked":"SilverBlades","floor":41},{"not_picked":["Gouge","ShatteredReality"],"picked":"BottledTime","floor":44},{"not_picked":["Rewind+1","Spin+1","FastForward+1"],"picked":"SKIP","floor":48}],"player_experience":734553,"relics_obtained":[{"floor":8,"key":"Oddly Smooth Stone"},{"floor":9,"key":"Whetstone"},{"floor":10,"key":"Gremlin Horn"},{"floor":21,"key":"Red Mask"},{"floor":24,"key":"Strawberry"},{"floor":26,"key":"Omamori"},{"floor":37,"key":"WingedGreaves"},{"floor":40,"key":"Nunchaku"},{"floor":41,"key":"Darkstone Periapt"},{"floor":43,"key":"Regal Pillow"},{"floor":46,"key":"Bronze Scales"},{"floor":48,"key":"Eternal Feather"}],"event_choices":[{"damage_healed":0.0,"max_hp_gain":0.0,"max_hp_loss":0.0,"gold_gain":0.0,"event_name":"Scrap Ooze","player_choice":"Success","floor":2.0,"gold_loss":0.0,"damage_taken":12.0,"relics_obtained":["MawBank"]},{"damage_healed":0.0,"max_hp_gain":0.0,"max_hp_loss":0.0,"gold_gain":0.0,"event_name":"Liars Game","player_choice":"Ignored","floor":7.0,"gold_loss":0.0,"damage_taken":0.0},{"damage_healed":0,"gold_gain":30,"player_choice":"Searched \u00272\u0027 times","damage_taken":0,"max_hp_gain":0,"max_hp_loss":0,"event_name":"Dead Adventurer","floor":11,"gold_loss":0},{"damage_healed":0,"gold_gain":0,"player_choice":"Ignored","damage_taken":0,"max_hp_gain":0,"max_hp_loss":0,"event_name":"Vampires","floor":20,"gold_loss":0},{"damage_healed":0,"gold_gain":0,"player_choice":"Fought Bandits","damage_taken":0,"max_hp_gain":0,"max_hp_loss":0,"event_name":"Masked Bandits","floor":21,"gold_loss":0},{"damage_healed":0,"gold_gain":99,"player_choice":"Stole From Cult","damage_taken":0,"max_hp_gain":0,"max_hp_loss":0,"event_name":"Nest","floor":28,"gold_loss":0},{"damage_healed":0,"gold_gain":0,"player_choice":"Fight","damage_taken":0,"max_hp_gain":0,"max_hp_loss":0,"event_name":"MindBloom","floor":37,"gold_loss":0},{"damage_healed":0,"gold_gain":0,"player_choice":"Forge","damage_taken":0,"max_hp_gain":0,"max_hp_loss":0,"event_name":"Accursed Blacksmith","floor":47,"gold_loss":0,"cards_upgraded":["SilverBlades"]}],"is_beta":false,"boss_relics":[{"not_picked":["Tiny House","Runic Pyramid"],"picked":"SlaversCollar"},{"not_picked":["Black Star","Astrolabe"],"picked":"Cursed Key"}],"items_purged_floors":[19,22,39,42],"is_endless":false,"potions_floor_spawned":[3,4,8,18,29,33,35,38],"ascension_level":7}}