{"host":"ye7mfqqt9ljtnqit","time":1609176859,"event":{"mods":["BaseMod","Colored Map","Downfall","Marisa£®ÏF”Í°°ƒß¿Ì…≥£©","Minty Spire (QoL Compilation)","StSLib","SuperFastMode","The Servant 0.9.4"],"gold_per_floor":[361,36,67,92,92,92,129,129,152,185,185,185,150,189,189,313,313,345,373,416,416,53,53,53,87,157,202,114,129,141,158,158,342,342,361,385,414,433,449,449,459,459,482,482,502,528,6,6,6,6,6,6,6,49,49,49],"floor_reached":55,"playtime":4501,"items_purged":["Strike_MRS","Parasite","Strike_MRS"],"score":791,"play_id":"b0d7bb1e-4ad1-4ba9-8490-5388ae8f1986","local_time":"20201229013419","is_ascension_mode":false,"campfire_choices":[{"data":"OrrerysSun","floor":6.0,"key":"SMITH"},{"floor":11.0,"key":"REST"},{"data":"Occultation","floor":15.0,"key":"SMITH"},{"data":"StarDustReverie","floor":23.0,"key":"SMITH"},{"data":"Occultation","floor":32.0,"key":"SMITH"},{"floor":40.0,"key":"REST"},{"data":"EarthLightRay","floor":42.0,"key":"SMITH"},{"data":"ManaRampage","floor":44.0,"key":"SMITH"},{"floor":49.0,"key":"RECALL"},{"data":"IllusionStar","floor":52.0,"key":"SMITH"}],"circlet_count":0,"master_deck":["Strike_MRS","Defend_MRS","Defend_MRS","Defend_MRS","Defend_MRS+1","MasterSpark","UpSweep","GrandCross","WitchOfGreed","EventHorizon+1","OrrerysSun+1","OpenUniverse","Robbery","IllusionStar","MagicChant","OortCloud","FinalSpark","Occultation+1","SuperNova","EarthLightRay+1","MagicChant","ManaConvection+1","MysteriousBeam","ShootTheMoon+1","StarDustReverie+1","MaximisePower","Singularity","IllusionStar+1","AsteroidBelt","MilkyWay","EarthLightRay+1","Occultation+1","BlazeAway","ManaRampage+1","SprinkleStarSeal","IllusionStar+1","MagicChant+1","GalacticHalo+1","FairyDestructionRay+1","Occultation+1","PropBag+1","Acceleration","MysteriousBeam","6A+1","PowerUp+1","Acceleration+1","MagicChant","StarDustReverie+1","MysteriousBeam+1"],"relics":["MiniHakkero","Prayer Wheel","Juzu Bracelet","Bronze Scales","Anchor","ExperimentalFamiliar","Pen Nib","Strawberry","MawBank","SlaversCollar","Regal Pillow","Question Card","OrangePellets","BreadOfAWashokuLover","StoneCalendar","Mercury Hourglass"],"acts_visited":["Exordium","TheCity","TheBeyond","TheEnding"],"potions_floor_usage":[],"damage_taken":[{"damage":0.0,"enemies":"Cultist","floor":1.0,"turns":3.0},{"damage":0.0,"enemies":"Small Slimes","floor":3.0,"turns":3.0},{"damage":2.0,"enemies":"2 Louse","floor":4.0,"turns":3.0},{"damage":16.0,"enemies":"Exordium Wildlife","floor":7.0,"turns":5.0},{"damage":14.0,"enemies":"Lots of Slimes","floor":10.0,"turns":3.0},{"damage":18.0,"enemies":"3 Sentries","floor":14.0,"turns":8.0},{"damage":11.0,"enemies":"Hexaghost","floor":16.0,"turns":11.0},{"damage":0.0,"enemies":"3 Byrds","floor":18.0,"turns":4.0},{"damage":9.0,"enemies":"Shell Parasite","floor":19.0,"turns":7.0},{"damage":17.0,"enemies":"Shelled Parasite and Fungi","floor":20.0,"turns":7.0},{"damage":11.0,"enemies":"Slavers","floor":25.0,"turns":5.0},{"damage":7.0,"enemies":"Book of Stabbing","floor":27.0,"turns":6.0},{"damage":0.0,"enemies":"3 Cultists","floor":29.0,"turns":2.0},{"damage":0.0,"enemies":"Snake Plant","floor":30.0,"turns":3.0},{"damage":18.0,"enemies":"Snecko","floor":31.0,"turns":5.0},{"damage":48.0,"enemies":"Collector","floor":33.0,"turns":9.0},{"damage":6.0,"enemies":"3 Shapes","floor":35.0,"turns":2.0},{"damage":15.0,"enemies":"Orb Walker","floor":36.0,"turns":3.0},{"damage":28.0,"enemies":"Writhing Mass","floor":37.0,"turns":4.0},{"damage":35.0,"enemies":"Transient","floor":38.0,"turns":5.0},{"damage":0.0,"enemies":"Maw","floor":39.0,"turns":6.0},{"damage":0.0,"enemies":"Jaw Worm Horde","floor":41.0,"turns":4.0},{"damage":2.0,"enemies":"Sphere and 2 Shapes","floor":45.0,"turns":1.0},{"damage":0.0,"enemies":"Reptomancer","floor":46.0,"turns":1.0},{"damage":6.0,"enemies":"Donu and Deca","floor":50.0,"turns":4.0},{"damage":76,"enemies":"Shield and Spear","floor":54,"turns":13},{"damage":19,"enemies":"The Heart","floor":55,"turns":2}],"seed_played":"2277149734277143236","potions_obtained":[{"floor":3.0,"key":"LiquidMemories"},{"floor":3.0,"key":"FearPotion"},{"floor":7.0,"key":"EssenceOfSteel"},{"floor":10.0,"key":"Ancient Potion"},{"floor":10.0,"key":"Slimebound:ThreeZeroPotion"},{"floor":18.0,"key":"SteroidPotion"},{"floor":18.0,"key":"Dexterity Potion"},{"floor":31.0,"key":"Block Potion"},{"floor":35.0,"key":"DistilledChaos"},{"floor":37.0,"key":"DuplicationPotion"}],"is_trial":false,"path_per_floor":["M","$","M","M","?","R","M","?","T","M","R","?","?","E","R","B",null,"M","M","M","?","$","R","?","E","T","E","$","M","M","M","R","B",null,"M","M","M","M","M","R","M","R","T","R","M","E","$","?","R","B",null,"R","$","E","B"],"character_chosen":"MARISA","items_purchased":["Prayer Wheel","WitchOfGreed","StarDustReverie","Pen Nib","OrangePellets","BreadOfAWashokuLover"],"campfire_rested":2,"item_purchase_floors":[2,2,22,22,47,47],"current_hp_per_floor":[68,68,68,66,52,52,36,18,18,4,24,41,58,40,40,29,68,68,63,50,68,68,68,68,64,64,61,61,61,65,51,51,3,72,66,55,39,8,14,35,41,41,41,41,45,45,45,45,45,43,72,72,72,15,0,0],"gold":49,"neow_bonus":"TWO_FIFTY_GOLD","is_daily":false,"chose_seed":false,"campfire_upgraded":7,"win_rate":0.0,"timestamp":1609176859,"path_taken":["M","$","M","M","?","R","M","?","T","M","R","?","?","E","R","BOSS","M","M","M","?","$","R","?","E","T","E","?","M","M","M","R","BOSS","M","M","M","M","M","R","M","R","T","R","M","E","$","?","R","BOSS","R","$","E","BOSS"],"items_purchased_type":["Relic","Card","Card","Relic","Relic","Relic"],"build_version":"2020-12-22","purchased_purges":3,"victory":false,"max_hp_per_floor":[68,68,68,68,68,68,68,68,68,68,68,68,68,68,68,68,68,68,68,68,68,68,68,68,75,75,75,72,72,72,72,72,72,72,72,72,72,72,72,72,72,72,72,72,72,72,72,72,72,72,72,72,72,72,72,72],"card_choices":[{"not_picked":["AsteroidBelt","DragonMeteor"],"picked":"GrandCross","floor":1.0},{"not_picked":["LuminesStrike","UnstableBomb"],"picked":"EventHorizon","floor":3.0},{"not_picked":["FairyDestructionRay","Orbital"],"picked":"OrrerysSun","floor":3.0},{"not_picked":["BlazeAway","MysteriousBeam"],"picked":"OpenUniverse","floor":4.0},{"not_picked":["ShootingEcho","SporeBomb"],"picked":"Robbery","floor":4.0},{"not_picked":["ShootingEcho","DarkMatter"],"picked":"IllusionStar","floor":7.0},{"not_picked":["IllusionStar","WitchOfGreed"],"picked":"MagicChant","floor":7.0},{"not_picked":["WitchLeyline","LuminesStrike"],"picked":"OortCloud","floor":10.0},{"not_picked":["GravityBeat","DoubleSpark"],"picked":"FinalSpark","floor":10.0},{"not_picked":["WitchOfGreed","DoubleSpark"],"picked":"Occultation","floor":14.0},{"not_picked":["MaximisePower","JA"],"picked":"SuperNova","floor":16.0},{"not_picked":["WitchLeyline","ShootTheMoon"],"picked":"EarthLightRay","floor":18.0},{"not_picked":["BlazeAway+1","PowerUp"],"picked":"MagicChant","floor":18.0},{"not_picked":["OpenUniverse","AsteroidBelt"],"picked":"ManaConvection+1","floor":19.0},{"not_picked":["MilkyWay","PowerUp"],"picked":"MysteriousBeam","floor":19.0},{"not_picked":["IllusionStar","DarkSpark"],"picked":"ShootTheMoon+1","floor":20.0},{"not_picked":["RefractionSpark+1","Robbery"],"picked":"DeepEcoloBomb","floor":20.0},{"not_picked":["MagicChant","GalacticHalo"],"picked":"MaximisePower","floor":25.0},{"not_picked":["DC","AlicesGift"],"picked":"Singularity","floor":27.0},{"not_picked":["WitchOfGreed","DarkMatter+1"],"picked":"IllusionStar","floor":29.0},{"not_picked":["Orbital","JA"],"picked":"AsteroidBelt","floor":29.0},{"not_picked":["NonDirectionalLaser","UnstableBomb"],"picked":"MilkyWay","floor":30.0},{"not_picked":["PowerUp","DC"],"picked":"EarthLightRay+1","floor":30.0},{"not_picked":["SporeBomb","ChargingUp"],"picked":"Occultation","floor":31.0},{"not_picked":["SporeBomb","UnstableBomb"],"picked":"BlazeAway","floor":31.0},{"not_picked":["MaximisePower","JA"],"picked":"ManaRampage","floor":33.0},{"not_picked":["MilkyWay","Robbery+1"],"picked":"SprinkleStarSeal","floor":35.0},{"not_picked":["NonDirectionalLaser+1","GasGiant+1"],"picked":"IllusionStar+1","floor":35.0},{"not_picked":["ShootingEcho+1","DarkSpark+1"],"picked":"MagicChant+1","floor":36.0},{"not_picked":["WitchOfGreed+1","LuminesStrike","ChargingUp"],"picked":"SKIP","floor":36.0},{"not_picked":["DC","Robbery"],"picked":"GalacticHalo+1","floor":37.0},{"not_picked":["GrandCross+1","ShootTheMoon","AsteroidBelt"],"picked":"SKIP","floor":37.0},{"not_picked":["GrandCross+1","ShootTheMoon","AsteroidBelt"],"picked":"SKIP","floor":37.0},{"not_picked":["ShootTheMoon+1","UnstableBomb"],"picked":"FairyDestructionRay+1","floor":38.0},{"not_picked":["NonDirectionalLaser","MysteriousBeam+1"],"picked":"Occultation+1","floor":38.0},{"not_picked":["MeteoricShower","MachineGunSpark"],"picked":"PropBag+1","floor":39.0},{"not_picked":["DeepEcoloBomb","AsteroidBelt"],"picked":"Acceleration","floor":39.0},{"not_picked":["MeteoricShower","DC"],"picked":"MysteriousBeam","floor":41.0},{"not_picked":["MaximisePower","AsteroidBelt"],"picked":"6A+1","floor":41.0},{"not_picked":["GalacticHalo","EventHorizon"],"picked":"PowerUp+1","floor":45.0},{"not_picked":["AsteroidBelt+1","MysteriousBeam+1"],"picked":"Acceleration+1","floor":45.0},{"not_picked":["PowerUp","MilkyWay"],"picked":"MagicChant","floor":46.0},{"not_picked":["DarkSpark+1","GalacticHalo+1","AbsoluteMagnitude"],"picked":"MysteriousBeam+1","floor":54}],"player_experience":46706,"relics_obtained":[{"floor":9.0,"key":"Bronze Scales"},{"floor":14.0,"key":"Anchor"},{"floor":25.0,"key":"Strawberry"},{"floor":27.0,"key":"MawBank"},{"floor":43.0,"key":"Regal Pillow"},{"floor":46.0,"key":"Question Card"},{"floor":54,"key":"StoneCalendar"}],"event_choices":[{"damage_healed":0.0,"max_hp_gain":0.0,"max_hp_loss":0.0,"gold_gain":0.0,"event_name":"Shining Light","player_choice":"Entered Light","floor":5.0,"gold_loss":0.0,"damage_taken":14.0,"cards_upgraded":["Defend_MRS","EventHorizon"]},{"damage_healed":0.0,"max_hp_gain":0.0,"max_hp_loss":0.0,"gold_gain":0.0,"event_name":"Scrap Ooze","player_choice":"Success","floor":8.0,"gold_loss":0.0,"damage_taken":18.0,"relics_obtained":["Juzu Bracelet"]},{"damage_healed":17.0,"max_hp_gain":0.0,"max_hp_loss":0.0,"gold_gain":0.0,"event_name":"Mushrooms_MRS","player_choice":"Healed and dodged fight","floor":12.0,"gold_loss":0.0,"damage_taken":0.0,"cards_obtained":["Parasite"]},{"damage_healed":17.0,"max_hp_gain":0.0,"max_hp_loss":0.0,"gold_gain":0.0,"event_name":"The Cleric","player_choice":"Healed","floor":13.0,"gold_loss":35.0,"damage_taken":0.0},{"cards_removed":["DeepEcoloBomb"],"damage_healed":18.0,"max_hp_gain":0.0,"max_hp_loss":0.0,"gold_gain":0.0,"event_name":"Bonfire Elementals","player_choice":"Offered Uncommon","floor":21.0,"gold_loss":0.0,"damage_taken":0.0},{"cards_removed":["Strike_MRS"],"damage_healed":0.0,"max_hp_gain":0.0,"max_hp_loss":0.0,"gold_gain":0.0,"event_name":"Purifier","player_choice":"Purged","floor":24.0,"gold_loss":0.0,"damage_taken":0.0},{"damage_healed":0.0,"max_hp_gain":0.0,"max_hp_loss":0.0,"gold_gain":0.0,"event_name":"Duplicator","player_choice":"Copied","floor":48.0,"gold_loss":0.0,"damage_taken":0.0,"cards_obtained":["StarDustReverie"]}],"is_beta":false,"boss_relics":[{"not_picked":["Runic Pyramid","Ectoplasm"],"picked":"ExperimentalFamiliar"},{"not_picked":["SacredBark","Tiny House"],"picked":"SlaversCollar"}],"items_purged_floors":[22,28,47],"is_endless":false,"potions_floor_spawned":[3,7,10,18,19,25,31,35,37],"killed_by":"The Heart","ascension_level":0}}