{"host":"1637j8siz7lzgd5k","time":1609141942,"event":{"mods":["BaseMod","Colored Map","Minty Spire (QoL Compilation)","StSLib","SuperFastMode"],"gold_per_floor":[114,114,39,51,69,69,69,69,92,92,110,110,124,124,124,201,201,213,113,129,129,48,74,74,108,189,221,221,221,96,115,115,192,192,210,60,60,21,41,66,77,95,149,149,149,149],"floor_reached":45,"playtime":838,"items_purged":["Strike_R","Strike_R","Flame Barrier","Defend_R"],"score":1028,"play_id":"a3902097-63fe-472b-b898-0d995e22b814","local_time":"20201228165222","is_ascension_mode":true,"campfire_choices":[{"data":"Feed","floor":6.0,"key":"SMITH"},{"data":"Sword Boomerang","floor":8.0,"key":"SMITH"},{"data":"Bash","floor":10.0,"key":"SMITH"},{"data":"Spot Weakness","floor":12.0,"key":"SMITH"},{"floor":15.0,"key":"REST"},{"data":"Shockwave","floor":24,"key":"SMITH"},{"data":"Evolve","floor":28,"key":"SMITH"},{"floor":32,"key":"REST"},{"floor":44,"key":"REST"}],"circlet_count":0,"master_deck":["AscendersBane","Defend_R","Defend_R","Bash+1","Feed+1","Spot Weakness+1","Sword Boomerang+1","Shrug It Off+1","Impervious","Inflame","Headbutt","Shockwave+1","Evolve+1","Infernal Blade+1","Barricade","Intimidate","Burning Pact","Second Wind","Wild Strike"],"relics":["Burning Blood","FaceOfCleric","MealTicket","Runic Pyramid","Strawberry","Paper Frog","Pear","Ancient Tea Set","Velvet Choker","Ornamental Fan","Boot"],"acts_visited":["Exordium","TheCity","TheBeyond"],"potions_floor_usage":[25,27],"damage_taken":[{"damage":12.0,"enemies":"Cultist","floor":1.0,"turns":4.0},{"damage":4.0,"enemies":"2 Louse","floor":4.0,"turns":4.0},{"damage":8.0,"enemies":"Small Slimes","floor":5.0,"turns":6.0},{"damage":23.0,"enemies":"Gremlin Gang","floor":11.0,"turns":5.0},{"damage":21.0,"enemies":"Large Slime","floor":13.0,"turns":5.0},{"damage":59.0,"enemies":"The Guardian","floor":16.0,"turns":12.0},{"damage":21.0,"enemies":"Shell Parasite","floor":18.0,"turns":5.0},{"damage":3.0,"enemies":"Spheric Guardian","floor":20.0,"turns":5.0},{"damage":22,"enemies":"Gremlin Leader","floor":23,"turns":5},{"damage":41,"enemies":"Book of Stabbing","floor":25,"turns":5},{"damage":77,"enemies":"Slavers","floor":27,"turns":9},{"damage":23,"enemies":"Snake Plant","floor":31,"turns":5},{"damage":19,"enemies":"Champ","floor":33,"turns":8},{"damage":51,"enemies":"3 Darklings","floor":35,"turns":5},{"damage":13,"enemies":"3 Shapes","floor":39,"turns":5},{"damage":35,"enemies":"Nemesis","floor":40,"turns":7},{"damage":33,"enemies":"Spire Growth","floor":41,"turns":5},{"damage":67,"enemies":"Maw","floor":42,"turns":9},{"damage":0,"enemies":"Reptomancer","floor":45,"turns":1}],"seed_played":"-3156028569451060482","potions_obtained":[{"floor":4.0,"key":"BloodPotion"},{"floor":13.0,"key":"Fire Potion"},{"floor":20.0,"key":"GamblersBrew"},{"floor":23,"key":"LiquidBronze"},{"floor":33,"key":"Swift Potion"},{"floor":35,"key":"DistilledChaos"}],"is_trial":false,"path_per_floor":["M","?","$","M","M","R","?","R","T","R","M","R","M","?","R","B",null,"M","$","M","?","$","E","R","E","T","E","R","?","$","M","R","B",null,"M","$","?","$","M","E","M","M","T","R","E"],"character_chosen":"IRONCLAD","items_purchased":["Shockwave","Second Wind"],"campfire_rested":3,"item_purchase_floors":[22,38],"current_hp_per_floor":[65,65,65,70,71,71,71,71,71,71,59,59,49,49,77,29,82,72,87,95,95,109,101,101,71,81,41,41,41,56,44,86,74,126,86,101,101,116,114,90,68,8,8,57,57,57],"gold":149,"neow_bonus":"THREE_RARE_CARDS","is_daily":false,"chose_seed":false,"campfire_upgraded":6,"win_rate":0.0,"timestamp":1609141942,"path_taken":["M","?","$","M","M","R","?","R","T","R","?","R","M","?","R","BOSS","M","?","?","?","$","E","R","E","T","E","R","?","$","?","R","BOSS","M","$","?","$","M","E","?","M","T","R","E"],"items_purchased_type":["Card","Card"],"build_version":"2020-12-22","purchased_purges":4,"victory":false,"max_hp_per_floor":[78,78,78,81,84,84,84,84,84,84,89,89,94,94,94,99,99,104,104,109,109,109,117,117,122,132,137,137,137,137,142,142,143,143,148,148,148,148,153,158,163,164,164,164,164,164],"card_choices":[{"not_picked":["Double Tap","Corruption"],"picked":"Feed","floor":0.0},{"not_picked":["True Grit","Second Wind"],"picked":"Spot Weakness","floor":1.0},{"not_picked":["Warcry","True Grit"],"picked":"Sword Boomerang","floor":4.0},{"not_picked":["Anger","Twin Strike"],"picked":"Shrug It Off","floor":5.0},{"not_picked":["Havoc","Rupture","Clothesline"],"picked":"SKIP","floor":11.0},{"not_picked":["Combust","Infernal Blade","Pommel Strike"],"picked":"SKIP","floor":13.0},{"not_picked":["Corruption","Brutality"],"picked":"Impervious","floor":16.0},{"not_picked":["Anger","Disarm","Warcry"],"picked":"SKIP","floor":18.0},{"not_picked":["Flex","Sentinel"],"picked":"Inflame","floor":20.0},{"not_picked":["Flex","Perfected Strike","Spot Weakness"],"picked":"SKIP","floor":23},{"not_picked":["Feed","True Grit","Iron Wave"],"picked":"SKIP","floor":25},{"not_picked":["Inflame","True Grit"],"picked":"Evolve","floor":27},{"not_picked":["Armaments","Flex"],"picked":"Infernal Blade+1","floor":31},{"not_picked":["Corruption","Feed"],"picked":"Barricade","floor":33},{"not_picked":["Shrug It Off","Heavy Blade"],"picked":"Intimidate","floor":35},{"not_picked":["Sever Soul","Sentinel+1","True Grit"],"picked":"SKIP","floor":39},{"not_picked":["Shrug It Off","Clash+1","Iron Wave+1"],"picked":"SKIP","floor":40},{"not_picked":["Body Slam","Thunderclap"],"picked":"Wild Strike","floor":41},{"not_picked":["Wild Strike","Iron Wave","Clash"],"picked":"SKIP","floor":42}],"player_experience":823999,"relics_obtained":[{"floor":9.0,"key":"MealTicket"},{"floor":23,"key":"Strawberry"},{"floor":25,"key":"Paper Frog"},{"floor":26,"key":"Pear"},{"floor":27,"key":"Ancient Tea Set"},{"floor":40,"key":"Ornamental Fan"},{"floor":43,"key":"Boot"}],"event_choices":[{"cards_removed":["Decay"],"damage_healed":0.0,"max_hp_gain":0.0,"max_hp_loss":0.0,"gold_gain":0.0,"event_name":"Living Wall","player_choice":"Forget","floor":2.0,"gold_loss":0.0,"damage_taken":0.0},{"damage_healed":0.0,"max_hp_gain":0.0,"max_hp_loss":0.0,"gold_gain":0.0,"event_name":"FaceTrader","player_choice":"Trade","floor":7.0,"gold_loss":0.0,"damage_taken":0.0,"relics_obtained":["FaceOfCleric"]},{"damage_healed":0.0,"max_hp_gain":0.0,"max_hp_loss":0.0,"gold_gain":0.0,"event_name":"Upgrade Shrine","player_choice":"Upgraded","floor":14.0,"gold_loss":0.0,"damage_taken":0.0,"cards_upgraded":["Shrug It Off"]},{"damage_healed":0.0,"max_hp_gain":0.0,"max_hp_loss":0.0,"gold_gain":0.0,"cards_transformed":["Strike_R","Strike_R"],"event_name":"Drug Dealer","player_choice":"Became Test Subject","floor":21.0,"gold_loss":0.0,"damage_taken":0.0,"cards_obtained":["Flame Barrier","Headbutt"]},{"cards_removed":["Strike_R"],"damage_healed":0,"gold_gain":0,"player_choice":"Elegance","damage_taken":0,"max_hp_gain":0,"max_hp_loss":0,"event_name":"Back to Basics","floor":29,"gold_loss":0},{"damage_healed":0,"gold_gain":0,"cards_transformed":["Defend_R"],"player_choice":"Transformed","damage_taken":0,"max_hp_gain":0,"max_hp_loss":0,"event_name":"Transmorgrifier","floor":37,"gold_loss":0,"cards_obtained":["Burning Pact"]}],"is_beta":false,"boss_relics":[{"not_picked":["Empty Cage","Busted Crown"],"picked":"Runic Pyramid"},{"not_picked":["Black Star","Coffee Dripper"],"picked":"Velvet Choker"}],"items_purged_floors":[3,19,30,36],"is_endless":false,"potions_floor_spawned":[4,13,20,23,33,35,40,41],"killed_by":"Reptomancer","ascension_level":20}}