{"host":"o5or1zybx7au40zl","time":1609175502,"event":{"mods":["Act Like it!","BaseMod","Better Third Choice","Conspire","Dota2Spire","Hubris","Minty Spire (QoL Compilation)","Replay The Spire","StSLib"],"gold_per_floor":[118,147,161,175,188,188,219,235,284,303,317,362,382,433,433,537,537,557,656,671,691,703,703,703],"floor_reached":23,"playtime":568,"items_purged":[],"score":199,"play_id":"3f94e659-8f2c-4db8-a8e8-49b5332c87d0","local_time":"20201228181142","is_ascension_mode":false,"campfire_choices":[{"floor":6,"key":"RECALL"},{"floor":15,"key":"REST"}],"circlet_count":0,"master_deck":["Strike_R","Strike_R","Strike_R","Strike_R","Strike_R","Defend_R","Defend_R","Defend_R","Defend_R","Bash","Heavy Blade","ReplayTheSpireMod:Stacked","Perfected Strike","Infernal Blade","Spot Weakness","Blood for Blood","ReplayTheSpireMod:Stacked","Sword Boomerang","Inflame","Wild Strike","Exhume","Wild Strike","Perfected Strike+1","Metallicize"],"relics":["Burning Blood","Omamori","Dota2Spire:CrimsonGuard","Dota2Spire:LotusOrb","Red Skull","Mirror","SacredBark"],"acts_visited":["Exordium","TheCity"],"potions_floor_usage":[5,11,20,21,21,21],"damage_taken":[{"damage":6,"enemies":"Cultist","floor":1,"turns":3},{"damage":25,"enemies":"conspire:MimicChest","floor":2,"turns":5},{"damage":6,"enemies":"Jaw Worm","floor":3,"turns":3},{"damage":5,"enemies":"Small Slimes","floor":4,"turns":3},{"damage":5,"enemies":"Looter","floor":5,"turns":3},{"damage":7,"enemies":"3 Sentries","floor":7,"turns":6},{"damage":9,"enemies":"2 Fungi Beasts","floor":8,"turns":2},{"damage":14,"enemies":"Blue Slaver","floor":10,"turns":4},{"damage":7,"enemies":"Looter","floor":11,"turns":4},{"damage":16,"enemies":"Large Slime","floor":13,"turns":3},{"damage":23,"enemies":"The Guardian","floor":16,"turns":6},{"damage":26,"enemies":"Shell Parasite","floor":18,"turns":5},{"damage":35,"enemies":"3 Byrds","floor":20,"turns":5},{"damage":21,"enemies":"Shelled Parasite and Fungi","floor":21,"turns":5},{"damage":15,"enemies":"Snake Plant","floor":22,"turns":3},{"damage":28,"enemies":"conspire:SneckoGhost","floor":23,"turns":3}],"seed_played":"5819078831342911013","potions_obtained":[{"floor":2,"key":"LifebloodPotion"},{"floor":5,"key":"ColorlessPotion"},{"floor":7,"key":"Block Potion"},{"floor":13,"key":"FearPotion"},{"floor":14,"key":"LifebloodPotion"},{"floor":20,"key":"BlessingOfTheForge"}],"is_trial":false,"path_per_floor":["M","?","M","M","M","R","E","M","T","M","M","T","M","?","R","B",null,"M","?","M","M","M","E"],"character_chosen":"IRONCLAD","items_purchased":[],"campfire_rested":1,"item_purchase_floors":[],"current_hp_per_floor":[80,61,61,62,63,63,62,59,59,51,50,50,40,40,64,47,80,60,60,31,16,7,0,0],"gold":703,"neow_bonus":"RANDOM_COMMON_RELIC","is_daily":false,"chose_seed":false,"campfire_upgraded":0,"win_rate":0.0,"timestamp":1609175502,"path_taken":["M","?","M","M","M","R","E","M","T","M","?","?","M","?","R","BOSS","M","?","M","M","M","E"],"items_purchased_type":[],"build_version":"2020-12-22","purchased_purges":0,"victory":false,"max_hp_per_floor":[80,80,80,80,80,80,80,80,80,80,80,80,80,80,80,80,80,80,80,80,80,80,80,80],"card_choices":[{"not_picked":["ReplayTheSpireMod:Strike From Hell","Shrug It Off"],"picked":"Heavy Blade","floor":1},{"not_picked":["Headbutt","ReplayReversal"],"picked":"ReplayTheSpireMod:Stacked","floor":2},{"not_picked":["Iron Wave","Second Wind"],"picked":"Perfected Strike","floor":3},{"not_picked":["Feel No Pain","Clash"],"picked":"Infernal Blade","floor":4},{"not_picked":["Cleave","hubris:ReadiedAction"],"picked":"Spot Weakness","floor":5},{"not_picked":["Rupture","Entrench"],"picked":"Blood for Blood","floor":7},{"not_picked":["Bloodletting","Anger","Intimidate"],"picked":"SKIP","floor":8},{"not_picked":["Corruption","Headbutt"],"picked":"ReplayTheSpireMod:Stacked","floor":10},{"not_picked":["Rupture","ReplayTheSpireMod:Corrosion Curse"],"picked":"Sword Boomerang","floor":11},{"not_picked":["Armaments","Flex"],"picked":"Inflame","floor":13},{"not_picked":["Clothesline","Replay:Undeath\u0027s Touch"],"picked":"Wild Strike","floor":14},{"not_picked":["Barricade","Impervious"],"picked":"Exhume","floor":16},{"not_picked":["Replay:Undeath\u0027s Touch","Armaments","Run Through"],"picked":"SKIP","floor":18},{"not_picked":["Defy Death","Second Wind"],"picked":"Wild Strike","floor":20},{"not_picked":["ReplayReversal","Ghostly Armor"],"picked":"Perfected Strike+1","floor":21},{"not_picked":["Thunderclap","Blood for Blood"],"picked":"Metallicize","floor":22}],"player_experience":902734,"relics_obtained":[{"floor":2,"key":"Dota2Spire:CrimsonGuard"},{"floor":7,"key":"Dota2Spire:LotusOrb"},{"floor":9,"key":"Red Skull"},{"floor":14,"key":"Mirror"}],"event_choices":[{"damage_healed":0,"gold_gain":99,"player_choice":"Steal","damage_taken":0,"max_hp_gain":0,"max_hp_loss":0,"event_name":"betterThird:BetterNest","floor":19,"gold_loss":0}],"is_beta":false,"boss_relics":[{"not_picked":["conspire:SeveredTorchhead","Empty Cage"],"picked":"SacredBark"}],"items_purged_floors":[],"is_endless":false,"potions_floor_spawned":[2,5,7,13,20],"killed_by":"conspire:SneckoGhost","ascension_level":0}}