{"host":"i0avyit1s6jb1siw","time":1609170950,"event":{"mods":["BaseMod","DeckTracker","Dota2Spire","Highlight Path","Minty Spire (QoL Compilation)","Quick Restart","Replay The Spire","StSLib","SuperFastMode"],"gold_per_floor":[219,57,57,72,86,120,120,137,213,213,233,248,264,284,284,284,284],"floor_reached":16,"playtime":496,"items_purged":[],"score":212,"play_id":"ec1a92f2-102a-4859-8344-95268c874934","local_time":"20201228165550","is_ascension_mode":true,"campfire_choices":[{"floor":7,"key":"REST"},{"data":"Neutralize","floor":10,"key":"SMITH"},{"data":"Calculated Gamble","floor":15,"key":"SMITH"}],"circlet_count":0,"master_deck":["AscendersBane","Strike_G","Strike_G","Strike_G","Strike_G","Strike_G","Defend_G","Defend_G","Defend_G","Defend_G","Defend_G","Survivor","Neutralize+1","Flechettes","Deadly Poison","Tactician","Prepared+1","PiercingWail","Hidden Blade","Dagger Throw","Reflex","Acrobatics","Calculated Gamble+1"],"relics":["Ring of the Snake","Orrery","Tough Bandages","Paper Crane"],"acts_visited":["Exordium"],"potions_floor_usage":[16,16],"damage_taken":[{"damage":10,"enemies":"Small Slimes","floor":1,"turns":4},{"damage":1,"enemies":"Cultist","floor":4,"turns":4},{"damage":0,"enemies":"2 Louse","floor":5,"turns":3},{"damage":32,"enemies":"Gremlin Nob","floor":6,"turns":4},{"damage":2,"enemies":"Blue Slaver","floor":8,"turns":5},{"damage":9,"enemies":"Lots of Slimes","floor":11,"turns":5},{"damage":1,"enemies":"Looter","floor":12,"turns":4},{"damage":0,"enemies":"Blue Slaver","floor":13,"turns":5},{"damage":0,"enemies":"2 Fungi Beasts","floor":14,"turns":2},{"damage":38,"enemies":"Fading Forest","floor":16,"turns":12}],"seed_played":"-7645445497146380980","potions_obtained":[{"floor":1,"key":"Dexterity Potion"},{"floor":4,"key":"SmokeBomb"},{"floor":6,"key":"SkillPotion"},{"floor":11,"key":"Swift Potion"}],"is_trial":false,"path_per_floor":["M","$","?","M","M","E","R","M","T","R","M","M","M","M","R","B"],"character_chosen":"THE_SILENT","items_purchased":["Orrery"],"campfire_rested":1,"item_purchase_floors":[2],"current_hp_per_floor":[49,49,49,48,48,16,35,33,33,33,24,23,23,23,23,0,0],"gold":284,"neow_bonus":"HUNDRED_GOLD","is_daily":false,"chose_seed":false,"campfire_upgraded":2,"win_rate":0.0,"timestamp":1609170950,"path_taken":["M","$","?","M","M","E","R","M","T","R","M","M","?","M","R","BOSS"],"items_purchased_type":["Relic"],"build_version":"2020-12-22","purchased_purges":0,"victory":false,"max_hp_per_floor":[66,66,66,66,66,66,66,66,66,66,66,66,66,66,66,66,66],"card_choices":[{"not_picked":["Distraction","Deflect"],"picked":"Flechettes","floor":1},{"not_picked":["Endless Agony","Expertise"],"picked":"Deadly Poison","floor":2},{"not_picked":["Flechettes","Blade Dance"],"picked":"Tactician","floor":2},{"not_picked":["All Out Attack","Blade Dance"],"picked":"Prepared","floor":2},{"not_picked":["Choke","Flechettes"],"picked":"PiercingWail","floor":2},{"not_picked":["Outmaneuver","Toxin Wave"],"picked":"Hidden Blade","floor":4},{"not_picked":["Flying Knee","Sneak Up"],"picked":"Dagger Throw","floor":5},{"not_picked":["Phantasmal Killer","ReplayTheSpireMod:Exploit Weakness","Toxin Wave"],"picked":"SKIP","floor":6},{"not_picked":["Catalyst","Backflip"],"picked":"Reflex","floor":8},{"not_picked":["Skewer","Sneak Up","Dodge and Roll"],"picked":"SKIP","floor":11},{"not_picked":["Poisoned Stab","Bane"],"picked":"Acrobatics","floor":12},{"not_picked":["Backflip","Flying Knee","PiercingWail"],"picked":"SKIP","floor":13},{"not_picked":["Masterful Stab","Quick Slash"],"picked":"Calculated Gamble","floor":14}],"player_experience":2121638,"relics_obtained":[{"floor":6,"key":"Tough Bandages"},{"floor":9,"key":"Paper Crane"}],"event_choices":[{"damage_healed":0,"gold_gain":0,"player_choice":"Forge","damage_taken":0,"max_hp_gain":0,"max_hp_loss":0,"event_name":"Accursed Blacksmith","floor":3,"gold_loss":0,"cards_upgraded":["Prepared"]}],"is_beta":false,"boss_relics":[],"items_purged_floors":[],"is_endless":false,"potions_floor_spawned":[1,4,6,11,12],"killed_by":"Fading Forest","ascension_level":20}}