{"host":"btr9mlxs9vdylcfu","time":1609195384,"event":{"mods":["AchievementEnabler","AlwaysNeverKeys","BaseMod","Better Note","BetterRewards","Colored Map","Colored Powertips","Custom Start","Dio Mod","Gold Saver","Highlight Path","HornydragonMod","Minty Spire (QoL Compilation)","Shop Mod","Small Relic Pack","StSLib","TestMod","The Disciple","TheWitcher","UnlockEverythingMod","【?物卡牌】REMEMod","篝火指南"],"gold_per_floor":[2252,2252,2252,2281,2309,1579,1612,1556,1634,1634,1634,1634,1702,1714,1714,1699,1699],"floor_reached":16,"playtime":1912,"items_purged":["SnafuTest:DefaultCommonAttack"],"score":102,"play_id":"d8eb6528-8e8a-4b1b-9695-be2cad9fee63","local_time":"20201229064304","is_ascension_mode":false,"campfire_choices":[{"floor":11,"key":"REST"},{"floor":15,"key":"REST"}],"circlet_count":0,"master_deck":["SnafuTest:DefaultCommonAttack","SnafuTest:BountyHunt","SnafuTest:DefaultCommonSkill","SnafuTest:DefaultCommonSkill","SnafuTest:SignAard","SnafuTest:MercilessReaper","testmod-Illusory","SnafuTest:PayHappyHour","SnafuTest:Kick","SnafuTest:NoPass","SnafuTest:WorldMap","SnafuTest:ShieldUp","SnafuTest:PowerAlwaysOnRoads","SnafuTest:PayArmorSmith","SnafuTest:SignAard"],"relics":["SnafuTest:UnstableMutagenRelic","testmod-TestBox","REME_ComplimentaryCards","Question Card","Mummified Hand","Orrery","testmod-FatalChain","SnafuTest:IgniRelic","testmod-HeartOfDaVinci","REME_ArchaeologicalTools"],"acts_visited":["Exordium"],"potions_floor_usage":[],"damage_taken":[{"damage":4.0,"enemies":"Cultist","floor":1.0,"turns":5.0},{"damage":0.0,"enemies":"2 Louse","floor":4.0,"turns":2.0},{"damage":13.0,"enemies":"Jaw Worm","floor":5.0,"turns":5.0},{"damage":31,"enemies":"3 Sentries","floor":7,"turns":13},{"damage":11,"enemies":"3 Louse","floor":8,"turns":2},{"damage":0,"enemies":"Exordium Thugs","floor":13,"turns":3},{"damage":1,"enemies":"Looter","floor":14,"turns":3},{"damage":21,"enemies":"Slime Boss","floor":16,"turns":11}],"seed_played":"-5124941721450206148","potions_obtained":[{"floor":5.0,"key":"LiquidBronze"},{"floor":7,"key":"ColorlessPotion"},{"floor":14,"key":"DuplicationPotion"}],"is_trial":false,"path_per_floor":["M","?","?","M","M","R","E","M","T","T","R","?","M","M","R","B"],"character_chosen":"THE_WITCHER","items_purchased":["Question Card","Mummified Hand","Orrery"],"campfire_rested":2,"item_purchase_floors":[6,6,6],"current_hp_per_floor":[78,78,71,71,58,58,27,16,16,16,40,40,40,39,63,42,42],"gold":1699,"neow_bonus":"TEN_PERCENT_HP_BONUS","is_daily":false,"chose_seed":false,"campfire_upgraded":0,"win_rate":0.0,"timestamp":1609195384,"path_taken":["M","?","?","M","M","R","E","M","T","?","R","?","?","M","R","BOSS"],"items_purchased_type":["Relic","Relic","Relic"],"build_version":"2020-12-22","purchased_purges":1,"victory":false,"max_hp_per_floor":[82,82,82,82,82,82,82,82,82,82,82,82,82,82,82,82,82],"card_choices":[{"not_picked":["SnafuTest:ArmoredSortie","SnafuTest:CalculatingAmbition"],"picked":"SnafuTest:MercilessReaper","floor":1.0},{"not_picked":["SnafuTest:BombDancingStar","SnafuTest:SmashingSlash","SnafuTest:FirstAid"],"picked":"SKIP","floor":4.0},{"not_picked":["SnafuTest:MCMockAndRun","SnafuTest:BattleCry"],"picked":"SnafuTest:PayHappyHour","floor":5.0},{"not_picked":["SnafuTest:Offering","SnafuTest:PowerTrialOfGrasses","SnafuTest:ShoulderSlam"],"picked":"SnafuTest:Kick","floor":6},{"not_picked":["SnafuTest:Portal","SnafuTest:ExcessiveLevies","SnafuTest:MCPlayGwent"],"picked":"SnafuTest:NoPass","floor":6},{"not_picked":["SnafuTest:TradeOrTrick","SnafuTest:BombDancingStar","SnafuTest:PowerAlwaysAWay"],"picked":"SnafuTest:WorldMap","floor":6},{"not_picked":["SnafuTest:SneakKill","SnafuTest:FlashingEvasion","SnafuTest:Kick"],"picked":"SnafuTest:ShieldUp","floor":6},{"not_picked":["SnafuTest:BombDancingStar","SnafuTest:PayHappyHour","SnafuTest:FlashingRaid"],"picked":"SnafuTest:PayExoticTreasure","floor":7},{"not_picked":["SnafuTest:Offering","SnafuTest:SpellChainLightning","SnafuTest:SpellBitingFrost"],"picked":"SnafuTest:PowerAlwaysOnRoads","floor":8},{"not_picked":["SnafuTest:MCSongOfPeace","SnafuTest:FirstAid","SnafuTest:OtherWorld"],"picked":"SnafuTest:PayArmorSmith","floor":13},{"not_picked":["SnafuTest:MCMockAndRun","SnafuTest:MercilessReaper","SnafuTest:GetPaid"],"picked":"SnafuTest:SignAard","floor":14}],"player_experience":315573,"relics_obtained":[{"floor":7,"key":"testmod-FatalChain"},{"floor":9,"key":"testmod-HeartOfDaVinci"},{"floor":10,"key":"REME_ArchaeologicalTools"}],"event_choices":[{"damage_healed":0.0,"max_hp_gain":0.0,"max_hp_loss":0.0,"gold_gain":0.0,"event_name":"Liars Game","player_choice":"Ignored","floor":2.0,"gold_loss":0.0,"damage_taken":0.0},{"cards_removed":["SnafuTest:DefaultCommonSkill"],"damage_healed":0.0,"max_hp_gain":0.0,"max_hp_loss":0.0,"gold_gain":0.0,"event_name":"Golden Wing","player_choice":"Card Removal","floor":3.0,"gold_loss":0.0,"damage_taken":7.0},{"cards_removed":["SnafuTest:DefaultCommonAttack"],"damage_healed":0,"gold_gain":0,"player_choice":"Purged","damage_taken":0,"max_hp_gain":0,"max_hp_loss":0,"event_name":"Purifier","floor":12,"gold_loss":0}],"is_beta":false,"boss_relics":[],"items_purged_floors":[6],"is_endless":false,"potions_floor_spawned":[5,7,14],"killed_by":"Slime Boss","ascension_level":0}}