{"host":"fuszjwm6fqgjjp4d","time":1609190296,"event":{"mods":["BaseMod","Bestiary","Colored Map","DeckTracker","Minty Spire (QoL Compilation)","Permanent Neow","Relic Sorter","Relic Stats","StSLib"],"gold_per_floor":[113,113,113,131,6,53,53,76,99,99,139,5,5,24,24,24,24],"floor_reached":16,"playtime":355,"items_purged":["Strike_B"],"score":216,"play_id":"1d1f6fe1-d5b2-44f6-a329-f9019ab5d295","local_time":"20201228151816","is_ascension_mode":true,"campfire_choices":[{"data":"Genetic Algorithm","floor":7,"key":"SMITH"},{"data":"Streamline","floor":10,"key":"SMITH"},{"data":"Self Repair","floor":13,"key":"SMITH"},{"data":"Zap","floor":15,"key":"SMITH"}],"circlet_count":0,"master_deck":["AscendersBane","Strike_B","Strike_B","Strike_B","Defend_B","Defend_B","Defend_B","Defend_B","Zap+1","Dualcast","CurseOfTheBell","Beam Cell","Streamline+1","Conserve Battery","Genetic Algorithm+1","Reboot","Self Repair+1"],"relics":["Calling Bell","Blood Vial","Darkstone Periapt","Calipers","Golden Idol","CeramicFish","Omamori","Boot"],"acts_visited":["Exordium"],"potions_floor_usage":[6,6,11,14,16],"damage_taken":[{"damage":16,"enemies":"Small Slimes","floor":1,"turns":4},{"damage":11,"enemies":"Cultist","floor":4,"turns":4},{"damage":24,"enemies":"Lagavulin","floor":6,"turns":8},{"damage":11,"enemies":"2 Louse","floor":8,"turns":2},{"damage":8,"enemies":"Gremlin Nob","floor":11,"turns":3},{"damage":0,"enemies":"Blue Slaver","floor":14,"turns":2},{"damage":34,"enemies":"The Guardian","floor":16,"turns":5}],"seed_played":"2874190673650089391","potions_obtained":[{"floor":1,"key":"Energy Potion"},{"floor":4,"key":"Dexterity Potion"},{"floor":8,"key":"LiquidMemories"},{"floor":14,"key":"ColorlessPotion"}],"is_trial":false,"path_per_floor":["M","?","?","M","$","E","R","M","T","R","E","$","R","M","R","B"],"character_chosen":"DEFECT","items_purchased":["Conserve Battery","Self Repair","SkillPotion"],"campfire_rested":0,"item_purchase_floors":[5,12,12],"current_hp_per_floor":[50,50,64,53,53,31,31,22,22,22,16,16,16,28,28,0,0],"gold":24,"neow_bonus":"BOSS_RELIC","is_daily":false,"chose_seed":false,"campfire_upgraded":4,"win_rate":0.0,"timestamp":1609190296,"path_taken":["M","?","?","M","$","E","R","M","T","R","E","$","R","M","R","BOSS"],"items_purchased_type":["Card","Card","Potion"],"build_version":"2020-12-22","purchased_purges":1,"victory":false,"max_hp_per_floor":[71,64,64,64,64,64,64,64,64,64,64,64,64,64,64,64,64],"relic_stats":{"Blood Vial":12,"Darkstone Periapt":0,"counters":[7,28],"Golden Idol":27,"CeramicFish":27,"Boot":[11],"obtain_stats":[{"Calling Bell":0,"Blood Vial":0,"Darkstone Periapt":0,"Calipers":0,"Golden Idol":2,"CeramicFish":6,"Omamori":9,"Cracked Core":0,"Boot":11},{"Calling Bell":0,"Blood Vial":0,"Darkstone Periapt":0,"Calipers":0,"Golden Idol":1,"CeramicFish":3,"Omamori":4,"Cracked Core":0,"Boot":5},{"Calling Bell":0,"Blood Vial":0,"Darkstone Periapt":0,"Calipers":0,"Golden Idol":4,"CeramicFish":16,"Omamori":18,"Cracked Core":0,"Boot":21}]},"card_choices":[{"not_picked":["Compile Driver","Go for the Eyes"],"picked":"Beam Cell","floor":1},{"not_picked":["Steam","Gash"],"picked":"Streamline","floor":4},{"not_picked":["Defragment","Gash"],"picked":"Genetic Algorithm","floor":6},{"not_picked":["Reinforced Body","Turbo"],"picked":"Reboot","floor":8},{"not_picked":["Rebound","Reprogram","Barrage"],"picked":"SKIP","floor":11},{"not_picked":["Chaos","Stack","Lockon"],"picked":"SKIP","floor":14}],"player_experience":1233732,"relics_obtained":[{"floor":0,"key":"Blood Vial"},{"floor":0,"key":"Darkstone Periapt"},{"floor":0,"key":"Calipers"},{"floor":6,"key":"CeramicFish"},{"floor":9,"key":"Omamori"},{"floor":11,"key":"Boot"}],"event_choices":[{"damage_healed":0,"gold_gain":0,"player_choice":"Lose Max HP","damage_taken":0,"relics_obtained":["Golden Idol"],"max_hp_gain":0,"max_hp_loss":7,"event_name":"Golden Idol","floor":2,"gold_loss":0},{"damage_healed":14,"gold_gain":0,"player_choice":"Full Heal","damage_taken":0,"max_hp_gain":0,"max_hp_loss":0,"event_name":"Wheel of Change","floor":3,"gold_loss":0}],"is_beta":false,"boss_relics":[],"items_purged_floors":[5],"is_endless":false,"potions_floor_spawned":[1,4,8,14],"killed_by":"The Guardian","ascension_level":20}}