{"host":"d1ko3fbbyfpftrlc","time":1609182398,"event":{"mods":["AchievementEnabler","BaseMod","Curses Come First","Minty Spire (QoL Compilation)","Replay The Spire","StSLib"],"gold_per_floor":[109,34,45,45,45,45,63,89,89,101,101,120,120,140,140,244,244,257,277,24,42,57,84,96,125,125,25,58,58,58,58,85,105,105,202,202,217,317,336,106,106,141,153,165,177,50,68,68,79,108,108,108,108],"floor_reached":52,"playtime":2518,"items_purged":["Bash","Defend_R"],"score":642,"play_id":"6a754c7a-113b-436f-b2fa-2cd2e782d796","local_time":"20201229020638","is_ascension_mode":false,"campfire_choices":[{"data":"Inflame","floor":6,"key":"SMITH"},{"floor":11,"key":"REST"},{"data":"Replay:Undeath\u0027s Touch","floor":15,"key":"SMITH"},{"floor":34,"key":"DIG"},{"data":"Defend_R","floor":48,"key":"PURGE"},{"data":"Defend_R","floor":51,"key":"PURGE"}],"circlet_count":0,"master_deck":["Strike_R","Strike_R","Strike_R","Strike_R","Strike_R","Defend_R","Inflame+1","Pommel Strike","ReplayTheSpireMod:Private Reserves+1","Heavy Blade","Reaper+1","Replay:Undeath\u0027s Touch+1","Blood for Blood","Flex+1","Hemogenesis+1","Sword Boomerang","Twin Strike+1","Pommel Strike","ReplayTheSpireMod:Muscle Training+1","Heavy Blade+1","Inflame+1","Second Wind+1","Offering+1","Thunderclap","Clash+1","Flex+1","Double Tap+1","Madness+1","Madness+1","Inflame+1","Inflame+1","Pummel+1","Armaments+1","Replay:Undeath\u0027s Touch"],"relics":["Honey Jar","Toxic Egg 2","ReplayTheSpireMod:TigerMarble","Snack Pack","Ooze Armor","Golden Egg","Pen Nib","Bottled Lightning","Garlic","Peace Pipe","ReplayTheSpireMod:Lightbulb","Onion Ring","SlaversCollar","Guide Book","MawBank","Meat on the Bone","Bottled Flame","Lantern"],"acts_visited":["Exordium","TheCity","TheBeyond"],"potions_floor_usage":[8,8,23,23,24,28,35],"damage_taken":[{"damage":4,"enemies":"Cultist","floor":1,"turns":4},{"damage":1,"enemies":"2 Louse","floor":3,"turns":3},{"damage":6,"enemies":"Small Slimes","floor":7,"turns":3},{"damage":40,"enemies":"Lagavulin","floor":8,"turns":4},{"damage":13,"enemies":"Looter","floor":10,"turns":3},{"damage":20,"enemies":"Lots of Slimes","floor":12,"turns":4},{"damage":10,"enemies":"Exordium Thugs","floor":14,"turns":3},{"damage":50,"enemies":"Fading Forest","floor":16,"turns":11},{"damage":5,"enemies":"Chosen","floor":18,"turns":3},{"damage":8,"enemies":"2 Thieves","floor":19,"turns":2},{"damage":22,"enemies":"Shelled Parasite and Fungi","floor":21,"turns":4},{"damage":12,"enemies":"Cultist and Chosen","floor":22,"turns":4},{"damage":9,"enemies":"Book of Stabbing","floor":23,"turns":3},{"damage":6,"enemies":"3 Cultists","floor":24,"turns":3},{"damage":23,"enemies":"Replay:Snechameleon","floor":25,"turns":3},{"damage":3,"enemies":"Book of Stabbing","floor":28,"turns":2},{"damage":28,"enemies":"Gremlin Leader","floor":32,"turns":4},{"damage":14,"enemies":"Shelled Parasite and Fungi","floor":33,"turns":3},{"damage":7,"enemies":"Collector","floor":35,"turns":2},{"damage":17,"enemies":"3 Darklings","floor":37,"turns":3},{"damage":16,"enemies":"3 Shapes","floor":39,"turns":1},{"damage":2,"enemies":"Reptomancer","floor":42,"turns":3},{"damage":7,"enemies":"Maw","floor":47,"turns":3},{"damage":9,"enemies":"3 Darklings","floor":49,"turns":3},{"damage":9,"enemies":"Nemesis","floor":50,"turns":3},{"damage":106,"enemies":"Time Eater","floor":52,"turns":3}],"seed_played":"8025070403931504003","potions_obtained":[{"floor":1,"key":"FearPotion"},{"floor":7,"key":"LiquidBronze"},{"floor":8,"key":"Strength Potion"},{"floor":14,"key":"SpeedPotion"},{"floor":21,"key":"BloodPotion"},{"floor":22,"key":"Doom Potion"},{"floor":23,"key":"SteroidPotion"},{"floor":25,"key":"Adrenaline Potion"},{"floor":32,"key":"LifebloodPotion"},{"floor":35,"key":"Explosive Potion"},{"floor":49,"key":"Swift Potion"},{"floor":50,"key":"LiquidMemories"}],"is_trial":false,"path_per_floor":["M","$","M","?","?","R","M","E","T","M","R","M","?","M","R","B",null,"M","M","$","M","M","E","M","E","T","$","E","PTL","PTL","?","E","M","R","B",null,"M","?","M","$","?","E","?","?","T","$","M","R","M","E","R","B"],"character_chosen":"IRONCLAD","items_purchased":["Golden Egg","Double Tap+1","Guide Book","Inflame","Pummel"],"campfire_rested":1,"item_purchase_floors":[20,40,40,46,46],"current_hp_per_floor":[76,76,75,75,75,75,69,29,29,25,49,49,49,55,55,44,80,80,80,80,75,80,80,80,60,60,60,66,66,66,66,74,80,80,80,80,80,80,66,66,56,80,80,80,80,80,80,80,80,71,71,0,0],"gold":108,"neow_bonus":"BOSS_RELIC","is_daily":false,"chose_seed":false,"campfire_upgraded":2,"win_rate":0.0,"timestamp":1609182398,"path_taken":["M","$","M","?","?","R","?","E","T","M","R","M","?","M","R","BOSS","M","M","$","M","?","E","M","E","T","$","E","PTL","PTL","?","E","M","R","BOSS","M","?","?","$","?","E","?","?","T","$","?","R","M","E","R","BOSS"],"items_purchased_type":["Relic","Card","Relic","Card","Card"],"build_version":"2020-12-22","purchased_purges":2,"victory":false,"max_hp_per_floor":[80,80,80,80,80,80,80,80,80,80,80,80,80,80,80,80,80,80,80,80,80,80,80,80,80,80,80,80,80,80,80,80,80,80,80,80,80,80,80,80,80,80,80,80,80,80,80,80,80,80,80,80,80],"card_choices":[{"not_picked":["ReplayTheSpireMod:LeadingStrike","Clothesline","Fire Breathing"],"picked":"Inflame","floor":1},{"not_picked":["Spot Weakness","Wild Strike","Replay:Undeath\u0027s Touch"],"picked":"Pommel Strike","floor":3},{"not_picked":["Dropkick","ReplayTheSpireMod:Muscle Training+1","Wild Strike"],"picked":"Heavy Blade","floor":7},{"not_picked":["Defy Death+1","Blood for Blood","Fire Breathing"],"picked":"Reaper","floor":8},{"not_picked":["Havoc+1","Whirlwind","Hemokinesis"],"picked":"Replay:Undeath\u0027s Touch","floor":10},{"not_picked":["ReplayTheSpireMod:Limb From Limb","ReplayTheSpireMod:Strike From Hell","Feel No Pain"],"picked":"Blood for Blood","floor":12},{"not_picked":["ReplayTheSpireMod:LeadingStrike","Heavy Blade","Immolate"],"picked":"Flex+1","floor":14},{"not_picked":["Demonic Infusion+1","Impervious+1","Fiend Fire"],"picked":"Hemogenesis","floor":16},{"not_picked":["Metallicize+1","Pommel Strike","Warcry+1"],"picked":"Sword Boomerang","floor":18},{"not_picked":["Thunderclap","Headbutt","Evolve"],"picked":"Twin Strike+1","floor":19},{"not_picked":["Havoc+1","Bludgeon","Headbutt+1"],"picked":"Pommel Strike","floor":21},{"not_picked":["Pommel Strike","Clash","Blood for Blood"],"picked":"Armaments+1","floor":22},{"not_picked":["Flame Barrier+1","Havoc+1","Pommel Strike"],"picked":"ReplayTheSpireMod:Muscle Training+1","floor":23},{"not_picked":["Shrug It Off+1","Berserk","Power Through+1"],"picked":"Heavy Blade+1","floor":24},{"not_picked":["Anger","ReplayTheSpireMod:Strike From Hell","Twin Strike"],"picked":"Inflame+1","floor":25},{"not_picked":["Metallicize","Perfected Strike","Pommel Strike+1"],"picked":"Second Wind+1","floor":28},{"not_picked":["Cleave","Replay:Undeath\u0027s Touch","Warcry+1"],"picked":"Offering+1","floor":32},{"not_picked":["Run Through","ReplayTheSpireMod:Corrosion Curse+1","True Grit+1"],"picked":"Thunderclap","floor":33},{"not_picked":["Pommel Strike+1","Perfected Strike+1","Second Wind+1"],"picked":"Clash+1","floor":37},{"not_picked":["ReplayTheSpireMod:Strike From Hell","Hemokinesis+1","True Grit+1"],"picked":"Flex+1","floor":39},{"not_picked":["Shrug It Off+1","Power Through+1","Clash","Hemogenesis"],"picked":"SKIP","floor":42},{"not_picked":["Twin Strike","Rupture+1","Run Through+1"],"picked":"Armaments+1","floor":47},{"not_picked":["Headbutt","Combust+1","Anger+1"],"picked":"Replay:Undeath\u0027s Touch","floor":49},{"not_picked":["Flame Barrier+1","Run Through+1","Impervious+1","Thunderclap"],"picked":"SKIP","floor":50}],"player_experience":34475,"relics_obtained":[{"floor":8,"key":"ReplayTheSpireMod:TigerMarble"},{"floor":9,"key":"Snack Pack"},{"floor":23,"key":"Pen Nib"},{"floor":25,"key":"Bottled Lightning"},{"floor":26,"key":"Garlic"},{"floor":28,"key":"Peace Pipe"},{"floor":32,"key":"ReplayTheSpireMod:Lightbulb"},{"floor":34,"key":"Onion Ring"},{"floor":42,"key":"MawBank"},{"floor":45,"key":"Bottled Flame"},{"floor":50,"key":"Lantern"}],"event_choices":[{"damage_healed":0,"gold_gain":0,"player_choice":"Box","damage_taken":0,"relics_obtained":["Toxic Egg 2"],"max_hp_gain":0,"max_hp_loss":0,"event_name":"Big Fish","floor":4,"gold_loss":0,"cards_obtained":["Regret"]},{"damage_healed":0,"gold_gain":0,"player_choice":"1 cards matched","damage_taken":0,"max_hp_gain":0,"max_hp_loss":0,"event_name":"Match and Keep!","floor":5,"gold_loss":0,"cards_obtained":["ReplayTheSpireMod:Private Reserves"]},{"cards_removed":["Regret"],"damage_healed":0,"gold_gain":0,"player_choice":"Card Removal","damage_taken":0,"max_hp_gain":0,"max_hp_loss":0,"event_name":"Wheel of Change","floor":13,"gold_loss":0},{"damage_healed":0,"gold_gain":100,"player_choice":"Pray","damage_taken":0,"max_hp_gain":0,"max_hp_loss":0,"event_name":"Golden Shrine","floor":38,"gold_loss":0},{"damage_healed":0,"gold_gain":0,"player_choice":"Embrace Madness","damage_taken":10,"max_hp_gain":0,"max_hp_loss":0,"event_name":"Winding Halls","floor":41,"gold_loss":0,"cards_obtained":["Madness","Madness"]},{"cards_removed":["Armaments"],"damage_healed":0,"gold_gain":0,"player_choice":"Removed Skill","damage_taken":0,"max_hp_gain":0,"max_hp_loss":0,"event_name":"Falling","floor":43,"gold_loss":0},{"damage_healed":0,"gold_gain":0,"player_choice":"Gave Potion","damage_taken":0,"relics_obtained":["Meat on the Bone"],"max_hp_gain":0,"max_hp_loss":0,"event_name":"WeMeetAgain","floor":44,"gold_loss":0}],"is_beta":false,"boss_relics":[{"not_picked":["Kintsugi","Electric Blood"],"picked":"Ooze Armor"},{"not_picked":["Painkiller Herb","ChewingGum"],"picked":"SlaversCollar"}],"items_purged_floors":[2,27],"is_endless":false,"potions_floor_spawned":[1,7,8,14,21,22,23,25,32,35,49,50],"killed_by":"Time Eater","ascension_level":0}}