{"host":"y76clbnovzmw9ubx","time":1609192078,"event":{"mods":["AchievementEnabler","BaseMod","Minty Spire (QoL Compilation)","Permanent Neow","Relic Stats"],"gold_per_floor":[113,113,131,148,162,162,191,191,191,206,206,241,259,288,288,360,360,376,388,407,419,61,61,109,109,109,109,144,182,182,182],"floor_reached":30,"playtime":2567,"items_purged":["Clash"],"score":584,"play_id":"9f8e5b7c-7036-4de0-85e0-84f078990bbd","local_time":"20201228164758","is_ascension_mode":true,"campfire_choices":[{"data":"Pommel Strike","floor":6,"key":"SMITH"},{"floor":8,"key":"REST"},{"data":"Ghostly Armor","floor":11,"key":"SMITH"},{"data":"Carnage","floor":15,"key":"SMITH"},{"floor":23,"key":"REST"},{"floor":25,"key":"REST"},{"data":"Feel No Pain","floor":27,"key":"SMITH"}],"circlet_count":0,"master_deck":["AscendersBane","Bash+1","Pommel Strike+1","Ghostly Armor+1","Cleave","Burning Pact","Carnage+1","Sentinel","Corruption","Thunderclap","Rupture","Demon Form","Headbutt","Havoc","Inflame","Flame Barrier","Feel No Pain+1","Second Wind","True Grit","Shrug It Off","HandOfGreed","Flame Barrier","Armaments","Battle Trance"],"relics":["Runic Dome","Dead Branch","WingedGreaves","Turnip","Pantograph","Pandora\u0027s Box","Blood Vial","Matryoshka","Pear"],"acts_visited":["Exordium","TheCity"],"potions_floor_usage":[7,14,24,24,24,28,29],"damage_taken":[{"damage":2,"enemies":"2 Louse","floor":1,"turns":3},{"damage":1,"enemies":"Cultist","floor":3,"turns":3},{"damage":10,"enemies":"Small Slimes","floor":4,"turns":3},{"damage":15,"enemies":"Gremlin Gang","floor":5,"turns":5},{"damage":8,"enemies":"Gremlin Nob","floor":7,"turns":3},{"damage":8,"enemies":"Large Slime","floor":10,"turns":4},{"damage":7,"enemies":"3 Sentries","floor":12,"turns":7},{"damage":5,"enemies":"3 Louse","floor":13,"turns":3},{"damage":11,"enemies":"Lagavulin","floor":14,"turns":5},{"damage":39,"enemies":"The Guardian","floor":16,"turns":10},{"damage":11,"enemies":"Shell Parasite","floor":18,"turns":2},{"damage":23,"enemies":"3 Byrds","floor":19,"turns":3},{"damage":0,"enemies":"Sentry and Sphere","floor":20,"turns":3},{"damage":0,"enemies":"Snecko","floor":21,"turns":4},{"damage":35,"enemies":"Gremlin Leader","floor":24,"turns":5},{"damage":19,"enemies":"Slavers","floor":28,"turns":5},{"damage":10,"enemies":"Centurion and Healer","floor":29,"turns":5},{"damage":37,"enemies":"Gremlin Leader","floor":30,"turns":5}],"seed_played":"1009656945625269574","potions_obtained":[{"floor":3,"key":"Dexterity Potion"},{"floor":4,"key":"LiquidMemories"},{"floor":12,"key":"Ancient Potion"},{"floor":14,"key":"EntropicBrew"},{"floor":19,"key":"SneckoOil"},{"floor":21,"key":"BloodPotion"},{"floor":28,"key":"Weak Potion"}],"is_trial":false,"path_per_floor":["M","?","M","M","M","R","E","R","T","M","R","E","M","E","R","B",null,"M","M","M","M","$","R","E","R","T","R","E","M","E"],"character_chosen":"IRONCLAD","items_purchased":["HandOfGreed","Flame Barrier"],"campfire_rested":3,"item_purchase_floors":[22,22],"current_hp_per_floor":[66,66,65,55,40,40,32,54,54,46,46,39,34,23,23,9,59,48,25,25,25,25,47,27,49,49,49,42,34,0,0],"gold":182,"neow_bonus":"BOSS_RELIC","is_daily":false,"chose_seed":false,"campfire_upgraded":4,"win_rate":0.0,"timestamp":1609192078,"path_taken":["M","?","M","M","M","R","E","R","T","M","R","E","M","E","R","BOSS","M","M","M","M","$","R","E","R","T","R","E","?","E"],"items_purchased_type":["Card","Card"],"build_version":"2020-12-22","purchased_purges":1,"victory":false,"max_hp_per_floor":[75,75,75,75,75,75,75,75,75,75,75,75,75,75,75,75,75,75,75,75,75,75,75,75,75,75,75,85,85,85,85],"relic_stats":{"Blood Vial":6,"counters":[18,78],"Dead Branch":[167],"Pantograph":25,"Pandora\u0027s Box":["Thunderclap","Rupture","Demon Form","Headbutt","Havoc","Inflame","Clash","Flame Barrier","Feel No Pain"],"Turnip":[11],"obtain_stats":[{"Blood Vial":24,"Runic Dome":0,"Matryoshka":26,"Pear":28,"Dead Branch":7,"Pantograph":14,"Pandora\u0027s Box":17,"WingedGreaves":9,"Turnip":12,"Burning Blood":0},{"Blood Vial":15,"Runic Dome":0,"Matryoshka":15,"Pear":16,"Dead Branch":5,"Pantograph":9,"Pandora\u0027s Box":10,"WingedGreaves":5,"Turnip":7,"Burning Blood":0},{"Blood Vial":63,"Runic Dome":0,"Matryoshka":63,"Pear":68,"Dead Branch":17,"Pantograph":36,"Pandora\u0027s Box":46,"WingedGreaves":17,"Turnip":28,"Burning Blood":0}]},"card_choices":[{"not_picked":["Havoc","Flex","Clash"],"picked":"SKIP","floor":1},{"not_picked":["Thunderclap","Clothesline"],"picked":"Pommel Strike","floor":3},{"not_picked":["Clash","Iron Wave"],"picked":"Ghostly Armor","floor":4},{"not_picked":["Wild Strike","Headbutt"],"picked":"Cleave","floor":5},{"not_picked":["Havoc","Rupture"],"picked":"Burning Pact","floor":7},{"not_picked":["Evolve","Twin Strike","Heavy Blade"],"picked":"SKIP","floor":10},{"not_picked":["Shrug It Off","Havoc","Combust"],"picked":"SKIP","floor":12},{"not_picked":["Anger","Burning Pact"],"picked":"Carnage","floor":13},{"not_picked":["Thunderclap","Wild Strike"],"picked":"Sentinel","floor":14},{"not_picked":["Fiend Fire","Exhume"],"picked":"Corruption","floor":16},{"not_picked":["Clash","Spot Weakness","Thunderclap"],"picked":"SKIP","floor":18},{"not_picked":["Warcry","Thunderclap"],"picked":"Second Wind","floor":19},{"not_picked":["Headbutt","Pommel Strike"],"picked":"True Grit","floor":20},{"not_picked":["Havoc","Carnage"],"picked":"Shrug It Off","floor":21},{"not_picked":["Spot Weakness","Rampage","Havoc"],"picked":"SKIP","floor":24},{"not_picked":["Wild Strike","Havoc"],"picked":"Armaments","floor":28},{"not_picked":["Intimidate","Hemokinesis"],"picked":"Battle Trance","floor":29}],"player_experience":3006674,"relics_obtained":[{"floor":7,"key":"Dead Branch"},{"floor":9,"key":"WingedGreaves"},{"floor":12,"key":"Turnip"},{"floor":14,"key":"Pantograph"},{"floor":24,"key":"Blood Vial"},{"floor":26,"key":"Matryoshka"},{"floor":28,"key":"Pear"}],"event_choices":[{"damage_healed":0,"gold_gain":0,"player_choice":"Forge","damage_taken":0,"max_hp_gain":0,"max_hp_loss":0,"event_name":"Accursed Blacksmith","floor":2,"gold_loss":0,"cards_upgraded":["Bash"]}],"is_beta":false,"boss_relics":[{"not_picked":["Calling Bell","SacredBark"],"picked":"Pandora\u0027s Box"}],"items_purged_floors":[22],"is_endless":false,"potions_floor_spawned":[3,4,12,14,19,21,28],"killed_by":"Gremlin Leader","ascension_level":20}}