{"host":"dh4nu8nelr2izibb","time":1609184264,"event":{"mods":["Act Like it!","BaseMod","Better Third Choice","Card Forge","Displayed Cursed Tome","HololiveMod","Marisa????????","Minty Spire (QoL Compilation)","Puzzle Mod","Quick Restart","Relic Filter","StSLib","The Marked","The Poker Player","The Servant 0.9.4","WarShipGirlsR/????R mod","Yakumo Yukari mod"],"gold_per_floor":[119,21,21,36,36,36,70,70,97,108,108,118,130,160,160,234,234,234,234],"floor_reached":18,"playtime":603,"items_purged":[],"score":490,"play_id":"700a6890-8c61-4fab-b7a6-fd841da87046","local_time":"20201228143744","is_ascension_mode":true,"campfire_choices":[{"floor":6,"key":"REST"},{"floor":8,"key":"REST"},{"data":"Noxious Fumes","floor":11,"key":"SMITH"},{"floor":15,"key":"REST"}],"circlet_count":0,"master_deck":["AscendersBane","Strike_G","Strike_G","Strike_G","Defend_G","Defend_G","Defend_G","Defend_G","Survivor+1","Clumsy","Malaise","Terror","Footwork","Sucker Punch","Noxious Fumes+1","Deflect","Footwork","Leg Sweep","Blade Dance","Quick Slash","A Thousand Cuts","Phantasmal Killer"],"relics":["Ring of the Snake","Hammer of Thor","Seething Fire","Anvil of the Gods","Blue Candle","Smiling Mask","Mercury Hourglass","HoveringKite"],"acts_visited":["Exordium","TheCity"],"potions_floor_usage":[13,14,16],"damage_taken":[{"damage":4,"enemies":"Small Slimes","floor":1,"turns":4},{"damage":5,"enemies":"2 Louse","floor":4,"turns":4},{"damage":38,"enemies":"3 Sentries","floor":7,"turns":10},{"damage":0,"enemies":"Cultist","floor":10,"turns":5},{"damage":20,"enemies":"3 Louse","floor":12,"turns":8},{"damage":8,"enemies":"Exordium Thugs","floor":13,"turns":7},{"damage":0,"enemies":"Lagavulin","floor":14,"turns":7},{"damage":1,"enemies":"The Guardian","floor":16,"turns":12},{"damage":0,"enemies":"3 Byrds","floor":18,"turns":2}],"seed_played":"-8844332129986302800","potions_obtained":[{"floor":12,"key":"Poison Potion"},{"floor":13,"key":"Strength Potion"},{"floor":14,"key":"LiquidMemories"}],"is_trial":false,"path_per_floor":["M","$","?","M","?","R","E","R","T","M","R","M","M","E","R","B",null,"M"],"character_chosen":"THE_SILENT","items_purchased":["Footwork","Sucker Punch"],"campfire_rested":3,"item_purchase_floors":[2,2],"current_hp_per_floor":[55,55,35,30,30,49,11,30,30,30,30,10,2,2,21,20,55,55,55],"gold":234,"neow_bonus":"THREE_RARE_CARDS","is_daily":false,"chose_seed":false,"campfire_upgraded":1,"win_rate":0.0,"timestamp":1609184264,"path_taken":["M","$","?","M","?","R","E","R","T","M","R","?","M","E","R","BOSS","M"],"items_purchased_type":["Card","Card"],"build_version":"2020-12-22","purchased_purges":0,"victory":false,"max_hp_per_floor":[66,66,66,66,66,66,66,66,66,66,66,66,66,66,66,66,66,66,66],"card_choices":[{"not_picked":["Corpse Explosion","Storm of Steel"],"picked":"Malaise","floor":0},{"not_picked":["Noxious Fumes","Deflect"],"picked":"Terror","floor":1},{"not_picked":["Underhanded Strike","Deadly Poison"],"picked":"Noxious Fumes","floor":4},{"not_picked":["Noxious Fumes","Poisoned Stab"],"picked":"Footwork","floor":7},{"not_picked":["Deadly Poison","Distraction"],"picked":"Leg Sweep","floor":10},{"not_picked":["Deflect","Slice"],"picked":"Blade Dance","floor":12},{"not_picked":["Poisoned Stab","Dagger Throw"],"picked":"Quick Slash","floor":13},{"not_picked":["Acrobatics","Dagger Throw"],"picked":"A Thousand Cuts","floor":14},{"not_picked":["Bullet Time","Storm of Steel"],"picked":"Phantasmal Killer","floor":16}],"player_experience":1124485,"relics_obtained":[{"floor":7,"key":"Blue Candle"},{"floor":9,"key":"Smiling Mask"},{"floor":14,"key":"Mercury Hourglass"}],"event_choices":[{"damage_healed":55,"gold_gain":0,"player_choice":"Upgrade","damage_taken":20,"max_hp_gain":0,"max_hp_loss":66,"event_name":"betterThird:BetterShining","floor":3,"gold_loss":0,"cards_upgraded":["Survivor","Strike_G"]},{"damage_healed":0,"gold_gain":0,"cards_transformed":["Strike_G"],"player_choice":"Transformed","damage_taken":0,"max_hp_gain":0,"max_hp_loss":0,"event_name":"Transmorgrifier","floor":5,"gold_loss":0,"cards_obtained":["Deflect"]}],"is_beta":false,"boss_relics":[{"not_picked":["Coffee Dripper","Pandora\u0027s Box"],"picked":"HoveringKite"}],"items_purged_floors":[],"is_endless":false,"potions_floor_spawned":[12,13,14],"killed_by":"3 Byrds","ascension_level":20}}