{"host":"cvi30shpqg1ukvbr","time":1609131415,"event":{"mods":["Act Like it!","BaseMod","Better Altar","Better Match","Better Note","Better Sensory Stone","Better Skull","Better Third Choice","Conspire","GifTheSpireLib","Hubris","Infinite Spire","Minty Spire (QoL Compilation)","Relic Stats","Replay The Spire","Shop Mod","Spicy Shops","StSLib","Stuff the Spire"],"gold_per_floor":[109,125,143,143,155,155,175,206,206,222,240,1,1,1,1,104,104,115,131,143,143,143,175,450,450,450],"floor_reached":25,"playtime":998,"items_purged":[],"score":236,"play_id":"72350a80-4f0d-468b-9483-2bf85639d0a8","local_time":"20201228135655","is_ascension_mode":true,"campfire_choices":[{"data":"Apotheosis","floor":6,"key":"SMITH"},{"floor":13,"key":"REST"},{"data":"Brutality","floor":15,"key":"SMITH"}],"circlet_count":0,"master_deck":["Strike_R","Strike_R","Strike_R","Strike_R","Strike_R","Defend_R","Defend_R","Defend_R","Defend_R","Bash","Apotheosis+1","ReplayReversal","Flex","Brutality+1","Regret","Heavy Blade","hubris:ReadiedAction","infinitespire:OneForAll","ReplayTheSpireMod:LeadingStrike","Feed","StuffTheSpire:BloodClot","True Grit+1","Whirlwind","Demon Form","Headbutt","Regret"],"relics":["Burning Blood","infinitespire:PuzzleCube","Ice Cream","Question Card","Mark of Pain","infinitespire:Beetle Shell"],"acts_visited":["Exordium","TheCity"],"potions_floor_usage":[8,16,21,23,23,23],"damage_taken":[{"damage":6,"enemies":"Cultist","floor":1,"turns":3},{"damage":7,"enemies":"Small Slimes","floor":2,"turns":4},{"damage":3,"enemies":"2 Louse","floor":3,"turns":4},{"damage":18,"enemies":"2 Fungi Beasts","floor":5,"turns":4},{"damage":14,"enemies":"conspire:2 RoseBushes","floor":7,"turns":5},{"damage":19,"enemies":"3 Sentries","floor":8,"turns":8},{"damage":24,"enemies":"Lots of Slimes","floor":10,"turns":5},{"damage":13,"enemies":"Large Slime","floor":11,"turns":5},{"damage":26,"enemies":"The Guardian","floor":16,"turns":8},{"damage":25,"enemies":"conspire:FuzzyDice","floor":18,"turns":7},{"damage":19,"enemies":"Spheric Guardian","floor":19,"turns":5},{"damage":20,"enemies":"Shelled Parasite and Fungi","floor":20,"turns":5},{"damage":43,"enemies":"Book of Stabbing","floor":23,"turns":5},{"damage":22,"enemies":"Sentry and Sphere","floor":25,"turns":3}],"seed_played":"-8092465871748174031","potions_obtained":[{"floor":1,"key":"GamblersBrew"},{"floor":2,"key":"SpeedPotion"},{"floor":7,"key":"AttackPotion"},{"floor":8,"key":"FearPotion"},{"floor":10,"key":"SkillPotion"},{"floor":18,"key":"BloodPotion"},{"floor":21,"key":"Fruit Juice"},{"floor":21,"key":"CultistPotion"}],"is_trial":false,"path_per_floor":["M","M","M","?","M","R","M","E","T","M","M","$","R","?","R","B",null,"M","M","M","?","?","E","?","M"],"character_chosen":"IRONCLAD","items_purchased":["Question Card"],"campfire_rested":1,"item_purchase_floors":[12],"current_hp_per_floor":[72,71,72,72,60,60,52,39,39,21,14,14,35,50,50,30,72,57,48,37,42,42,22,22,0,0],"gold":450,"neow_bonus":"RANDOM_COLORLESS_2","is_daily":false,"chose_seed":false,"campfire_upgraded":2,"win_rate":0.0,"timestamp":1609131415,"path_taken":["M","M","M","?","M","R","M","E","T","M","M","$","R","?","R","BOSS","M","M","M","?","?","E","?","?"],"items_purchased_type":["Relic"],"build_version":"2020-12-22","purchased_purges":0,"victory":false,"max_hp_per_floor":[72,72,72,72,72,72,72,72,72,72,72,72,72,72,72,72,72,76,80,83,88,88,88,88,88,88],"relic_stats":{"counters":[14,71],"Question Card":8,"obtain_stats":[{"Ice Cream":8,"Mark of Pain":17,"infinitespire:Beetle Shell":23,"Question Card":12,"Burning Blood":0,"infinitespire:PuzzleCube":4},{"Ice Cream":6,"Mark of Pain":9,"infinitespire:Beetle Shell":13,"Question Card":8,"Burning Blood":0,"infinitespire:PuzzleCube":3},{"Ice Cream":28,"Mark of Pain":46,"infinitespire:Beetle Shell":68,"Question Card":38,"Burning Blood":0,"infinitespire:PuzzleCube":11}],"Burning Blood":76},"card_choices":[{"not_picked":["Panache","Secret Technique"],"picked":"Apotheosis","floor":0},{"not_picked":["Iron Wave","Burning Pact"],"picked":"ReplayReversal","floor":1},{"not_picked":["Anger","Havoc"],"picked":"Flex","floor":2},{"not_picked":["Wild Strike","Heavy Blade"],"picked":"Brutality","floor":3},{"not_picked":["Twin Strike","Sword Boomerang"],"picked":"Heavy Blade","floor":5},{"not_picked":["ReplayTheSpireMod:Corrosion Curse","Twin Strike"],"picked":"hubris:ReadiedAction","floor":7},{"not_picked":["Flex","Shockwave"],"picked":"infinitespire:OneForAll","floor":8},{"not_picked":["hubris:SharpeningStone","Replay:Undeath\u0027s Touch","ReplayTheSpireMod:Strike From Hell"],"picked":"SKIP","floor":10},{"not_picked":["Anger","Pummel"],"picked":"ReplayTheSpireMod:LeadingStrike","floor":11},{"not_picked":["Replay:Many Hands","Double Tap","Juggernaut"],"picked":"Feed","floor":16},{"not_picked":["True Grit","Ghostly Armor+1","Thunderclap"],"picked":"StuffTheSpire:BloodClot","floor":18},{"not_picked":["StuffTheSpire:BloodClot","Iron Wave","Body Slam"],"picked":"True Grit+1","floor":19},{"not_picked":["Replay:Undeath\u0027s Touch","True Grit","Clash"],"picked":"Whirlwind","floor":20},{"not_picked":["Shrug It Off","Body Slam","Immolate"],"picked":"Headbutt","floor":23}],"player_experience":1776627,"relics_obtained":[{"floor":8,"key":"Ice Cream"},{"floor":23,"key":"infinitespire:Beetle Shell"}],"event_choices":[{"damage_healed":0,"gold_gain":0,"player_choice":"Box","damage_taken":0,"relics_obtained":["infinitespire:PuzzleCube"],"max_hp_gain":0,"max_hp_loss":0,"event_name":"Big Fish","floor":4,"gold_loss":0,"cards_obtained":["Regret"]},{"damage_healed":0,"gold_gain":0,"player_choice":"Got Potions","damage_taken":0,"max_hp_gain":0,"max_hp_loss":0,"event_name":"Lab","floor":21,"gold_loss":0},{"cards_removed":["Apotheosis"],"damage_healed":0,"gold_gain":0,"player_choice":"Take \u0026 Give","damage_taken":0,"max_hp_gain":0,"max_hp_loss":0,"event_name":"betterNote:BetterNote","floor":22,"gold_loss":0,"cards_obtained":["Demon Form"]},{"damage_healed":0,"gold_gain":275,"player_choice":"Desecrate","damage_taken":0,"max_hp_gain":0,"max_hp_loss":0,"event_name":"Golden Shrine","floor":24,"gold_loss":0,"cards_obtained":["Regret"]}],"is_beta":false,"boss_relics":[{"not_picked":["Ring of Chaos","Replay:Bronze Core"],"picked":"Mark of Pain"}],"items_purged_floors":[],"is_endless":false,"potions_floor_spawned":[1,2,7,8,10,18,20],"killed_by":"Sentry and Sphere","ascension_level":1}}