{"host":"344lv32hnei0mdhu","time":1609121711,"event":{"mods":["Act Like it!","BaseMod","Better Match","Better Sensory Stone","Better Skull","Better Third Choice","Better Vampires","Colored Powertips","Highlight Path","Minty Spire (QoL Compilation)","Quick Restart","Random Character Button","Rare Cards Sparkle","StSLib"],"gold_per_floor":[115,115,115,115,115,146,169,200,200,214,60,60,60,235,235,356,356,376,218,234,156,172,172,172],"floor_reached":23,"playtime":580,"items_purged":[],"score":307,"play_id":"6dc3edb3-18d9-47f8-b947-0ef390d1434a","local_time":"20201227201511","is_ascension_mode":true,"campfire_choices":[{"data":"Searing Blow","floor":12,"key":"SMITH"},{"data":"Searing Blow+1","floor":15,"key":"SMITH"}],"circlet_count":0,"master_deck":["Strike_R","Strike_R","Strike_R","Strike_R","Strike_R","Defend_R","Defend_R","Defend_R","Defend_R","Bash","Thunderclap","Injury","Searing Blow+2","Fire Breathing","Bloodletting","Power Through","Dark Shackles","Doubt","Bludgeon","Rupture","Flame Barrier","Wild Strike","Sword Boomerang","Rupture","Rage"],"relics":["Burning Blood","NeowsBlessing","Golden Idol","Juzu Bracelet","Odd Mushroom","HornCleat","Chemical X","Runic Pyramid"],"acts_visited":["Exordium","TheCity"],"potions_floor_usage":[8,8,8,10,16,23],"damage_taken":[{"damage":0,"enemies":"2 Louse","floor":1,"turns":1},{"damage":0,"enemies":"3 Sentries","floor":6,"turns":1},{"damage":0,"enemies":"Small Slimes","floor":7,"turns":1},{"damage":3,"enemies":"The Mushroom Lair","floor":8,"turns":4},{"damage":7,"enemies":"Jaw Worm","floor":10,"turns":3},{"damage":58,"enemies":"Slime Boss","floor":16,"turns":9},{"damage":22,"enemies":"Spheric Guardian","floor":18,"turns":4},{"damage":34,"enemies":"3 Byrds","floor":20,"turns":6},{"damage":4,"enemies":"Snecko","floor":22,"turns":5},{"damage":35,"enemies":"Book of Stabbing","floor":23,"turns":5}],"seed_played":"2001890218762739637","potions_obtained":[{"floor":6,"key":"EntropicBrew"},{"floor":8,"key":"Explosive Potion"},{"floor":18,"key":"SmokeBomb"},{"floor":20,"key":"Energy Potion"}],"is_trial":false,"path_per_floor":["M","?","?","?","?","E","M","?","T","M","$","R","?","?","R","B",null,"M","$","M","$","M","E"],"character_chosen":"IRONCLAD","items_purchased":["Chemical X","Rupture","Flame Barrier","Wild Strike","Rupture"],"campfire_rested":0,"item_purchase_floors":[11,19,19,19,21],"current_hp_per_floor":[78,78,78,83,83,85,85,85,85,84,84,84,84,84,84,32,72,56,56,28,28,30,0,0],"gold":172,"neow_bonus":"THREE_ENEMY_KILL","is_daily":false,"chose_seed":false,"campfire_upgraded":2,"win_rate":0.0,"timestamp":1609121711,"path_taken":["M","?","?","?","?","E","M","?","T","M","$","R","?","?","R","BOSS","M","$","M","$","M","E"],"items_purchased_type":["Relic","Card","Card","Card","Card"],"build_version":"2020-12-22","purchased_purges":0,"victory":false,"max_hp_per_floor":[80,80,80,85,85,85,85,85,85,85,85,85,85,85,85,85,85,85,85,85,85,85,85,85],"card_choices":[{"not_picked":["Clothesline","Clash"],"picked":"Thunderclap","floor":1},{"not_picked":["Body Slam","True Grit"],"picked":"Searing Blow","floor":6},{"not_picked":["Iron Wave","Warcry"],"picked":"Fire Breathing","floor":7},{"not_picked":["Warcry","True Grit"],"picked":"Bloodletting","floor":8},{"not_picked":["Armaments","Headbutt"],"picked":"Power Through","floor":10},{"not_picked":["Secret Weapon","Thinking Ahead"],"picked":"Dark Shackles","floor":13},{"not_picked":["Double Tap","Barricade"],"picked":"Bludgeon","floor":16},{"not_picked":["Wild Strike","Combust","Heavy Blade"],"picked":"SKIP","floor":18},{"not_picked":["Twin Strike","Carnage"],"picked":"Sword Boomerang","floor":20},{"not_picked":["Clash","Juggernaut"],"picked":"Rage","floor":22}],"player_experience":285229,"relics_obtained":[{"floor":6,"key":"Juzu Bracelet"},{"floor":8,"key":"Odd Mushroom"},{"floor":9,"key":"HornCleat"}],"event_choices":[{"damage_healed":0,"gold_gain":0,"player_choice":"Leave","damage_taken":0,"max_hp_gain":0,"max_hp_loss":0,"event_name":"The Cleric","floor":2,"gold_loss":0},{"damage_healed":0,"gold_gain":0,"player_choice":"Take Wound","damage_taken":0,"relics_obtained":["Golden Idol"],"max_hp_gain":0,"max_hp_loss":0,"event_name":"Golden Idol","floor":3,"gold_loss":0,"cards_obtained":["Injury"]},{"damage_healed":0,"gold_gain":0,"player_choice":"Donut","damage_taken":0,"max_hp_gain":5,"max_hp_loss":0,"event_name":"Big Fish","floor":4,"gold_loss":0},{"damage_healed":0,"gold_gain":0,"player_choice":"Ignored","damage_taken":0,"max_hp_gain":0,"max_hp_loss":0,"event_name":"Golden Wing","floor":5,"gold_loss":0},{"damage_healed":0,"gold_gain":0,"player_choice":"Fought Mushrooms","damage_taken":0,"max_hp_gain":0,"max_hp_loss":0,"event_name":"Mushrooms","floor":8,"gold_loss":0},{"damage_healed":0,"gold_gain":1,"player_choice":"1","damage_taken":0,"max_hp_gain":0,"max_hp_loss":0,"event_name":"betterStone:BetterStone","floor":13,"gold_loss":0},{"damage_healed":0,"gold_gain":175,"player_choice":"AGREE","damage_taken":60,"max_hp_gain":0,"max_hp_loss":0,"event_name":"betterThird:BetterSerpent","floor":14,"gold_loss":0}],"is_beta":false,"boss_relics":[{"not_picked":["Pandora\u0027s Box","Busted Crown"],"picked":"Runic Pyramid"}],"items_purged_floors":[],"is_endless":false,"potions_floor_spawned":[6,8,18,20],"killed_by":"Book of Stabbing","ascension_level":9}}