{"host":"e4jlzdgap3yn3qj8","time":1609135550,"event":{"mods":["AchievementEnabler","BaseMod","Block Reminder","Colored Powertips","Curses Come First","Downfall","Highlight Path","Minty Spire (QoL Compilation)","Quick Restart","Random Character Button","Rare Cards Sparkle","StSLib"],"gold_per_floor":[99,112,132,145,158,83,83,8,8,40,40,71,71,91,102,198,198,198,217,217,57,57,57,57,71,100,134,20,38,23,40,56,155,205,130,130,15,26,142,155,179,194,212,212,243,243,243,243],"floor_reached":46,"playtime":4152,"items_purged":["Regret","champ:ArenaPreparation"],"score":580,"play_id":"fb23cbc8-e952-495c-8f46-bb0646c3a1b0","local_time":"20201228010550","is_ascension_mode":false,"campfire_choices":[{"floor":1,"key":"RECALL"},{"data":"champ:Taunt","floor":6,"key":"SMITH"},{"data":"champ:PerfectedStrike","floor":8,"key":"SMITH"},{"floor":11,"key":"REST"},{"data":"champ:Backstep","floor":18,"key":"SMITH"},{"data":"champ:IronFortress","floor":35,"key":"SMITH"},{"floor":44,"key":"REST"}],"circlet_count":0,"master_deck":["champ:Strike","champ:Strike","champ:Strike","champ:Strike","champ:Defend","champ:Defend","champ:Defend","champ:Defend+1","champ:Execute","champ:Taunt+1","champ:CrookedStrike+1","champ:BringItOn+1","champ:PerfectedStrike+1","champ:HeartStrike","champ:Backstep+1","champ:BerserkerStyle","champ:IronFortress+1","champ:GladiatorStyle","champ:Encircle","champ:Shatter","champ:Circumvent","champ:FanOfKnives","champ:FalseCounter","champ:AdrenalArmor","champ:EnragedBash","champ:GutPunch+1","champ:Riposte","champ:Lariat+1","champ:Riposte","champ:Improvising","Trip","Parasite","champ:RisingSlash+1","champ:DefensiveShout","champ:ShieldWall+1"],"relics":["champ:ChampionCrown","downfall:HeartBlessingRed","downfall:HeartBlessingBlue","champ:LiftRelic","Oddly Smooth Stone","Matryoshka","Runic Pyramid","Lantern","Mummified Hand","Red Mask","Peace Pipe","Tiny House","downfall:HeartBlessingGreen","Strawberry","Pen Nib","champ:DefensiveTrainingManual","Potion Belt"],"acts_visited":["Exordium","TheCity","TheBeyond"],"potions_floor_usage":[16,16,26,27,33,33,33,38,42,45],"damage_taken":[{"damage":9,"enemies":"2 Louse","floor":2,"turns":5},{"damage":2,"enemies":"Jaw Worm","floor":3,"turns":5},{"damage":5,"enemies":"Small Slimes","floor":4,"turns":5},{"damage":0,"enemies":"Red Slaver","floor":5,"turns":3},{"damage":14,"enemies":"Gremlin Nob","floor":10,"turns":4},{"damage":26,"enemies":"3 Sentries","floor":12,"turns":7},{"damage":4,"enemies":"3 Louse","floor":14,"turns":3},{"damage":11,"enemies":"Exordium Wildlife","floor":15,"turns":4},{"damage":24,"enemies":"downfall:Ironclad","floor":16,"turns":11},{"damage":18,"enemies":"Shell Parasite","floor":19,"turns":6},{"damage":22,"enemies":"downfall:FleeingMerchant","floor":21,"turns":4},{"damage":5,"enemies":"Chosen","floor":25,"turns":4},{"damage":12,"enemies":"Masked Bandits","floor":26,"turns":6},{"damage":14,"enemies":"Book of Stabbing","floor":27,"turns":6},{"damage":12,"enemies":"downfall:FleeingMerchant","floor":28,"turns":4},{"damage":28,"enemies":"Centurion and Healer","floor":29,"turns":7},{"damage":24,"enemies":"downfall:FleeingMerchant","floor":30,"turns":4},{"damage":44,"enemies":"Chosen and Byrds","floor":31,"turns":5},{"damage":23,"enemies":"Snake Plant","floor":32,"turns":4},{"damage":94,"enemies":"downfall:Silent","floor":33,"turns":8},{"damage":37,"enemies":"downfall:FleeingMerchant","floor":37,"turns":4},{"damage":16,"enemies":"Orb Walker","floor":38,"turns":4},{"damage":27,"enemies":"downfall:FleeingMerchant","floor":39,"turns":3},{"damage":54,"enemies":"3 Shapes","floor":40,"turns":4},{"damage":48,"enemies":"Writhing Mass","floor":42,"turns":7},{"damage":34,"enemies":"Transient","floor":43,"turns":5},{"damage":89,"enemies":"Reptomancer","floor":45,"turns":8},{"damage":12,"enemies":"Maw","floor":46,"turns":2}],"seed_played":"-861053708774785990","potions_obtained":[{"floor":2,"key":"BlessingOfTheForge"},{"floor":5,"key":"Regen Potion"},{"floor":14,"key":"Regen Potion"},{"floor":25,"key":"Guardian:BlockOnCardUsePotion"},{"floor":26,"key":"PowerPotion"},{"floor":29,"key":"Ancient Potion"},{"floor":32,"key":"Guardian:BlockOnCardUsePotion"},{"floor":33,"key":"champ:OpenerPotion"},{"floor":34,"key":"LiquidBronze"},{"floor":43,"key":"Regen Potion"},{"floor":45,"key":"PowerPotion"}],"is_trial":false,"path_per_floor":["R","M","M","M","M","R","T","R","?","E","R","E","?","M","M","B",null,"R","M","?","$","?","?","T","M","?","E","$","M","$","M","M","B",null,"R","?","$","M","?","M","T","M","M","R","E","M"],"character_chosen":"THE_CHAMP","items_purchased":["champ:Encircle","champ:AdrenalArmor","Block Potion","Trip","Strawberry"],"campfire_rested":2,"item_purchase_floors":[21,28,28,39,39],"current_hp_per_floor":[99,98,96,91,91,91,91,101,101,87,109,83,83,79,68,109,109,109,96,96,85,85,119,119,119,110,103,100,97,97,91,82,17,124,124,124,124,124,131,81,81,48,32,71,5,0,0,0],"gold":243,"neow_bonus":"TEN_PERCENT_HP_BONUS","is_daily":false,"chose_seed":false,"campfire_upgraded":4,"win_rate":0.0,"timestamp":1609135550,"path_taken":["R","M","M","M","M","R","T","R","?","E","R","E","?","M","M","BOSS","R","M","?","$","?","?","T","?","?","E","$","M","?","?","M","BOSS","R","?","$","M","?","M","T","M","M","R","E","?"],"items_purchased_type":["Card","Card","Potion","Card","Relic"],"build_version":"2020-12-22","purchased_purges":2,"victory":false,"max_hp_per_floor":[99,99,99,99,99,99,99,109,109,109,109,109,109,109,109,109,109,109,109,109,109,109,119,119,119,119,119,119,119,119,119,119,119,124,124,124,124,124,131,131,131,131,131,131,131,131,131,131],"card_choices":[{"not_picked":["champ:SkillfulDodge","champ:TornadoPunch"],"picked":"champ:CrookedStrike","floor":2},{"not_picked":["champ:StanceDance","champ:SkillfulDodge"],"picked":"champ:BringItOn","floor":3},{"not_picked":["champ:GutPunch","champ:CrookedStrike"],"picked":"champ:PerfectedStrike","floor":4},{"not_picked":["champ:CrookedStrike","champ:GutPunch"],"picked":"champ:HeartStrike","floor":5},{"not_picked":["champ:StanceDance","champ:BerserkersShout"],"picked":"champ:Backstep","floor":10},{"not_picked":["champ:EnGarde","champ:FlashCut"],"picked":"champ:BerserkerStyle","floor":12},{"not_picked":["champ:Haymaker","champ:PerfectedStrike"],"picked":"champ:IronFortress","floor":14},{"not_picked":["champ:Backstep","champ:BringItOn"],"picked":"champ:GladiatorStyle","floor":15},{"not_picked":["champ:SwordThrow","champ:ShieldThrow"],"picked":"champ:PerfectForm","floor":16},{"not_picked":["champ:DeathBlow","champ:Haymaker","champ:BladeFlurry"],"picked":"SKIP","floor":19},{"not_picked":["champ:CrookedStrike","champ:BringItOn","champ:GladiatorsShout"],"picked":"SKIP","floor":21},{"not_picked":["champ:FlashCut","champ:FocusedDefense"],"picked":"champ:Shatter","floor":25},{"not_picked":["champ:FlashCut","champ:GladiatorsShout+1"],"picked":"champ:Circumvent","floor":26},{"not_picked":["champ:BerserkersShout+1","champ:HeartStrike"],"picked":"champ:FanOfKnives","floor":27},{"not_picked":["champ:Shatter","champ:CrookedStrike"],"picked":"champ:FalseCounter","floor":28},{"not_picked":["champ:FlashCut","champ:FaceSlap"],"picked":"champ:ArenaPreparation","floor":29},{"not_picked":["champ:Improvising","champ:BringItOn"],"picked":"champ:EnragedBash","floor":30},{"not_picked":["champ:AdrenalArmor","champ:BringItOn"],"picked":"champ:GutPunch","floor":31},{"not_picked":["champ:HeartStrike","champ:BerserkersShout"],"picked":"champ:Riposte","floor":32},{"not_picked":["champ:PerfectForm","champ:HeavySlash"],"picked":"champ:DancingMaster","floor":33},{"not_picked":["champ:TornadoPunch","champ:Haymaker"],"picked":"champ:Lariat+1","floor":34},{"not_picked":["champ:Circumvent+1","champ:BerserkersShout+1","champ:GutPunch+1"],"picked":"SKIP","floor":37},{"not_picked":["champ:RecklessLeap","champ:FanOfKnives"],"picked":"champ:Riposte","floor":38},{"not_picked":["champ:Circumvent","champ:EnragedBash+1"],"picked":"champ:Improvising","floor":39},{"not_picked":["champ:BringItOn","champ:GutPunch","champ:Backstep+1"],"picked":"SKIP","floor":40},{"not_picked":["champ:TornadoPunch","champ:BringItOn+1"],"picked":"champ:RisingSlash+1","floor":42},{"not_picked":["champ:AdrenalArmor","champ:Backstep+1"],"picked":"champ:DefensiveShout","floor":43},{"not_picked":["champ:StanceDance+1","champ:PerfectedStrike+1"],"picked":"champ:ShieldWall+1","floor":45}],"player_experience":42479,"relics_obtained":[{"floor":10,"key":"Oddly Smooth Stone"},{"floor":12,"key":"Matryoshka"},{"floor":24,"key":"Lantern"},{"floor":24,"key":"Mummified Hand"},{"floor":26,"key":"Red Mask"},{"floor":27,"key":"Peace Pipe"},{"floor":41,"key":"Pen Nib"},{"floor":41,"key":"champ:DefensiveTrainingManual"},{"floor":45,"key":"Potion Belt"}],"event_choices":[{"cards_removed":["champ:PerfectForm"],"damage_healed":24,"gold_gain":0,"player_choice":"Offered Rare","damage_taken":0,"max_hp_gain":10,"max_hp_loss":0,"event_name":"Bonfire Elementals","floor":23,"gold_loss":0},{"damage_healed":0,"gold_gain":0,"player_choice":"Fought Bandits","damage_taken":0,"max_hp_gain":0,"max_hp_loss":0,"event_name":"Masked Bandits","floor":26,"gold_loss":0},{"cards_removed":["champ:DancingMaster"],"damage_healed":0,"gold_gain":0,"player_choice":"Removed Power","damage_taken":0,"max_hp_gain":0,"max_hp_loss":0,"event_name":"Falling","floor":36,"gold_loss":0}],"is_beta":false,"boss_relics":[{"not_picked":["SlaversCollar","downfall:Hecktoplasm"],"picked":"Runic Pyramid"},{"not_picked":["SacredBark","Busted Crown"],"picked":"Tiny House"}],"items_purged_floors":[21,37],"is_endless":false,"potions_floor_spawned":[2,5,14,25,26,29,32,33,43,45],"killed_by":"Maw","ascension_level":0}}