{"host":"vtat3rddyckbno30","time":1609196215,"event":{"mods":["AchievementEnabler","BaseMod","BetterRewards","Colored Map","Downfall","Highlight Path","Minty Spire (QoL Compilation)","Replay The Spire","StSLib","everything is the same but u backflip on backflip"],"gold_per_floor":[119,137,37,49,72,72,106,56,79,354,354,53,73,84,84,187,187,201,201,213,232,232,266,61,61,140,240,258,272,300,105,105,209,209,222,232,244,270,14,39,39,39,39,51,67,79,79,79,79,79,79],"floor_reached":50,"playtime":1990,"items_purged":["Strike_R","Defend_R","Strike_R","Regret","Delirium","Decay","Parasite"],"score":612,"play_id":"3f1d7c74-e60c-43c4-8726-1be659359d93","local_time":"20201228235655","is_ascension_mode":false,"campfire_choices":[{"data":"Limit Break","floor":6,"key":"SMITH"},{"data":"Massacre","floor":11,"key":"SMITH"},{"data":"Flex","floor":15,"key":"SMITH"},{"data":"ReplayTheSpireMod:Limb From Limb","floor":25,"key":"SMITH"},{"data":"Headbutt","floor":47,"key":"SMITH"},{"floor":49,"key":"RECALL"}],"circlet_count":0,"master_deck":["Strike_R","Strike_R","Defend_R","Defend_R","Bash+1","Limit Break+1","Flex+1","Iron Wave+1","Inflame+1","Massacre+1","ReplayTheSpireMod:Limb From Limb+1","Pommel Strike+1","Reaper+1","Pummel+1","Iron Wave+1","Headbutt+1"],"relics":["Burning Blood","Strawberry","Smiling Mask","Anchor","Onion Ring","Philosopher\u0027s Stone","Ring of Fury","Tiny Chest","Guide Book","Meat on the Bone","ReplayTheSpireMod:Lightbulb","MealTicket","Empty Cage","Sling","Orichalcum","Thread and Needle"],"acts_visited":["Exordium","TheCity","TheBeyond"],"potions_floor_usage":[7,16,20,21,21,30,33,44,50,50],"damage_taken":[{"damage":3,"enemies":"Cultist","floor":1,"turns":4},{"damage":0,"enemies":"Small Slimes","floor":2,"turns":3},{"damage":2,"enemies":"2 Louse","floor":4,"turns":3},{"damage":24,"enemies":"Lagavulin","floor":7,"turns":5},{"damage":0,"enemies":"Gremlin Gang","floor":13,"turns":2},{"damage":0,"enemies":"Looter","floor":14,"turns":2},{"damage":0,"enemies":"Fading Forest","floor":16,"turns":9},{"damage":0,"enemies":"Spheric Guardian","floor":18,"turns":2},{"damage":5,"enemies":"2 Thieves","floor":20,"turns":2},{"damage":0,"enemies":"Sentry and Sphere","floor":21,"turns":3},{"damage":27,"enemies":"Slavers","floor":23,"turns":3},{"damage":0,"enemies":"Snecko","floor":28,"turns":1},{"damage":0,"enemies":"Centurion and Healer","floor":29,"turns":2},{"damage":14,"enemies":"Book of Stabbing","floor":30,"turns":3},{"damage":14,"enemies":"Champ","floor":33,"turns":6},{"damage":21,"enemies":"3 Shapes","floor":35,"turns":2},{"damage":0,"enemies":"3 Darklings","floor":36,"turns":2},{"damage":16,"enemies":"Writhing Mass","floor":37,"turns":3},{"damage":14,"enemies":"R_Hoarder","floor":40,"turns":6},{"damage":0,"enemies":"Spire Growth","floor":44,"turns":2},{"damage":8,"enemies":"3 Darklings","floor":45,"turns":3},{"damage":5,"enemies":"4 Shapes","floor":46,"turns":3},{"damage":169,"enemies":"Replay:Hell Engine","floor":50,"turns":3}],"seed_played":"-3937890966717728265","potions_obtained":[{"floor":4,"key":"champ:CounterPotion"},{"floor":7,"key":"SneckoOil"},{"floor":16,"key":"Energy Potion"},{"floor":18,"key":"AttackPotion"},{"floor":20,"key":"PowerPotion"},{"floor":29,"key":"BlessingOfTheForge"},{"floor":30,"key":"SkillPotion"},{"floor":33,"key":"Cursed Concoction"},{"floor":35,"key":"Energy Potion"},{"floor":40,"key":"hexamod:EctoCoolerPotion"},{"floor":44,"key":"FearPotion"}],"is_trial":false,"path_per_floor":["M","M","$","M","T","R","E","$","T","?","R","$","M","M","R","B",null,"M","?","M","M","?","E","$","R","T","?","M","M","E","$","R_BF","B",null,"M","M","M","T","$","E","$","?","T","M","M","M","R","?","R","B"],"character_chosen":"IRONCLAD","items_purchased":["Limit Break","Strawberry","Flex","Iron Wave+1","Inflame","Replay:Bottled Snecko","Onion Ring","Guide Book","MealTicket","Headbutt","Sling"],"campfire_rested":0,"item_purchase_floors":[0,0,0,0,0,0,12,24,31,39,39],"current_hp_per_floor":[54,60,60,64,64,64,46,46,46,46,46,46,52,58,58,74,87,87,87,87,87,87,87,87,87,87,87,87,87,79,79,87,87,87,72,78,68,68,83,75,84,84,84,84,84,84,84,84,84,0,0],"gold":79,"neow_bonus":"","is_daily":false,"chose_seed":false,"campfire_upgraded":5,"win_rate":0.0,"timestamp":1609196215,"path_taken":["M","?","$","M","?","R","E","$","T","?","R","$","M","?","R","BOSS","M","?","?","M","?","E","$","R","T","?","M","?","E","?","R_BF","BOSS","M","M","M","?","$","E","$","?","T","M","M","M","R","?","R","BOSS"],"items_purchased_type":["Card","Relic","Card","Card","Card","Relic","Relic","Relic","Relic","Card","Relic"],"build_version":"2020-12-22","purchased_purges":7,"victory":false,"max_hp_per_floor":[87,87,87,87,87,87,87,87,87,87,87,87,87,87,87,87,87,87,87,87,87,87,87,87,87,87,87,87,87,87,87,87,87,87,87,87,87,87,84,84,84,84,84,84,84,84,84,84,84,84,84],"card_choices":[{"not_picked":["Ghostly Armor","Run Through"],"picked":"Massacre","floor":1},{"not_picked":["Wild Strike","Reckless Charge","ReplayTheSpireMod:Strike From Hell"],"picked":"SKIP","floor":2},{"not_picked":["Ghostly Armor","Disarm"],"picked":"ReplayTheSpireMod:Limb From Limb","floor":4},{"not_picked":["ReplayTheSpireMod:Limb From Limb","Cleave","Run Through"],"picked":"SKIP","floor":7},{"not_picked":["Run Through","ReplayTheSpireMod:Corrosion Curse"],"picked":"Pommel Strike","floor":13},{"not_picked":["ReplayTheSpireMod:Strike From Hell","Massacre","Shockwave"],"picked":"SKIP","floor":14},{"not_picked":["Fiend Fire","Hemogenesis"],"picked":"Reaper","floor":16},{"not_picked":["Twin Strike","Body Slam","Replay:Undeath\u0027s Touch"],"picked":"SKIP","floor":18},{"not_picked":["Shockwave","ReplayTheSpireMod:Corrosion Curse+1","True Grit"],"picked":"SKIP","floor":20},{"not_picked":["Pommel Strike","Entrench","Metallicize+1"],"picked":"SKIP","floor":21},{"not_picked":["Replay:Undeath\u0027s Touch","Infernal Blade"],"picked":"Pummel+1","floor":23},{"not_picked":["Shrug It Off","Anger","Pummel"],"picked":"SKIP","floor":28},{"not_picked":["Havoc","Metallicize+1","ReplayTheSpireMod:Strike From Hell"],"picked":"SKIP","floor":29},{"not_picked":["Entrench+1","Carnage+1","Burning Pact"],"picked":"SKIP","floor":30},{"not_picked":["Thunderclap+1","ReplayTheSpireMod:Limb From Limb"],"picked":"Headbutt","floor":35},{"not_picked":["Intimidate+1","ReplayTheSpireMod:Strike From Hell","Headbutt"],"picked":"SKIP","floor":36},{"not_picked":["Armaments","Power Through"],"picked":"Iron Wave+1","floor":37},{"not_picked":["Clash+1","Warcry","Sword Boomerang"],"picked":"SKIP","floor":40},{"not_picked":["Warcry","Feel No Pain+1","Power Through"],"picked":"SKIP","floor":44},{"not_picked":["Perfected Strike+1","Armaments","Rage+1"],"picked":"SKIP","floor":45},{"not_picked":["Uppercut+1","Anger+1","Twin Strike"],"picked":"SKIP","floor":46}],"player_experience":543798,"relics_obtained":[{"floor":7,"key":"Smiling Mask"},{"floor":9,"key":"Anchor"},{"floor":22,"key":"Ring of Fury"},{"floor":23,"key":"Tiny Chest"},{"floor":26,"key":"Meat on the Bone"},{"floor":30,"key":"ReplayTheSpireMod:Lightbulb"},{"floor":40,"key":"Orichalcum"},{"floor":43,"key":"Thread and Needle"}],"event_choices":[{"damage_healed":0,"gold_gain":275,"player_choice":"Desecrate","damage_taken":0,"max_hp_gain":0,"max_hp_loss":0,"event_name":"Golden Shrine","floor":10,"gold_loss":0,"cards_obtained":["Regret"]},{"damage_healed":0,"gold_gain":0,"player_choice":"Cursed","damage_taken":0,"max_hp_gain":0,"max_hp_loss":0,"event_name":"Wheel of Change","floor":19,"gold_loss":0,"cards_obtained":["Decay"]},{"damage_healed":0,"gold_gain":100,"player_choice":"Pray","damage_taken":0,"max_hp_gain":0,"max_hp_loss":0,"event_name":"Golden Shrine","floor":27,"gold_loss":0},{"cards_removed":["Headbutt"],"damage_healed":0,"gold_gain":0,"player_choice":"Removed Attack","damage_taken":0,"max_hp_gain":0,"max_hp_loss":0,"event_name":"Falling","floor":42,"gold_loss":0},{"damage_healed":0,"gold_gain":0,"player_choice":"Upgraded","damage_taken":0,"max_hp_gain":0,"max_hp_loss":0,"event_name":"Upgrade Shrine","floor":48,"gold_loss":0,"cards_upgraded":["Bash"]}],"is_beta":false,"boss_relics":[{"not_picked":["SlaversCollar","Cursed Key"],"picked":"Philosopher\u0027s Stone"},{"not_picked":["Runic Pyramid","ChewingGum"],"picked":"Empty Cage"}],"items_purged_floors":[0,3,8,12,24,31,39],"is_endless":false,"potions_floor_spawned":[4,7,16,18,20,29,30,33,35,40,44],"killed_by":"Replay:Hell Engine","ascension_level":0}}