{"host":"z9grmtg2w0nmz8n1","time":1609140795,"event":{"mods":["Aspiration","Bard","BaseMod","Beaked The Cultist","Better Altar","Better Match","Better Note","Better Sensory Stone","Better Skull","Better Third Choice","BetterRewards","CCEM","Colored Map","Conspire","Downfall","GifTheSpireLib","Googly Eyes","Halation","Hermit","Highlight Path","Hubris","Hunter ??","Jedi Mod","Jorbs\u0027s Wanderer Trilogy","Mad Scientist","Marisa????????","Minty Spire (QoL Compilation)","Permanent Neow","Replay The Spire","Shade Mod","Shop Mod","Spicy Shops","StSLib","Stuff the Spire","The Bug Knight","The Construct","The Necromancer","The Runesmith","The Witch"],"gold_per_floor":[115,134,134,144,158,193,193,223,298,298,314,314,341,91,91,196,196,208,208,29,46,46,71,83,83,83],"floor_reached":25,"playtime":1158,"items_purged":["Strike_B","Strike_B","Turbo"],"score":265,"play_id":"ae7a3123-9619-43ad-8ddc-69985dbc98cc","local_time":"20201228053315","is_ascension_mode":true,"campfire_choices":[{"floor":7,"key":"RECALL"},{"data":"Zap","floor":10,"key":"SMITH"},{"data":"Leap","floor":12,"key":"SMITH"},{"data":"jedi:blockon","floor":15,"key":"SMITH"}],"circlet_count":0,"master_deck":["Zap+1","Dualcast","jedi:blockon+1","Ball Lightning","hubris:Ukulele","StuffTheSpire:Plugnplay","Leap+1","Leap","Scrape","Crystallizer","Rip and Tear","Darkness","StuffTheSpire:CuriosityCurse","ReplayTheSpireMod:Calculation Training","ReplayTheSpireMod:Calculation Training","Loop"],"relics":["Cracked Core","StuffTheSpire:Rhapsscallions","Boot","Lizard Tail","Replay:Antivirus Software","CCEMRelics:BiPhaseBiplane","Pandora\u0027s Box","StuffTheSpire:HeavyRock","conspire:InfiniteJournal"],"acts_visited":["Exordium","TheCity"],"potions_floor_usage":[8,16,23,24],"damage_taken":[{"damage":0,"enemies":"Cultist","floor":1,"turns":3},{"damage":8,"enemies":"Small Slimes","floor":2,"turns":4},{"damage":0,"enemies":"2 Louse","floor":4,"turns":2},{"damage":6,"enemies":"2 Fungi Beasts","floor":5,"turns":3},{"damage":4,"enemies":"Gremlin Nob","floor":6,"turns":3},{"damage":4,"enemies":"3 Sentries","floor":8,"turns":4},{"damage":6,"enemies":"Looter","floor":11,"turns":3},{"damage":6,"enemies":"Lagavulin","floor":13,"turns":4},{"damage":30,"enemies":"Fading Forest","floor":16,"turns":11},{"damage":9,"enemies":"3 Byrds","floor":18,"turns":4},{"damage":11,"enemies":"Spheric Guardian","floor":21,"turns":3},{"damage":7,"enemies":"conspire:Head Lice","floor":23,"turns":6},{"damage":28,"enemies":"Cultist and Chosen","floor":24,"turns":5},{"damage":0,"enemies":"Slavers","floor":25,"turns":1}],"seed_played":"-3357527716736838075","potions_obtained":[{"floor":1,"key":"PotionOfCapacity"},{"floor":2,"key":"hexamod:EctoCoolerPotion"},{"floor":6,"key":"FocusPotion"},{"floor":13,"key":"Elixir"},{"floor":16,"key":"hexamod:EctoCoolerPotion"},{"floor":23,"key":"sneckomod:MuddlingPotion"}],"is_trial":false,"path_per_floor":["M","M","T","M","M","E","R","E","T","R","M","R","E","$","R","B",null,"M","?","$","M","?","E","M","E"],"character_chosen":"DEFECT","items_purchased":["CCEMRelics:BiPhaseBiplane","ReplayTheSpireMod:Calculation Training"],"campfire_rested":0,"item_purchase_floors":[14,20],"current_hp_per_floor":[75,67,72,72,66,62,62,58,58,58,52,52,46,46,46,26,80,71,71,71,60,60,53,25,25,25],"gold":83,"neow_bonus":"THREE_CARDS","is_daily":false,"chose_seed":false,"campfire_upgraded":3,"win_rate":0.0,"timestamp":1609140795,"path_taken":["M","M","?","?","M","E","R","E","T","R","M","R","E","?","R","BOSS","M","?","$","M","?","E","M","E"],"items_purchased_type":["Relic","Card"],"build_version":"2020-12-22","purchased_purges":3,"victory":false,"max_hp_per_floor":[75,75,80,80,80,80,80,80,80,80,80,80,80,80,80,80,80,80,80,80,80,80,80,80,80,80],"card_choices":[{"not_picked":["Redo","Go for the Eyes"],"picked":"jedi:blockon","floor":0},{"not_picked":["FTL","StuffTheSpire:CleanHardDrive"],"picked":"Ball Lightning","floor":1},{"not_picked":["Cold Snap","jedi:reiji"],"picked":"hubris:Ukulele","floor":2},{"not_picked":["Hologram","Panic Button"],"picked":"StuffTheSpire:Plugnplay","floor":4},{"not_picked":["Stack","Panic Button"],"picked":"Leap","floor":5},{"not_picked":["ReplaySolidLightProjector","Redo","Compile Driver"],"picked":"SKIP","floor":6},{"not_picked":["ReplaySolidLightProjector","ReplayTheSpireMod:Dual Polarity","jedi:overflow"],"picked":"SKIP","floor":8},{"not_picked":["Gash","StuffTheSpire:Coldhearted","Mirror Shield"],"picked":"SKIP","floor":11},{"not_picked":["Coolheaded","Hologram"],"picked":"Leap","floor":13},{"not_picked":["StuffTheSpire:LoadUp+1","Beam Cell","BasicCrystalCard"],"picked":"SKIP","floor":18},{"not_picked":["StuffTheSpire:LoadUp","Core Surge","Stack+1"],"picked":"SKIP","floor":21},{"not_picked":["StuffTheSpire:LoadUp","Beam Cell","BootSequence"],"picked":"SKIP","floor":23},{"not_picked":["Redo+1","Rebound"],"picked":"Loop","floor":24}],"player_experience":736925,"relics_obtained":[{"floor":3,"key":"StuffTheSpire:Rhapsscallions"},{"floor":6,"key":"Boot"},{"floor":8,"key":"Lizard Tail"},{"floor":13,"key":"Replay:Antivirus Software"},{"floor":23,"key":"conspire:InfiniteJournal"}],"event_choices":[{"damage_healed":0,"gold_gain":0,"player_choice":"Leave","damage_taken":0,"max_hp_gain":0,"max_hp_loss":0,"event_name":"conspire:Investor","floor":22,"gold_loss":0}],"is_beta":false,"boss_relics":[{"not_picked":["CCEMRelics:GreenEgg","StuffTheSpire:RunicHypercube"],"picked":"Pandora\u0027s Box"}],"items_purged_floors":[14,14,20],"is_endless":false,"potions_floor_spawned":[1,2,6,13,16,23],"killed_by":"Slavers","ascension_level":2}}