{"host":"oj3taf1o1lnhszop","time":1609123262,"event":{"mods":["BaseMod","Better Third Choice","Better Vampires","Conspire","Custom Start","DeckTracker","Downfall","Mimic Mod","Minty Spire (QoL Compilation)","Quick Restart","Rare Cards Sparkle","Replay The Spire","Spicy Shops","StSLib","Wandering Minibosses"],"gold_per_floor":[114,41,52,63,76,76,93,110,145,145,175,186,312,312,312,409,409,424,440,440,474,491,517,25,25,25,25,36,36,36,36,36,49,49,49,49],"floor_reached":35,"playtime":1727,"items_purged":["Sickly"],"score":333,"play_id":"4a8edbcc-09c3-46f3-8c36-7c27ee348b13","local_time":"20201228104102","is_ascension_mode":false,"campfire_choices":[{"data":"Seeing Red","floor":6,"key":"SMITH"},{"data":"Run Through","floor":10,"key":"SMITH"},{"data":"Replay:Many Hands","floor":15,"key":"SMITH"},{"floor":25,"key":"REST"},{"floor":27,"key":"REST"},{"floor":31,"key":"REST"},{"floor":34,"key":"REST"}],"circlet_count":0,"master_deck":["Strike_R","Strike_R","Strike_R","Strike_R","Strike_R","Defend_R","Defend_R","Defend_R","Defend_R","Bash","Anger","Anger","Seeing Red+1","Run Through+1","Intimidate+1","Spot Weakness+1","Replay:Many Hands+1","Burn","ReplayTheSpireMod:Splinters","ReplayTheSpireMod:Faulty Equipment","Flex+1","Anger","Massacre","Iron Wave","Replay:Undeath\u0027s Touch","Second Wind+1","Thunderclap"],"relics":["Burning Blood","Ring of Chaos","Pen Nib","Bag of Marbles","Red Skull","Replay:Ancient Bell","Blue Doll","Replay:Bottled Flurry","StoneCalendar","Paper Frog","champ:DuelingGlove","Guide Book","InkBottle","Dream Catcher"],"acts_visited":["Exordium","TheCity"],"potions_floor_usage":[4,5,5,13,16,23,28,28,33,35,35],"damage_taken":[{"damage":3,"enemies":"Small Slimes","floor":1,"turns":4},{"damage":7,"enemies":"conspire:RoseBush","floor":3,"turns":2},{"damage":0,"enemies":"2 Louse","floor":4,"turns":2},{"damage":0,"enemies":"Exordium Thugs","floor":5,"turns":3},{"damage":0,"enemies":"2 Fungi Beasts","floor":7,"turns":2},{"damage":3,"enemies":"Red Slaver","floor":8,"turns":3},{"damage":3,"enemies":"Large Slime","floor":9,"turns":4},{"damage":0,"enemies":"Gremlin Nob","floor":11,"turns":2},{"damage":0,"enemies":"Large Slime","floor":12,"turns":3},{"damage":21,"enemies":"3 Louse","floor":13,"turns":6},{"damage":57,"enemies":"The Guardian","floor":16,"turns":5},{"damage":10,"enemies":"Spheric Guardian","floor":18,"turns":3},{"damage":31,"enemies":"conspire:FuzzyDice","floor":19,"turns":4},{"damage":33,"enemies":"Snake Plant","floor":21,"turns":5},{"damage":7,"enemies":"Centurion and Healer","floor":22,"turns":3},{"damage":16,"enemies":"Replay:Snechameleon","floor":23,"turns":2},{"damage":18,"enemies":"Shelled Parasite and Fungi","floor":28,"turns":3},{"damage":13,"enemies":"Cultist and Chosen","floor":33,"turns":4},{"damage":97,"enemies":"Champ","floor":35,"turns":7}],"seed_played":"6339316164541558132","potions_obtained":[{"floor":1,"key":"Dexterity Potion"},{"floor":3,"key":"EssenceOfSteel"},{"floor":4,"key":"EssenceOfSteel"},{"floor":11,"key":"ColorlessPotion"},{"floor":13,"key":"Swift Potion"},{"floor":19,"key":"BlessingOfTheForge"},{"floor":21,"key":"Adrenaline Potion"},{"floor":28,"key":"Strength Potion"},{"floor":32,"key":"SkillPotion"},{"floor":32,"key":"Swift Potion"}],"is_trial":true,"path_per_floor":["M","$","M","M","M","R","M","M","MIM","R","E","M","M","?","R","B",null,"M","M","?","M","M","E","$","R","T","R","M","PTL","PTL","R","?","M","R","B"],"character_chosen":"IRONCLAD","items_purchased":["Pen Nib","Guide Book","InkBottle","SteroidPotion","BlessingOfTheForge"],"campfire_rested":4,"item_purchase_floors":[2,24,24,24,24],"current_hp_per_floor":[80,80,79,80,80,80,80,80,80,80,80,80,65,65,65,14,80,76,51,51,24,23,13,13,37,37,61,49,49,49,73,73,66,80,0,0],"gold":49,"neow_bonus":"","is_daily":false,"chose_seed":false,"campfire_upgraded":3,"win_rate":0.0,"timestamp":1609123262,"path_taken":["M","$","M","M","M","R","M","M","MIM","R","E","M","M","?","R","BOSS","M","M","?","?","M","E","$","R","T","R","M","PTL","PTL","R","?","M","R","BOSS"],"items_purchased_type":["Relic","Relic","Relic","Potion","Potion"],"build_version":"2020-12-22","purchased_purges":1,"victory":false,"max_hp_per_floor":[80,80,80,80,80,80,80,80,80,80,80,80,80,80,80,80,80,80,80,80,80,80,80,80,80,80,80,80,80,80,80,80,80,80,80,80],"card_choices":[{"not_picked":["Warcry","Carnage"],"picked":"Anger","floor":1},{"not_picked":["Heavy Blade","Evolve","Warcry"],"picked":"SKIP","floor":3},{"not_picked":["Disarm","Intimidate"],"picked":"Anger","floor":4},{"not_picked":["Massacre","True Grit"],"picked":"Seeing Red","floor":5},{"not_picked":["Body Slam","Whirlwind","Juggernaut"],"picked":"SKIP","floor":7},{"not_picked":["Headbutt","ReplayTheSpireMod:Stacked"],"picked":"Run Through","floor":8},{"not_picked":["ReplayTheSpireMod:Strike From Hell","Dropkick"],"picked":"Intimidate","floor":9},{"not_picked":["Cleave","Reaper"],"picked":"Spot Weakness","floor":11},{"not_picked":["Thunderclap","Sword Boomerang","Perfected Strike"],"picked":"SKIP","floor":12},{"not_picked":["Shockwave","ReplayTheSpireMod:Corrosion Curse"],"picked":"Replay:Many Hands","floor":13},{"not_picked":["Regret","ReplayTheSpireMod:IOU"],"picked":"Sickly","floor":17},{"not_picked":["Sickly","Regret"],"picked":"ReplayTheSpireMod:Splinters","floor":17},{"not_picked":["Hallucinations","Looming Evil"],"picked":"ReplayTheSpireMod:Faulty Equipment","floor":17},{"not_picked":["Feel No Pain","Iron Wave"],"picked":"Flex+1","floor":18},{"not_picked":["Pommel Strike","Ghostly Armor"],"picked":"Anger","floor":19},{"not_picked":["Run Through","Wild Strike"],"picked":"Massacre","floor":21},{"not_picked":["Pommel Strike","Body Slam","Armaments"],"picked":"SKIP","floor":22},{"not_picked":["Headbutt","Iron Wave","Dark Embrace+1"],"picked":"SKIP","floor":23},{"not_picked":["Replay:Undeath\u0027s Touch","conspire:Charge"],"picked":"Iron Wave","floor":27},{"not_picked":["Wild Strike","ReplayTheSpireMod:Strike From Hell","Battle Trance"],"picked":"SKIP","floor":28},{"not_picked":["Corruption","Armaments"],"picked":"Replay:Undeath\u0027s Touch","floor":31},{"not_picked":["Havoc","Run Through"],"picked":"Second Wind+1","floor":33},{"not_picked":["Heavy Blade","Uppercut"],"picked":"Thunderclap","floor":34}],"player_experience":81439,"relics_obtained":[{"floor":9,"key":"Bag of Marbles"},{"floor":11,"key":"Red Skull"},{"floor":23,"key":"champ:DuelingGlove"},{"floor":26,"key":"Dream Catcher"}],"event_choices":[{"damage_healed":65,"gold_gain":0,"player_choice":"Embrace Burn","damage_taken":0,"max_hp_gain":0,"max_hp_loss":80,"event_name":"betterThird:BetterShining","floor":14,"gold_loss":0},{"damage_healed":0,"gold_gain":0,"player_choice":"Gave Potion","damage_taken":0,"relics_obtained":["Paper Frog"],"max_hp_gain":0,"max_hp_loss":0,"event_name":"WeMeetAgain","floor":20,"gold_loss":0},{"damage_healed":0,"gold_gain":0,"player_choice":"Got Potions","damage_taken":0,"max_hp_gain":0,"max_hp_loss":0,"event_name":"Lab","floor":32,"gold_loss":0}],"is_beta":false,"boss_relics":[{"not_picked":["Mark of Pain","sneckomod:SneckoTalon"],"picked":"Replay:Ancient Bell"},{"not_picked":["Oddly Smooth Stone","ReplayFunnel"],"picked":"Blue Doll"},{"not_picked":["conspire:Dentures","The Courier"],"picked":"Replay:Bottled Flurry"},{"not_picked":["Shovel","Old Coin"],"picked":"StoneCalendar"}],"items_purged_floors":[24],"is_endless":false,"potions_floor_spawned":[1,3,4,11,13,19,21,28],"killed_by":"Champ","ascension_level":0}}