{"host":"of0s4io1nhspfcuu","time":1609166573,"event":{"mods":["ATMod(阿瑾Mod)","Act Like it!","Arknights The Spire","Ascension Reborn","BaseMod","Better Vampires","CapriCore","Downfall","Gensokyo","Minty Spire (QoL Compilation)","MostiFishMod","Pale of the Ancients","RumiaBox-露米娅的神秘盒子","Ryuuou龙王","StSLib","Waifu the Spire","noobMod","【遗物卡牌】REMEMod","篝火指南"],"gold_per_floor":[111,111,131,131,43,43,74,105,105,132,132,150,150,150,150,250,250,269,269,279,279,230,230,244,672,672,284,0,0,12,180,180,277,277,1020,766,766,766,676,705,1031,1921,1946,1946,1962,1656,1656,1656,1656,1656,1924,1934,2209,1661,264,362,362,362,362,2806],"floor_reached":61,"playtime":2109,"items_purged":["Shame","Regret"],"score":1938,"play_id":"75a9b0cb-7a8c-435e-a0d9-f49a88fdfa93","local_time":"20201228224253","daily_mods":["Heirloom","Time Dilation","Flight"],"is_ascension_mode":true,"campfire_choices":[{"data":"Bloodletting","floor":6,"key":"SMITH"},{"data":"AT_FamilyPortrait","floor":15,"key":"SMITH"},{"data":"AT_Dispersion","floor":32,"key":"SMITH"},{"data":"MostiFishMod:Mania","floor":49,"key":"SMITH"}],"circlet_count":0,"master_deck":["Strike_R+1","Strike_R+1","Strike_R+1","Strike_R+1","Defend_R+1","Defend_R+1","Defend_R+1","Defend_R+1","Bash+1","AT_FamilyPortrait+1","Rampage+1","Evolve+1","Gensokyo:CrescentMoonSlash","Bloodletting+1","Havoc+1","Clash","REME_Scribble","Dual Wield","Metallicize+1","Dual Wield","MostiFishMod:WingOfPhoenix+1","Sentinel+1","Perfected Strike+1","Anger+1","Gensokyo:LittleGreenMen","Corruption","Sentinel","Sword Boomerang+1","Blood for Blood+1","AT_Dispersion+1","MostiFishMod:Mania+1","Discovery","Gensokyo:UnlikelyAid+1","Gensokyo:CustomPotion","Anger+1","Intimidate","REME_Cut","Anger+1","Gensokyo:BlemishedSteel","MostiFishMod:Mania","Bloodletting","Flex+1","REME_WheelOfFate","Jack Of All Trades"],"relics":["Burning Blood","DaveBox","ice","REME_ComplimentaryCards","AT_ATBox","BirthdayGift-Icosahedron","Prayer Wheel","SynthV:TestCard","ats:Originium","Bottled Tornado","ats:Originium","Guardian:PocketSentry","BionicSphere","ats:Originium","InkBottle","Gensokyo:OccultBall","GreenFoldingFan","Pocketwatch","ats:Originium","Sundial","AT_ImmortalShieldbow","Civilization","RhineSuit","REME_PuzzleBoxRelic","Letter Opener","AT_RedTearstoneRing","Old Coin","Bag of Preparation","BirthdayGift-Tetrahedron","paleoftheancients:Timepiece","Gremlin Horn","paleoftheancients:SoulOfTheShowman","ChiLing","Chi","Ling","Vajra","Strawberry","MetatronsCube","Bag of Marbles","Oddly Smooth Stone","GodSword5","Boot","SSSystem"],"acts_visited":["Gensokyo:Gensokyo","Gensokyo:Gensokyoer","Gensokyo:Gensokyoest","paleoftheancients:PaleOfTheAncients"],"potions_floor_usage":[],"damage_taken":[{"damage":0,"enemies":"Gensokyo:2_Kodama","floor":1,"turns":2},{"damage":0,"enemies":"Gensokyo:Gryphon","floor":3,"turns":2},{"damage":11,"enemies":"Gensokyo:Cirno","floor":7,"turns":4},{"damage":3,"enemies":"Gensokyo:Mamizou","floor":8,"turns":2},{"damage":7,"enemies":"Gensokyo:Aya","floor":10,"turns":2},{"damage":3,"enemies":"Gensokyo:Python","floor":12,"turns":1},{"damage":8,"enemies":"Gensokyo:Kokoro","floor":16,"turns":4},{"damage":0,"enemies":"Gensokyo:3_Dogs","floor":18,"turns":1},{"damage":6,"enemies":"Gensokyo:Chomper","floor":20,"turns":1},{"damage":0,"enemies":"Gensokyo:Slime_Group","floor":24,"turns":1},{"damage":49,"enemies":"Gensokyo:Koishi","floor":25,"turns":3},{"damage":6,"enemies":"Gensokyo:Wraith","floor":30,"turns":3},{"damage":2,"enemies":"Gensokyo:Monolith_and_Dog","floor":31,"turns":2},{"damage":14,"enemies":"Gensokyo:Eternal_Rivals","floor":33,"turns":4},{"damage":75,"enemies":"Gensokyo:3_Boulders","floor":35,"turns":2},{"damage":9,"enemies":"Gensokyo:3_Boulders","floor":38,"turns":4},{"damage":0,"enemies":"Gensokyo:Marisa","floor":40,"turns":1},{"damage":2,"enemies":"Gensokyo:Doremy","floor":41,"turns":2},{"damage":87,"enemies":"Gensokyo:3_Bats","floor":42,"turns":1},{"damage":2,"enemies":"Gensokyo:Sharpion","floor":45,"turns":2},{"damage":2,"enemies":"Gensokyo:Scarlet_Devils","floor":50,"turns":1},{"damage":7,"enemies":"Gensokyo:Scarlet_Devils","floor":51,"turns":2},{"damage":4,"enemies":"Gensokyo:Scarlet_Devils","floor":52,"turns":1},{"damage":29,"enemies":"Gensokyo:Scarlet_Devils","floor":56,"turns":3},{"damage":200,"enemies":"paleoftheancients:N","floor":60,"turns":2}],"seed_played":"-3960918037881303347","potions_obtained":[{"floor":3,"key":"ElixirPotion"},{"floor":8,"key":"Ancient Potion"},{"floor":12,"key":"ElixirPotion"},{"floor":40,"key":"Energy Potion"}],"is_trial":true,"path_per_floor":["M","?","M","?","COS","R","E","E","T","E","$","M","?","?","R","B",null,"M","?","M","?","COS","?","M","E","T","$","?","$","M","M","R","B",null,"M","$","T","?","?","E","E","M","T","?","M","COS","?","?","R","B","M","M","?","$","R","M","R","T","?","B",null],"character_chosen":"IRONCLAD","items_purchased":["Civilization","REME_PuzzleBoxRelic","Discovery","ChiLing","Vajra","Strawberry","MetatronsCube","Bag of Marbles","REME_WheelOfFate","Oddly Smooth Stone","Jack Of All Trades"],"campfire_rested":0,"item_purchase_floors":[27,36,36,54,54,54,55,55,55,55,55],"current_hp_per_floor":[80,68,75,75,75,75,71,79,79,81,81,82,82,82,82,83,84,84,84,84,89,89,81,81,51,51,51,51,51,65,83,83,95,98,64,64,64,64,64,91,117,114,114,114,150,150,126,126,126,180,199,223,223,230,230,251,251,251,251,289],"gold":2806,"neow_bonus":"","is_daily":false,"chose_seed":false,"campfire_upgraded":4,"win_rate":0.0,"timestamp":1609166573,"path_taken":["M","?","?","?","COS","R","E","E","T","E","?","?","?","?","R","BOSS","M","?","M","?","COS","?","?","E","T","$","?","?","M","M","R","BOSS","M","$","?","?","?","E","E","?","T","?","?","COS","?","?","R","BOSS","M","M","?","$","R","M","R","T","?","BOSS"],"items_purchased_type":["Relic","Relic","Card","Relic","Relic","Relic","Relic","Relic","Card","Relic","Card"],"build_version":"2020-12-22","purchased_purges":2,"victory":true,"max_hp_per_floor":[80,80,80,80,80,80,80,80,80,82,82,82,82,82,82,84,84,84,84,84,89,89,81,81,83,83,83,83,83,86,89,89,98,98,106,106,106,106,106,116,127,141,141,141,162,162,162,162,162,180,199,223,223,230,230,256,256,256,256,289],"card_choices":[{"not_picked":["Clothesline","Pommel Strike"],"picked":"Rampage","floor":1},{"not_picked":["Body Slam","Headbutt"],"picked":"Evolve","floor":1},{"not_picked":["Reckless Charge","Hemokinesis","Twin Strike","AT_DiedThrough"],"picked":"Bloodletting","floor":3},{"not_picked":["Whirlwind","Clothesline","True Grit","Twin Strike"],"picked":"Havoc","floor":3},{"not_picked":["Spot Weakness","True Grit","MostiFishMod:NewArrival","Pommel Strike"],"picked":"Clash","floor":7},{"not_picked":["Uppercut","Headbutt","Evolve","MostiFishMod:BrandingRite"],"picked":"REME_Scribble","floor":8},{"not_picked":["Body Slam","True Grit","Headbutt","MostiFishMod:HellRitual"],"picked":"Dual Wield","floor":10},{"not_picked":["Iron Wave","AT_BodySlamDance","Sword Boomerang","Bloodletting"],"picked":"Metallicize","floor":12},{"not_picked":["Headbutt","REME_Cut","AT_BodySlamDance","Ghostly Armor"],"picked":"Dual Wield","floor":12},{"not_picked":["Immolate","MostiFishMod:TemporaryOutbreak","MostiFishMod:OrdinaryWorld","Juggernaut"],"picked":"MostiFishMod:WingOfPhoenix","floor":16},{"not_picked":["AT_GerminateFire+1","Dual Wield","Battle Trance+1","True Grit+1"],"picked":"Sentinel+1","floor":18},{"not_picked":["REME_SingleHolding","Armaments","Headbutt+1","True Grit+1"],"picked":"Perfected Strike","floor":18},{"not_picked":["MostiFishMod:NewArrival","AT_DrawKnifeCut","Clash+1","AT_BodySlamDance"],"picked":"Anger+1","floor":20},{"not_picked":["Wild Strike","Perfected Strike","Armaments+1","Pommel Strike","Sentinel"],"picked":"SKIP","floor":20},{"not_picked":["Gensokyo:TekeTeke","Gensokyo:HAARP","Gensokyo:SpontaneousHumanCombustion","Gensokyo:Kunekune"],"picked":"Gensokyo:LittleGreenMen","floor":23},{"not_picked":["Dropkick+1","Seeing Red","Clothesline","Evolve"],"picked":"Corruption","floor":24},{"not_picked":["MostiFishMod:BrandingRite","Twin Strike","True Grit","Warcry"],"picked":"Sentinel","floor":24},{"not_picked":["Clash","Thunderclap","Searing Blow","Evolve"],"picked":"Sword Boomerang+1","floor":25},{"not_picked":["Armaments","Warcry","AT_CaressingTears","Shockwave+1"],"picked":"Blood for Blood+1","floor":30},{"not_picked":["Wild Strike","Clothesline","AT_GerminateFire","Shrug It Off","Twin Strike"],"picked":"SKIP","floor":30},{"not_picked":["Battle Trance+1","Warcry","Clash+1","Disarm"],"picked":"AT_Dispersion","floor":31},{"not_picked":["Uppercut+1","Heavy Blade","Havoc","Clothesline+1","Sword Boomerang"],"picked":"SKIP","floor":31},{"not_picked":["Bludgeon","MostiFishMod:CullingBlade","Juggernaut","MostiFishMod:PerfectStrikeMKII"],"picked":"MostiFishMod:Mania","floor":33},{"not_picked":["Headbutt+1","AT_ManFootWork+1","Pommel Strike","Cleave+1","Intimidate+1"],"picked":"SKIP","floor":35},{"not_picked":["Searing Blow+1","AT_BodySlamDance","Thunderclap","Clothesline","Power Through+1"],"picked":"SKIP","floor":35},{"not_picked":["Gensokyo:DreamlikeParadise+1","Gensokyo:HouraiInAPot+1"],"picked":"Gensokyo:UnlikelyAid+1","floor":38},{"not_picked":["Clash","MostiFishMod:NewArrival","Pommel Strike","Cleave","Power Through+1"],"picked":"SKIP","floor":40},{"not_picked":["Warcry+1","True Grit+1","AT_IchimonjiDouble+1","Perfected Strike"],"picked":"Anger+1","floor":41},{"not_picked":["Headbutt","AT_GerminateFire+1","Wild Strike","Clash+1"],"picked":"Intimidate","floor":42},{"not_picked":["AT_IchimonjiDouble+1","True Grit","Anger","Infernal Blade"],"picked":"REME_Cut","floor":42},{"not_picked":["Thunderclap","Flame Barrier","Shockwave+1","True Grit"],"picked":"Anger+1","floor":45},{"not_picked":["Thunderclap+1","REME_Cut","Pommel Strike","Dropkick+1","Havoc"],"picked":"SKIP","floor":45},{"not_picked":["True Grit+1","Iron Wave","Cleave","Spot Weakness"],"picked":"Bloodletting","floor":51},{"not_picked":["Warcry+1","Clothesline","Feel No Pain+1","Shrug It Off","AT_BodySlamDance"],"picked":"SKIP","floor":51},{"not_picked":["Shockwave","Reckless Charge","MostiFishMod:ChineseTea","Heavy Blade+1"],"picked":"Flex+1","floor":52},{"not_picked":["AT_ManFootWork","Shrug It Off+1","Clothesline","Sword Boomerang","Carnage"],"picked":"SKIP","floor":52},{"not_picked":["Headbutt","Clash","Perfected Strike+1","AT_BodySlamDance","Disarm"],"picked":"SKIP","floor":56},{"not_picked":["Iron Wave+1","Second Wind+1","Perfected Strike","Headbutt","Whirlwind+1"],"picked":"SKIP","floor":56}],"player_experience":52219,"relics_obtained":[{"floor":1,"key":"SynthV:TestCard"},{"floor":7,"key":"ats:Originium"},{"floor":7,"key":"Bottled Tornado"},{"floor":8,"key":"ats:Originium"},{"floor":8,"key":"Guardian:PocketSentry"},{"floor":9,"key":"BionicSphere"},{"floor":10,"key":"ats:Originium"},{"floor":10,"key":"InkBottle"},{"floor":16,"key":"Gensokyo:OccultBall"},{"floor":25,"key":"Gensokyo:OccultBall"},{"floor":25,"key":"ats:Originium"},{"floor":25,"key":"Sundial"},{"floor":26,"key":"AT_ImmortalShieldbow"},{"floor":33,"key":"Gensokyo:OccultBall"},{"floor":37,"key":"Letter Opener"},{"floor":40,"key":"AT_RedTearstoneRing"},{"floor":41,"key":"Gensokyo:OccultBall"},{"floor":41,"key":"Old Coin"},{"floor":43,"key":"Bag of Preparation"},{"floor":51,"key":"paleoftheancients:SoulOfTheShowman"},{"floor":58,"key":"GodSword5"}],"event_choices":[{"damage_healed":0,"gold_gain":275,"player_choice":"Desecrate","damage_taken":0,"max_hp_gain":0,"max_hp_loss":0,"event_name":"Golden Shrine","floor":53,"gold_loss":0,"cards_obtained":["Regret"]}],"is_beta":false,"boss_relics":[{"not_picked":["Busted Crown","BloodWine"],"picked":"GreenFoldingFan"},{"not_picked":["Velvet Choker","REME_ChargedStone"],"picked":"RhineSuit"}],"items_purged_floors":[27,54],"is_endless":false,"potions_floor_spawned":[3,8,12,20,24,31,40,41,56],"ascension_level":0}}