{"host":"uflv0e3ja7hvnij7","time":1609174136,"event":{"mods":["BaseMod","Better Altar","Better Match","Better Note","Better Sensory Stone","Better Skull","Better Third Choice","Minty Spire (QoL Compilation)","Permanent Neow","StSLib"],"gold_per_floor":[111,124,137,149,162,162,162,162,162,186,186,227,305,321,321,321,321],"floor_reached":16,"playtime":895,"items_purged":[],"score":120,"play_id":"778c663c-9744-4841-b247-aa721eacfb8b","local_time":"20201228114856","is_ascension_mode":true,"campfire_choices":[{"data":"Eruption","floor":6,"key":"SMITH"},{"floor":8,"key":"REST"},{"data":"Vigilance","floor":11,"key":"SMITH"},{"floor":15,"key":"REST"}],"circlet_count":0,"master_deck":["Strike_P","Strike_P","Strike_P","Strike_P","Defend_P","Defend_P","Defend_P","Defend_P","Eruption+1","Vigilance+1","FlurryOfBlows","MentalFortress","FlurryOfBlows","ClearTheMind","SpiritShield","EmptyBody","EmptyBody","Adaptation"],"relics":["PureWater","Golden Idol","Bottled Lightning","Boot","Meat on the Bone"],"acts_visited":["Exordium"],"potions_floor_usage":[5,13,16],"damage_taken":[{"damage":7,"enemies":"Jaw Worm","floor":1,"turns":3},{"damage":5,"enemies":"2 Louse","floor":2,"turns":3},{"damage":0,"enemies":"Cultist","floor":3,"turns":2},{"damage":24,"enemies":"Blue Slaver","floor":4,"turns":6},{"damage":2,"enemies":"Exordium Thugs","floor":5,"turns":3},{"damage":9,"enemies":"Looter","floor":10,"turns":3},{"damage":13,"enemies":"Lagavulin","floor":12,"turns":7},{"damage":22,"enemies":"Lagavulin Event","floor":13,"turns":5},{"damage":4,"enemies":"Red Slaver","floor":14,"turns":3},{"damage":48,"enemies":"The Guardian","floor":16,"turns":9}],"seed_played":"434574659146953726","potions_obtained":[{"floor":3,"key":"ColorlessPotion"},{"floor":5,"key":"Energy Potion"},{"floor":12,"key":"Regen Potion"},{"floor":13,"key":"Ancient Potion"},{"floor":14,"key":"DistilledChaos"}],"is_trial":false,"path_per_floor":["M","M","M","M","M","R","?","R","T","M","R","E","?","M","R","B"],"character_chosen":"WATCHER","items_purchased":[],"campfire_rested":2,"item_purchase_floors":[],"current_hp_per_floor":[65,60,60,36,34,34,16,37,37,28,28,15,19,27,48,0,0],"gold":321,"neow_bonus":"THREE_CARDS","is_daily":false,"chose_seed":false,"campfire_upgraded":2,"win_rate":0.0,"timestamp":1609174136,"path_taken":["M","M","M","M","M","R","?","R","T","M","R","E","?","M","R","BOSS"],"items_purchased_type":[],"build_version":"2020-12-22","purchased_purges":0,"victory":false,"max_hp_per_floor":[72,72,72,72,72,72,72,72,72,72,72,72,72,72,72,72,72],"card_choices":[{"not_picked":["Study","Weave"],"picked":"FlurryOfBlows","floor":0},{"not_picked":["BowlingBash","SignatureMove"],"picked":"MentalFortress","floor":1},{"not_picked":["Meditate","FlyingSleeves"],"picked":"FlurryOfBlows","floor":2},{"not_picked":["PathToVictory","Evaluate"],"picked":"ClearTheMind","floor":3},{"not_picked":["Protect","EmptyBody"],"picked":"SpiritShield","floor":4},{"not_picked":["DeceiveReality","ThirdEye"],"picked":"EmptyBody","floor":5},{"not_picked":["CrushJoints","WaveOfTheHand","Prostrate"],"picked":"SKIP","floor":10},{"not_picked":["CrushJoints","LikeWater","Alpha"],"picked":"SKIP","floor":12},{"not_picked":["Halt","ThirdEye"],"picked":"EmptyBody","floor":13},{"not_picked":["Worship","FearNoEvil"],"picked":"Adaptation","floor":14}],"player_experience":421531,"relics_obtained":[{"floor":9,"key":"Bottled Lightning"},{"floor":12,"key":"Boot"}],"event_choices":[{"damage_healed":0,"gold_gain":0,"player_choice":"Take Damage","damage_taken":18,"relics_obtained":["Golden Idol"],"max_hp_gain":0,"max_hp_loss":0,"event_name":"Golden Idol","floor":7,"gold_loss":0},{"damage_healed":0,"gold_gain":0,"player_choice":"Searched \u00273\u0027 times","damage_taken":0,"relics_obtained":["Meat on the Bone"],"max_hp_gain":0,"max_hp_loss":0,"event_name":"Dead Adventurer","floor":13,"gold_loss":0}],"is_beta":false,"boss_relics":[],"items_purged_floors":[],"is_endless":false,"potions_floor_spawned":[3,5,12,13,14],"killed_by":"The Guardian","ascension_level":3}}