{"host":"3shkd9pumyjl06a1","time":1609133580,"event":{"mods":["Act Like it!","Aspiration","BaseMod","BetterRewards","Clawfect","Colored Map","Conspire","Downfall","Googly Eyes","Hallownest","HololiveMod","Hubris","Infinite Spire","Mimic Mod","Minty Spire (QoL Compilation)","Replay The Spire","Shade Mod","Shop Mod","Small Relic Pack","StSLib","The Bladedancer","The Bug Knight","The Necromancer","Wandering Minibosses"],"gold_per_floor":[115,130,130,130,130,130,143,143,143,143,143,143,143,143,143,241,241,253,271,271,289,401,435,435,489,489,489,489],"floor_reached":27,"playtime":1174,"items_purged":[],"score":244,"play_id":"928d05c6-da05-4041-8e16-78886cb8de36","local_time":"20201227223300","is_ascension_mode":false,"campfire_choices":[{"data":"Vigilance","floor":6.0,"key":"SMITH"},{"data":"WreathOfFlame","floor":8.0,"key":"SMITH"},{"data":"FlyingSleeves","floor":11.0,"key":"SMITH"},{"data":"Weave","floor":13.0,"key":"SMITH"},{"floor":15.0,"key":"REST"},{"data":"Replay:LoomingThreat","floor":24,"key":"SMITH"}],"circlet_count":0,"master_deck":["Strike_P","Strike_P","Strike_P","Strike_P","Defend_P","Defend_P","Defend_P","Defend_P","Eruption+1","Vigilance+1","FlyingSleeves+1","Weave+1","FlurryOfBlows+1","WreathOfFlame+1","Replay:LoomingThreat+1","Perseverance","CutThroughFate+1","ClearTheMind+1","Shame","Replay:AtTheReady"],"relics":["PureWater","infinitespire:Golems Mask","Mango","Incense Burner","Hallownest:SalubrasBlessingRelic","relicPack:OneForAll","infinitespire:Satchel","Bottled Lightning","VioletLotus","hubris:BottledRain","ReplayTheSpireMod:Shallot"],"acts_visited":["Hallownest:Greenpath","Hallownest:CityofTears"],"potions_floor_usage":[23,23,23,23,23,23],"damage_taken":[{"damage":2.0,"enemies":"Hallownest:2_MossCreeps","floor":1.0,"turns":4.0},{"damage":1.0,"enemies":"2_ Uuma","floor":2.0,"turns":5.0},{"damage":1.0,"enemies":"Hallownest:2_Baldur","floor":7.0,"turns":3.0},{"damage":1.0,"enemies":"Hallownest:BossFalseKnight","floor":16.0,"turns":7.0},{"damage":8.0,"enemies":"Hallownest:Guard_and_Sentry","floor":18.0,"turns":4.0},{"damage":0.0,"enemies":"Hallownest:3_Youths","floor":19.0,"turns":5.0},{"damage":1.0,"enemies":"Hallownest:Master_and_Novice","floor":21.0,"turns":3.0},{"damage":23,"enemies":"Hallownest:eliteWatcherKnight","floor":23,"turns":10},{"damage":45,"enemies":"Hallownest:Glutton_and_Coward","floor":25,"turns":5},{"damage":0,"enemies":"Hallownest:monsterShrumalOgre","floor":27,"turns":2}],"seed_played":"-446556135538096571","potions_obtained":[{"floor":2.0,"key":"Adrenaline Potion"},{"floor":16.0,"key":"Fire Potion"},{"floor":18.0,"key":"Venom Potion"},{"floor":25,"key":"Languid Potion"}],"is_trial":false,"path_per_floor":["M","M","?","?","?","R","M","R","T","?","R","?","R","T","R","B",null,"M","M","?","M","?","E","R","M","T","M"],"character_chosen":"WATCHER","items_purchased":["infinitespire:Golems Mask","Mango","FlyingSleeves"],"campfire_rested":1,"item_purchase_floors":[0,0,0],"current_hp_per_floor":[52,51,51,51,51,51,50,50,50,50,50,50,50,50,77,76,88,80,80,80,79,79,71,71,26,26,26,26],"gold":489,"neow_bonus":"","is_daily":false,"chose_seed":false,"campfire_upgraded":5,"win_rate":0.0,"timestamp":1609133580,"path_taken":["M","M","?","?","?","R","M","R","T","?","R","?","R","?","R","BOSS","M","?","?","M","?","E","R","M","T","?"],"items_purchased_type":["Relic","Relic","Card"],"build_version":"2020-12-22","purchased_purges":0,"victory":false,"max_hp_per_floor":[86,86,86,86,86,86,86,86,86,86,86,86,86,86,88,88,88,88,88,88,88,88,88,88,88,88,88,88],"card_choices":[{"not_picked":["EmptyBody","Worship"],"picked":"Weave","floor":1.0},{"not_picked":["Nirvana","CrushJoints"],"picked":"FlurryOfBlows","floor":2.0},{"not_picked":["BattleHymn","CarveReality"],"picked":"WreathOfFlame","floor":7.0},{"not_picked":["ConjureBlade","DeusExMachina"],"picked":"Replay:LoomingThreat","floor":16.0},{"not_picked":["Protect","Sanctity"],"picked":"Perseverance","floor":18.0},{"not_picked":["Pray","Meditate+1"],"picked":"CutThroughFate+1","floor":19.0},{"not_picked":["CrushJoints+1","Indignation"],"picked":"ClearTheMind+1","floor":21.0},{"not_picked":["Evaluate+1","Replay:AllIn","FearNoEvil"],"picked":"SKIP","floor":23},{"not_picked":["EmptyBody","Protect"],"picked":"Replay:AtTheReady","floor":25}],"player_experience":229250,"relics_obtained":[{"floor":9.0,"key":"infinitespire:Satchel"},{"floor":14.0,"key":"Bottled Lightning"},{"floor":23,"key":"hubris:BottledRain"},{"floor":26,"key":"ReplayTheSpireMod:Shallot"}],"event_choices":[],"is_beta":false,"boss_relics":[{"not_picked":["hubris:Stopwatch","Replay:Drink Me"],"picked":"VioletLotus"}],"items_purged_floors":[],"is_endless":false,"potions_floor_spawned":[2,16,18,23,25],"killed_by":"Hallownest:monsterShrumalOgre","ascension_level":0}}