{"host":"1hv1kueuvc4r3rdp","time":1609126780,"event":{"mods":["AchievementEnabler","BaseMod","DeckTracker","Highlight Path","Minty Spire (QoL Compilation)","Permanent Neow","StSLib"],"gold_per_floor":[111,111,60,76,86,86,86,86,86,111,111,131,148,161,161,264,264,278,75,88,104,104,131,131,131,131,131,142,152,165,165,165,165,165],"floor_reached":33,"playtime":1559,"items_purged":[],"score":271,"play_id":"07203272-a3aa-4077-86d0-3ab0c1e8e2fd","local_time":"20201227213940","daily_mods":["Uncertain Future"],"is_ascension_mode":false,"campfire_choices":[{"data":"Eruption","floor":6,"key":"SMITH"},{"data":"FlurryOfBlows","floor":8,"key":"SMITH"},{"data":"Wallop","floor":15,"key":"SMITH"},{"data":"Protect","floor":24,"key":"SMITH"},{"data":"ThirdEye","floor":27,"key":"SMITH"},{"floor":32,"key":"REST"}],"circlet_count":0,"master_deck":["Strike_P","Strike_P","Strike_P","Strike_P","Defend_P","Defend_P","Defend_P","Defend_P","Eruption+1","Vigilance","FlurryOfBlows+1","BowlingBash","Wallop+1","Protect+1","ConjureBlade","ThirdEye+1","EmptyBody+1","Pain"],"relics":["PureWater","Lantern","Torii","Anchor","Cursed Key","HandDrill","GoldenEye","MealTicket"],"acts_visited":["Exordium","TheCity"],"potions_floor_usage":[10,16,16,23,31,33],"damage_taken":[{"damage":0,"enemies":"Jaw Worm","floor":1,"turns":4},{"damage":0,"enemies":"2 Louse","floor":4,"turns":2},{"damage":0,"enemies":"Small Slimes","floor":5,"turns":3},{"damage":10,"enemies":"Gremlin Nob","floor":10,"turns":3},{"damage":0,"enemies":"3 Louse","floor":12,"turns":2},{"damage":0,"enemies":"Looter","floor":13,"turns":2},{"damage":1,"enemies":"Exordium Thugs","floor":14,"turns":3},{"damage":20,"enemies":"Hexaghost","floor":16,"turns":13},{"damage":7,"enemies":"Shell Parasite","floor":18,"turns":4},{"damage":0,"enemies":"Spheric Guardian","floor":20,"turns":3},{"damage":0,"enemies":"Snake Plant","floor":21,"turns":2},{"damage":14,"enemies":"Slavers","floor":23,"turns":14},{"damage":4,"enemies":"Chosen and Byrds","floor":28,"turns":4},{"damage":6,"enemies":"Cultist and Chosen","floor":29,"turns":6},{"damage":2,"enemies":"Centurion and Healer","floor":30,"turns":5},{"damage":0,"enemies":"Snecko","floor":31,"turns":1},{"damage":85,"enemies":"Automaton","floor":33,"turns":12}],"seed_played":"2356957831599554400","potions_obtained":[{"floor":4,"key":"Swift Potion"},{"floor":10,"key":"PowerPotion"},{"floor":12,"key":"SteroidPotion"},{"floor":20,"key":"PowerPotion"},{"floor":23,"key":"SmokeBomb"}],"is_trial":true,"path_per_floor":["M","?","$","M","M","R","?","R","T","E","?","M","M","M","R","B",null,"M","$","M","M","?","E","R","?","T","R","M","M","M","M","R","B"],"character_chosen":"WATCHER","items_purchased":["Fire Potion","HandDrill","SkillPotion"],"campfire_rested":1,"item_purchase_floors":[3,19,19],"current_hp_per_floor":[72,69,69,69,69,69,69,69,69,59,59,59,59,58,58,38,72,65,65,65,65,65,51,51,51,51,51,47,41,39,39,60,0,0],"gold":165,"neow_bonus":"","is_daily":false,"chose_seed":true,"campfire_upgraded":5,"win_rate":0.0,"timestamp":1609126780,"path_taken":["M","?","$","M","M","R","?","R","T","E","?","M","M","M","R","BOSS","M","$","M","M","?","E","R","?","T","R","?","M","M","M","R","BOSS"],"items_purchased_type":["Potion","Relic","Potion"],"build_version":"2020-12-22","purchased_purges":0,"victory":false,"max_hp_per_floor":[72,72,72,72,72,72,72,72,72,72,72,72,72,72,72,72,72,72,72,72,72,72,72,72,72,72,72,72,72,72,72,72,72,72],"card_choices":[{"not_picked":["ThirdEye","EmptyBody","Evaluate"],"picked":"SKIP","floor":1},{"not_picked":["CrushJoints","JustLucky"],"picked":"FlurryOfBlows","floor":4},{"not_picked":["Nirvana","Pray","Brilliance"],"picked":"SKIP","floor":5},{"not_picked":["FlurryOfBlows","Prostrate"],"picked":"BowlingBash","floor":10},{"not_picked":["Sanctity","DeceiveReality"],"picked":"Wallop","floor":12},{"not_picked":["EmptyFist","Consecrate"],"picked":"Protect","floor":13},{"not_picked":["Prostrate","JustLucky","Weave"],"picked":"SKIP","floor":14},{"not_picked":["Devotion","Ragnarok"],"picked":"ConjureBlade","floor":16},{"not_picked":["Crescendo+1","FearNoEvil"],"picked":"ThirdEye","floor":18},{"not_picked":["Indignation","Protect+1"],"picked":"EmptyBody+1","floor":20},{"not_picked":["Perseverance","LikeWater","DevaForm"],"picked":"SKIP","floor":21},{"not_picked":["Halt","FlyingSleeves+1","FollowUp"],"picked":"SKIP","floor":23},{"not_picked":["FlyingSleeves","Nirvana","FlurryOfBlows"],"picked":"SKIP","floor":28},{"not_picked":["EmptyBody","Worship+1","CutThroughFate"],"picked":"SKIP","floor":29},{"not_picked":["EmptyMind","FlyingSleeves","CutThroughFate+1"],"picked":"SKIP","floor":30}],"player_experience":1101524,"relics_obtained":[{"floor":9,"key":"Torii"},{"floor":10,"key":"Anchor"},{"floor":23,"key":"GoldenEye"},{"floor":26,"key":"MealTicket"}],"event_choices":[{"damage_healed":0,"gold_gain":0,"player_choice":"Success","damage_taken":3,"relics_obtained":["Lantern"],"max_hp_gain":0,"max_hp_loss":0,"event_name":"Scrap Ooze","floor":2,"gold_loss":0},{"damage_healed":0,"gold_gain":0,"player_choice":"Leave","damage_taken":0,"max_hp_gain":0,"max_hp_loss":0,"event_name":"The Cleric","floor":7,"gold_loss":0},{"damage_healed":0,"gold_gain":0,"player_choice":"Ignored","damage_taken":0,"max_hp_gain":0,"max_hp_loss":0,"event_name":"Golden Idol","floor":11,"gold_loss":0},{"damage_healed":0,"gold_gain":0,"player_choice":"Ignored","damage_taken":0,"max_hp_gain":0,"max_hp_loss":0,"event_name":"Vampires","floor":22,"gold_loss":0},{"damage_healed":0,"gold_gain":0,"player_choice":"Ignored","damage_taken":0,"max_hp_gain":0,"max_hp_loss":0,"event_name":"The Mausoleum","floor":25,"gold_loss":0}],"is_beta":false,"boss_relics":[{"not_picked":["Coffee Dripper","Busted Crown"],"picked":"Cursed Key"}],"items_purged_floors":[],"is_endless":false,"potions_floor_spawned":[4,10,12,20,23,29,31],"killed_by":"Automaton","ascension_level":0}}