{"host":"chv1qanoipyt46jc","time":1609131948,"event":{"mods":["2.2 Compatiblity","AchievementEnabler","BaseMod","BetterRewards","CapriCore","Card Filter","Gold Saver","Grow up Mod","Kratos Character Expansion","Minty Spire (QoL Compilation)","Rare Cards Sparkle","Relic Filter","Remove Card Discount Mod","Reorder Act Four","StSLib"],"gold_per_floor":[902,919,938,958,958,986,986,999,999,999,1016,1016,1043,1060,1060,1160,1160,1180,1191,1217,1217,1217,1251,1265,1265,1265,1282,1282,1317,1331,1359,1359,1462,1462,1482,1492,1503,1503,1503,1538,1760,1760,1841,1841,1797,1815,1849,1867,1867,1867,1867,1867,1867,1902,1902],"floor_reached":56,"playtime":794,"items_purged":["KratosMod:Strike_K","KratosMod:Strike_K","KratosMod:Strike_K","KratosMod:Strike_K","KratosMod:Defend_K","KratosMod:Defend_K","KratosMod:Defend_K","KratosMod:Defend_K","KratosMod:cyclone","Madness","Madness"],"score":1929,"play_id":"103c3d4b-680e-4034-ad79-ad84ae1885ad","local_time":"20201227230548","is_ascension_mode":false,"campfire_choices":[{"data":"KratosMod:Revenge","floor":10,"key":"SMITH"},{"data":"KratosMod:BladeWhip","floor":12,"key":"SMITH"},{"data":"KratosMod:BladeWhip","floor":15,"key":"SMITH"},{"data":"KratosMod:BladeWhip","floor":25,"key":"SMITH"},{"floor":32,"key":"RECALL"},{"data":"1","floor":42,"key":"LIFT"},{"data":"2","floor":44,"key":"LIFT"},{"data":"KratosMod:BladeWhip","floor":49,"key":"SMITH"},{"data":"3","floor":53,"key":"LIFT"}],"circlet_count":0,"master_deck":["KratosMod:AthenaBane","KratosMod:BladeWhip+1","KratosMod:Revenge+1","KratosMod:BladeWhip+1","KratosMod:BladeWhip+1"],"relics":["KratosMod:eagle","Ice Cream","Medical Kit","Sling","CaptainsWheel","Vajra","Coffee Dripper","Red Mask","Akabeko","Matryoshka","Girya","Eternal Feather","Blood Vial","Whetstone","Black Star","Torii","Calipers","Ornamental Fan","CeramicFish","Prayer Wheel","InkBottle","Anchor","Gremlin Horn"],"acts_visited":["Exordium","TheCity","TheBeyond","TheEnding"],"potions_floor_usage":[],"damage_taken":[{"damage":6,"enemies":"Cultist","floor":1,"turns":3},{"damage":5,"enemies":"2 Louse","floor":2,"turns":2},{"damage":11,"enemies":"Jaw Worm","floor":3,"turns":2},{"damage":7,"enemies":"Blue Slaver","floor":4,"turns":2},{"damage":0,"enemies":"Gremlin Nob","floor":6,"turns":2},{"damage":14,"enemies":"3 Louse","floor":8,"turns":2},{"damage":0,"enemies":"Large Slime","floor":11,"turns":2},{"damage":0,"enemies":"Lagavulin","floor":13,"turns":2},{"damage":0,"enemies":"Blue Slaver","floor":14,"turns":1},{"damage":3,"enemies":"The Guardian","floor":16,"turns":2},{"damage":0,"enemies":"Chosen","floor":18,"turns":1},{"damage":0,"enemies":"3 Byrds","floor":19,"turns":2},{"damage":10,"enemies":"Masked Bandits","floor":20,"turns":2},{"damage":5,"enemies":"Slavers","floor":23,"turns":2},{"damage":0,"enemies":"Centurion and Healer","floor":24,"turns":1},{"damage":0,"enemies":"Snecko","floor":27,"turns":1},{"damage":0,"enemies":"Gremlin Leader","floor":29,"turns":1},{"damage":0,"enemies":"Sentry and Sphere","floor":30,"turns":1},{"damage":9,"enemies":"Slavers","floor":31,"turns":2},{"damage":0,"enemies":"Automaton","floor":33,"turns":1},{"damage":0,"enemies":"Orb Walker","floor":35,"turns":1},{"damage":5,"enemies":"3 Darklings","floor":36,"turns":2},{"damage":0,"enemies":"Writhing Mass","floor":37,"turns":1},{"damage":57,"enemies":"Nemesis","floor":40,"turns":3},{"damage":0,"enemies":"Maw","floor":46,"turns":1},{"damage":0,"enemies":"Reptomancer","floor":47,"turns":1},{"damage":0,"enemies":"Transient","floor":48,"turns":2},{"damage":0,"enemies":"Donu and Deca","floor":50,"turns":1},{"damage":0,"enemies":"Shield and Spear","floor":54,"turns":1},{"damage":66,"enemies":"The Heart","floor":55,"turns":3}],"seed_played":"-8669090948199297558","potions_obtained":[{"floor":2,"key":"Strength Potion"},{"floor":3,"key":"Explosive Potion"},{"floor":16,"key":"Swift Potion"}],"is_trial":false,"path_per_floor":["M","M","M","M","?","E","$","M","T","R","M","R","E","M","R","B",null,"M","M","?","?","$","E","M","R","T","M","T","E","M","E","R","B",null,"M","M","M","?","?","E","?","R","T","R","$","M","E","M","R","B",null,"$","R","E","B",null],"character_chosen":"KRATOS","items_purchased":["Ice Cream","KratosMod:BladeWhip","KratosMod:BladeWhip","Medical Kit","KratosMod:Revenge","KratosMod:BladeWhip","Sling","KratosMod:BladeWhip"],"campfire_rested":0,"item_purchase_floors":[0,0,0,0,0,0,0,45],"current_hp_per_floor":[38,43,42,45,60,70,80,76,86,96,106,116,126,136,146,153,245,255,265,265,275,285,290,300,310,320,330,340,350,362,365,378,390,415,425,430,442,452,405,360,370,383,393,406,416,428,440,452,465,477,585,595,605,615,559],"gold":1902,"neow_bonus":"","is_daily":false,"chose_seed":false,"campfire_upgraded":5,"win_rate":0.0,"timestamp":1609131948,"path_taken":["M","M","M","M","?","E","$","M","T","R","M","R","E","M","R","BOSS","M","M","?","?","$","E","M","R","T","M","?","E","M","E","R","BOSS","M","M","M","?","?","E","?","R","T","R","$","M","E","M","R","BOSS","$","R","E","BOSS"],"items_purchased_type":["Relic","Card","Card","Relic","Card","Card","Relic","Card"],"build_version":"2020-12-22","purchased_purges":11,"victory":true,"max_hp_per_floor":[80,90,100,110,125,135,145,155,165,175,185,195,205,215,225,235,245,255,265,275,285,295,305,315,325,335,345,355,365,375,385,395,405,415,425,435,445,455,465,475,485,495,505,515,525,535,545,555,565,575,585,595,605,615,625],"card_choices":[{"not_picked":["KratosMod:clawsofhades","KratosMod:Tempor","KratosMod:BladeWhip"],"picked":"SKIP","floor":1},{"not_picked":["KratosMod:Endure","KratosMod:conjuresoul","KratosMod:Tempor"],"picked":"SKIP","floor":2},{"not_picked":["KratosMod:settle","KratosMod:BladeWhip","KratosMod:Endure"],"picked":"SKIP","floor":3},{"not_picked":["KratosMod:BladeWhip","KratosMod:ShieldBash","KratosMod:Roll"],"picked":"SKIP","floor":4},{"not_picked":["KratosMod:Endure","KratosMod:ShieldBash","KratosMod:BladeWhip"],"picked":"SKIP","floor":6},{"not_picked":["KratosMod:conjuresoul","KratosMod:Tempor","KratosMod:tartarusrage"],"picked":"SKIP","floor":8},{"not_picked":["KratosMod:BladeWhip","KratosMod:Endure","KratosMod:Tempor"],"picked":"SKIP","floor":11},{"not_picked":["KratosMod:ShieldBash","KratosMod:blades","KratosMod:clawsofhades"],"picked":"SKIP","floor":13},{"not_picked":["KratosMod:SmashStone","KratosMod:BladeWhip","KratosMod:conjuresoul"],"picked":"SKIP","floor":14},{"not_picked":["KratosMod:Endure","KratosMod:rattle","KratosMod:Tempor"],"picked":"SKIP","floor":18},{"not_picked":["KratosMod:clawsofhades","KratosMod:ShieldBash","KratosMod:SmashStone"],"picked":"SKIP","floor":19},{"not_picked":["KratosMod:BladeWhip","KratosMod:settle+1","KratosMod:rattle+1"],"picked":"SKIP","floor":23},{"not_picked":["KratosMod:BladeWhip+1","KratosMod:conjuresoul","KratosMod:clawsofhades"],"picked":"SKIP","floor":24},{"not_picked":["KratosMod:BladeWhip+1","KratosMod:clawsofhades+1","KratosMod:rattle"],"picked":"SKIP","floor":27},{"not_picked":["KratosMod:BladeWhip+1","KratosMod:SmashStone+1","KratosMod:Endure"],"picked":"SKIP","floor":29},{"not_picked":["KratosMod:BladeWhip+1","KratosMod:settle","KratosMod:ShieldBash"],"picked":"SKIP","floor":30},{"not_picked":["KratosMod:tartarusrage","KratosMod:Endure+1","KratosMod:BladeWhip+1"],"picked":"SKIP","floor":31},{"not_picked":["KratosMod:ShieldBash","KratosMod:Roll","KratosMod:Endure"],"picked":"SKIP","floor":35},{"not_picked":["KratosMod:Roll+1","KratosMod:Endure+1","KratosMod:Tempor+1"],"picked":"SKIP","floor":36},{"not_picked":["KratosMod:Roll+1","KratosMod:Tempor+1","KratosMod:rattle+1"],"picked":"SKIP","floor":37},{"not_picked":["KratosMod:conjuresoul+1","KratosMod:kBerserk","KratosMod:rattle+1"],"picked":"SKIP","floor":40},{"not_picked":["KratosMod:BladeWhip+1","KratosMod:Endure+1","KratosMod:settle"],"picked":"SKIP","floor":46},{"not_picked":["KratosMod:Endure","KratosMod:Roll","KratosMod:BladeWhip+1"],"picked":"SKIP","floor":47},{"not_picked":["KratosMod:Endure+1","KratosMod:BladeWhip+1","KratosMod:Tempor+1"],"picked":"SKIP","floor":48},{"not_picked":["KratosMod:conjuresoul+1","KratosMod:settle+1","KratosMod:rattle+1"],"picked":"SKIP","floor":48},{"not_picked":["KratosMod:SmashStone+1","KratosMod:clawsofhades","KratosMod:styx"],"picked":"SKIP","floor":54}],"player_experience":303007,"relics_obtained":[{"floor":6,"key":"CaptainsWheel"},{"floor":13,"key":"Vajra"},{"floor":20,"key":"Red Mask"},{"floor":23,"key":"Akabeko"},{"floor":26,"key":"Matryoshka"},{"floor":28,"key":"Girya"},{"floor":28,"key":"Eternal Feather"},{"floor":29,"key":"Blood Vial"},{"floor":31,"key":"Whetstone"},{"floor":40,"key":"Torii"},{"floor":40,"key":"Calipers"},{"floor":43,"key":"Ornamental Fan"},{"floor":43,"key":"CeramicFish"},{"floor":47,"key":"Prayer Wheel"},{"floor":47,"key":"InkBottle"},{"floor":54,"key":"Anchor"},{"floor":54,"key":"Gremlin Horn"}],"event_choices":[{"damage_healed":0,"gold_gain":0,"player_choice":"Donut","damage_taken":0,"max_hp_gain":5,"max_hp_loss":0,"event_name":"Big Fish","floor":5,"gold_loss":0},{"damage_healed":0,"gold_gain":0,"player_choice":"Fought Bandits","damage_taken":0,"max_hp_gain":0,"max_hp_loss":0,"event_name":"Masked Bandits","floor":20,"gold_loss":0},{"damage_healed":0,"gold_gain":0,"player_choice":"Ignored","damage_taken":0,"max_hp_gain":0,"max_hp_loss":0,"event_name":"Cursed Tome","floor":21,"gold_loss":0},{"cards_removed":["KratosMod:BladeWhip"],"damage_healed":0,"gold_gain":0,"player_choice":"Removed Attack","damage_taken":0,"max_hp_gain":0,"max_hp_loss":0,"event_name":"Falling","floor":38,"gold_loss":0},{"damage_healed":0,"gold_gain":0,"player_choice":"Embrace Madness","damage_taken":57,"max_hp_gain":0,"max_hp_loss":0,"event_name":"Winding Halls","floor":39,"gold_loss":0,"cards_obtained":["Madness","Madness"]},{"damage_healed":0,"gold_gain":222,"player_choice":"Wore Mask","damage_taken":0,"max_hp_gain":0,"max_hp_loss":0,"event_name":"Tomb of Lord Red Mask","floor":41,"gold_loss":0}],"is_beta":false,"boss_relics":[{"not_picked":["SlaversCollar","Sozu"],"picked":"Coffee Dripper"},{"not_picked":["Runic Pyramid","Runic Dome"],"picked":"Black Star"}],"items_purged_floors":[0,0,0,0,0,0,0,0,0,45,45],"is_endless":false,"potions_floor_spawned":[2,3,4,16,19,20,30,40,46,47,48],"ascension_level":0}}