{"host":"csp9nt53rootlkah","time":1609156817,"event":{"mods":["Act Like it!","BaseMod","Colored Powertips","Friendly Minions","Gensokyo","Highlight Path","Minty Spire (QoL Compilation)","Quick Restart","Remilia（蕾米莉亚）","Replay The Spire","StSLib","TestMod","The Factory","The Jungle","UnlockEverythingMod"],"gold_per_floor":[117,41,69,16,29,29,55,55,55,80,80,112,112,112,112,212,212,225,249,93,112,123,123,162,162,162,173,211,211,249,149,149,274,274,288,304,179,195,209,250,650,650,719,755,776,776,792,828,828,831,831,831,327,361,370],"floor_reached":56,"playtime":4512,"items_purged":["Strike_RM","Strike_RM","Strike_RM","Strike_RM"],"score":1791,"play_id":"126e7880-5592-4d14-a472-6792dd3be07f","local_time":"20201228200017","is_ascension_mode":true,"campfire_choices":[{"data":"ScarletImprint","floor":6.0,"key":"SMITH"},{"data":"Maim","floor":8.0,"key":"SMITH"},{"data":"ScarletShoot","floor":11.0,"key":"SMITH"},{"data":"VampireClaw","floor":13.0,"key":"SMITH"},{"data":"RedMoon","floor":15.0,"key":"SMITH"},{"data":"ScarletMeister","floor":23.0,"key":"SMITH"},{"data":"GlobalNightmare","floor":25.0,"key":"SMITH"},{"data":"ScarletImprint","floor":29.0,"key":"SMITH"},{"data":"BloodyCatastrophe","floor":32.0,"key":"SMITH"},{"data":"BloodySeventeenLaser","floor":42.0,"key":"SMITH"},{"floor":49.0,"key":"RECALL"},{"data":"BloodRain","floor":52.0,"key":"SMITH"}],"circlet_count":0,"master_deck":["Defend_RM","Defend_RM","Defend_RM","Defend_RM","RedMoon+1","ScarletShoot+1","VampireClaw+1","Maim+1","ScarletImprint+1","ScarletMeister+1","DiffusionOfMisfortune","ScarletImprint+1","GlobalNightmare+1","BloodyCatastrophe+1","BloodRain+1","BloodySeventeenLaser+1","BloodHunter+1"],"relics":["ScarletHat","testmod-PortableAltar","NeowsBlessing","Chameleon Ring","Potion Belt","Replay:Towering Pillar of Hats","Replay:Accelerometer","Blue Candle","Eternal Feather","testmod-DeterminationOfClimber","Bag of Marbles","Pantograph","testmod-Hope","Pocketwatch","Replay:Bronze Core","Kunai","Singing Bowl","testmod-Justice","Replay:Mystery Machine","Replay:Baseball","Medical Kit","Ginger"],"acts_visited":["Gensokyo:Gensokyo","TheCity","TheBeyond","TheEnding"],"potions_floor_usage":[],"damage_taken":[{"damage":1.0,"enemies":"Gensokyo:2_Kodama","floor":1.0,"turns":1.0},{"damage":3.0,"enemies":"Gensokyo:Mamizou","floor":3.0,"turns":3.0},{"damage":1.0,"enemies":"Gensokyo:3_Fairies","floor":5.0,"turns":2.0},{"damage":30.0,"enemies":"Gensokyo:Cirno","floor":7.0,"turns":12.0},{"damage":7.0,"enemies":"Gensokyo:Aya","floor":10.0,"turns":9.0},{"damage":12.0,"enemies":"Gensokyo:Cirno","floor":12.0,"turns":9.0},{"damage":13.0,"enemies":"Gensokyo:Reimu","floor":16.0,"turns":16.0},{"damage":7.0,"enemies":"2 Thieves","floor":18.0,"turns":4.0},{"damage":1.0,"enemies":"Spheric Guardian","floor":19.0,"turns":4.0},{"damage":0.0,"enemies":"Centurion and Healer","floor":21.0,"turns":3.0},{"damage":0.0,"enemies":"Shelled Parasite and Fungi","floor":22.0,"turns":2.0},{"damage":0.0,"enemies":"Book of Stabbing","floor":24.0,"turns":4.0},{"damage":0.0,"enemies":"Chosen and Byrds","floor":27.0,"turns":2.0},{"damage":0.0,"enemies":"Gremlin Leader","floor":28.0,"turns":3.0},{"damage":4.0,"enemies":"Slavers","floor":30.0,"turns":1.0},{"damage":0.0,"enemies":"Pondfish","floor":33.0,"turns":4.0},{"damage":0.0,"enemies":"3 Darklings","floor":35.0,"turns":1.0},{"damage":0.0,"enemies":"Orb Walker","floor":36.0,"turns":3.0},{"damage":0.0,"enemies":"Spire Growth","floor":38.0,"turns":2.0},{"damage":4.0,"enemies":"Jaw Worm Horde","floor":39.0,"turns":1.0},{"damage":4.0,"enemies":"Giant Head","floor":40.0,"turns":3.0},{"damage":0.0,"enemies":"R_Hoarder","floor":44.0,"turns":2.0},{"damage":0.0,"enemies":"3 Darklings","floor":45.0,"turns":2.0},{"damage":0.0,"enemies":"Spire Growth","floor":47.0,"turns":1.0},{"damage":4.0,"enemies":"Giant Head","floor":48.0,"turns":3.0},{"damage":45.0,"enemies":"Replay:Hell Engine","floor":50.0,"turns":2.0},{"damage":0,"enemies":"Shield and Spear","floor":54,"turns":2},{"damage":13,"enemies":"The Heart","floor":55,"turns":4}],"seed_played":"-557322359555443634","potions_obtained":[{"floor":5.0,"key":"ColorlessPotion"},{"floor":7.0,"key":"Reflective Coating"},{"floor":12.0,"key":"AttackPotion"},{"floor":16.0,"key":"SkillPotion"},{"floor":19.0,"key":"Block Potion"},{"floor":21.0,"key":"DistilledChaos"},{"floor":24.0,"key":"Fruit Juice"},{"floor":30.0,"key":"ColorlessPotion"},{"floor":36.0,"key":"Ancient Potion"},{"floor":44.0,"key":"Venom Potion"},{"floor":48.0,"key":"LiquidMemories"}],"is_trial":false,"path_per_floor":["M","COS","?","$","M","R","E","R","T","E","R","E","R","T","R","B",null,"M","M","$","M","M","R","E","R","T","M","E","R","E","$","R","B",null,"M","M","$","M","M","E","?","R","T","E","M","?","M","E","R","B",null,"R","$","E","B",null],"character_chosen":"REMILIA","items_purchased":["ScarletImprint","GlobalNightmare","Replay:Baseball","Medical Kit","Energy Potion"],"campfire_rested":0,"item_purchase_floors":[4,20,53,53,53],"current_hp_per_floor":[73,73,70,70,69,69,44,44,44,44,44,33,33,33,39,41,66,66,68,67,70,73,72,82,81,80,83,86,85,88,87,86,89,88,87,90,89,92,87,90,89,88,87,92,93,92,91,92,91,65,89,88,87,88,87],"gold":370,"neow_bonus":"THREE_ENEMY_KILL","is_daily":false,"chose_seed":false,"campfire_upgraded":11,"win_rate":0.0,"timestamp":1609156817,"path_taken":["M","COS","?","?","M","R","E","R","T","E","R","E","R","?","R","BOSS","M","M","$","?","M","R","E","R","T","M","E","R","E","$","R","BOSS","M","M","?","?","M","E","?","R","T","E","M","?","M","E","R","BOSS","R","$","E","BOSS"],"items_purchased_type":["Card","Card","Relic","Relic","Potion"],"build_version":"2020-12-22","purchased_purges":4,"victory":true,"max_hp_per_floor":[74,73,72,71,70,69,68,67,66,69,68,67,66,65,64,67,66,69,68,67,70,73,72,82,81,80,83,86,85,88,87,86,89,88,87,90,89,92,91,90,89,88,87,92,93,92,91,92,91,90,89,88,87,88,87],"card_choices":[{"not_picked":["ScarletImprint","NightLord"],"picked":"VampireClaw","floor":1.0},{"not_picked":["MastersStateliness","UnderTheZenith"],"picked":"Maim","floor":3.0},{"not_picked":["UnderTheZenith","FavorOfDestiny","UnstableMagic"],"picked":"SKIP","floor":5.0},{"not_picked":["ScarletGensokyo","BombardNight","ScarletDevil"],"picked":"SKIP","floor":7.0},{"not_picked":["BlasphemousPunishment","BloodAndWine","UnstableMagic"],"picked":"SKIP","floor":10.0},{"not_picked":["RedRainbow","ScarletDream","HellCatastrophe"],"picked":"SKIP","floor":12.0},{"not_picked":["EquivalentExchange","DemonKingCradle"],"picked":"ScarletMeister","floor":16.0},{"not_picked":["CharismaGuard","RedRainbow"],"picked":"DiffusionOfMisfortune","floor":18.0},{"not_picked":["ScarletDream","RedRainbow"],"picked":"ScarletImprint","floor":19.0},{"not_picked":["BloodyTrap","ScarletDevil","VampireKiss"],"picked":"SKIP","floor":21.0},{"not_picked":["BlasphemousPunishment+1","EndlessAdversity+1","RedRainbow+1"],"picked":"SKIP","floor":22.0},{"not_picked":["VampireFantasy","StarOfDavid+1"],"picked":"BloodyCatastrophe","floor":24.0},{"not_picked":["LeisurelyOfLord","EndlessAdversity+1","UnstableMagic"],"picked":"SKIP","floor":27.0},{"not_picked":["BloodyMagicSquare","UltimateOffering","MastersStateliness+1"],"picked":"SKIP","floor":28.0},{"not_picked":["RedRainbow","VampirishNight+1","NightDance"],"picked":"SKIP","floor":30.0},{"not_picked":["TricksterDevil","CurseOfVladTepes"],"picked":"BloodRain","floor":33.0},{"not_picked":["ScarletImprint","ReincarnationDial","Stigmanizer"],"picked":"SKIP","floor":35.0},{"not_picked":["ScarletImprint","DiffusionOfMisfortune+1","UnderTheZenith"],"picked":"SKIP","floor":36.0},{"not_picked":["ScarletImprint+1","DevilSight+1"],"picked":"BloodySeventeenLaser","floor":38.0},{"not_picked":["EndlessAdversity+1","Ultimatum+1","StarOfDavid+1"],"picked":"SKIP","floor":39.0},{"not_picked":["RedNightlessCastle","DevilSight","Stigmanizer"],"picked":"SKIP","floor":40.0},{"not_picked":["Stigmanizer","DiffusionOfMisfortune+1","EndlessAdversity"],"picked":"Singing Bowl","floor":44.0},{"not_picked":["DevilSight","ReincarnationDial+1","EndlessAdversity+1"],"picked":"Singing Bowl","floor":45.0},{"not_picked":["UnderTheZenith+1","VampirishNight+1"],"picked":"BloodHunter+1","floor":47.0},{"not_picked":["ScarletImprint","UnstableMagic+1","MastersStateliness+1"],"picked":"Singing Bowl","floor":48.0},{"not_picked":["MillenniumVampire","EndlessAdversity","UnderTheZenith"],"picked":"Singing Bowl","floor":54}],"player_experience":115663,"relics_obtained":[{"floor":3.0,"key":"Chameleon Ring"},{"floor":7.0,"key":"Potion Belt"},{"floor":10.0,"key":"Replay:Accelerometer"},{"floor":12.0,"key":"Blue Candle"},{"floor":14.0,"key":"Eternal Feather"},{"floor":24.0,"key":"Bag of Marbles"},{"floor":26.0,"key":"Pantograph"},{"floor":28.0,"key":"testmod-Hope"},{"floor":30.0,"key":"Pocketwatch"},{"floor":40.0,"key":"Kunai"},{"floor":43.0,"key":"Singing Bowl"},{"floor":44.0,"key":"testmod-Justice"},{"floor":48.0,"key":"Replay:Mystery Machine"},{"floor":54,"key":"Ginger"}],"event_choices":[{"damage_healed":0.0,"max_hp_gain":0.0,"max_hp_loss":0.0,"gold_gain":400.0,"event_name":"恩洛斯的盘子","player_choice":"Sell","floor":41.0,"relics_lost":["testmod-TestBox"],"gold_loss":0.0,"damage_taken":0.0},{"damage_healed":0.0,"max_hp_gain":0.0,"max_hp_loss":0.0,"gold_gain":0.0,"event_name":"给自己的盒子","player_choice":"Ignored","floor":46.0,"gold_loss":0.0,"damage_taken":0.0}],"is_beta":false,"boss_relics":[{"not_picked":["testmod-IncinerationGenerator","testmod-KeyOfTheVoid"],"picked":"testmod-DeterminationOfClimber"},{"not_picked":["APieceOfRedMist","Cursed Key"],"picked":"Replay:Bronze Core"}],"items_purged_floors":[20,31,37,53],"is_endless":false,"potions_floor_spawned":[5,7,12,16,19,21,24,30,33,36,44,47,48],"ascension_level":1}}