{"host":"74rphcgmhz43g39u","time":1609178988,"event":{"mods":["BaseMod","Colored Powertips","Library of Ruina","Library of Ruina Extra","Minty Spire (QoL Compilation)","Quick Restart","StSLib"],"gold_per_floor":[113,130,146,159,177,177,212,212,212,224,224,224,241,251,251,352,352,371,286,286,286,299,331,331,342,414,441,441,474,490,490,490,594,594,614,627,647,647,658,690,690,690,745,367,400,420,448,448,448,448,448,448,448,106,136,136],"floor_reached":57,"playtime":2897,"items_purged":["LightAttack","LightAttack"],"score":1605,"play_id":"a79db3c0-d724-40c9-b62a-4125cb95d9a9","local_time":"20201229020948","is_ascension_mode":true,"campfire_choices":[{"data":"CleanUp","floor":6.0,"key":"SMITH"},{"data":"CrackOfDawn","floor":8.0,"key":"SMITH"},{"data":"CrackOfDawn","floor":11.0,"key":"SMITH"},{"data":"DarkCloud","floor":15.0,"key":"SMITH"},{"data":"TheRedNotes","floor":24.0,"key":"SMITH"},{"floor":28.0,"key":"RECALL"},{"data":"FocusedStrikes","floor":32.0,"key":"SMITH"},{"data":"CleanUp","floor":41.0,"key":"SMITH"},{"floor":49.0,"key":"REST"},{"floor":53.0,"key":"REST"}],"circlet_count":0,"master_deck":["Dodge","LightDefense","LightAttack","LightDefense","LightDefense+1","ChargeAndCover","FocusedStrikes+1","CrackOfDawn+1","CleanUp+1","Slice_lor","CrackOfDawn+1","DarkCloud+1","TheRedNotes+1","AlloutWar+1","CleanUp+1","PreemptiveStrike+1","Apotheosis+1","Enlightenment+1","FrontalAssault+1","StayCalm+1"],"relics":["PageOfLibrarian","NeowsBlessing","Dream Catcher","Sozu","Kunai","Boot","Ginger","Meat on the Bone","Ornamental Fan","Bag of Marbles","Velvet Choker","PageOfPinocchio","Happy Flower","Lee\u0027s Waffle","Anchor","Vajra","War Paint","PageOfGreed","PageOfTheQueenOfHatred"],"acts_visited":["Exordium","TheCity","TheBeyond","TheEnding"],"potions_floor_usage":[56,56,56],"damage_taken":[{"damage":0.0,"enemies":"Small Slimes","floor":1.0,"turns":1.0},{"damage":0.0,"enemies":"Jaw Worm","floor":2.0,"turns":1.0},{"damage":0.0,"enemies":"2 Louse","floor":3.0,"turns":1.0},{"damage":0.0,"enemies":"Gremlin Gang","floor":4.0,"turns":5.0},{"damage":0.0,"enemies":"2 Fungi Beasts","floor":5.0,"turns":4.0},{"damage":18.0,"enemies":"Gremlin Nob","floor":7.0,"turns":4.0},{"damage":1.0,"enemies":"Looter","floor":10.0,"turns":2.0},{"damage":8.0,"enemies":"Blue Slaver","floor":13.0,"turns":3.0},{"damage":2.0,"enemies":"Red Slaver","floor":14.0,"turns":2.0},{"damage":4.0,"enemies":"The Guardian","floor":16.0,"turns":7.0},{"damage":0.0,"enemies":"Shell Parasite","floor":18.0,"turns":3.0},{"damage":0.0,"enemies":"Spheric Guardian","floor":22.0,"turns":3.0},{"damage":20.0,"enemies":"Book of Stabbing","floor":23.0,"turns":4.0},{"damage":1.0,"enemies":"Centurion and Healer","floor":25.0,"turns":3.0},{"damage":0.0,"enemies":"Gremlin Leader","floor":27.0,"turns":9.0},{"damage":8.0,"enemies":"Book of Stabbing","floor":29.0,"turns":3.0},{"damage":0.0,"enemies":"Cultist and Chosen","floor":30.0,"turns":4.0},{"damage":29.0,"enemies":"Automaton","floor":33.0,"turns":8.0},{"damage":0.0,"enemies":"3 Shapes","floor":35.0,"turns":2.0},{"damage":0.0,"enemies":"Orb Walker","floor":36.0,"turns":2.0},{"damage":4.0,"enemies":"3 Darklings","floor":37.0,"turns":10.0},{"damage":0.0,"enemies":"4 Shapes","floor":39.0,"turns":5.0},{"damage":39.0,"enemies":"Giant Head","floor":40.0,"turns":8.0},{"damage":14.0,"enemies":"Nemesis","floor":45.0,"turns":3.0},{"damage":0.0,"enemies":"Transient","floor":46.0,"turns":5.0},{"damage":13.0,"enemies":"Reptomancer","floor":47.0,"turns":5.0},{"damage":52.0,"enemies":"Awakened One","floor":50.0,"turns":12.0},{"damage":38.0,"enemies":"Awakened One","floor":51.0,"turns":7.0},{"damage":47.0,"enemies":"Shield and Spear","floor":55.0,"turns":4.0},{"damage":34,"enemies":"The Heart","floor":56,"turns":7}],"seed_played":"3901267219303490331","potions_obtained":[{"floor":1.0,"key":"Regen Potion"},{"floor":4.0,"key":"GamblersBrew"},{"floor":10.0,"key":"Ancient Potion"},{"floor":13.0,"key":"EssenceOfSteel"}],"is_trial":false,"path_per_floor":["M","M","M","M","M","R","E","R","T","M","R","?","M","M","R","B",null,"M","?","?","?","M","E","R","M","T","E","R","E","M","?","R","B",null,"M","M","M","?","M","E","R","?","T","$","E","M","E","?","R","B",null,null,"R","$","E","B",null],"character_chosen":"Librarian","items_purchased":["Lee\u0027s Waffle","Anchor","PageOfGreed"],"campfire_rested":2,"item_purchase_floors":[44,44,54],"current_hp_per_floor":[54,54,54,54,54,54,36,36,36,35,35,35,39,37,37,33,65,65,65,65,65,65,45,45,44,44,44,44,48,48,34,34,17,64,64,64,63,53,53,28,28,28,28,85,73,75,72,72,85,84,48,76,85,85,54,64],"gold":136,"neow_bonus":"THREE_ENEMY_KILL","is_daily":false,"chose_seed":false,"campfire_upgraded":7,"win_rate":0.0,"timestamp":1609178988,"path_taken":["M","M","M","M","M","R","E","R","T","M","R","?","M","M","R","BOSS","M","?","?","?","?","E","R","M","T","E","R","E","M","?","R","BOSS","M","M","M","?","M","E","R","?","T","$","E","M","E","?","R","BOSS","R","$","E","BOSS"],"items_purchased_type":["Relic","Relic","Relic"],"build_version":"2020-12-22","purchased_purges":2,"victory":true,"max_hp_per_floor":[63,84,65,70,70,70,70,70,70,70,70,70,70,70,70,76,76,76,76,76,76,76,74,74,74,74,74,74,74,74,79,79,79,79,79,79,79,79,78,78,78,78,78,85,85,85,85,85,85,85,85,85,85,85,85,85],"card_choices":[{"not_picked":["StrongStrike","Riposte","EnergyConversion","ShockRound","Zzzzzap","FleetFootsteps","AutomatedMovement","QuickAttack"],"picked":"CrackOfDawn","floor":1.0},{"not_picked":["Execute_lor","UnavoidableGaze","Reload","Quickness","Rewind","Wallop_lor","Multislash","BizarreAttack"],"picked":"CleanUp","floor":2.0},{"not_picked":["GatherIntel","SuppressingShot","SunsetBlade","SteelKnuckles","HandleRequest","StructuralAnalysis","BizarreAttack","SweepTheBackstreets"],"picked":"SharpenedBlade","floor":3.0},{"not_picked":["WillOfThePrescript","StartinOutLightly","FleetEdge","Marionette","SuppressingShot","EnergyCycle","Creak","Thrust"],"picked":"Slice_lor","floor":4.0},{"not_picked":["Endure","ScatteringSlash","LoosenUp","Rewind","FleetFootsteps","UnavoidableGaze","QuickAttack","InhaleSmoke"],"picked":"CrackOfDawn","floor":5.0},{"not_picked":["Punishment","FormingStorm","FleetEdge","EnergyShield","GuidanceOfTheGears","Observe","Tttonst","Rampage_lor","ViolentFlame"],"picked":"SKIP","floor":7.0},{"not_picked":["WaitUp","Parry","SharpSwipe","HiddenBlade","DesperateStruggle","PreemptiveStrike","IronWall","UnavoidableGaze","IngredientHunt"],"picked":"SKIP","floor":10.0},{"not_picked":["UpbeatPerformance","WillBeTasty","MultiBlock","DesperateStruggle","MultiHit","DefenseOrder","Tailoring","StructuralAnalysis"],"picked":"DarkCloud","floor":13.0},{"not_picked":["SpearedSweep","FleetEdge","MultiHit","StructuralAnalysis","SunsetBlade","ShrineToMusic","UnavoidableGaze","Thrust","EnergyShield"],"picked":"SKIP","floor":14.0},{"not_picked":["SunsetBlade","UndertakePrescript","Reload","Collision","StrongStrike+1","BayonetCombat","TasteMyFlamingBat","TraceOfFumes","EnergyShield"],"picked":"SKIP","floor":18.0},{"not_picked":["StrongStrike","QuickAttack","HiddenBlade","FlyingSword","WillOfThePrescript+1","FleetFootsteps","ToWhereThePrescriptPoints","BindingChains+1"],"picked":"AlloutWar+1","floor":22.0},{"not_picked":["TendonChords","ChopItOff","PuppetBlockade","FormingStorm","EnergyCycle","ClassAndRespect","Reload","SomberProcuration","HandleRequest"],"picked":"SKIP","floor":23.0},{"not_picked":["CombatPreparation","SunsetBlade","SharpSwipe","WildCard","DarkCloud","BiteOff","Pound","Standoff","AsThePrescriptOrders"],"picked":"SKIP","floor":25.0},{"not_picked":["Faith+1","ViolentFlame+1","CutIn+1","FierceCharge","Transpierce","ButterflySlash","DesperateStruggle","FleetFootsteps","SetFire+1"],"picked":"SKIP","floor":27.0},{"not_picked":["FlashOfSunup","ShockRound+1","IllEndYou","EnergyCycle","HandlingWork","AutonomousRush","ClassAndRespect","DaringDecision","Wallop_lor"],"picked":"SKIP","floor":29.0},{"not_picked":["Riposte","Unlock1+1","FocusFire","FlashOfSunup","LeRegole","AsThePrescriptOrders","SunsetBlade","Preparation+1","DriedUp+1"],"picked":"SKIP","floor":30.0},{"not_picked":["RipSpace","BoundaryOfDeath"],"picked":"CleanUp","floor":33.0},{"not_picked":["SomberProcuration","Eject","DevastatingThrash","GoinFirst","ViolentFlame","SinglePointStab","Riposte","ToOvercomeCrisis","Pound+1"],"picked":"SKIP","floor":35.0},{"not_picked":["Track+1","UpbeatPerformance","LawAndOrder+1","MindPrepared","Bvapour","HiddenBlade","ChargeUp","QuickAttack"],"picked":"PreemptiveStrike+1","floor":36.0},{"not_picked":["PuppetBlockade+1","GuardingStance+1","SpearedSweep","SharpSwipe","Multislash+1","NightInTheBackstreets+1","FrontalAssault","DefenseOrder+1","Faith+1"],"picked":"SKIP","floor":37.0},{"not_picked":["Deep Breath","Blind","Finesse","Swift Strike","Enlightenment","Good Instincts","Flash of Steel","Impatience"],"picked":"Apotheosis","floor":38.0},{"not_picked":["Purity","Trip","Jack Of All Trades","Blind","Impatience","Good Instincts","Deep Breath","Madness"],"picked":"Enlightenment","floor":38.0},{"not_picked":["SuppressingShot","Eradication","MultiHit+1","Retaliate","FrontalAssault","BackAttack","Mutilate","HiddenBlade+1","SmokingPipe+1"],"picked":"SKIP","floor":39.0},{"not_picked":["Leap_lor+1","TieShanKao","StructuralAnalysis","IllEndYou","DefenseOrder+1","TendonChords+1","BlowItUp","HighSpeedStabbing","YourShield"],"picked":"SKIP","floor":40.0},{"not_picked":["SinglePointStab","DeepDrag","WillOfThePrescript+1","ForcefulGesture","Standoff","StrongStrike+1","GuidanceOfTheGears","EnergyShield+1","MultiBlock+1"],"picked":"SKIP","floor":45.0},{"not_picked":["WrathOfTorment+1","Leap_lor+1","GuidanceOfTheGears","EnergyShield","UpbeatPerformance","FlashOfSunup+1","StructuralAnalysis","SparkingSpear+1","Diversion"],"picked":"SKIP","floor":46.0},{"not_picked":["HighKick","Rampage_lor","Unlock1","GuidanceOfTheGears+1","LoosenUp","Cruelty","EnergyCycle+1","ExtractFuel+1","Retaliate+1"],"picked":"SKIP","floor":47.0},{"not_picked":["CutIn+1","SomberProcuration+1","EnergyCycle+1","Unlock1+1","HighKick","FierceCharge","TheRedNotes","SharpNails"],"picked":"FrontalAssault+1","floor":49.0},{"not_picked":["LossOfSenses+1","YourShield","Rewind","Diversion","TendonChords","DriedUp+1","Rampage_lor+1","RatsGuideToSurvival+1"],"picked":"StayCalm+1","floor":53.0},{"not_picked":["FierceCharge","SweepTheBackstreets","IngredientHunt+1","FleetEdge+1","DevastatingThrash","DimensionalRift","TasteMyFlamingBat","FierceOnslaught+1","SmokingPipe+1"],"picked":"SKIP","floor":55.0}],"player_experience":558524,"relics_obtained":[{"floor":7.0,"key":"Dream Catcher"},{"floor":23.0,"key":"Ginger"},{"floor":26.0,"key":"Meat on the Bone"},{"floor":27.0,"key":"Ornamental Fan"},{"floor":29.0,"key":"Bag of Marbles"},{"floor":40.0,"key":"PageOfPinocchio"},{"floor":43.0,"key":"Happy Flower"},{"floor":45.0,"key":"Vajra"},{"floor":47.0,"key":"War Paint"},{"floor":55.0,"key":"PageOfTheQueenOfHatred"}],"event_choices":[{"damage_healed":0.0,"max_hp_gain":0.0,"max_hp_loss":0.0,"gold_gain":0.0,"event_name":"Liars Game","player_choice":"Ignored","floor":12.0,"gold_loss":0.0,"damage_taken":0.0},{"damage_healed":0.0,"max_hp_gain":0.0,"max_hp_loss":0.0,"gold_gain":0.0,"event_name":"Addict","player_choice":"Obtained Relic","floor":19.0,"gold_loss":85.0,"damage_taken":0.0,"relics_obtained":["Kunai"]},{"damage_healed":0.0,"max_hp_gain":0.0,"max_hp_loss":0.0,"gold_gain":0.0,"event_name":"The Library","player_choice":"Read","floor":20.0,"gold_loss":0.0,"damage_taken":0.0,"cards_obtained":["TheRedNotes"]},{"cards_removed":["SharpenedBlade"],"damage_healed":0.0,"max_hp_gain":0.0,"max_hp_loss":0.0,"gold_gain":0.0,"event_name":"WeMeetAgain","player_choice":"Gave Card","floor":21.0,"gold_loss":0.0,"damage_taken":0.0,"relics_obtained":["Boot"]},{"damage_healed":0.0,"max_hp_gain":5.0,"max_hp_loss":0.0,"gold_gain":0.0,"event_name":"Forgotten Altar","player_choice":"Shed Blood","floor":31.0,"gold_loss":0.0,"damage_taken":19.0},{"damage_healed":0.0,"max_hp_gain":0.0,"max_hp_loss":0.0,"gold_gain":0.0,"event_name":"SensoryStone","player_choice":"Memory 3","floor":38.0,"gold_loss":0.0,"damage_taken":10.0},{"cards_removed":["LightDefense"],"damage_healed":0.0,"max_hp_gain":0.0,"max_hp_loss":0.0,"gold_gain":0.0,"event_name":"Falling","player_choice":"Removed Skill","floor":42.0,"gold_loss":0.0,"damage_taken":0.0},{"damage_healed":0.0,"max_hp_gain":0.0,"max_hp_loss":0.0,"gold_gain":0.0,"event_name":"Accursed Blacksmith","player_choice":"Forge","floor":48.0,"gold_loss":0.0,"damage_taken":0.0,"cards_upgraded":["Apotheosis"]}],"is_beta":false,"boss_relics":[{"not_picked":["Coffee Dripper","Philosopher\u0027s Stone"],"picked":"Sozu"},{"not_picked":["SacredBark","Fusion Hammer"],"picked":"Velvet Choker"}],"items_purged_floors":[44,54],"is_endless":false,"potions_floor_spawned":[1,4,10,13,22,23,29,30,33,36,37,39,45],"ascension_level":6}}