{"host":"84djn3gpchegxmg2","time":1609186991,"event":{"mods":["AchievementEnabler","BaseMod","Block Reminder","CapriCore","GifTheSpireLib","Minty Spire (QoL Compilation)","Rare Cards Sparkle","Relic Stats","Slay-I","StSLib","Waifu the Spire","everything is the same but u backflip on backflip"],"gold_per_floor":[118,118,118,131,9,35,54,80,80,80,155,155,116,146,146,249,249,268,121,220,5,5,30,30,30,30,63,63,83,83,96,96,201,201,215,215,16,30,30,55,55,67,90,90,109,122,122,137,137,137,137],"floor_reached":50,"playtime":2324,"items_purged":[],"score":565,"play_id":"b78569b5-15c4-4898-aa42-22f4f9c26908","local_time":"20201228212311","is_ascension_mode":true,"campfire_choices":[{"floor":12,"key":"REST"},{"data":"Prostrate","floor":15,"key":"SMITH"},{"floor":24,"key":"REST"},{"data":"Ragnarok","floor":28,"key":"SMITH"},{"data":"EmptyMind","floor":32,"key":"SMITH"},{"floor":41,"key":"REST"},{"floor":49,"key":"REST"}],"circlet_count":0,"master_deck":["Strike_P+1","Strike_P+1","Strike_P+1","Strike_P+1","Defend_P+1","Defend_P+1","Defend_P+1","Defend_P+1","Eruption+1","Vigilance","WindmillStrike+1","Dramatic Entrance","EmptyBody","Sanctity","Prostrate+1","MentalFortress","EmptyMind+1","Brilliance","FollowUp","Ragnarok+1","Necronomicurse","Prostrate","Consecrate+1","Ragnarok+1","Consecrate+1","Madness","Madness","FollowUp","Parasite","Swivel+1","Parasite"],"relics":["PureWater","Damaru","Boot","Regal Pillow","Bag of Marbles","Philosopher\u0027s Stone","Oddly Smooth Stone","Membership Card","Necronomicon","Toy Ornithopter","Mummified Hand","Frozen Egg 2","VioletLotus","Art of War","Bottled Flame","Whetstone","Nunchaku"],"acts_visited":["Exordium","TheCity","TheBeyond"],"potions_floor_usage":[16,23,33,40,42,42,42,42,45,50],"damage_taken":[{"damage":0,"enemies":"Small Slimes","floor":1,"turns":2},{"damage":1,"enemies":"Jaw Worm","floor":4,"turns":3},{"damage":24,"enemies":"Lagavulin","floor":6,"turns":7},{"damage":0,"enemies":"2 Louse","floor":7,"turns":2},{"damage":12,"enemies":"3 Sentries","floor":14,"turns":6},{"damage":25,"enemies":"Hexaghost","floor":16,"turns":9},{"damage":0,"enemies":"Shell Parasite","floor":18,"turns":1},{"damage":18,"enemies":"Slavers","floor":23,"turns":3},{"damage":14,"enemies":"Book of Stabbing","floor":27,"turns":4},{"damage":0,"enemies":"Chosen","floor":29,"turns":2},{"damage":5,"enemies":"3 Cultists","floor":31,"turns":4},{"damage":45,"enemies":"Automaton","floor":33,"turns":9},{"damage":0,"enemies":"3 Darklings","floor":35,"turns":2},{"damage":9,"enemies":"3 Shapes","floor":38,"turns":2},{"damage":15,"enemies":"Giant Head","floor":40,"turns":6},{"damage":10,"enemies":"Writhing Mass","floor":42,"turns":4},{"damage":5,"enemies":"Spire Growth","floor":45,"turns":3},{"damage":21,"enemies":"Jaw Worm Horde","floor":46,"turns":3},{"damage":21,"enemies":"Writhing Mass","floor":48,"turns":5},{"damage":130,"enemies":"Donu and Deca","floor":50,"turns":6}],"seed_played":"-6414258144452632631","potions_obtained":[{"floor":6,"key":"BottledMiracle"},{"floor":7,"key":"LiquidBronze"},{"floor":16,"key":"LiquidMemories"},{"floor":27,"key":"EntropicBrew"},{"floor":29,"key":"Explosive Potion"},{"floor":38,"key":"LiquidBronze"},{"floor":40,"key":"Fire Potion"},{"floor":46,"key":"Explosive Potion"}],"is_trial":false,"path_per_floor":["M","?","?","M","$","E","M","T","T","?","?","R","$","E","R","B",null,"M","$","?","$","?","E","R","?","T","E","R","M","?","M","R","B",null,"M","?","$","M","?","E","R","M","T","?","M","M","?","M","R","B"],"character_chosen":"WATCHER","items_purchased":["Dramatic Entrance","EmptyBody","MentalFortress","Oddly Smooth Stone","Membership Card","Ragnarok","Art of War","Bottled Flame"],"campfire_rested":4,"item_purchase_floors":[5,5,13,19,21,21,37,37],"current_hp_per_floor":[79,79,84,83,83,59,59,59,59,59,48,84,84,72,72,47,84,84,84,84,84,68,50,84,84,84,70,70,70,70,65,65,25,84,84,84,84,75,64,54,84,74,74,74,74,53,53,32,72,0,0],"gold":137,"neow_bonus":"TEN_PERCENT_HP_BONUS","is_daily":false,"chose_seed":false,"campfire_upgraded":3,"win_rate":0.0,"timestamp":1609186991,"path_taken":["M","?","?","M","$","E","M","?","T","?","?","R","$","E","R","BOSS","M","$","?","$","?","E","R","?","T","E","R","M","?","?","R","BOSS","M","?","$","M","?","E","R","M","T","?","?","M","?","M","R","BOSS"],"items_purchased_type":["Card","Card","Card","Relic","Relic","Card","Relic","Relic"],"build_version":"2020-12-22","purchased_purges":0,"victory":false,"max_hp_per_floor":[79,79,84,84,84,84,84,84,84,84,84,84,84,84,84,84,84,84,84,84,84,84,84,84,84,84,84,84,84,84,84,84,84,84,84,84,84,84,84,84,84,84,84,84,84,84,84,84,84,84,84],"relic_stats":{"Regal Pillow":40,"Nunchaku":[4],"counters":[20,83],"Mummified Hand":[6],"VioletLotus":[4],"Necronomicon":[19],"Art of War":[1],"Whetstone":["Ragnarok","WindmillStrike"],"Boot":[13],"obtain_stats":[{"Regal Pillow":9,"Damaru":6,"Oddly Smooth Stone":19,"Whetstone":40,"Frozen Egg 2":27,"Boot":8,"Bottled Flame":37,"Nunchaku":43,"Mummified Hand":26,"Philosopher\u0027s Stone":17,"VioletLotus":34,"Bag of Marbles":14,"Necronomicon":22,"Art of War":37,"Membership Card":21,"PureWater":0,"Toy Ornithopter":23},{"Regal Pillow":4,"Damaru":3,"Oddly Smooth Stone":7,"Whetstone":15,"Frozen Egg 2":9,"Boot":4,"Bottled Flame":13,"Nunchaku":16,"Mummified Hand":8,"Philosopher\u0027s Stone":6,"VioletLotus":12,"Bag of Marbles":5,"Necronomicon":7,"Art of War":13,"Membership Card":7,"PureWater":0,"Toy Ornithopter":8},{"Regal Pillow":14,"Damaru":12,"Oddly Smooth Stone":30,"Whetstone":62,"Frozen Egg 2":37,"Boot":14,"Bottled Flame":54,"Nunchaku":66,"Mummified Hand":33,"Philosopher\u0027s Stone":29,"VioletLotus":52,"Bag of Marbles":20,"Necronomicon":30,"Art of War":54,"Membership Card":30,"PureWater":0,"Toy Ornithopter":33}],"Toy Ornithopter":20},"card_choices":[{"not_picked":["FollowUp","PathToVictory"],"picked":"WindmillStrike","floor":1},{"not_picked":["Adaptation","Perseverance","FlyingSleeves"],"picked":"SKIP","floor":4},{"not_picked":["FollowUp","EmptyMind"],"picked":"Sanctity","floor":6},{"not_picked":["BowlingBash","EmptyBody"],"picked":"Prostrate","floor":7},{"not_picked":["CrushJoints","Evaluate"],"picked":"EmptyMind","floor":14},{"not_picked":["Scrawl","ConjureBlade"],"picked":"Brilliance","floor":16},{"not_picked":["Conclude","Prostrate"],"picked":"FollowUp","floor":18},{"not_picked":["WindmillStrike+1","EmptyFist"],"picked":"Prostrate","floor":23},{"not_picked":["Prostrate","Omniscience"],"picked":"Consecrate+1","floor":27},{"not_picked":["Protect","FlyingSleeves+1","PathToVictory+1"],"picked":"SKIP","floor":29},{"not_picked":["PathToVictory","EmptyBody+1","BowlingBash"],"picked":"SKIP","floor":31},{"not_picked":["Establishment+1","LessonLearned"],"picked":"Ragnarok","floor":33},{"not_picked":["Weave+1","BattleHymn+1"],"picked":"CrushJoints+1","floor":35},{"not_picked":["Wallop+1","FollowUp+1"],"picked":"Consecrate+1","floor":38},{"not_picked":["Indignation+1","Vengeance"],"picked":"FollowUp","floor":40},{"not_picked":["Crescendo","Perseverance+1"],"picked":"Swivel+1","floor":42},{"not_picked":["PathToVictory+1","Tantrum+1","FlyingSleeves+1"],"picked":"SKIP","floor":45},{"not_picked":["EmptyFist","FollowUp","Prostrate+1"],"picked":"SKIP","floor":46},{"not_picked":["FlurryOfBlows+1","Wish","BattleHymn+1"],"picked":"SKIP","floor":48}],"player_experience":214787,"relics_obtained":[{"floor":6,"key":"Damaru"},{"floor":8,"key":"Boot"},{"floor":9,"key":"Regal Pillow"},{"floor":14,"key":"Bag of Marbles"},{"floor":22,"key":"Necronomicon"},{"floor":23,"key":"Toy Ornithopter"},{"floor":26,"key":"Mummified Hand"},{"floor":27,"key":"Frozen Egg 2"},{"floor":40,"key":"Whetstone"},{"floor":43,"key":"Nunchaku"}],"event_choices":[{"damage_healed":0,"gold_gain":0,"player_choice":"Grow","damage_taken":0,"max_hp_gain":0,"max_hp_loss":0,"event_name":"Living Wall","floor":2,"gold_loss":0,"cards_upgraded":["Eruption"]},{"damage_healed":0,"gold_gain":0,"player_choice":"Donut","damage_taken":0,"max_hp_gain":5,"max_hp_loss":0,"event_name":"Big Fish","floor":3,"gold_loss":0},{"damage_healed":0,"gold_gain":0,"player_choice":"Leave","damage_taken":0,"max_hp_gain":0,"max_hp_loss":0,"event_name":"The Cleric","floor":10,"gold_loss":0},{"damage_healed":0,"gold_gain":75,"player_choice":"Gather Gold","damage_taken":11,"max_hp_gain":0,"max_hp_loss":0,"event_name":"World of Goop","floor":11,"gold_loss":0},{"damage_healed":0,"gold_gain":99,"player_choice":"Stole From Cult","damage_taken":0,"max_hp_gain":0,"max_hp_loss":0,"event_name":"Nest","floor":20,"gold_loss":0},{"damage_healed":0,"gold_gain":0,"player_choice":"Obtained Book","damage_taken":16,"max_hp_gain":0,"max_hp_loss":0,"event_name":"Cursed Tome","floor":22,"gold_loss":0},{"damage_healed":0,"gold_gain":0,"player_choice":"Simplicity","damage_taken":0,"max_hp_gain":0,"max_hp_loss":0,"event_name":"Back to Basics","floor":25,"gold_loss":0,"cards_upgraded":["Strike_P","Strike_P","Strike_P","Strike_P","Defend_P","Defend_P","Defend_P","Defend_P"]},{"damage_healed":0,"gold_gain":0,"player_choice":"Ignored","damage_taken":0,"max_hp_gain":0,"max_hp_loss":0,"event_name":"Beggar","floor":30,"gold_loss":0},{"damage_healed":0,"gold_gain":0,"player_choice":"Ignored","damage_taken":0,"max_hp_gain":0,"max_hp_loss":0,"event_name":"Tomb of Lord Red Mask","floor":36,"gold_loss":0},{"damage_healed":0,"gold_gain":0,"player_choice":"Embrace Madness","damage_taken":11,"max_hp_gain":0,"max_hp_loss":0,"event_name":"Winding Halls","floor":39,"gold_loss":0,"cards_obtained":["Madness","Madness"]},{"cards_removed":["CrushJoints"],"damage_healed":0,"gold_gain":0,"player_choice":"Removed Attack","damage_taken":0,"max_hp_gain":0,"max_hp_loss":0,"event_name":"Falling","floor":44,"gold_loss":0},{"damage_healed":0,"gold_gain":0,"player_choice":"Memory 1","damage_taken":0,"max_hp_gain":0,"max_hp_loss":0,"event_name":"SensoryStone","floor":47,"gold_loss":0}],"is_beta":false,"boss_relics":[{"not_picked":["Astrolabe","Sozu"],"picked":"Philosopher\u0027s Stone"},{"not_picked":["Busted Crown","Velvet Choker"],"picked":"VioletLotus"}],"items_purged_floors":[],"is_endless":false,"potions_floor_spawned":[6,7,16,27,29,31,38,40,46],"killed_by":"Donu and Deca","ascension_level":1}}