{"host":"g75gtovmj0ine2rf","time":1609132378,"event":{"mods":["2.2 Compatiblity","AchievementEnabler","Act Like it!","Aspiration","Astrologer","Bard","BaseMod","Better Match","BetterRewards","CapriCore","Challenge The Spire","ChefMod","Colored Map","Conspire","Elementarium","Energized Spire","Friendly Minions","Gensokyo","Halation","Hallownest","Hermit","HexUI Lib","Highlight Path","Hubris","Infinite Spire","Jedi Mod","Lobotomy","Minty Spire (QoL Compilation)","Puzzle Mod","Quick Restart","Rare Cards Sparkle","Relic Stats","Replay The Spire","Robot Space Explorer","Shade Mod","Shop Mod","Spicy Shops","StSLib","SuperFastMode","The Construct","The Cursed","The Dragon Tamer","The Factory","The Jungle","The Marked","The Runesmith","TheBandit","TheFirefly","TheSwordswoman","TheVacant","Transform Curses","Wandering Minibosses","thorton","vexMod"],"gold_per_floor":[363,383,14,27,42,76,76,76,76,102,102,112,112,37,93,193,193,209,227,227,227,279,279,310,323,323,336,336,0,0,13,13,116,116,129,129,143,68,84,84,84,84,84,84,118,118,134,152,152,152,152,152,52,80,80,80],"floor_reached":55,"playtime":4084,"items_purged":["RobotSpaceExplorer:Strike","RobotSpaceExplorer:Strike"],"score":802,"play_id":"0749a946-0138-45c0-9391-c871f7cb3aa4","local_time":"20201228161257","is_ascension_mode":false,"campfire_choices":[{"floor":7.0,"key":"REST"},{"floor":13.0,"key":"REST"},{"data":"RobotSpaceExplorer:Explosion","floor":23.0,"key":"SMITH"},{"floor":30.0,"key":"REST"},{"data":"Madness","floor":32.0,"key":"SMITH"},{"floor":40.0,"key":"RECALL"},{"data":"RobotSpaceExplorer:Scanner","floor":42.0,"key":"SMITH"},{"data":"RobotSpaceExplorer:GlueShot","floor":44.0,"key":"SMITH"},{"data":"RobotSpaceExplorer:MiniLasers","floor":46.0,"key":"SMITH"},{"data":"RobotSpaceExplorer:Scan","floor":52.0,"key":"SMITH"}],"circlet_count":0,"master_deck":["RobotSpaceExplorer:Strike","RobotSpaceExplorer:Defend","RobotSpaceExplorer:Defend","RobotSpaceExplorer:Defend","RobotSpaceExplorer:Defend+1","RobotSpaceExplorer:Scan+1","RobotSpaceExplorer:MiniLasers+1","RobotSpaceExplorer:DualCore","RobotSpaceExplorer:ScrapMissile","RobotSpaceExplorer:PowerCollector","RobotSpaceExplorer:Explosion+1","RobotSpaceExplorer:Ammunition+1","RobotSpaceExplorer:Ammunition","RobotSpaceExplorer:GlueShot+1","RobotSpaceExplorer:Pulsar","RobotSpaceExplorer:Arsenal","RobotSpaceExplorer:StarLightning+1","Madness+1","RobotSpaceExplorer:DualCore","RobotSpaceExplorer:Scanner+1","RobotSpaceExplorer:PowerCollector+1","RobotSpaceExplorer:Scanner+1","RobotSpaceExplorer:Fix"],"relics":["RobotSpaceExplorer:RoboCore","halation:LostSnail","jedi:crownofsimplicity","halation:EternalFortune","infinitespire:Satchel","Matryoshka","Hallownest:SalubrasBlessingRelic","conspire:SpecialSausage","ReplayTheSpireMod:Lightbulb","Blood Vial","Replay:Wax Seal","halation:TrafficLight","energizedSpire:NeverEndingSparkler","Golden Egg","conspire:TopHat","halation:BottledLove","War Paint"],"acts_visited":["Exordium","Hallownest:Greenpath","Hallownest:CityofTears","TheEnding"],"potions_floor_usage":[],"damage_taken":[{"damage":8.0,"enemies":"Hallownest:monsterHuskGuard","floor":1.0,"turns":6.0},{"damage":0.0,"enemies":"Hallownest:2_Baldur","floor":2.0,"turns":6.0},{"damage":0.0,"enemies":"Hallownest:monsterHuskWarrior","floor":4.0,"turns":4.0},{"damage":11.0,"enemies":"Hallownest:monsterFoolEater","floor":5.0,"turns":5.0},{"damage":17.0,"enemies":"Hallownest:eliteVengeflyKing","floor":6.0,"turns":7.0},{"damage":4.0,"enemies":"Hallownest:eliteMossKnight","floor":10.0,"turns":6.0},{"damage":0.0,"enemies":"Hallownest:monsterMossCharger","floor":12.0,"turns":3.0},{"damage":9.0,"enemies":"Hallownest:BossHornet","floor":16.0,"turns":13.0},{"damage":3.0,"enemies":"Hallownest:2_Mistakes","floor":18.0,"turns":13.0},{"damage":8.0,"enemies":"Hallownest:Guard_and_Sentry","floor":19.0,"turns":5.0},{"damage":15.0,"enemies":"Hallownest:Glutton_and_Coward","floor":22.0,"turns":5.0},{"damage":0.0,"enemies":"Hallownest:Nosk","floor":24.0,"turns":7.0},{"damage":0.0,"enemies":"Hallownest:Warrior_and_Youth","floor":25.0,"turns":5.0},{"damage":26.0,"enemies":"Hallownest:3_Mistakes","floor":27.0,"turns":9.0},{"damage":0.0,"enemies":"Hallownest:monsterShrumalOgre","floor":31.0,"turns":2.0},{"damage":63.0,"enemies":"Hallownest:BossMantisLord","floor":33.0,"turns":9.0},{"damage":0.0,"enemies":"Hallownest:3_Siblings","floor":35.0,"turns":6.0},{"damage":2.0,"enemies":"Hallownest:Shield_Heavy","floor":37.0,"turns":5.0},{"damage":3.0,"enemies":"Hallownest:2_Great","floor":39.0,"turns":5.0},{"damage":0.0,"enemies":"Hallownest:eliteCollector","floor":45.0,"turns":5.0},{"damage":2.0,"enemies":"Hallownest:Xero_Hu_Marmu","floor":47.0,"turns":6.0},{"damage":0.0,"enemies":"Hallownest:2_Wing_and_1_Kings","floor":48.0,"turns":5.0},{"damage":0.0,"enemies":"Hallownest:BossHollowKnight","floor":50.0,"turns":7.0},{"damage":29.0,"enemies":"Shield and Spear","floor":54.0,"turns":6.0},{"damage":73,"enemies":"The Heart","floor":55,"turns":3}],"seed_played":"-7854943423643223610","potions_obtained":[{"floor":1.0,"key":"AttackPotion"},{"floor":2.0,"key":"Venom Potion"},{"floor":4.0,"key":"Toxic Potion"},{"floor":12.0,"key":"SteroidPotion"},{"floor":24.0,"key":"Reflective Coating"},{"floor":25.0,"key":"FearPotion"},{"floor":39.0,"key":"Fire Potion"}],"is_trial":false,"path_per_floor":["M","M","$","M","M","E","R","?","T","E","?","M","R","$","R_BF","B",null,"M","M","?","?","M","R","E","M","T","M","?","$","R","M","R","B",null,"M","?","M","?","M","R","T","R","T","R","E","R","M","M","R_BF","B",null,"R","$","E","B"],"character_chosen":"RobotSpaceExplorer","items_purchased":["RobotSpaceExplorer:PowerCollector","RobotSpaceExplorer:Explosion","RobotSpaceExplorer:Ammunition","halation:LostSnail","halation:TrafficLight","Madness"],"campfire_rested":3,"item_purchase_floors":[3,3,3,3,29,29],"current_hp_per_floor":[46,46,46,46,35,18,40,43,43,39,39,39,64,64,64,55,80,77,69,69,77,62,62,62,62,62,38,38,38,64,66,66,5,82,82,82,80,80,79,79,79,79,79,79,81,81,80,82,84,84,84,84,84,55,0,0],"gold":80,"neow_bonus":"TWO_FIFTY_GOLD","is_daily":false,"chose_seed":false,"campfire_upgraded":6,"win_rate":0.0,"timestamp":1609132377,"path_taken":["M","?","$","M","M","E","R","?","T","E","?","M","R","?","R_BF","BOSS","M","M","?","?","?","R","E","M","T","M","?","$","R","M","R","BOSS","M","?","?","?","M","R","?","R","T","R","E","R","M","M","R_BF","BOSS","R","$","E","BOSS"],"items_purchased_type":["Card","Card","Card","Relic","Relic","Card"],"build_version":"2020-12-22","purchased_purges":2,"victory":false,"max_hp_per_floor":[75,75,75,75,75,75,75,78,78,78,78,78,80,80,80,80,80,80,80,80,80,80,80,80,80,80,80,80,80,82,82,82,82,82,82,82,82,82,82,82,82,82,82,82,82,82,82,82,84,84,84,84,84,84,84,84],"relic_stats":{"Blood Vial":15,"counters":[25,153],"War Paint":["RobotSpaceExplorer:Ammunition","RobotSpaceExplorer:Defend"],"obtain_stats":[{"Hallownest:SalubrasBlessingRelic":11,"Golden Egg":41,"halation:BottledLove":45,"RobotSpaceExplorer:RoboCore":0,"conspire:SpecialSausage":17,"halation:TrafficLight":29,"jedi:crownofsimplicity":6,"War Paint":54,"conspire:TopHat":43,"Blood Vial":26,"Matryoshka":10,"energizedSpire:NeverEndingSparkler":34,"halation:EternalFortune":8,"infinitespire:Satchel":9,"halation:LostSnail":3,"Replay:Wax Seal":26,"ReplayTheSpireMod:Lightbulb":24},{"Hallownest:SalubrasBlessingRelic":6,"Golden Egg":19,"halation:BottledLove":20,"RobotSpaceExplorer:RoboCore":0,"conspire:SpecialSausage":8,"halation:TrafficLight":14,"jedi:crownofsimplicity":5,"War Paint":24,"conspire:TopHat":19,"Blood Vial":13,"Matryoshka":6,"energizedSpire:NeverEndingSparkler":16,"halation:EternalFortune":5,"infinitespire:Satchel":5,"halation:LostSnail":2,"Replay:Wax Seal":13,"ReplayTheSpireMod:Lightbulb":12},{"Hallownest:SalubrasBlessingRelic":34,"Golden Egg":121,"halation:BottledLove":126,"RobotSpaceExplorer:RoboCore":0,"conspire:SpecialSausage":50,"halation:TrafficLight":94,"jedi:crownofsimplicity":28,"War Paint":150,"conspire:TopHat":121,"Blood Vial":85,"Matryoshka":34,"energizedSpire:NeverEndingSparkler":105,"halation:EternalFortune":28,"infinitespire:Satchel":28,"halation:LostSnail":12,"Replay:Wax Seal":85,"ReplayTheSpireMod:Lightbulb":80}]},"card_choices":[{"not_picked":["RobotSpaceExplorer:ImprovisedAttack","RobotSpaceExplorer:Probe"],"picked":"RobotSpaceExplorer:DualCore","floor":1.0},{"not_picked":["RobotSpaceExplorer:PlasmaMissile","RobotSpaceExplorer:FrostMissile"],"picked":"RobotSpaceExplorer:ScrapMissile","floor":2.0},{"not_picked":["RobotSpaceExplorer:StarDust","RobotSpaceExplorer:MetalStrike","RobotSpaceExplorer:LuckyStrike"],"picked":"SKIP","floor":4.0},{"not_picked":["RobotSpaceExplorer:Pulsar","RobotSpaceExplorer:StunGrenade","RobotSpaceExplorer:ShockKick"],"picked":"SKIP","floor":5.0},{"not_picked":["RobotSpaceExplorer:IronShell","RobotSpaceExplorer:Asteroid"],"picked":"RobotSpaceExplorer:GlueShot","floor":6.0},{"not_picked":["RobotSpaceExplorer:Blitz","RobotSpaceExplorer:PlasmaMissile"],"picked":"RobotSpaceExplorer:Pulsar","floor":10.0},{"not_picked":["RobotSpaceExplorer:SurgingStrike","RobotSpaceExplorer:ExhaustFan","RobotSpaceExplorer:LuckyStrike"],"picked":"SKIP","floor":12.0},{"not_picked":["RobotSpaceExplorer:Wormhole","RobotSpaceExplorer:BlastShield"],"picked":"RobotSpaceExplorer:Arsenal","floor":16.0},{"not_picked":["RobotSpaceExplorer:SurgingShield","RobotSpaceExplorer:MetalStrike"],"picked":"RobotSpaceExplorer:StarLightning","floor":18.0},{"not_picked":["RobotSpaceExplorer:DoubleFind","RobotSpaceExplorer:MetalStrike","RobotSpaceExplorer:ShockKick+1"],"picked":"SKIP","floor":19.0},{"not_picked":["RobotSpaceExplorer:ShockKick","RobotSpaceExplorer:Pulsar","RobotSpaceExplorer:StarDust"],"picked":"SKIP","floor":22.0},{"not_picked":["RobotSpaceExplorer:LuckyStrike+1","RobotSpaceExplorer:Counterblock","RobotSpaceExplorer:FranticSearch"],"picked":"SKIP","floor":24.0},{"not_picked":["RobotSpaceExplorer:SurgingShield+1","RobotSpaceExplorer:Calculate","RobotSpaceExplorer:FreezingShield"],"picked":"SKIP","floor":25.0},{"not_picked":["RobotSpaceExplorer:StarLightning","RobotSpaceExplorer:FreezingShield","RobotSpaceExplorer:HighVoltage"],"picked":"SKIP","floor":27.0},{"not_picked":["RobotSpaceExplorer:StarDust","RobotSpaceExplorer:Counterblock"],"picked":"RobotSpaceExplorer:DualCore","floor":31.0},{"not_picked":["RobotSpaceExplorer:HighVoltage","RobotSpaceExplorer:ShockMissile"],"picked":"RobotSpaceExplorer:Scanner","floor":33.0},{"not_picked":["RobotSpaceExplorer:SwiftStep","RobotSpaceExplorer:BigMissile","RobotSpaceExplorer:SelfCleaning+1"],"picked":"SKIP","floor":35.0},{"not_picked":["RobotSpaceExplorer:Electroshield","RobotSpaceExplorer:BigMissile+1"],"picked":"RobotSpaceExplorer:PowerCollector+1","floor":37.0},{"not_picked":["RobotSpaceExplorer:Ammunition","RobotSpaceExplorer:TurboDodge","RobotSpaceExplorer:FranticSearch"],"picked":"SKIP","floor":39.0},{"not_picked":["RobotSpaceExplorer:MetalStrike+1","RobotSpaceExplorer:Counterblock+1"],"picked":"RobotSpaceExplorer:Scanner","floor":45.0},{"not_picked":["RobotSpaceExplorer:Probe+1","RobotSpaceExplorer:Ammunition+1","RobotSpaceExplorer:ToxicBomb+1"],"picked":"SKIP","floor":47.0},{"not_picked":["RobotSpaceExplorer:SurgingShield","RobotSpaceExplorer:Ammunition+1","RobotSpaceExplorer:Counterblock+1"],"picked":"SKIP","floor":48.0},{"not_picked":["RobotSpaceExplorer:SurgingShield","RobotSpaceExplorer:FreezingShield+1"],"picked":"RobotSpaceExplorer:Fix","floor":54.0}],"player_experience":1344290,"relics_obtained":[{"floor":6.0,"key":"jedi:crownofsimplicity"},{"floor":9.0,"key":"infinitespire:Satchel"},{"floor":10.0,"key":"Matryoshka"},{"floor":24.0,"key":"ReplayTheSpireMod:Lightbulb"},{"floor":26.0,"key":"Blood Vial"},{"floor":26.0,"key":"Replay:Wax Seal"},{"floor":41.0,"key":"Golden Egg"},{"floor":43.0,"key":"conspire:TopHat"},{"floor":45.0,"key":"halation:BottledLove"},{"floor":54.0,"key":"War Paint"}],"event_choices":[{"damage_healed":0.0,"max_hp_gain":0.0,"max_hp_loss":0.0,"gold_gain":0.0,"event_name":"betterMatch:BetterMatch","player_choice":"2","floor":38.0,"gold_loss":0.0,"damage_taken":0.0,"cards_obtained":[]}],"is_beta":false,"boss_relics":[{"not_picked":["Pandora\u0027s Box","aspiration:BardSkillbook"],"picked":"conspire:SpecialSausage"},{"not_picked":["jedi:hotpepper","Runesmith:UraniumAnvil"],"picked":"energizedSpire:NeverEndingSparkler"}],"items_purged_floors":[14,53],"is_endless":false,"potions_floor_spawned":[1,2,4,12,24,25,31,37,39,45],"killed_by":"The Heart","ascension_level":0}}