{"host":"uikxj58mzlixykyi","time":1609170038,"event":{"mods":["AchievementEnabler","BaseMod","BetterRewards","Colored Map","Colored Powertips","Downfall","Highlight Path","Minty Spire (QoL Compilation)","Shop Mod","StSLib"],"gold_per_floor":[99,114,124,124,154,154,179,193,193,226,226,245,259,222,239,338,338,288,305,317,317,367,367,367],"floor_reached":22,"playtime":697,"items_purged":[],"score":205,"play_id":"4fd20b91-deb4-48a6-88d2-cf8876053ce2","local_time":"20201228174038","is_ascension_mode":true,"campfire_choices":[{"data":"Slimebound:MinionMaster","floor":1.0,"key":"SMITH"},{"data":"Slimebound:DuplicatedForm","floor":18.0,"key":"SMITH"}],"circlet_count":0,"master_deck":["Slimebound:Strike_Slimebound+1","Slimebound:Tackle","Slimebound:Defend_Slimebound+1","Slimebound:Defend_Slimebound","Slimebound:Split","Slimebound:CorrosiveSpit","Slimebound:MinionMaster+1","Slimebound:SplitMire+1","Slimebound:SplitMire","Slimebound:DuplicatedForm+1","Slimebound:MassFeed","Slimebound:SplitAcid+1","Slimebound:AcidTongue+1","Slimebound:RollThrough+1","Slimebound:RejuvenatingLick","Slimebound:Dissolve"],"relics":["Slimebound:AbsorbEndCombat","Anchor","Matryoshka","Slimebound:GreedOozeRelic","Astrolabe","SsserpentHead"],"acts_visited":["Exordium","TheCity"],"potions_floor_usage":[20],"damage_taken":[{"damage":11.0,"enemies":"Jaw Worm","floor":2.0,"turns":3.0},{"damage":10.0,"enemies":"2 Louse","floor":3.0,"turns":2.0},{"damage":5.0,"enemies":"Small Slimes","floor":8.0,"turns":4.0},{"damage":29.0,"enemies":"Lagavulin","floor":10.0,"turns":6.0},{"damage":10.0,"enemies":"Gremlin Gang","floor":12.0,"turns":3.0},{"damage":14.0,"enemies":"Blue Slaver","floor":13.0,"turns":2.0},{"damage":11.0,"enemies":"downfall:FleeingMerchant","floor":14.0,"turns":4.0},{"damage":15.0,"enemies":"2 Fungi Beasts","floor":15.0,"turns":2.0},{"damage":51.0,"enemies":"downfall:Watcher","floor":16.0,"turns":7.0},{"damage":55.0,"enemies":"3 Byrds","floor":19.0,"turns":3.0},{"damage":29,"enemies":"Snake Plant","floor":20,"turns":3},{"damage":22,"enemies":"Shelled Parasite and Fungi","floor":22,"turns":2}],"seed_played":"1871519420088681267","potions_obtained":[{"floor":3.0,"key":"Explosive Potion"},{"floor":10.0,"key":"AttackPotion"},{"floor":12.0,"key":"DistilledChaos"},{"floor":15.0,"key":"Dexterity Potion"},{"floor":16.0,"key":"champ:CounterPotion"}],"is_trial":false,"path_per_floor":["R","M","M","?","?","?","T","M","?","E","?","M","M","$","M","B",null,"R","M","M","?","M"],"character_chosen":"SLIMEBOUND","items_purchased":["Slimebound:SplitMire"],"campfire_rested":0,"item_purchase_floors":[14],"current_hp_per_floor":[60,57,59,59,59,59,59,60,60,48,48,50,46,49,50,38,60,60,34,17,17,0,0,0],"gold":367,"neow_bonus":"ONE_RANDOM_RARE_CARD","is_daily":false,"chose_seed":false,"campfire_upgraded":2,"win_rate":0.0,"timestamp":1609170038,"path_taken":["R","M","M","?","?","?","T","?","?","E","?","M","M","?","M","BOSS","R","M","M","?","?"],"items_purchased_type":["Card"],"build_version":"2020-12-22","purchased_purges":0,"victory":false,"max_hp_per_floor":[60,60,60,60,60,60,60,60,60,60,60,60,60,60,60,60,60,60,60,60,60,60,60,60],"card_choices":[{"not_picked":["Slimebound:BestDefense","Slimebound:Schlurp"],"picked":"Slimebound:SplitMire","floor":2.0},{"not_picked":["Slimebound:GrowthPunch","Slimebound:Schlurp","Slimebound:GoopTackle"],"picked":"SKIP","floor":3.0},{"not_picked":["Slimebound:Recollect","Slimebound:ComboTackle","Slimebound:GoopTackle"],"picked":"SKIP","floor":8.0},{"not_picked":["Slimebound:Gluttony","Slimebound:DouseInSlime","Slimebound:LivingWall"],"picked":"SKIP","floor":10.0},{"not_picked":["Slimebound:Recollect","Slimebound:LivingWall","Slimebound:GoopSpray"],"picked":"SKIP","floor":12.0},{"not_picked":["Slimebound:Gluttony","Slimebound:SlimeSpikes","Slimebound:RollThrough"],"picked":"SKIP","floor":13.0},{"not_picked":["Slimebound:SplitLeeching","Slimebound:Dissolve","Slimebound:GrowthPunch"],"picked":"SKIP","floor":14.0},{"not_picked":["Slimebound:ServeAndProtect","Slimebound:Equalize"],"picked":"Slimebound:DuplicatedForm","floor":15.0},{"not_picked":["Slimebound:PrepareCrush","Slimebound:WasteNot"],"picked":"Slimebound:MassFeed","floor":16.0},{"not_picked":["Slimebound:Schlurp","Slimebound:LevelUp"],"picked":"Slimebound:RejuvenatingLick","floor":19.0},{"not_picked":["Slimebound:FormOfPuddle","Slimebound:FinishingTackle"],"picked":"Slimebound:Dissolve","floor":20}],"player_experience":52012,"relics_obtained":[{"floor":7.0,"key":"Anchor"},{"floor":10.0,"key":"Matryoshka"}],"event_choices":[{"cards_removed":["Regret"],"damage_healed":0.0,"max_hp_gain":0.0,"max_hp_loss":0.0,"gold_gain":0.0,"event_name":"The Cleric","player_choice":"Card Removal","floor":9.0,"gold_loss":0.0,"damage_taken":0.0},{"damage_healed":0,"gold_gain":0,"player_choice":"Trade","damage_taken":0,"relics_obtained":["SsserpentHead"],"max_hp_gain":0,"max_hp_loss":0,"event_name":"FaceTrader","floor":21,"gold_loss":0}],"is_beta":false,"boss_relics":[{"not_picked":["SacredBark","Tiny House"],"picked":"Astrolabe"}],"items_purged_floors":[],"is_endless":false,"potions_floor_spawned":[3,10,12,15,16],"killed_by":"Shelled Parasite and Fungi","ascension_level":2}}