{"host":"igi9xpgoc000gxf5","time":1609186377,"event":{"mods":["BaseMod","Colored Powertips","Downfall","Googly Eyes","Minty Spire (QoL Compilation)","StSLib"],"gold_per_floor":[99,119,119,119,136,204,276,294,219,237,255,17,36,36,50,50,50,50],"floor_reached":16,"playtime":597,"items_purged":[],"score":94,"play_id":"bd2603d5-cc4c-48b3-9619-a14d41c746d6","local_time":"20201228211257","is_ascension_mode":false,"campfire_choices":[{"data":"Slimebound:HauntingLick","floor":1,"key":"SMITH"},{"data":"Slimebound:CorrosiveSpit","floor":9,"key":"SMITH"}],"circlet_count":0,"master_deck":["Slimebound:Strike_Slimebound","Slimebound:Strike_Slimebound","Slimebound:Tackle","Slimebound:Defend_Slimebound","Slimebound:Defend_Slimebound","Slimebound:Defend_Slimebound","Slimebound:Defend_Slimebound","Slimebound:Split","Slimebound:CorrosiveSpit+1","Slimebound:HauntingLick+1","Slimebound:PressTheAttack","Pain","Slimebound:SlimeSpikes","Slimebound:HungryTackle","Slimebound:RainOfGoop","Slimebound:Recollect","Slimebound:DisruptingSlam","Slimebound:SlimeBarrage","Slimebound:SplitBruiser","Slimebound:RainOfGoop"],"relics":["Slimebound:AbsorbEndCombat","WarpedTongs","Gremlin Horn","downfall:HeartBlessingBlue","MealTicket","downfall:BrokenWingStatue"],"acts_visited":["Exordium"],"potions_floor_usage":[13,16],"damage_taken":[{"damage":4,"enemies":"Small Slimes","floor":2,"turns":3},{"damage":10,"enemies":"Jaw Worm","floor":5,"turns":2},{"damage":14,"enemies":"Cultist","floor":8,"turns":3},{"damage":20,"enemies":"Exordium Thugs","floor":10,"turns":2},{"damage":12,"enemies":"Gremlin Gang","floor":11,"turns":3},{"damage":20,"enemies":"downfall:FleeingMerchant","floor":12,"turns":4},{"damage":11,"enemies":"Exordium Wildlife","floor":13,"turns":2},{"damage":22,"enemies":"Blue Slaver","floor":15,"turns":3},{"damage":29,"enemies":"downfall:Defect","floor":16,"turns":3}],"seed_played":"7403033454596908059","potions_obtained":[{"floor":5,"key":"Slimebound:ThreeZeroPotion"},{"floor":8,"key":"champ:CounterPotion"},{"floor":10,"key":"FearPotion"},{"floor":15,"key":"sneckomod:MuddlingPotion"}],"is_trial":false,"path_per_floor":["R","M","?","?","M","T","T","M","R","M","M","$","M","?","M","B"],"character_chosen":"SLIMEBOUND","items_purchased":["MealTicket","Slimebound:SlimeBarrage"],"campfire_rested":0,"item_purchase_floors":[12,12],"current_hp_per_floor":[60,60,60,60,56,56,56,48,58,48,46,42,39,39,23,0,0,0],"gold":50,"neow_bonus":"THREE_CARDS","is_daily":false,"chose_seed":false,"campfire_upgraded":2,"win_rate":0.0,"timestamp":1609186377,"path_taken":["R","M","?","?","?","?","T","M","R","?","M","$","M","?","M","BOSS"],"items_purchased_type":["Relic","Card"],"build_version":"2020-12-22","purchased_purges":0,"victory":false,"max_hp_per_floor":[60,60,60,60,60,60,60,60,70,70,70,70,70,70,70,70,70,70],"card_choices":[{"not_picked":["Slimebound:SplitBruiser","Slimebound:Replication"],"picked":"Slimebound:HauntingLick","floor":0},{"not_picked":["Slimebound:SplitBruiser","Slimebound:GoopSpray"],"picked":"Slimebound:PressTheAttack","floor":2},{"not_picked":["Slimebound:SplitAcid","Slimebound:Schlurp"],"picked":"Slimebound:SlimeSpikes","floor":5},{"not_picked":["Slimebound:DivideAndConquer","Slimebound:Recollect"],"picked":"Slimebound:HungryTackle","floor":8},{"not_picked":["Slimebound:GoopSpray","Slimebound:SplitLeeching"],"picked":"Slimebound:RainOfGoop","floor":10},{"not_picked":["Slimebound:LeechingTouch","Slimebound:Grow"],"picked":"Slimebound:Recollect","floor":11},{"not_picked":["Slimebound:SlimeBrawl","Slimebound:CheckThePlaybook"],"picked":"Slimebound:DisruptingSlam","floor":12},{"not_picked":["Slimebound:LeadByExample","Slimebound:LivingWall"],"picked":"Slimebound:SplitBruiser","floor":13},{"not_picked":["Slimebound:GoopTackle","Slimebound:GrowthPunch"],"picked":"Slimebound:RainOfGoop","floor":15}],"player_experience":904956,"relics_obtained":[{"floor":6,"key":"Gremlin Horn"}],"event_choices":[{"damage_healed":0,"gold_gain":0,"player_choice":"Rummage","damage_taken":0,"relics_obtained":["WarpedTongs"],"max_hp_gain":0,"max_hp_loss":0,"event_name":"Accursed Blacksmith","floor":4,"gold_loss":0,"cards_obtained":["Pain"]}],"is_beta":false,"boss_relics":[],"items_purged_floors":[],"is_endless":false,"potions_floor_spawned":[5,8,10,15],"killed_by":"downfall:Defect","ascension_level":0}}