{"host":"dhyczjm99amxd3qx","time":1609187155,"event":{"mods":["BaseMod","Colored Map","Googly Eyes","Highlight Path","Minty Spire (QoL Compilation)","Quick Restart","StSLib"],"gold_per_floor":[10,10,25,45,45,78,78,103,103,117,136,136,136],"floor_reached":12,"playtime":740,"items_purged":[],"score":104,"play_id":"0f7d7700-1756-4a57-9940-64ce9f9a0bea","local_time":"20201228152555","is_ascension_mode":true,"campfire_choices":[{"data":"Rage","floor":7,"key":"SMITH"}],"circlet_count":0,"master_deck":["Strike_R","Strike_R","Strike_R","Strike_R","Defend_R","Defend_R","Defend_R","Bash","Rage+1","Iron Wave","Clash"],"relics":["Burning Blood","Potion Belt","Matryoshka","Letter Opener","Toy Ornithopter","Sundial"],"acts_visited":["Exordium"],"potions_floor_usage":[6,10],"damage_taken":[{"damage":1,"enemies":"Cultist","floor":1,"turns":3},{"damage":2,"enemies":"Small Slimes","floor":3,"turns":4},{"damage":1,"enemies":"Jaw Worm","floor":4,"turns":4},{"damage":41,"enemies":"Lagavulin","floor":6,"turns":7},{"damage":39,"enemies":"Gremlin Nob","floor":8,"turns":5},{"damage":0,"enemies":"Large Slime","floor":10,"turns":6},{"damage":0,"enemies":"2 Fungi Beasts","floor":11,"turns":3},{"damage":34,"enemies":"3 Sentries","floor":12,"turns":7}],"seed_played":"5016087454518690030","potions_obtained":[{"floor":3,"key":"LiquidBronze"},{"floor":8,"key":"SpeedPotion"}],"is_trial":false,"path_per_floor":["M","T","M","M","$","E","R","E","T","M","M","E"],"character_chosen":"IRONCLAD","items_purchased":[],"campfire_rested":0,"item_purchase_floors":[],"current_hp_per_floor":[80,80,80,80,80,45,45,12,12,23,29,0,0],"gold":136,"neow_bonus":"REMOVE_TWO","is_daily":false,"chose_seed":false,"campfire_upgraded":1,"win_rate":0.0,"timestamp":1609187155,"path_taken":["M","?","M","M","$","E","R","E","T","M","M","E"],"items_purchased_type":[],"build_version":"2020-12-22","purchased_purges":0,"victory":false,"max_hp_per_floor":[80,80,80,80,80,80,80,80,80,80,80,80,80],"card_choices":[{"not_picked":["Iron Wave","Heavy Blade"],"picked":"Rage","floor":1},{"not_picked":["Armaments","Clash"],"picked":"Iron Wave","floor":3},{"not_picked":["Burning Pact","Perfected Strike","Wild Strike"],"picked":"SKIP","floor":4},{"not_picked":["Berserk","Headbutt","Cleave"],"picked":"SKIP","floor":6},{"not_picked":["Body Slam","Thunderclap"],"picked":"Clash","floor":8},{"not_picked":["Twin Strike","Warcry","Feel No Pain"],"picked":"SKIP","floor":10},{"not_picked":["Sword Boomerang","Anger","Burning Pact"],"picked":"SKIP","floor":11}],"player_experience":149405,"relics_obtained":[{"floor":2,"key":"Potion Belt"},{"floor":6,"key":"Matryoshka"},{"floor":8,"key":"Letter Opener"},{"floor":9,"key":"Toy Ornithopter"},{"floor":9,"key":"Sundial"}],"event_choices":[],"is_beta":false,"boss_relics":[],"items_purged_floors":[],"is_endless":false,"potions_floor_spawned":[3,8],"killed_by":"3 Sentries","ascension_level":3}}