{"host":"ywrl54yaurj31tya","time":1609120303,"event":{"mods":["AchievementEnabler","BaseMod","Colored Map","Keyboard Shortcuts","Minty Spire (QoL Compilation)","Quick Restart","Rare Cards Sparkle","StSLib","SuperFastMode","everything is the same but u backflip on backflip"],"gold_per_floor":[110,126,126,137,62,62,105,126,178,178,253,291,311,347,347,437,437,462,462,512,58,101,101,101,115,115,65,65,91,41,41,41,118,118,136,150,166,191,191,191,225,225,306,322,334,360,250,267,267,267,267,267,51,80,80,80],"floor_reached":55,"playtime":2031,"items_purged":["Conclude","Study","CarveReality","BattleHymn+1"],"score":1710,"play_id":"1e06e25b-e598-4a18-b345-768bfdc297ce","local_time":"20201228105143","is_ascension_mode":true,"campfire_choices":[{"data":"Eruption","floor":10.0,"key":"SMITH"},{"data":"MentalFortress","floor":15.0,"key":"SMITH"},{"floor":23.0,"key":"REST"},{"data":"ConjureBlade","floor":32.0,"key":"SMITH"},{"floor":40.0,"key":"RECALL"},{"floor":49,"key":"REST"},{"floor":52,"key":"REST"}],"circlet_count":0,"master_deck":["AscendersBane","Eruption+1","Vigilance+1","MentalFortress+1","Meditate+1","ConjureBlade+1","SandsOfTime+1","EmptyFist+1","Prostrate+1","Worship+1","EmptyMind+1","Prostrate+1","LessonLearned+1","Collect+1","Thinking Ahead+1","Good Instincts+1","Prostrate+1","WreathOfFlame+1"],"relics":["Busted Crown","Bloody Idol","Mercury Hourglass","Juzu Bracelet","Happy Flower","Smiling Mask","Pandora\u0027s Box","Toxic Egg 2","Red Mask","HornCleat","Yang","VioletLotus","CaptainsWheel","Potion Belt","Orichalcum","ClockworkSouvenir","Ornamental Fan"],"acts_visited":["Exordium","TheCity","TheBeyond","TheEnding"],"potions_floor_usage":[50,54,55,55,55],"damage_taken":[{"damage":0.0,"enemies":"2 Louse","floor":1.0,"turns":3.0},{"damage":12.0,"enemies":"Small Slimes","floor":2.0,"turns":4.0},{"damage":0.0,"enemies":"Cultist","floor":4.0,"turns":2.0},{"damage":13.0,"enemies":"Gremlin Nob","floor":7.0,"turns":3.0},{"damage":0.0,"enemies":"Large Slime","floor":8.0,"turns":4.0},{"damage":0.0,"enemies":"Lagavulin","floor":12.0,"turns":4.0},{"damage":6.0,"enemies":"Exordium Wildlife","floor":13.0,"turns":3.0},{"damage":0.0,"enemies":"Gremlin Nob","floor":14.0,"turns":2.0},{"damage":0.0,"enemies":"Slime Boss","floor":16.0,"turns":3.0},{"damage":0.0,"enemies":"Spheric Guardian","floor":18.0,"turns":2.0},{"damage":28.0,"enemies":"Masked Bandits","floor":22.0,"turns":4.0},{"damage":0.0,"enemies":"Chosen","floor":25.0,"turns":2.0},{"damage":8.0,"enemies":"Slavers","floor":29.0,"turns":3.0},{"damage":0.0,"enemies":"Collector","floor":33.0,"turns":4.0},{"damage":8.0,"enemies":"Orb Walker","floor":35.0,"turns":3.0},{"damage":6.0,"enemies":"3 Darklings","floor":36.0,"turns":5.0},{"damage":25.0,"enemies":"4 Shapes","floor":37.0,"turns":7.0},{"damage":0.0,"enemies":"Mind Bloom Boss Battle","floor":38.0,"turns":5.0},{"damage":19.0,"enemies":"Reptomancer","floor":41.0,"turns":7.0},{"damage":0,"enemies":"Spire Growth","floor":44,"turns":4},{"damage":19,"enemies":"Jaw Worm Horde","floor":45,"turns":5},{"damage":0,"enemies":"Giant Head","floor":46,"turns":6},{"damage":5,"enemies":"Writhing Mass","floor":48,"turns":4},{"damage":7,"enemies":"Awakened One","floor":50,"turns":8},{"damage":18,"enemies":"Shield and Spear","floor":54,"turns":7},{"damage":51,"enemies":"The Heart","floor":55,"turns":5}],"seed_played":"-2845454099307956923","potions_obtained":[{"floor":1.0,"key":"AttackPotion"},{"floor":2.0,"key":"LiquidMemories"},{"floor":7.0,"key":"StancePotion"},{"floor":33.0,"key":"LiquidBronze"},{"floor":35.0,"key":"FearPotion"},{"floor":41.0,"key":"DuplicationPotion"},{"floor":48,"key":"SkillPotion"},{"floor":54,"key":"EssenceOfSteel"}],"is_trial":false,"path_per_floor":["M","M","?","M","?","?","E","M","T","R","?","E","M","E","R","B",null,"M","?","?","$","?","R","?","M","T","$","?","E","$","?","R","B",null,"M","M","M","?","?","R","E","?","T","M","M","E","?","M","R","B",null,"R","$","E","B"],"character_chosen":"WATCHER","items_purchased":["Toxic Egg 2","EmptyMind+1","Prostrate+1","ClockworkSouvenir"],"campfire_rested":3,"item_purchase_floors":[21,21,21,53],"current_hp_per_floor":[61,49,54,54,54,54,41,41,41,41,30,30,24,24,24,24,56,56,56,50,50,22,41,41,46,46,46,46,43,43,43,43,48,62,59,58,38,43,43,43,29,19,24,29,15,20,20,20,38,31,55,63,63,50,0,0],"gold":80,"neow_bonus":"BOSS_RELIC","is_daily":false,"chose_seed":false,"campfire_upgraded":3,"win_rate":0.0,"timestamp":1609120303,"path_taken":["M","M","?","M","?","?","E","M","T","R","?","E","M","E","R","BOSS","M","?","?","$","?","R","?","M","T","?","?","E","$","?","R","BOSS","M","M","M","?","?","R","E","?","T","M","M","E","?","M","R","BOSS","R","$","E","BOSS"],"items_purchased_type":["Relic","Card","Card","Relic"],"build_version":"2020-12-22","purchased_purges":4,"victory":false,"max_hp_per_floor":[68,68,73,73,73,66,66,66,66,66,66,66,66,66,66,66,66,66,66,66,66,66,66,66,66,66,66,66,66,66,66,66,66,66,66,66,66,66,63,63,63,63,63,63,63,63,63,63,63,63,63,63,63,63,63,63],"card_choices":[{"not_picked":[],"picked":"MentalFortress","floor":1.0},{"not_picked":[],"picked":"Conclude","floor":2.0},{"not_picked":["WindmillStrike"],"picked":"SKIP","floor":4.0},{"not_picked":[],"picked":"ReachHeaven","floor":7.0},{"not_picked":[],"picked":"BattleHymn","floor":8.0},{"not_picked":[],"picked":"Meditate","floor":12.0},{"not_picked":["BattleHymn"],"picked":"SKIP","floor":13.0},{"not_picked":["DeceiveReality"],"picked":"SKIP","floor":14.0},{"not_picked":[],"picked":"ConjureBlade","floor":16.0},{"not_picked":["Vengeance"],"picked":"SKIP","floor":18.0},{"not_picked":["ForeignInfluence+1"],"picked":"SKIP","floor":25.0},{"not_picked":["SpiritShield+1"],"picked":"SKIP","floor":29.0},{"not_picked":[],"picked":"LessonLearned","floor":33.0},{"not_picked":["BowlingBash"],"picked":"SKIP","floor":35.0},{"not_picked":["Nirvana"],"picked":"SKIP","floor":36.0},{"not_picked":["JustLucky"],"picked":"SKIP","floor":37.0},{"not_picked":[],"picked":"Collect+1","floor":38.0},{"not_picked":["Weave"],"picked":"SKIP","floor":41.0},{"not_picked":[],"picked":"Thinking Ahead+1","floor":42.0},{"not_picked":[],"picked":"Good Instincts+1","floor":42.0},{"not_picked":[],"picked":"Prostrate+1","floor":44},{"not_picked":["Halt+1"],"picked":"SKIP","floor":45},{"not_picked":["EmptyMind+1"],"picked":"SKIP","floor":46},{"not_picked":["BattleHymn+1"],"picked":"SKIP","floor":48},{"not_picked":["WreathOfFlame+1"],"picked":"SKIP","floor":54},{"not_picked":[],"picked":"WreathOfFlame+1","floor":54}],"player_experience":581098,"relics_obtained":[{"floor":7.0,"key":"Mercury Hourglass"},{"floor":9.0,"key":"Juzu Bracelet"},{"floor":12.0,"key":"Happy Flower"},{"floor":14.0,"key":"Smiling Mask"},{"floor":22.0,"key":"Red Mask"},{"floor":26.0,"key":"HornCleat"},{"floor":29.0,"key":"Yang"},{"floor":38.0,"key":"CaptainsWheel"},{"floor":41.0,"key":"Potion Belt"},{"floor":46,"key":"Orichalcum"},{"floor":54,"key":"Ornamental Fan"}],"event_choices":[{"damage_healed":0.0,"max_hp_gain":5.0,"max_hp_loss":0.0,"gold_gain":0.0,"event_name":"Big Fish","player_choice":"Donut","floor":3.0,"gold_loss":0.0,"damage_taken":0.0},{"cards_removed":["Defend_P"],"damage_healed":0.0,"max_hp_gain":0.0,"max_hp_loss":0.0,"gold_gain":0.0,"event_name":"The Cleric","player_choice":"Card Removal","floor":5.0,"gold_loss":75.0,"damage_taken":0.0},{"damage_healed":0.0,"max_hp_gain":0.0,"max_hp_loss":7.0,"gold_gain":0.0,"event_name":"Golden Idol","player_choice":"Lose Max HP","floor":6.0,"gold_loss":0.0,"damage_taken":0.0,"relics_obtained":["Golden Idol"]},{"damage_healed":0.0,"max_hp_gain":0.0,"max_hp_loss":0.0,"gold_gain":75.0,"event_name":"World of Goop","player_choice":"Gather Gold","floor":11.0,"gold_loss":0.0,"damage_taken":11.0},{"cards_removed":["ReachHeaven"],"damage_healed":0.0,"max_hp_gain":0.0,"max_hp_loss":0.0,"gold_gain":0.0,"event_name":"Back to Basics","player_choice":"Elegance","floor":19.0,"gold_loss":0.0,"damage_taken":0.0},{"damage_healed":0.0,"max_hp_gain":0.0,"max_hp_loss":0.0,"gold_gain":50.0,"event_name":"FaceTrader","player_choice":"Touch","floor":20.0,"gold_loss":0.0,"damage_taken":6.0},{"damage_healed":0.0,"max_hp_gain":0.0,"max_hp_loss":0.0,"gold_gain":0.0,"event_name":"Masked Bandits","player_choice":"Fought Bandits","floor":22.0,"gold_loss":0.0,"damage_taken":0.0},{"damage_healed":0.0,"max_hp_gain":0.0,"max_hp_loss":0.0,"gold_gain":0.0,"event_name":"Forgotten Altar","player_choice":"Gave Idol","floor":24.0,"relics_lost":["Golden Idol"],"gold_loss":0.0,"damage_taken":0.0,"relics_obtained":["Bloody Idol"]},{"damage_healed":0.0,"max_hp_gain":0.0,"max_hp_loss":0.0,"gold_gain":0.0,"event_name":"Vampires","player_choice":"Ignored","floor":28.0,"gold_loss":0.0,"damage_taken":0.0},{"damage_healed":0.0,"max_hp_gain":0.0,"max_hp_loss":0.0,"gold_gain":0.0,"event_name":"WeMeetAgain","player_choice":"Ignored","floor":31.0,"gold_loss":0.0,"damage_taken":0.0},{"damage_healed":0.0,"max_hp_gain":0.0,"max_hp_loss":0.0,"gold_gain":0.0,"event_name":"MindBloom","player_choice":"Fight","floor":38.0,"gold_loss":0.0,"damage_taken":0.0},{"damage_healed":0.0,"max_hp_gain":0.0,"max_hp_loss":3.0,"gold_gain":0.0,"event_name":"Winding Halls","player_choice":"Max HP","floor":39.0,"gold_loss":0.0,"damage_taken":0.0},{"damage_healed":0.0,"max_hp_gain":0.0,"max_hp_loss":0.0,"gold_gain":0.0,"event_name":"SensoryStone","player_choice":"Memory 3","floor":42.0,"gold_loss":0.0,"damage_taken":10.0},{"cards_removed":["Consecrate"],"damage_healed":0,"gold_gain":0,"player_choice":"Upgrade and Remove","damage_taken":0,"max_hp_gain":0,"max_hp_loss":0,"event_name":"Designer","floor":47,"gold_loss":110,"cards_upgraded":["EmptyFist"]}],"is_beta":false,"boss_relics":[{"not_picked":["Sozu","Fusion Hammer"],"picked":"Pandora\u0027s Box"},{"not_picked":["Runic Dome","Astrolabe"],"picked":"VioletLotus"}],"items_purged_floors":[21,27,30,53],"is_endless":false,"potions_floor_spawned":[1,2,7,13,33,35,41,48,54],"killed_by":"The Heart","ascension_level":17}}