{"host":"reretk0dz0kj8f1n","time":1609117133,"event":{"mods":["Arknights The Spire","BaseMod","Colored Map","Minty Spire (QoL Compilation)","StSLib"],"gold_per_floor":[112,112,126,51,65,100,100,275,275,275,285,185,185,22,22,22,22],"floor_reached":16,"playtime":504,"items_purged":["ats:Strike C","Doubt","ats:Defend"],"score":108,"play_id":"702a47e0-0ad7-4ef5-9bfc-a466335d4c15","local_time":"20201228095853","is_ascension_mode":true,"campfire_choices":[{"data":"ats:Song Of Battle","floor":7,"key":"SMITH"},{"data":"ats:Emotion Absorption","floor":10,"key":"SMITH"},{"floor":15,"key":"REST"}],"circlet_count":0,"master_deck":["ats:Strike G","ats:Strike S+1","ats:Armor Crushing Shot","ats:Defend","ats:Defend","ats:Defend","ats:Emotion Absorption+1","ats:Rapid Magazine","ats:Echo Reverb","ats:Apocalypse+1","ats:Apocalypse","ats:Song Of Battle+1","ats:Hammer On","ats:Song Of Battle"],"relics":["ats:Sanity","NeowsBlessing","ats:Originium","Bottled Tornado","Ornamental Fan"],"acts_visited":["Exordium"],"potions_floor_usage":[6],"damage_taken":[{"damage":0,"enemies":"Small Slimes","floor":1,"turns":1},{"damage":0,"enemies":"Jaw Worm","floor":3,"turns":1},{"damage":0,"enemies":"2 Louse","floor":5,"turns":1},{"damage":92,"enemies":"3 Sentries","floor":6,"turns":22},{"damage":52,"enemies":"Blue Slaver","floor":11,"turns":13},{"damage":35,"enemies":"Slime Boss","floor":16,"turns":3}],"seed_played":"-1304460482176335809","potions_obtained":[{"floor":1,"key":"SkillPotion"},{"floor":5,"key":"ats:Emergency Sanity Potion"}],"is_trial":false,"path_per_floor":["M","?","M","$","M","E","R","?","T","R","M","$","?","$","R","B"],"character_chosen":"DOCTOR_CLASS","items_purchased":["ats:Song Of Battle"],"campfire_rested":1,"item_purchase_floors":[14],"current_hp_per_floor":[72,72,72,72,72,28,28,28,28,28,16,16,2,2,23,0,0],"gold":22,"neow_bonus":"THREE_ENEMY_KILL","is_daily":false,"chose_seed":false,"campfire_upgraded":2,"win_rate":0.0,"timestamp":1609117133,"path_taken":["M","?","M","$","M","E","R","?","T","R","M","?","?","$","R","BOSS"],"items_purchased_type":["Card"],"build_version":"2020-12-22","purchased_purges":3,"victory":false,"max_hp_per_floor":[72,72,72,72,72,72,72,72,72,72,72,72,72,72,72,72,72],"card_choices":[{"not_picked":["ats:Hammer On","ats:Flexible Camouflage"],"picked":"ats:Rapid Magazine","floor":1},{"not_picked":["ats:Encircling Forest","ats:Consecutive Shot Auto"],"picked":"ats:Apocalypse","floor":3},{"not_picked":["ats:Mental Burst","ats:Part Time Job"],"picked":"ats:Apocalypse","floor":5},{"not_picked":["ats:Composite Medical Shells","ats:Durian"],"picked":"ats:Song Of Battle","floor":6},{"not_picked":["ats:Consecutive Shot Auto","ats:Steam Pump"],"picked":"ats:Hammer On","floor":11}],"player_experience":256053,"relics_obtained":[{"floor":6,"key":"ats:Originium"},{"floor":6,"key":"Bottled Tornado"},{"floor":9,"key":"Ornamental Fan"}],"event_choices":[{"damage_healed":0,"gold_gain":0,"cards_transformed":["ats:Strike V"],"player_choice":"Change","damage_taken":0,"max_hp_gain":0,"max_hp_loss":0,"event_name":"Living Wall","floor":2,"gold_loss":0,"cards_obtained":["ats:Echo Reverb"]},{"damage_healed":0,"gold_gain":175,"player_choice":"AGREE","damage_taken":0,"max_hp_gain":0,"max_hp_loss":0,"event_name":"Liars Game","floor":8,"gold_loss":0,"cards_obtained":["Doubt"]},{"damage_healed":0,"gold_gain":0,"player_choice":"Entered Light","damage_taken":14,"max_hp_gain":0,"max_hp_loss":0,"event_name":"Shining Light","floor":13,"gold_loss":0,"cards_upgraded":["ats:Strike S","ats:Apocalypse"]}],"is_beta":false,"boss_relics":[],"items_purged_floors":[4,12,14],"is_endless":false,"potions_floor_spawned":[1,5],"killed_by":"Slime Boss","ascension_level":2}}