{"host":"mnljlkge2zm8bbif","time":1609196458,"event":{"mods":["Aspiration","BaseMod","Beaked The Cultist","Better Third Choice","BetterRewards","CCEM","Challenge The Spire","Gremlin Mod","Hubris","Minty Spire (QoL Compilation)","Relic Stats","Replay The Spire","Shop Mod","Spicy Shops","StSLib"],"gold_per_floor":[114,125,168,168,181,516,536,536,536,536,536,45,45,55,55,155,155,167,202,220,220,220,250,250,250,250,250,263,298,348,358,358,462,462,480,702,716,764,782,782,807,45,45,45,45,55,74,89,89,89,89,89,89,120,120,120],"floor_reached":55,"playtime":2972,"items_purged":["Strike_G","hubris:Disease"],"score":1251,"play_id":"62481bee-9288-40b2-9b4c-2fbe5c6a72bd","local_time":"20201228180058","is_ascension_mode":true,"campfire_choices":[{"floor":8.0,"key":"REST"},{"floor":11.0,"key":"REST"},{"floor":15.0,"key":"REST"},{"floor":25.0,"key":"RECALL"},{"data":"Envenom","floor":27.0,"key":"SMITH"},{"floor":32.0,"key":"REST"},{"floor":40.0,"key":"REST"},{"floor":44,"key":"REST"},{"floor":49,"key":"REST"},{"floor":52,"key":"REST"}],"circlet_count":0,"master_deck":["Strike_G+1","Strike_G","Strike_G","Strike_G","Defend_G","Defend_G","Defend_G","Defend_G","Defend_G","Survivor","Neutralize+1","Poisoned Stab","Predator","Dash","Flying Knee","Envenom+1","ReplayTheSpireMod:Omega Cannon+1","Barricade+1","Doppelganger","Dark Echo","Backstab","Footwork+1","After Image","Flying Knee+1","Parasite","Fluid Movement","Dark Echo","Thinking Ahead","ReplayUltimateDefense","Flying Knee+1","Deadly Poison+1","Bane+1"],"relics":["Ring of the Snake","Juzu Bracelet","Whetstone","Paper Crane","Ring of Fury","Ring of Hypnosis","Old Coin","Snack Pack","hubris:Zylophone","hubris:BundleOfHerbs","Snake Skull","Durian","Anchor","hubris:Towel","beaked:SacredDeck","Red Mask","Vajra","NlothsMask","Mirror","ChewingGum","FossilizedHelix","Replay:Ringing Soul","DollysMirror","StoneCalendar","hubris:SphereOfDissonance","Pet Ghost"],"acts_visited":["Exordium","TheCity","TheBeyond","TheEnding"],"potions_floor_usage":[41,41,50,55],"damage_taken":[{"damage":2.0,"enemies":"Jaw Worm","floor":1.0,"turns":6.0},{"damage":5.0,"enemies":"Small Slimes","floor":2.0,"turns":3.0},{"damage":0.0,"enemies":"2 Louse","floor":5.0,"turns":2.0},{"damage":4.0,"enemies":"Gremlin Nob","floor":6.0,"turns":3.0},{"damage":14.0,"enemies":"2 Fungi Beasts","floor":7.0,"turns":3.0},{"damage":0.0,"enemies":"Large Slime","floor":14.0,"turns":3.0},{"damage":18.0,"enemies":"The Guardian","floor":16.0,"turns":9.0},{"damage":0.0,"enemies":"3 Byrds","floor":18.0,"turns":2.0},{"damage":0.0,"enemies":"Masked Bandits","floor":19.0,"turns":1.0},{"damage":0.0,"enemies":"Shell Parasite","floor":20.0,"turns":1.0},{"damage":10.0,"enemies":"Slavers","floor":23.0,"turns":3.0},{"damage":15.0,"enemies":"Shelled Parasite and Fungi","floor":28.0,"turns":4.0},{"damage":14.0,"enemies":"Gremlin Leader","floor":29.0,"turns":4.0},{"damage":0.0,"enemies":"Centurion and Healer","floor":31.0,"turns":2.0},{"damage":57.0,"enemies":"Automaton","floor":33.0,"turns":7.0},{"damage":29.0,"enemies":"3 Shapes","floor":35.0,"turns":1.0},{"damage":22.0,"enemies":"3 Darklings","floor":37.0,"turns":4.0},{"damage":44.0,"enemies":"2 Orb Walkers","floor":38.0,"turns":4.0},{"damage":0.0,"enemies":"Writhing Mass","floor":39.0,"turns":4.0},{"damage":27,"enemies":"Giant Head","floor":41,"turns":8},{"damage":0,"enemies":"Sphere and 2 Shapes","floor":46,"turns":4},{"damage":0,"enemies":"Spire Growth","floor":47,"turns":3},{"damage":11,"enemies":"Writhing Mass","floor":48,"turns":5},{"damage":105,"enemies":"Awakened One","floor":50,"turns":8},{"damage":39,"enemies":"Shield and Spear","floor":54,"turns":4},{"damage":72,"enemies":"The Heart","floor":55,"turns":6}],"seed_played":"7356535274131790990","potions_obtained":[{"floor":2.0,"key":"FairyPotion"},{"floor":14.0,"key":"Dexterity Potion"},{"floor":23.0,"key":"Elixir"},{"floor":29.0,"key":"Weak Potion"},{"floor":33.0,"key":"Milkshake"},{"floor":38.0,"key":"AttackPotion"},{"floor":39.0,"key":"DuplicationPotion"},{"floor":48,"key":"Energy Potion"},{"floor":54,"key":"Languid Potion"}],"is_trial":false,"path_per_floor":["M","M","?","?","M","E","M","R","T","?","R","$","?","M","R","B",null,"M","?","M","?","?","E","?","R","T","R","M","E","?","M","R","B",null,"M","?","M","?","M","R","E","$","T","R","?","M","M","M","R","B",null,"R","$","E","B"],"character_chosen":"THE_SILENT","items_purchased":["Juzu Bracelet","Whetstone","Poisoned Stab","Snake Skull","Durian","Anchor","DollysMirror","Thinking Ahead","StoneCalendar"],"campfire_rested":8,"item_purchase_floors":[0,0,0,12,12,12,42,42,42],"current_hp_per_floor":[47,42,42,42,42,38,24,45,45,14,35,40,40,47,69,53,70,75,75,75,75,75,65,65,65,65,65,50,43,43,43,65,16,60,33,33,11,6,12,34,12,15,15,39,45,54,59,53,80,2,70,93,93,56,0,0],"gold":120,"neow_bonus":"","is_daily":false,"chose_seed":false,"campfire_upgraded":1,"win_rate":0.0,"timestamp":1609196458,"path_taken":["M","M","?","?","M","E","M","R","T","?","R","$","?","M","R","BOSS","M","?","M","?","?","E","?","R","T","R","M","E","?","M","R","BOSS","M","?","M","?","M","R","E","$","T","R","?","M","M","M","R","BOSS","R","$","E","BOSS"],"items_purchased_type":["Relic","Relic","Card","Relic","Relic","Relic","Relic","Card","Relic"],"build_version":"2020-12-22","purchased_purges":2,"victory":false,"max_hp_per_floor":[70,70,70,70,70,70,70,70,70,70,70,75,75,75,75,75,75,75,75,75,75,75,75,75,75,75,75,75,75,75,75,75,75,75,75,75,75,75,75,75,78,81,81,81,84,87,90,93,93,93,93,93,93,93,93,93],"relic_stats":{"counters":[42,156],"StoneCalendar":[52],"Snake Skull":[144],"Juzu Bracelet":3,"Whetstone":["Neutralize","Strike_G"],"obtain_stats":[{"TwistedFunnel":0,"Regal Pillow":0,"Vajra":23,"StoneCalendar":42,"Snake Skull":12,"Juzu Bracelet":0,"Whetstone":0,"hubris:EmptyBottle":0,"Smiling Mask":31,"Pet Ghost":54,"Old Coin":6,"Blood Vial":26,"Replay:Ringing Soul":41,"Dream Catcher":0,"Replay:Bandana":20,"DollysMirror":42,"beaked:SacredDeck":17,"Red Mask":19,"aspiration:FutureDiary":17,"Ring of the Snake":0,"Gremlin Food":9,"Ring of Hypnosis":4,"hubris:64BitClover":29,"hubris:SphereOfDissonance":43,"hubris:Towel":21,"Paper Crane":3,"hubris:Zylophone":10,"Anchor":12,"hubris:Spice":0,"Ring of Fury":4,"ChewingGum":34,"hubris:BundleOfHerbs":10,"hubris:TenFootPole":24,"Snack Pack":9,"Durian":12,"Mirror":29,"FossilizedHelix":38,"NlothsMask":24},{"TwistedFunnel":0,"Regal Pillow":0,"Vajra":27,"StoneCalendar":36,"Snake Skull":21,"Juzu Bracelet":16,"Whetstone":16,"hubris:EmptyBottle":0,"Smiling Mask":15,"Pet Ghost":41,"Old Coin":20,"Blood Vial":12,"Replay:Ringing Soul":36,"Dream Catcher":0,"Replay:Bandana":11,"DollysMirror":36,"beaked:SacredDeck":23,"Red Mask":25,"aspiration:FutureDiary":9,"Ring of the Snake":0,"Gremlin Food":5,"Ring of Hypnosis":18,"hubris:64BitClover":13,"hubris:SphereOfDissonance":36,"hubris:Towel":11,"Paper Crane":18,"hubris:Zylophone":21,"Anchor":21,"hubris:Spice":0,"Ring of Fury":18,"ChewingGum":31,"hubris:BundleOfHerbs":21,"hubris:TenFootPole":12,"Snack Pack":21,"Durian":21,"Mirror":29,"FossilizedHelix":34,"NlothsMask":27},{"TwistedFunnel":0,"Regal Pillow":0,"Vajra":88,"StoneCalendar":126,"Snake Skull":69,"Juzu Bracelet":52,"Whetstone":52,"hubris:EmptyBottle":0,"Smiling Mask":46,"Pet Ghost":150,"Old Coin":66,"Blood Vial":35,"Replay:Ringing Soul":126,"Dream Catcher":0,"Replay:Bandana":31,"DollysMirror":126,"beaked:SacredDeck":81,"Red Mask":84,"aspiration:FutureDiary":26,"Ring of the Snake":0,"Gremlin Food":10,"Ring of Hypnosis":61,"hubris:64BitClover":38,"hubris:SphereOfDissonance":126,"hubris:Towel":31,"Paper Crane":61,"hubris:Zylophone":69,"Anchor":69,"hubris:Spice":0,"Ring of Fury":61,"ChewingGum":105,"hubris:BundleOfHerbs":69,"hubris:TenFootPole":35,"Snack Pack":69,"Durian":69,"Mirror":96,"FossilizedHelix":114,"NlothsMask":88}],"Ring of the Snake":[84]},"card_choices":[{"not_picked":["Slice","Deadly Poison"],"picked":"Predator","floor":1.0},{"not_picked":["Prepared","Cloak And Dagger","Hidden Blade"],"picked":"SKIP","floor":2.0},{"not_picked":["Reflex","Outmaneuver"],"picked":"Dash","floor":3.0},{"not_picked":["Prepared","Cloak And Dagger"],"picked":"Flying Knee","floor":3.0},{"not_picked":["Blade Dance","Deadly Poison","ReplayTheSpireMod:Tripwire"],"picked":"SKIP","floor":5.0},{"not_picked":["Bane","Toxin Wave"],"picked":"Envenom","floor":6.0},{"not_picked":["hubris:Sniper","Accuracy","Slice"],"picked":"SKIP","floor":7.0},{"not_picked":["hubris:Sniper","Leg Sweep","Underhanded Strike"],"picked":"SKIP","floor":14.0},{"not_picked":["Burst","ReplayTheSpireMod:From All Sides"],"picked":"Doppelganger","floor":16.0},{"not_picked":["Blade Dance+1","Flechettes+1","Underhanded Strike"],"picked":"SKIP","floor":18.0},{"not_picked":["Underhanded Strike+1","Dagger Throw"],"picked":"Backstab","floor":19.0},{"not_picked":["hubris:SlightOfHand","Escape Plan"],"picked":"Footwork+1","floor":20.0},{"not_picked":["Footwork+1","Escape Plan","Terror"],"picked":"SKIP","floor":23.0},{"not_picked":["Toxin Wave","Hidden Blade","Dash"],"picked":"SKIP","floor":28.0},{"not_picked":["Riddle With Holes","ReplayTheSpireMod:The Works+1","Dodge and Roll"],"picked":"SKIP","floor":29.0},{"not_picked":["Hidden Blade","Dagger Throw","Toxin Wave"],"picked":"SKIP","floor":31.0},{"not_picked":["Atom Bomb","Night Terror"],"picked":"After Image","floor":33.0},{"not_picked":["Dodge and Roll","Outmaneuver","Acrobatics+1"],"picked":"SKIP","floor":35.0},{"not_picked":["Sneak Up","Dagger Throw","Dodge and Roll"],"picked":"SKIP","floor":37.0},{"not_picked":["Prepared","Skewer"],"picked":"Flying Knee+1","floor":38.0},{"not_picked":["Prepared+1","Replay:Poison Smokescreen+1","Crippling Poison+1"],"picked":"SKIP","floor":39.0},{"not_picked":["Well Laid Plans+1","Endless Agony"],"picked":"Fluid Movement","floor":41},{"not_picked":["Finesse","Transmutation"],"picked":"ReplayUltimateDefense","floor":45},{"not_picked":["Finisher","Backflip"],"picked":"Flying Knee+1","floor":46},{"not_picked":["hubris:SlightOfHand","Skewer+1"],"picked":"Deadly Poison+1","floor":47},{"not_picked":["ReplayTheSpireMod:Scrap Shanks+1","ReplayTheSpireMod:Shiv Toss"],"picked":"Bane+1","floor":48},{"not_picked":["Reflex+1","ReplayTheSpireMod:From All Sides","hubris:TrickCloak+1"],"picked":"SKIP","floor":54}],"player_experience":424762,"relics_obtained":[{"floor":3.0,"key":"Paper Crane"},{"floor":4.0,"key":"Ring of Fury"},{"floor":4.0,"key":"Ring of Hypnosis"},{"floor":6.0,"key":"Old Coin"},{"floor":9.0,"key":"Snack Pack"},{"floor":19.0,"key":"Red Mask"},{"floor":23.0,"key":"Vajra"},{"floor":29.0,"key":"Mirror"},{"floor":38.0,"key":"FossilizedHelix"},{"floor":41,"key":"Replay:Ringing Soul"},{"floor":43,"key":"hubris:SphereOfDissonance"},{"floor":54,"key":"Pet Ghost"}],"event_choices":[{"damage_healed":0.0,"max_hp_gain":0.0,"max_hp_loss":0.0,"gold_gain":0.0,"event_name":"Masked Bandits","player_choice":"Fought Bandits","floor":19.0,"gold_loss":0.0,"damage_taken":0.0},{"damage_healed":0.0,"max_hp_gain":0.0,"max_hp_loss":0.0,"gold_gain":0.0,"event_name":"Accursed Blacksmith","player_choice":"Forge","floor":22.0,"gold_loss":0.0,"damage_taken":0.0,"cards_upgraded":["Barricade"]},{"damage_healed":0.0,"max_hp_gain":0.0,"max_hp_loss":0.0,"gold_gain":0.0,"event_name":"FaceTrader","player_choice":"Trade","floor":24.0,"gold_loss":0.0,"damage_taken":0.0,"relics_obtained":["NlothsMask"]},{"damage_healed":0.0,"max_hp_gain":0.0,"max_hp_loss":0.0,"gold_gain":100.0,"event_name":"The Joust","player_choice":"Bet on Murderer","floor":30.0,"gold_loss":50.0,"damage_taken":0.0},{"damage_healed":0.0,"max_hp_gain":0.0,"max_hp_loss":0.0,"gold_gain":222.0,"event_name":"Tomb of Lord Red Mask","player_choice":"Wore Mask","floor":36.0,"gold_loss":0.0,"damage_taken":0.0},{"damage_healed":0.0,"max_hp_gain":0.0,"max_hp_loss":0.0,"gold_gain":0.0,"event_name":"Mysterious Sphere","player_choice":"Fight","floor":38.0,"gold_loss":0.0,"damage_taken":0.0},{"damage_healed":0,"gold_gain":0,"player_choice":"Memory 1","damage_taken":0,"max_hp_gain":0,"max_hp_loss":0,"event_name":"SensoryStone","floor":45,"gold_loss":0}],"is_beta":false,"boss_relics":[{"not_picked":["hubris:Stopwatch","hubris:GrandSneckoEye"],"picked":"beaked:SacredDeck"},{"not_picked":["Replay:Ancient Bell","Ring of the Serpent"],"picked":"ChewingGum"}],"items_purged_floors":[0,12],"is_endless":false,"potions_floor_spawned":[2,14,23,29,31,33,38,39,48,54],"killed_by":"The Heart","ascension_level":6}}