{"host":"fxgsgr3e13htip8z","time":1609180144,"event":{"mods":["Aspiration","BaseMod","ChefMod","Dota2Spire","Ekko","Hubris","Hyrulean Relics","Minty Spire (QoL Compilation)","Relic Stats","Replay The Spire","Robot Space Explorer","StSLib","Trackpad","Wandering Minibosses","vexMod"],"gold_per_floor":[113,113,128,222,17,17,43,56,129,129,154,154,179,104,104,204,204,217,217,230,55,67,67,98,98,98,123,155,155,171,199,199,294,294,311,321,321,335,335,369,381,410,410,464,144,156,156,156,183,199,199,199],"floor_reached":53,"playtime":4118,"items_purged":["Outmaneuver","Dagger Throw","Prepared","Finisher","ReplayTheSpireMod:The Works"],"score":1373,"play_id":"0407bf03-a2d2-408d-a22b-1b9998bedbb1","local_time":"20201228122904","daily_mods":["SealedDeck","Vintage","Heirloom","DeadlyEvents","Elite Swarm"],"is_ascension_mode":false,"campfire_choices":[{"data":"Fluid Movement","floor":6,"key":"SMITH"},{"data":"Night Terror","floor":12,"key":"SMITH"},{"data":"Acrobatics","floor":15,"key":"SMITH"},{"data":"Tools of the Trade","floor":23,"key":"SMITH"},{"floor":29,"key":"DIG"},{"data":"Envenom","floor":32,"key":"SMITH"},{"floor":51,"key":"DIG"}],"circlet_count":0,"master_deck":["Accuracy","Acrobatics+1","Backflip","Backflip","Fluid Movement+1","ReplayTheSpireMod:Scrap Shanks","Tactician+1","A Thousand Cuts+1","Tools of the Trade+1","Adrenaline","Envenom+1","After Image","Acrobatics+1","Venomology"],"relics":["Ring of the Snake","replay:Trail_Library","trackpad:FieryHotPepper","Bag of Marbles","hubris:AncientText","Replay:Multitool","Snake Skull","hubris:TinFlute","Bronze Scales","Singing Bowl","Dota2Spire:Dagon","trackpad:WindUpAutoDealer","hubris:Reverence","Sozu","Dota2Spire:Desolator","hubris:Towel","Basket Of Snakes","Mercury Hourglass","Bag of Preparation","hubris:Spice","hubris:ToyBattleship","Art of War","Pet Ghost","Dota2Spire:UrnOfShadows","WristBlade","trackpad:WondrousWand","Dota2Spire:ShivaGuard","Nunchaku","trackpad:PetRock","Blue Doll","Dota2Spire:EtherealBlade","InkBottle","vexMod:PaidLearning","hubris:SphereOfDissonance","aspiration:StickyExplosives_weak","Anchor","The Specimen"],"acts_visited":["Exordium","TheCity","TheBeyond"],"potions_floor_usage":[13],"damage_taken":[{"damage":3,"enemies":"2 Louse","floor":1,"turns":2},{"damage":6,"enemies":"Jaw Worm","floor":3,"turns":2},{"damage":0,"enemies":"Cultist","floor":4,"turns":5},{"damage":3,"enemies":"Lagavulin","floor":7,"turns":3},{"damage":0,"enemies":"2 Fungi Beasts","floor":8,"turns":2},{"damage":0,"enemies":"3 Sentries","floor":11,"turns":2},{"damage":0,"enemies":"Lagavulin","floor":13,"turns":2},{"damage":0,"enemies":"The Guardian","floor":16,"turns":5},{"damage":12,"enemies":"Shell Parasite","floor":18,"turns":3},{"damage":0,"enemies":"Chosen","floor":20,"turns":3},{"damage":0,"enemies":"3 Cultists","floor":22,"turns":2},{"damage":0,"enemies":"Gremlin Leader","floor":24,"turns":3},{"damage":7,"enemies":"Book of Stabbing","floor":27,"turns":2},{"damage":0,"enemies":"Gremlin Leader","floor":28,"turns":2},{"damage":0,"enemies":"Centurion and Healer","floor":30,"turns":1},{"damage":0,"enemies":"Book of Stabbing","floor":31,"turns":1},{"damage":0,"enemies":"Automaton","floor":33,"turns":3},{"damage":0,"enemies":"3 Darklings","floor":35,"turns":1},{"damage":0,"enemies":"Orb Walker","floor":36,"turns":1},{"damage":0,"enemies":"Transient","floor":38,"turns":4},{"damage":0,"enemies":"Giant Head","floor":40,"turns":2},{"damage":0,"enemies":"Sphere and 2 Shapes","floor":41,"turns":1},{"damage":0,"enemies":"Reptomancer","floor":42,"turns":2},{"damage":0,"enemies":"R_Hoarder","floor":44,"turns":2},{"damage":0,"enemies":"Writhing Mass","floor":46,"turns":1},{"damage":0,"enemies":"Nemesis","floor":49,"turns":1},{"damage":0,"enemies":"Maw","floor":50,"turns":1},{"damage":0,"enemies":"hubris:GrandSnecko","floor":52,"turns":2}],"seed_played":"-1532565558189312303","potions_obtained":[{"floor":3,"key":"Ancient Potion"},{"floor":7,"key":"Weak Potion"},{"floor":8,"key":"Energy Potion"},{"floor":16,"key":"Doom Potion"}],"is_trial":true,"path_per_floor":["M","?","M","M","$","R","E","M","T","$","E","R","E","$","R","B",null,"M","?","M","$","M","R","E","?","T","E","E","R","M","E","R","B",null,"M","M","?","M","$","E","M","E","T","E","$","M","PTL","PTL","E","M","R","B",null],"character_chosen":"THE_SILENT","items_purchased":["Tactician+1","Snake Skull","Dota2Spire:Dagon","Acrobatics","vexMod:PaidLearning"],"campfire_rested":0,"item_purchase_floors":[5,5,10,45,45],"current_hp_per_floor":[67,67,61,61,61,61,58,58,58,29,29,29,31,31,31,31,72,60,60,60,60,60,60,62,62,70,63,65,65,65,65,65,67,86,86,86,86,86,86,86,86,88,88,90,90,90,90,90,90,90,90,90],"gold":199,"neow_bonus":"","is_daily":false,"chose_seed":false,"campfire_upgraded":5,"win_rate":0.0,"timestamp":1609180144,"path_taken":["M","?","M","M","$","R","E","M","T","?","E","R","E","$","R","BOSS","M","?","M","$","M","R","E","?","T","?","E","R","M","E","R","BOSS","M","M","?","M","$","E","?","E","T","E","$","M","PTL","PTL","E","M","R","BOSS"],"items_purchased_type":["Card","Relic","Relic","Card","Relic"],"build_version":"2020-12-22","purchased_purges":5,"victory":true,"max_hp_per_floor":[70,70,70,70,70,70,70,70,70,70,70,70,72,72,72,72,72,72,72,72,72,72,72,74,74,82,82,84,84,84,84,84,86,86,86,86,86,86,86,86,86,88,88,90,90,90,90,90,90,90,90,90],"relic_stats":{"Sozu":4,"Nunchaku":[4],"Singing Bowl":12,"counters":[28,61],"Bronze Scales":[51],"Snake Skull":[67],"Bag of Preparation":[29],"Art of War":[0],"obtain_stats":[{"Singing Bowl":9,"trackpad:PetRock":40,"Blue Doll":41,"Snake Skull":5,"Replay:Multitool":4,"Bag of Preparation":24,"trackpad:WondrousWand":35,"Dota2Spire:EtherealBlade":43,"Pet Ghost":29,"aspiration:StickyExplosives_weak":49,"Sozu":17,"Nunchaku":38,"trackpad:FieryHotPepper":0,"WristBlade":34,"hubris:TinFlute":7,"InkBottle":44,"Ring of the Snake":0,"replay:Trail_Library":0,"Dota2Spire:UrnOfShadows":31,"The Specimen":51,"Dota2Spire:Dagon":10,"Basket Of Snakes":20,"hubris:SphereOfDissonance":46,"Dota2Spire:ShivaGuard":36,"vexMod:PaidLearning":45,"hubris:Towel":19,"Mercury Hourglass":22,"Anchor":50,"hubris:Spice":26,"Bronze Scales":8,"Bag of Marbles":1,"hubris:ToyBattleship":27,"Art of War":28,"trackpad:WindUpAutoDealer":11,"hubris:AncientText":3,"hubris:Reverence":13,"Dota2Spire:Desolator":18},{"Singing Bowl":5,"trackpad:PetRock":21,"Blue Doll":22,"Snake Skull":3,"Replay:Multitool":3,"Bag of Preparation":12,"trackpad:WondrousWand":18,"Dota2Spire:EtherealBlade":23,"Pet Ghost":14,"aspiration:StickyExplosives_weak":26,"Sozu":8,"Nunchaku":20,"trackpad:FieryHotPepper":0,"WristBlade":17,"hubris:TinFlute":4,"InkBottle":24,"Ring of the Snake":0,"replay:Trail_Library":0,"Dota2Spire:UrnOfShadows":16,"The Specimen":27,"Dota2Spire:Dagon":5,"Basket Of Snakes":10,"hubris:SphereOfDissonance":25,"Dota2Spire:ShivaGuard":19,"vexMod:PaidLearning":24,"hubris:Towel":9,"Mercury Hourglass":11,"Anchor":27,"hubris:Spice":12,"Bronze Scales":5,"Bag of Marbles":1,"hubris:ToyBattleship":13,"Art of War":14,"trackpad:WindUpAutoDealer":6,"hubris:AncientText":2,"hubris:Reverence":7,"Dota2Spire:Desolator":9},{"Singing Bowl":14,"trackpad:PetRock":51,"Blue Doll":52,"Snake Skull":9,"Replay:Multitool":9,"Bag of Preparation":34,"trackpad:WondrousWand":44,"Dota2Spire:EtherealBlade":54,"Pet Ghost":38,"aspiration:StickyExplosives_weak":58,"Sozu":23,"Nunchaku":49,"trackpad:FieryHotPepper":0,"WristBlade":43,"hubris:TinFlute":12,"InkBottle":56,"Ring of the Snake":0,"replay:Trail_Library":0,"Dota2Spire:UrnOfShadows":40,"The Specimen":59,"Dota2Spire:Dagon":14,"Basket Of Snakes":29,"hubris:SphereOfDissonance":57,"Dota2Spire:ShivaGuard":45,"vexMod:PaidLearning":56,"hubris:Towel":26,"Mercury Hourglass":31,"Anchor":59,"hubris:Spice":34,"Bronze Scales":14,"Bag of Marbles":2,"hubris:ToyBattleship":36,"Art of War":38,"trackpad:WindUpAutoDealer":16,"hubris:AncientText":4,"hubris:Reverence":18,"Dota2Spire:Desolator":26}],"InkBottle":[3],"Ring of the Snake":[45],"Mercury Hourglass":[135]},"card_choices":[{"not_picked":["ReplayTheSpireMod:From All Sides","Corpse Explosion"],"picked":"Night Terror","floor":7},{"not_picked":["Venomology","Phantasmal Killer"],"picked":"A Thousand Cuts","floor":11},{"not_picked":["ReplayTheSpireMod:From All Sides","Venomology","Phantasmal Killer"],"picked":"Singing Bowl","floor":13},{"not_picked":["Atom Bomb","Night Terror"],"picked":"Tools of the Trade","floor":16},{"not_picked":["Atom Bomb","aspiration:Lunge","Die Die Die"],"picked":"Singing Bowl","floor":24},{"not_picked":["Poison Darts","Envenom"],"picked":"Adrenaline","floor":27},{"not_picked":["Malaise","Replay:Bag of Tricks","Doppelganger"],"picked":"Singing Bowl","floor":28},{"not_picked":["Atom Bomb","Replay:Bag of Tricks"],"picked":"Envenom","floor":31},{"not_picked":["Bullet Time","Die Die Die","Malaise"],"picked":"Singing Bowl","floor":33},{"not_picked":["Die Die Die","Corpse Explosion"],"picked":"After Image","floor":40},{"not_picked":["Tools of the Trade","Wraith Form v2","Glass Knife"],"picked":"Singing Bowl","floor":42},{"not_picked":["Tools of the Trade","Wraith Form v2","Unload"],"picked":"Singing Bowl","floor":44},{"not_picked":["Storm of Steel","Wraith Form v2"],"picked":"Venomology","floor":49}],"player_experience":1498710,"relics_obtained":[{"floor":1,"key":"Bag of Marbles"},{"floor":3,"key":"hubris:AncientText"},{"floor":4,"key":"Replay:Multitool"},{"floor":7,"key":"hubris:TinFlute"},{"floor":8,"key":"Bronze Scales"},{"floor":9,"key":"Singing Bowl"},{"floor":11,"key":"trackpad:WindUpAutoDealer"},{"floor":13,"key":"hubris:Reverence"},{"floor":18,"key":"Dota2Spire:Desolator"},{"floor":20,"key":"Basket Of Snakes"},{"floor":22,"key":"Mercury Hourglass"},{"floor":24,"key":"Bag of Preparation"},{"floor":26,"key":"hubris:Spice"},{"floor":27,"key":"hubris:ToyBattleship"},{"floor":28,"key":"Art of War"},{"floor":29,"key":"Pet Ghost"},{"floor":31,"key":"Dota2Spire:UrnOfShadows"},{"floor":35,"key":"trackpad:WondrousWand"},{"floor":36,"key":"Dota2Spire:ShivaGuard"},{"floor":38,"key":"Nunchaku"},{"floor":40,"key":"trackpad:PetRock"},{"floor":41,"key":"Blue Doll"},{"floor":43,"key":"Dota2Spire:EtherealBlade"},{"floor":44,"key":"InkBottle"},{"floor":46,"key":"hubris:SphereOfDissonance"},{"floor":49,"key":"aspiration:StickyExplosives_weak"},{"floor":50,"key":"Anchor"},{"floor":51,"key":"The Specimen"}],"event_choices":[{"cards_removed":["Dodge and Roll"],"damage_healed":0,"gold_gain":0,"player_choice":"Forget","damage_taken":0,"max_hp_gain":0,"max_hp_loss":0,"event_name":"Living Wall","floor":2,"gold_loss":0},{"cards_removed":["Night Terror"],"damage_healed":0,"gold_gain":0,"player_choice":"Purged","damage_taken":0,"max_hp_gain":0,"max_hp_loss":0,"event_name":"Purifier","floor":25,"gold_loss":0},{"cards_removed":["Sucker Punch"],"damage_healed":0,"gold_gain":0,"player_choice":"Removed Attack","damage_taken":0,"max_hp_gain":0,"max_hp_loss":0,"event_name":"Falling","floor":37,"gold_loss":0}],"is_beta":false,"boss_relics":[{"not_picked":["vexMod:BigBerry","ReplayTheSpireMod:DimensionalGlitch"],"picked":"Sozu"},{"not_picked":["trackpad:Trackpad","hubris:Backtick"],"picked":"WristBlade"}],"items_purged_floors":[10,10,14,21,45],"is_endless":false,"potions_floor_spawned":[3,7,8,16,20,22,31,35,46,49,50],"ascension_level":0}}