{"host":"7o30bgpqouqblh42","time":1609172906,"event":{"mods":["AchievementEnabler","Aspiration","BaseMod","Colored Map","Downfall","Highlight Path","Minty Spire (QoL Compilation)","StSLib","SuperFastMode"],"gold_per_floor":[99,111,131,131,146,146,171,184,202,232,232,232,247,260,280,377,377,377,396,410,410,420,79,79,97,112,140,65,82,110,126,126,228,228,78,89,107,127,55,55,55,74,86,86,86,86,113,124,144,144,144,178,33,33,33],"floor_reached":56,"playtime":5214,"items_purged":["Guardian:Repulse","Guardian:RollAttack+1"],"score":1581,"play_id":"6720a10f-1b3c-46b3-b88d-9ad74e0d7e29","local_time":"20201228112826","is_ascension_mode":true,"campfire_choices":[{"data":"Guardian:RollAttack","floor":1.0,"key":"SMITH"},{"floor":18.0,"key":"RECALL"},{"data":"Guardian:BaubleBeam","floor":28,"key":"SMITH"},{"data":"Guardian:PrismaticBarrier","floor":35,"key":"SMITH"},{"data":"Guardian:GemFire","floor":44,"key":"SMITH"},{"data":"Guardian:PrismaticBeam","floor":46,"key":"SMITH"},{"data":"Guardian:EvasiveProtocol","floor":54,"key":"SMITH"}],"circlet_count":0,"master_deck":["Guardian:CurlUp","Guardian:TwinSlam","Guardian:GemFire+1","Guardian:Suspension","Guardian:ChargeUp+1","Guardian:EvasiveProtocol+1","Guardian:ConstructionForm","Guardian:PrismaticBeam+1","Guardian:BaubleBeam+1","Guardian:Reroute+1","Guardian:PrismaticBarrier+1","Guardian:Planning+1","Guardian:Harden+1"],"relics":["Guardian:ModeShifter","Vajra","Odd Mushroom","downfall:ShatteredFragment","Pandora\u0027s Box","Mercury Hourglass","Sundial","downfall:HeartBlessingRed","Ornamental Fan","Busted Crown","downfall:HeartBlessingBlue","downfall:HeartBlessingGreen","Bottled Flame","DollysMirror","Blue Candle","PreservedInsect","Letter Opener"],"acts_visited":["Exordium","TheCity","TheBeyond","TheEnding"],"potions_floor_usage":[30,30,32,43,55,55],"damage_taken":[{"damage":0.0,"enemies":"Jaw Worm","floor":2.0,"turns":3.0},{"damage":0.0,"enemies":"2 Louse","floor":3.0,"turns":2.0},{"damage":0.0,"enemies":"Small Slimes","floor":5.0,"turns":2.0},{"damage":0.0,"enemies":"3 Louse","floor":8.0,"turns":1.0},{"damage":3.0,"enemies":"Exordium Thugs","floor":9.0,"turns":2.0},{"damage":7.0,"enemies":"The Mushroom Lair","floor":10.0,"turns":3.0},{"damage":8.0,"enemies":"Lots of Slimes","floor":13.0,"turns":2.0},{"damage":4.0,"enemies":"3 Louse","floor":14.0,"turns":2.0},{"damage":9.0,"enemies":"Red Slaver","floor":15.0,"turns":2.0},{"damage":10.0,"enemies":"downfall:Defect","floor":16.0,"turns":5.0},{"damage":1.0,"enemies":"Shell Parasite","floor":19.0,"turns":2.0},{"damage":19,"enemies":"Cultist and Chosen","floor":20,"turns":7},{"damage":0,"enemies":"Centurion and Healer","floor":22,"turns":2},{"damage":0,"enemies":"downfall:FleeingMerchant","floor":23,"turns":4},{"damage":0,"enemies":"Snake Plant","floor":25,"turns":2},{"damage":0,"enemies":"3 Cultists","floor":26,"turns":2},{"damage":0,"enemies":"Gremlin Leader","floor":27,"turns":2},{"damage":0,"enemies":"Chosen and Byrds","floor":29,"turns":1},{"damage":0,"enemies":"Slavers","floor":30,"turns":1},{"damage":2,"enemies":"Shelled Parasite and Fungi","floor":31,"turns":3},{"damage":0,"enemies":"Centurion and Healer","floor":32,"turns":1},{"damage":0,"enemies":"downfall:Ironclad","floor":33,"turns":4},{"damage":0,"enemies":"3 Darklings","floor":36,"turns":1},{"damage":2,"enemies":"Orb Walker","floor":37,"turns":2},{"damage":0,"enemies":"Spire Growth","floor":38,"turns":2},{"damage":0,"enemies":"downfall:FleeingMerchant","floor":39,"turns":2},{"damage":0,"enemies":"Sphere and 2 Shapes","floor":42,"turns":1},{"damage":16,"enemies":"4 Shapes","floor":43,"turns":1},{"damage":0,"enemies":"Giant Head","floor":47,"turns":3},{"damage":0,"enemies":"Jaw Worm Horde","floor":48,"turns":1},{"damage":3,"enemies":"Sphere and 2 Shapes","floor":49,"turns":1},{"damage":0,"enemies":"downfall:Watcher","floor":50,"turns":4},{"damage":0,"enemies":"downfall:CharBossMerchant","floor":52,"turns":2},{"damage":54,"enemies":"downfall:NeowBoss","floor":55,"turns":29}],"seed_played":"-3324739536047708288","potions_obtained":[{"floor":3.0,"key":"Regen Potion"},{"floor":5.0,"key":"champ:CounterPotion"},{"floor":9.0,"key":"AttackPotion"},{"floor":14.0,"key":"sneckomod:MuddlingPotion"},{"floor":15.0,"key":"Block Potion"},{"floor":22,"key":"GamblersBrew"},{"floor":25,"key":"Fire Potion"},{"floor":30,"key":"Strength Potion"},{"floor":31,"key":"SmokeBomb"},{"floor":33,"key":"Explosive Potion"},{"floor":37,"key":"Guardian:AcceleratePotion"},{"floor":43,"key":"SteroidPotion"},{"floor":48,"key":"Energy Potion"}],"is_trial":false,"path_per_floor":["R","M","M","?","M","?","T","M","M","?","?","?","M","M","M","B",null,"R","M","M","?","M","$","T","M","M","E","R","M","E","M","M","B",null,"R","M","M","M","$","?","T","M","M","R","$","R","E","M","M","B",null,"E","$","R","B",null],"character_chosen":"GUARDIAN","items_purchased":["Mercury Hourglass","Bottled Flame","DollysMirror","Guardian:Gem_Lightblue"],"campfire_rested":0,"item_purchase_floors":[23,39,39,53],"current_hp_per_floor":[72,72,72,72,72,72,72,72,69,62,69,45,42,38,29,19,72,72,71,52,52,52,52,52,52,52,52,52,52,52,50,50,50,72,82,82,80,80,80,80,80,80,64,64,64,64,64,64,61,61,82,82,82,82,28],"gold":33,"neow_bonus":"TRANSFORM_TWO_CARDS","is_daily":false,"chose_seed":false,"campfire_upgraded":6,"win_rate":0.0,"timestamp":1609172906,"path_taken":["R","M","M","?","M","?","T","M","M","?","?","?","M","M","M","BOSS","R","M","M","?","?","?","T","M","M","E","R","M","E","M","M","BOSS","R","M","M","M","$","?","T","?","M","R","$","R","E","M","M","BOSS","E","$","R","BOSS"],"items_purchased_type":["Relic","Relic","Relic","Card"],"build_version":"2020-12-22","purchased_purges":2,"victory":true,"max_hp_per_floor":[72,72,72,72,72,72,72,72,72,72,72,72,72,72,72,72,72,72,72,72,72,72,72,72,72,72,72,72,72,72,72,72,72,72,82,82,82,82,82,82,82,82,82,82,82,82,82,82,82,82,82,82,82,82,82],"card_choices":[{"not_picked":["Guardian:CrystalBeam","Guardian:ChargeCore"],"picked":"Guardian:Gem_Red","floor":2.0},{"not_picked":["Guardian:CrystalBeam","Guardian:MultiBeam"],"picked":"Guardian:Suspension","floor":3.0},{"not_picked":["Guardian:MultiBeam","Guardian:BaubleBeam"],"picked":"Guardian:ChargeUp","floor":5.0},{"not_picked":["Guardian:Gem_Lightblue","Guardian:TimeCapacitor"],"picked":"Guardian:Gem_Red","floor":8.0},{"not_picked":["Guardian:Suspension","Guardian:Reroute"],"picked":"Guardian:Gem_Crimson","floor":9.0},{"not_picked":["Guardian:Gem_Green","Guardian:SpikerProtocol"],"picked":"Guardian:Gem_Cyan","floor":10.0},{"not_picked":["Guardian:TemporalShield","Guardian:ShieldSpikes"],"picked":"Guardian:EvasiveProtocol","floor":13.0},{"not_picked":["Guardian:ShieldCharger","Guardian:Suspension","Guardian:Reroute"],"picked":"SKIP","floor":14.0},{"not_picked":["Guardian:PolyBeam","Guardian:Reroute"],"picked":"Guardian:Gem_Red","floor":15.0},{"not_picked":["Guardian:FloatingOrbs","Guardian:BronzeArmor"],"picked":"Guardian:Gem_Fragmented","floor":19.0},{"not_picked":["Guardian:TemporalShield+1","Guardian:VentSteam"],"picked":"Guardian:Reroute+1","floor":20},{"not_picked":["Guardian:WalkerClaw","Guardian:ShieldSpikes","Guardian:ChargeCore"],"picked":"SKIP","floor":22},{"not_picked":["Guardian:PiercingHide+1","Guardian:Gem_Yellow","Guardian:TemporalShield"],"picked":"SKIP","floor":23},{"not_picked":["Guardian:Recover+1","Guardian:Reroute"],"picked":"Guardian:PrismaticBarrier","floor":25},{"not_picked":["Guardian:PrismaticBarrier+1","Guardian:EvasiveProtocol+1"],"picked":"Guardian:Gem_Blue","floor":26},{"not_picked":["Guardian:PrimingBeam","Guardian:TemporalStrike","Guardian:VentSteam+1"],"picked":"SKIP","floor":27},{"not_picked":["Guardian:DecasProtection","Guardian:ShieldSpikes+1","Guardian:WalkerClaw+1"],"picked":"SKIP","floor":29},{"not_picked":["Guardian:ShieldSpikes","Guardian:Preprogram","Guardian:DecasProtection"],"picked":"SKIP","floor":30},{"not_picked":["Guardian:PrismaticBeam","Guardian:Incinerate","Guardian:SentryBeam"],"picked":"SKIP","floor":31},{"not_picked":["Guardian:StasisEngine","Guardian:GatlingBeam"],"picked":"Guardian:Gem_Orange","floor":33},{"not_picked":[],"picked":"Guardian:Planning+1","floor":36},{"not_picked":["Guardian:RollAttack"],"picked":"SKIP","floor":37},{"not_picked":["Guardian:PrismaticBeam"],"picked":"SKIP","floor":38},{"not_picked":[],"picked":"Guardian:Harden+1","floor":39},{"not_picked":["Guardian:RefractedBeam"],"picked":"SKIP","floor":42},{"not_picked":[],"picked":"Guardian:Gem_Cyan","floor":43},{"not_picked":["Guardian:Harden"],"picked":"SKIP","floor":47},{"not_picked":["Guardian:Clone"],"picked":"SKIP","floor":48},{"not_picked":["Guardian:GuardianWhirl"],"picked":"SKIP","floor":49},{"not_picked":["Guardian:TemporalStrike"],"picked":"SKIP","floor":52}],"player_experience":186142,"relics_obtained":[{"floor":7.0,"key":"Vajra"},{"floor":10.0,"key":"Odd Mushroom"},{"floor":27,"key":"Sundial"},{"floor":30,"key":"Ornamental Fan"},{"floor":41,"key":"Blue Candle"},{"floor":47,"key":"PreservedInsect"},{"floor":52,"key":"Letter Opener"}],"event_choices":[{"damage_healed":0.0,"max_hp_gain":0.0,"max_hp_loss":0.0,"gold_gain":0.0,"event_name":"Living Wall","player_choice":"Grow","floor":6.0,"gold_loss":0.0,"damage_taken":0.0,"cards_upgraded":["Guardian:ChargeUp"]},{"damage_healed":0.0,"max_hp_gain":0.0,"max_hp_loss":0.0,"gold_gain":0.0,"event_name":"Mushrooms","player_choice":"Fought Mushrooms","floor":10.0,"gold_loss":0.0,"damage_taken":0.0},{"cards_removed":["Guardian:GemFire"],"damage_healed":0,"gold_gain":0,"player_choice":"Purged","damage_taken":0,"max_hp_gain":0,"max_hp_loss":0,"event_name":"Purifier","floor":40,"gold_loss":0}],"is_beta":false,"boss_relics":[{"not_picked":["Astrolabe","aspiration:SecretTechniqueScroll"],"picked":"Pandora\u0027s Box"},{"not_picked":["Fusion Hammer","Cursed Key"],"picked":"Busted Crown"}],"items_purged_floors":[23,53],"is_endless":false,"potions_floor_spawned":[3,5,9,14,15,22,25,30,31,32,33,37,38,43,48],"ascension_level":2}}