{"host":"grli52lbdph2722t","time":1609184796,"event":{"mods":["AchievementEnabler","BaseMod","Downfall","Minty Spire (QoL Compilation)","Quick Restart","StSLib"],"gold_per_floor":[99,163,73,111,122,163,163,188,188,188],"floor_reached":8,"playtime":386,"items_purged":["Regret"],"score":72,"play_id":"6bc1bc66-4c7e-4eae-9ec4-a48dc0c1d5ad","local_time":"20201228204636","is_ascension_mode":true,"campfire_choices":[{"data":"HandOfGreed","floor":1,"key":"SMITH"}],"circlet_count":0,"master_deck":["AscendersBane","champ:Strike","champ:Strike","champ:Strike","champ:Strike","champ:Defend","champ:Defend","champ:Defend","champ:Defend","champ:Execute","champ:Taunt","HandOfGreed+1","champ:TornadoPunch","champ:ArenaPreparation","champ:BerserkersShout","champ:BerserkerStyle","champ:AdrenalArmor"],"relics":["champ:ChampionCrown","Kunai"],"acts_visited":["Exordium"],"potions_floor_usage":[6,8],"damage_taken":[{"damage":16,"enemies":"2 Louse","floor":2,"turns":7},{"damage":18,"enemies":"downfall:FleeingMerchant","floor":3,"turns":4},{"damage":11,"enemies":"Jaw Worm","floor":4,"turns":4},{"damage":15,"enemies":"Cultist","floor":5,"turns":5},{"damage":26,"enemies":"Red Slaver","floor":6,"turns":2},{"damage":50,"enemies":"3 Sentries","floor":8,"turns":6}],"seed_played":"1846972115592084130","potions_obtained":[{"floor":2,"key":"champ:UltimateStancePotion"},{"floor":4,"key":"Fire Potion"},{"floor":5,"key":"SteroidPotion"}],"is_trial":false,"path_per_floor":["R","M","$","M","M","M","T","E"],"character_chosen":"THE_CHAMP","items_purchased":[],"campfire_rested":0,"item_purchase_floors":[],"current_hp_per_floor":[81,65,57,56,51,42,42,0,0,0],"gold":188,"neow_bonus":"RANDOM_COLORLESS_2","is_daily":false,"chose_seed":false,"campfire_upgraded":1,"win_rate":0.0,"timestamp":1609184796,"path_taken":["R","M","$","M","M","M","T","E"],"items_purchased_type":[],"build_version":"2020-12-22","purchased_purges":1,"victory":false,"max_hp_per_floor":[90,90,90,90,90,90,90,90,90,90],"card_choices":[{"not_picked":["Thinking Ahead","Sadistic Nature"],"picked":"HandOfGreed","floor":0},{"not_picked":["champ:Circumvent","champ:PerfectedStrike"],"picked":"champ:TornadoPunch","floor":2},{"not_picked":["champ:BringItOn","champ:GutPunch"],"picked":"champ:ArenaPreparation","floor":3},{"not_picked":["champ:PerfectedStrike","champ:EnragedBash"],"picked":"champ:BerserkersShout","floor":4},{"not_picked":["champ:SkillfulDodge","champ:Riposte"],"picked":"champ:BerserkerStyle","floor":5},{"not_picked":["champ:FanOfKnives","champ:SkillfulDodge"],"picked":"champ:AdrenalArmor","floor":6}],"player_experience":4897303,"relics_obtained":[{"floor":7,"key":"Kunai"}],"event_choices":[],"is_beta":false,"boss_relics":[],"items_purged_floors":[3],"is_endless":false,"potions_floor_spawned":[2,4,5],"killed_by":"3 Sentries","ascension_level":10}}