{"host":"qxeepl7ydvsgmfdb","time":1609172825,"event":{"mods":["AchievementEnabler","BaseMod","Colored Powertips","Minty Spire (QoL Compilation)","Quick Restart","slay the spire mod where everything is the same but ironclad has a cowboy hat"],"gold_per_floor":[111,31,31,31,31,31,88,88,114,65,103,103,144,45,45,170,170,194,194,194,214,235,235,249,268,268,143,162,162,187,202,202,202,202],"floor_reached":33,"playtime":1010,"items_purged":["Writhe"],"score":348,"play_id":"b0952271-8e98-4015-a8d8-8642662524b7","local_time":"20201228112705","is_ascension_mode":true,"campfire_choices":[{"floor":6.0,"key":"REST"},{"data":"Backstab","floor":8.0,"key":"SMITH"},{"data":"Dagger Spray","floor":12.0,"key":"SMITH"},{"data":"1","floor":15.0,"key":"LIFT"},{"floor":23.0,"key":"REST"},{"floor":29,"key":"REST"},{"floor":32,"key":"REST"}],"circlet_count":0,"master_deck":["Strike_G","Strike_G","Strike_G+1","Strike_G","Strike_G+1","Defend_G","Defend_G","Defend_G","Defend_G","Defend_G","Survivor","Neutralize","Backstab+1","Dagger Spray+1","Footwork","PiercingWail","Poisoned Stab","After Image","Slice","Backstab+1","Deadly Poison","Sucker Punch+1","Slice","Adrenaline"],"relics":["Ring of the Snake","NeowsBlessing","Golden Idol","Regal Pillow","Odd Mushroom","Girya","SacredBark","Turnip","Gremlin Horn"],"acts_visited":["Exordium","TheCity"],"potions_floor_usage":[25,28],"damage_taken":[{"damage":0.0,"enemies":"Small Slimes","floor":1.0,"turns":1.0},{"damage":0.0,"enemies":"The Mushroom Lair","floor":11.0,"turns":1.0},{"damage":0.0,"enemies":"Lagavulin","floor":13.0,"turns":1.0},{"damage":46.0,"enemies":"The Guardian","floor":16.0,"turns":21.0},{"damage":29.0,"enemies":"2 Thieves","floor":18.0,"turns":4.0},{"damage":4.0,"enemies":"Chosen","floor":21.0,"turns":5.0},{"damage":19.0,"enemies":"Snecko","floor":22.0,"turns":4.0},{"damage":1.0,"enemies":"Snake Plant","floor":24.0,"turns":5.0},{"damage":14,"enemies":"Cultist and Chosen","floor":25,"turns":7},{"damage":0,"enemies":"3 Cultists","floor":28,"turns":3},{"damage":22,"enemies":"Centurion and Healer","floor":30,"turns":6},{"damage":10,"enemies":"Snecko","floor":31,"turns":5},{"damage":64,"enemies":"Automaton","floor":33,"turns":8}],"seed_played":"-6562755515226385532","potions_obtained":[{"floor":13.0,"key":"Explosive Potion"},{"floor":18.0,"key":"Fire Potion"},{"floor":24.0,"key":"Weak Potion"}],"is_trial":false,"path_per_floor":["M","$","?","?","$","R","?","R","T","$","?","R","E","$","R","B",null,"M","?","?","M","M","R","M","M","T","$","M","R","M","M","R","B"],"character_chosen":"THE_SILENT","items_purchased":["Backstab","Dagger Spray","Poisoned Stab","Weak Potion","Explosive Potion"],"campfire_rested":4,"item_purchase_floors":[2,10,14,14,27],"current_hp_per_floor":[63,63,46,32,32,53,53,53,53,53,53,53,53,53,53,7,54,25,25,25,21,2,38,37,23,23,23,23,59,37,27,63,0,0],"gold":202,"neow_bonus":"THREE_ENEMY_KILL","is_daily":false,"chose_seed":false,"campfire_upgraded":2,"win_rate":0.0,"timestamp":1609172825,"path_taken":["M","$","?","?","$","R","?","R","T","$","?","R","E","?","R","BOSS","M","?","?","?","M","R","M","M","T","$","M","R","M","M","R","BOSS"],"items_purchased_type":["Card","Card","Card","Potion","Potion"],"build_version":"2020-12-22","purchased_purges":1,"victory":false,"max_hp_per_floor":[70,70,70,70,70,70,70,70,70,70,70,70,70,70,70,70,70,70,70,70,70,70,70,70,70,70,70,70,70,70,70,70,70,70],"card_choices":[{"not_picked":["Dodge and Roll","Riddle With Holes","Endless Agony"],"picked":"SKIP","floor":1.0},{"not_picked":["All Out Attack","Concentrate"],"picked":"Footwork","floor":11.0},{"not_picked":["Riddle With Holes","Blur"],"picked":"PiercingWail","floor":13.0},{"not_picked":["Venomology","Burst"],"picked":"After Image","floor":16.0},{"not_picked":["Bane","Eviscerate"],"picked":"Slice","floor":18.0},{"not_picked":["Finisher","Masterful Stab+1"],"picked":"Deadly Poison","floor":21.0},{"not_picked":["Quick Slash","Flying Knee"],"picked":"Sucker Punch+1","floor":22.0},{"not_picked":["Quick Slash","Flying Knee","Flechettes+1"],"picked":"SKIP","floor":24.0},{"not_picked":["PiercingWail","Outmaneuver+1"],"picked":"Slice","floor":25},{"not_picked":["Infinite Blades","Escape Plan","Dagger Spray"],"picked":"SKIP","floor":28},{"not_picked":["Underhanded Strike","Terror+1"],"picked":"Adrenaline","floor":30},{"not_picked":["Outmaneuver","Bane","Dagger Spray+1"],"picked":"SKIP","floor":31}],"player_experience":415780,"relics_obtained":[{"floor":9.0,"key":"Regal Pillow"},{"floor":11.0,"key":"Odd Mushroom"},{"floor":13.0,"key":"Girya"},{"floor":26,"key":"Gremlin Horn"}],"event_choices":[{"damage_healed":0.0,"max_hp_gain":0.0,"max_hp_loss":0.0,"gold_gain":0.0,"event_name":"Golden Idol","player_choice":"Take Damage","floor":3.0,"gold_loss":0.0,"damage_taken":17.0,"relics_obtained":["Golden Idol"]},{"damage_healed":0.0,"max_hp_gain":0.0,"max_hp_loss":0.0,"gold_gain":0.0,"event_name":"Shining Light","player_choice":"Entered Light","floor":4.0,"gold_loss":0.0,"damage_taken":14.0,"cards_upgraded":["Strike_G","Strike_G"]},{"damage_healed":0.0,"max_hp_gain":0.0,"max_hp_loss":0.0,"gold_gain":57.0,"event_name":"Golden Wing","player_choice":"Gained Gold","floor":7.0,"gold_loss":0.0,"damage_taken":0.0},{"damage_healed":0.0,"max_hp_gain":0.0,"max_hp_loss":0.0,"gold_gain":0.0,"event_name":"Mushrooms","player_choice":"Fought Mushrooms","floor":11.0,"gold_loss":0.0,"damage_taken":0.0},{"damage_healed":0.0,"max_hp_gain":0.0,"max_hp_loss":0.0,"gold_gain":0.0,"event_name":"The Mausoleum","player_choice":"Opened","floor":19.0,"gold_loss":0.0,"damage_taken":0.0,"relics_obtained":["Turnip"],"cards_obtained":["Writhe"]},{"damage_healed":0.0,"max_hp_gain":0.0,"max_hp_loss":0.0,"gold_gain":0.0,"event_name":"Duplicator","player_choice":"Copied","floor":20.0,"gold_loss":0.0,"damage_taken":0.0,"cards_obtained":["Backstab"]}],"is_beta":false,"boss_relics":[{"not_picked":["Runic Dome","Cursed Key"],"picked":"SacredBark"}],"items_purged_floors":[27],"is_endless":false,"potions_floor_spawned":[13,18,24],"killed_by":"Automaton","ascension_level":6}}