{"host":"wfy07lporsqrbz3r","time":1609163942,"event":{"mods":["BaseMod","Minty Spire (QoL Compilation)","Replay The Spire","StSLib"],"gold_per_floor":[119,69,69,144,156,189,189,205,260,289,289,62,95,116,116,220,220,234,144,144,170,50,50,78,91,91,91,91,91,91,123,123,230,230,251,270,270,270,34,34,66,66,148,148,164,180,208,227,227,229,229],"floor_reached":50,"playtime":1691,"items_purged":["Strike_B","Pain"],"score":767,"play_id":"9ffb71a1-bcce-4127-a8c7-05b43be3c2a0","local_time":"20201228215902","is_ascension_mode":true,"campfire_choices":[{"data":"Zap","floor":7.0,"key":"SMITH"},{"data":"White Noise","floor":11.0,"key":"SMITH"},{"data":"Defragment","floor":23.0,"key":"SMITH"},{"data":"Buffer","floor":27.0,"key":"SMITH"},{"floor":29.0,"key":"REST"},{"floor":32.0,"key":"REST"},{"floor":40.0,"key":"DIG"},{"floor":42.0,"key":"DIG"},{"floor":44.0,"key":"DIG"},{"data":"Biased Cognition","floor":49,"key":"SMITH"}],"circlet_count":0,"master_deck":["Defend_B","Zap+1","Dualcast","Ball Lightning","Sweeping Beam+1","Tempest","White Noise+1","Self Repair+1","Buffer+1","Recycle+1","Turbo+1","Electrodynamics+1","Stack+1","Skim+1","White Noise+1","Defragment+1","Biased Cognition+1","Machine Learning"],"relics":["Cracked Core","NeowsBlessing","Blue Doll","Replay:Bandana","Cables","Bag of Marbles","Tiny Chest","Astrolabe","Replay:Bottled Steam","Shovel","Pear","Emotion Chip","Busted Crown","ReplayTheSpireMod:CursedCoin","Calipers","Toy Ornithopter","Mango","Bronze Scales","Singing Bowl","Oddly Smooth Stone","HornCleat"],"acts_visited":["Exordium","TheCity","TheBeyond"],"potions_floor_usage":[50,50,50],"damage_taken":[{"damage":0.0,"enemies":"Jaw Worm","floor":1.0,"turns":1.0},{"damage":0.0,"enemies":"Small Slimes","floor":5.0,"turns":1.0},{"damage":0.0,"enemies":"Lagavulin","floor":6.0,"turns":1.0},{"damage":0.0,"enemies":"Cultist","floor":8.0,"turns":3.0},{"damage":0.0,"enemies":"3 Sentries","floor":10.0,"turns":2.0},{"damage":16.0,"enemies":"Gremlin Nob","floor":13.0,"turns":3.0},{"damage":7.0,"enemies":"2 Fungi Beasts","floor":14.0,"turns":2.0},{"damage":48.0,"enemies":"The Guardian","floor":16.0,"turns":9.0},{"damage":0.0,"enemies":"Spheric Guardian","floor":18.0,"turns":3.0},{"damage":12.0,"enemies":"Chosen","floor":21.0,"turns":4.0},{"damage":43.0,"enemies":"Book of Stabbing","floor":24.0,"turns":6.0},{"damage":10.0,"enemies":"Snecko","floor":25.0,"turns":4.0},{"damage":34.0,"enemies":"Slavers","floor":31.0,"turns":4.0},{"damage":19.0,"enemies":"Automaton","floor":33.0,"turns":5.0},{"damage":9.0,"enemies":"3 Darklings","floor":35.0,"turns":2.0},{"damage":8.0,"enemies":"3 Shapes","floor":36.0,"turns":2.0},{"damage":0.0,"enemies":"R_Hoarder","floor":41.0,"turns":6.0},{"damage":0.0,"enemies":"Transient","floor":45.0,"turns":5.0},{"damage":0.0,"enemies":"Maw","floor":46.0,"turns":5.0},{"damage":13.0,"enemies":"Giant Head","floor":47.0,"turns":6.0},{"damage":25.0,"enemies":"3 Darklings","floor":48.0,"turns":3.0},{"damage":120,"enemies":"Awakened One","floor":50,"turns":7}],"seed_played":"6304363199878363065","potions_obtained":[{"floor":5.0,"key":"Languid Potion"},{"floor":6.0,"key":"Elixir"},{"floor":14.0,"key":"Strength Potion"},{"floor":24.0,"key":"Toxic Potion"},{"floor":31.0,"key":"GamblersBrew"},{"floor":45.0,"key":"GamblersBrew"}],"is_trial":false,"path_per_floor":["M","?","?","?","M","E","R","M","T","E","R","$","E","M","R","B",null,"M","?","$","M","$","R","E","M","T","R","?","R","T","E","R","B",null,"M","M","?","?","$","R","E","R","T","R","M","M","E","M","R","B"],"character_chosen":"DEFECT","items_purchased":["Bag of Marbles","White Noise+1","Defragment","ReplayTheSpireMod:CursedCoin","Calipers"],"campfire_rested":2,"item_purchase_floors":[12,22,22,39,39],"current_hp_per_floor":[75,75,75,64,64,64,64,64,64,64,64,64,48,41,63,25,75,75,75,75,73,73,73,40,40,40,40,40,62,72,48,73,64,85,76,68,68,68,68,68,92,92,92,92,101,103,102,89,89,0,0],"gold":229,"neow_bonus":"THREE_ENEMY_KILL","is_daily":false,"chose_seed":false,"campfire_upgraded":5,"win_rate":0.0,"timestamp":1609163942,"path_taken":["M","?","?","?","M","E","R","M","T","E","R","?","E","M","R","BOSS","M","?","$","M","?","R","E","M","T","R","?","R","?","E","R","BOSS","M","M","?","?","$","R","E","R","T","R","M","M","E","M","R","BOSS"],"items_purchased_type":["Relic","Card","Card","Relic","Relic"],"build_version":"2020-12-22","purchased_purges":2,"victory":false,"max_hp_per_floor":[75,75,75,75,75,75,75,75,75,75,75,75,75,75,75,75,75,75,75,75,75,75,75,75,75,75,75,75,75,85,85,85,85,85,85,85,85,85,85,85,99,99,99,99,101,103,105,107,107,107,107],"card_choices":[{"not_picked":["Steam","Compile Driver"],"picked":"Ball Lightning","floor":1.0},{"not_picked":["Panic Button","Recycle"],"picked":"Sweeping Beam","floor":5.0},{"not_picked":["All For One","Turbo"],"picked":"Tempest","floor":6.0},{"not_picked":["Cold Snap","Stack"],"picked":"White Noise","floor":8.0},{"not_picked":["Lockon","Stack","Beam Cell"],"picked":"SKIP","floor":10.0},{"not_picked":["Doom and Gloom","Multi-Cast","Cold Snap"],"picked":"SKIP","floor":13.0},{"not_picked":["Stack","Redo"],"picked":"Self Repair","floor":14.0},{"not_picked":["Machine Learning","ReplayRNGCard"],"picked":"Buffer","floor":16.0},{"not_picked":["Rebound","Reinforced Body"],"picked":"Stack+1","floor":18.0},{"not_picked":["Conserve Battery","Turbo"],"picked":"Skim+1","floor":21.0},{"not_picked":["Force Field","Lockon+1","Chaos"],"picked":"SKIP","floor":24.0},{"not_picked":["Blizzard","Aggregate+1","Melter"],"picked":"SKIP","floor":25.0},{"not_picked":["Conserve Battery","Thunder Strike"],"picked":"Biased Cognition","floor":31.0},{"not_picked":["Reboot","All For One"],"picked":"Machine Learning","floor":33.0},{"not_picked":["Cold Snap+1"],"picked":"SKIP","floor":35.0},{"not_picked":["Blizzard"],"picked":"SKIP","floor":36.0},{"not_picked":["Reprogram+1"],"picked":"SKIP","floor":41.0},{"not_picked":["Stack"],"picked":"Singing Bowl","floor":45.0},{"not_picked":["Doom and Gloom"],"picked":"Singing Bowl","floor":46.0},{"not_picked":["Turbo+1"],"picked":"Singing Bowl","floor":47.0},{"not_picked":["Tempest+1"],"picked":"Singing Bowl","floor":48.0}],"player_experience":755832,"relics_obtained":[{"floor":6.0,"key":"Blue Doll"},{"floor":9.0,"key":"Replay:Bandana"},{"floor":10.0,"key":"Cables"},{"floor":13.0,"key":"Tiny Chest"},{"floor":24.0,"key":"Replay:Bottled Steam"},{"floor":26.0,"key":"Shovel"},{"floor":30.0,"key":"Pear"},{"floor":31.0,"key":"Emotion Chip"},{"floor":40.0,"key":"Toy Ornithopter"},{"floor":41.0,"key":"Mango"},{"floor":42.0,"key":"Bronze Scales"},{"floor":43.0,"key":"Singing Bowl"},{"floor":44.0,"key":"Oddly Smooth Stone"},{"floor":47.0,"key":"HornCleat"}],"event_choices":[{"cards_removed":["Strike_B"],"damage_healed":0.0,"max_hp_gain":0.0,"max_hp_loss":0.0,"gold_gain":0.0,"event_name":"The Cleric","player_choice":"Card Removal","floor":2.0,"gold_loss":50.0,"damage_taken":0.0},{"damage_healed":0.0,"max_hp_gain":0.0,"max_hp_loss":0.0,"gold_gain":75.0,"event_name":"World of Goop","player_choice":"Gather Gold","floor":4.0,"gold_loss":0.0,"damage_taken":11.0},{"cards_removed":["Defend_B"],"damage_healed":0.0,"max_hp_gain":0.0,"max_hp_loss":0.0,"gold_gain":0.0,"event_name":"Designer","player_choice":"Upgrade and Remove","floor":19.0,"gold_loss":90.0,"damage_taken":0.0,"cards_upgraded":["Sweeping Beam"]},{"damage_healed":0.0,"max_hp_gain":0.0,"max_hp_loss":0.0,"gold_gain":0.0,"event_name":"Ghosts","player_choice":"Ignored","floor":28.0,"gold_loss":0.0,"damage_taken":0.0},{"damage_healed":0.0,"max_hp_gain":0.0,"max_hp_loss":0.0,"gold_gain":0.0,"event_name":"SensoryStone","player_choice":"Memory 1","floor":37.0,"gold_loss":0.0,"damage_taken":0.0}],"is_beta":false,"boss_relics":[{"not_picked":["Empty Cage","Tiny House"],"picked":"Astrolabe"},{"not_picked":["Kintsugi","Runic Dome"],"picked":"Busted Crown"}],"items_purged_floors":[12,39],"is_endless":false,"potions_floor_spawned":[5,6,14,21,24,31,45,47],"killed_by":"Awakened One","ascension_level":2}}