{"host":"qc1sjgtdjonvdsd8","time":1609137946,"event":{"mods":["BaseMod","Colored Map","Colored Powertips","Curses Come First","Minty Spire (QoL Compilation)","Replay The Spire","StSLib","The Necromancer"],"gold_per_floor":[110,110,126,140,65,65,120,153,199,1,1,31,48,66,66,164,164,176,176,176,176,196,196,229,242,242,117,136,136,146,146,146,247,247,266,266,146,169,182,209,69,69,69,69,103,116,136,146,146,146,146],"floor_reached":50,"playtime":4745,"items_purged":["Strike_W","Defend_W","Spreading Infection","Decay","Bones_to_Steel+1"],"score":705,"play_id":"5467b78b-b24e-409f-9812-a5d2035b308f","local_time":"20201227224546","is_ascension_mode":false,"campfire_choices":[{"data":"Bone_Wall","floor":6,"key":"SMITH"},{"floor":11,"key":"REST"},{"floor":15,"key":"REST"},{"data":"Blood_Wake","floor":23,"key":"SMITH"},{"floor":29,"key":"RECALL"},{"data":"Bone_Armory","floor":32,"key":"SMITH"},{"data":"Summon_Vampire_Lady","floor":42,"key":"SMITH"},{"floor":44,"key":"REST"},{"floor":49,"key":"REST"}],"circlet_count":0,"master_deck":["Negative_Energy_Arrows","Bone_Wall+1","Whirlwind_of_Bones","Negative_Energy_Burst+1","Negative_Energy_Sphere","Negative_Energy_Shield","Negative_Energy_Javelin","Bone_Armory","Bone_Armory+1","Bone_Shift+1","Blood_Shield+1","Negative_Energy_Sphere+1","Blood_Wake+1","Bone_Bullets+1","Detonate_Bones+1","Summon_Death_Knight+1","Bone_Armor+1","Blood_Is_Power+1","Finger_Of_Death","Life_Tap+1","Summon_Vampire_Lady+1","CurseOfTheBell","Bone_Prison+1","Consume_Illness+1","Negative_Energy_Javelin","Scare+1","Blood_Curse+1","Stop_Heart+1","Necromantic_Selection+1"],"relics":["Vampire_Amulet","Bag of Preparation","Toxic Egg 2","Omamori","Strawberry","Astrolabe","Replay:PocketPolymizer","Replay:Rubber Ducky","WarpedTongs","Akabeko","Happy Flower","Calling Bell","Gremlin Food","The Courier","Pondfish Scales","Bag of Marbles","PreservedInsect","Blue Doll"],"acts_visited":["Exordium","TheCity","TheBeyond"],"potions_floor_usage":[7,16,28,33,35,48,50],"damage_taken":[{"damage":0,"enemies":"2 Louse","floor":1,"turns":3},{"damage":8,"enemies":"Jaw Worm","floor":3,"turns":5},{"damage":0,"enemies":"Small Slimes","floor":4,"turns":3},{"damage":33,"enemies":"Gremlin Nob","floor":7,"turns":6},{"damage":20,"enemies":"Replay:BlueRogue","floor":8,"turns":8},{"damage":20,"enemies":"3 Sentries","floor":12,"turns":6},{"damage":8,"enemies":"Blue Slaver","floor":13,"turns":3},{"damage":1,"enemies":"3 Louse","floor":14,"turns":2},{"damage":22,"enemies":"Slime Boss","floor":16,"turns":7},{"damage":1,"enemies":"Chosen","floor":18,"turns":6},{"damage":12,"enemies":"Shell Parasite","floor":22,"turns":7},{"damage":2,"enemies":"Replay:Snechameleon","floor":24,"turns":7},{"damage":1,"enemies":"Chosen and Byrds","floor":25,"turns":5},{"damage":8,"enemies":"Centurion and Healer","floor":28,"turns":7},{"damage":1,"enemies":"Cultist and Chosen","floor":30,"turns":5},{"damage":18,"enemies":"Pondfish","floor":33,"turns":9},{"damage":1,"enemies":"Orb Walker","floor":35,"turns":4},{"damage":17,"enemies":"3 Darklings","floor":39,"turns":6},{"damage":19,"enemies":"Nemesis","floor":40,"turns":8},{"damage":14,"enemies":"Giant Head","floor":45,"turns":8},{"damage":18,"enemies":"Transient","floor":46,"turns":5},{"damage":13,"enemies":"Sphere and 2 Shapes","floor":47,"turns":3},{"damage":13,"enemies":"4 Shapes","floor":48,"turns":4},{"damage":109,"enemies":"Donu and Deca","floor":50,"turns":7}],"seed_played":"-2185489479691429942","potions_obtained":[{"floor":1,"key":"Energy Potion"},{"floor":4,"key":"FearPotion"},{"floor":8,"key":"Adrenaline Potion"},{"floor":14,"key":"Strength Potion"},{"floor":22,"key":"Regen Potion"},{"floor":30,"key":"Fire Potion"},{"floor":40,"key":"Cursed Concoction"},{"floor":46,"key":"SkillPotion"},{"floor":48,"key":"Explosive Potion"}],"is_trial":false,"path_per_floor":["M","?","M","M","$","R","?","E","T","$","R","E","M","M","R","B",null,"M","?","?","?","M","R","E","M","T","$","M","R","M","?","R","B",null,"M","?","$","T","M","E","$","R","T","R","E","M","M","M","R","B"],"character_chosen":"NECROMANCER","items_purchased":["Negative_Energy_Javelin","Bone_Armory"],"campfire_rested":4,"item_purchase_floors":[10,10],"current_hp_per_floor":[75,60,54,58,58,58,27,9,9,9,31,24,18,23,47,29,82,82,82,82,82,72,72,72,75,75,75,71,71,74,74,74,75,82,82,82,82,82,67,65,65,65,65,82,76,74,70,68,82,0,0],"gold":146,"neow_bonus":"TRANSFORM_CARD","is_daily":false,"chose_seed":false,"campfire_upgraded":4,"win_rate":0.0,"timestamp":1609137946,"path_taken":["M","?","M","M","$","R","?","E","T","$","R","E","M","M","R","BOSS","M","?","?","?","M","R","E","?","T","$","M","R","M","?","R","BOSS","M","?","?","?","?","E","$","R","T","R","E","M","M","M","R","BOSS"],"items_purchased_type":["Card","Card"],"build_version":"2020-12-22","purchased_purges":5,"victory":false,"max_hp_per_floor":[75,75,75,75,75,75,75,75,75,75,75,82,82,82,82,82,82,82,82,82,82,82,82,82,82,82,82,82,82,82,82,82,82,82,82,82,82,82,82,82,82,82,82,82,82,82,82,82,82,82,82],"card_choices":[{"not_picked":["Bone_Armory","Shackles_Of_Pain"],"picked":"Whirlwind_of_Bones","floor":1},{"not_picked":["Plague_Bolt","Blood_Shield"],"picked":"Negative_Energy_Burst","floor":3},{"not_picked":["Plague_Bolt","Chill_Blood"],"picked":"Negative_Energy_Sphere","floor":4},{"not_picked":["Blood_Whip","Flesh_Made_Foul"],"picked":"Negative_Energy_Shield","floor":7},{"not_picked":["Blood_Whip","Negative_Energy_Bomb","Blood_for_Blood"],"picked":"SKIP","floor":8},{"not_picked":["Flesh_Made_Foul","Negative_Energy_Javelin"],"picked":"Bone_Shift+1","floor":12},{"not_picked":["Pandemic+1","Summon_Undead_Army"],"picked":"Blood_Shield+1","floor":13},{"not_picked":["Blood_Whip","Requiem"],"picked":"Negative_Energy_Sphere","floor":14},{"not_picked":["Reap_The_Weak","Hellfire"],"picked":"Blood_Wake","floor":16},{"not_picked":["Uncharnel+1","Negative_Energy_Mist+1"],"picked":"Bones_to_Steel+1","floor":18},{"not_picked":["Shackles_Of_Pain+1","Corrupt+1"],"picked":"Bone_Armor+1","floor":22},{"not_picked":["Negative_Energy_Shield+1","Cloudkill+1"],"picked":"Blood_Is_Power+1","floor":24},{"not_picked":["Vampiric_Strike","Toxic_Smoke_Screen+1","Death_Coil"],"picked":"SKIP","floor":25},{"not_picked":["Pandemic+1","Negative_Energy_Javelin","Negative_Energy_Sphere"],"picked":"SKIP","floor":28},{"not_picked":["Vampiric_Strike+1","Bone_Spikes+1"],"picked":"Summon_Lich","floor":30},{"not_picked":["Negative_Energy_Bomb","Summon_Death_Knight"],"picked":"Summon_Vampire_Lady","floor":33},{"not_picked":["Shackles_Of_Pain+1","Corrupt+1","Summon_Undead_Army"],"picked":"SKIP","floor":35},{"not_picked":["Bone_Bullets+1","Shackles_Of_Pain+1"],"picked":"Bone_Prison+1","floor":39},{"not_picked":["Negative_Energy_Shield+1","Life_Drain"],"picked":"Consume_Illness+1","floor":40},{"not_picked":["Negative_Energy_Shield+1","Negative_Energy_Burst","Reap_The_Weak"],"picked":"SKIP","floor":45},{"not_picked":["Negative_Energy_Javelin","Bone_Bullets"],"picked":"Scare+1","floor":46},{"not_picked":["Scare+1","Chill_Blood+1"],"picked":"Blood_Curse+1","floor":47},{"not_picked":["Negative_Energy_Mist+1","Negative_Energy_Javelin"],"picked":"Stop_Heart+1","floor":48}],"player_experience":183712,"relics_obtained":[{"floor":7,"key":"Bag of Preparation"},{"floor":8,"key":"Toxic Egg 2"},{"floor":9,"key":"Omamori"},{"floor":12,"key":"Strawberry"},{"floor":24,"key":"Akabeko"},{"floor":26,"key":"Happy Flower"},{"floor":34,"key":"Gremlin Food"},{"floor":34,"key":"The Courier"},{"floor":34,"key":"Pondfish Scales"},{"floor":40,"key":"Bag of Marbles"},{"floor":43,"key":"PreservedInsect"},{"floor":45,"key":"Blue Doll"}],"event_choices":[{"damage_healed":0,"gold_gain":0,"player_choice":"Entered Light","damage_taken":15,"max_hp_gain":0,"max_hp_loss":0,"event_name":"Shining Light","floor":2,"gold_loss":0,"cards_upgraded":["Defend_W","Strike_W"]},{"damage_healed":0,"gold_gain":0,"player_choice":"Searched \u00271\u0027 times","damage_taken":0,"max_hp_gain":0,"max_hp_loss":0,"event_name":"Dead Adventurer","floor":7,"gold_loss":0},{"damage_healed":0,"gold_gain":0,"player_choice":"Stole Relic","damage_taken":0,"relics_obtained":["Replay:PocketPolymizer"],"max_hp_gain":0,"max_hp_loss":0,"event_name":"Addict","floor":19,"gold_loss":0,"cards_obtained":["Shame"]},{"damage_healed":0,"gold_gain":0,"player_choice":"Opened","damage_taken":0,"relics_obtained":["Replay:Rubber Ducky"],"max_hp_gain":0,"max_hp_loss":0,"event_name":"The Mausoleum","floor":20,"gold_loss":0,"cards_obtained":["Writhe"]},{"damage_healed":0,"gold_gain":0,"player_choice":"Rummage","damage_taken":0,"relics_obtained":["WarpedTongs"],"max_hp_gain":0,"max_hp_loss":0,"event_name":"Accursed Blacksmith","floor":21,"gold_loss":0,"cards_obtained":["Pain"]},{"damage_healed":0,"gold_gain":0,"player_choice":"Ignored","damage_taken":0,"max_hp_gain":0,"max_hp_loss":0,"event_name":"Vampires","floor":31,"gold_loss":0},{"damage_healed":0,"gold_gain":0,"player_choice":"Cursed","damage_taken":0,"max_hp_gain":0,"max_hp_loss":0,"event_name":"Wheel of Change","floor":36,"gold_loss":0,"cards_obtained":["Decay"]}],"is_beta":false,"boss_relics":[{"not_picked":["Replay:Bronze Core","Philosopher\u0027s Stone"],"picked":"Astrolabe"},{"not_picked":["Runic Pyramid","ReplayTheSpireMod:DimensionalGlitch"],"picked":"Calling Bell"}],"items_purged_floors":[5,10,27,37,41],"is_endless":false,"potions_floor_spawned":[1,4,8,14,22,25,30,40,46,48],"killed_by":"Donu and Deca","ascension_level":0}}