{"host":"2nzy6rv16qd8ry46","time":1609124181,"event":{"mods":["AchievementEnabler","BaseMod","Colored Map","Colored Powertips","Googly Eyes","Minty Spire (QoL Compilation)","StSLib","The IronCluck"],"gold_per_floor":[113,288,288,288,122,122,47,60,86,86,119,144,160,178,178,299,299,320,334,349,134,152,152,176,176,176,176,176,176,190,205,205,308,308,321,321,371,383,383,383,396,396,396,396,396,18,71,102,102,102],"floor_reached":51,"playtime":4359,"items_purged":["Clumsy","Expertise","Strike_G"],"score":790,"play_id":"38ef554d-6905-4bbc-949c-ee78d59c6a76","local_time":"20201228025621","is_ascension_mode":false,"campfire_choices":[{"data":"Apotheosis","floor":6,"key":"SMITH"},{"floor":10,"key":"REST"},{"data":"Crippling Poison","floor":15,"key":"SMITH"},{"data":"Calculated Gamble","floor":23,"key":"SMITH"},{"data":"Footwork","floor":29,"key":"SMITH"},{"data":"Calculated Gamble","floor":32,"key":"SMITH"},{"data":"Adrenaline","floor":40,"key":"SMITH"},{"floor":45,"key":"DIG"},{"floor":49,"key":"DIG"}],"circlet_count":0,"master_deck":["Defend_G","Defend_G","Defend_G","Defend_G","Defend_G","Survivor","Neutralize","Blade Dance","Calculated Gamble+1","Backflip","Apotheosis+1","Noxious Fumes","Crippling Poison+1","Footwork+1","Bouncing Flask+1","Noxious Fumes","Crippling Poison","Deadly Poison","Calculated Gamble+1","Crippling Poison","Adrenaline+1","Noxious Fumes","Calculated Gamble+1","Burst","Deep Breath","Madness","Madness","Backflip+1","Tactician"],"relics":["Ring of the Snake","Bloody Idol","Lantern","Odd Mushroom","Runic Pyramid","Eternal Feather","WristBlade","Thread and Needle","Shovel","Tingsha","Letter Opener","Prayer Wheel","Potion Belt","Bottled Lightning"],"acts_visited":["Exordium","TheCity","TheBeyond"],"potions_floor_usage":[11,16,16,33,33,37,47],"damage_taken":[{"damage":1,"enemies":"Jaw Worm","floor":1,"turns":5},{"damage":2,"enemies":"Small Slimes","floor":8,"turns":3},{"damage":4,"enemies":"The Mushroom Lair","floor":11,"turns":4},{"damage":0,"enemies":"2 Louse","floor":12,"turns":3},{"damage":0,"enemies":"Blue Slaver","floor":13,"turns":4},{"damage":0,"enemies":"Lots of Slimes","floor":14,"turns":4},{"damage":0,"enemies":"Hexaghost","floor":16,"turns":7},{"damage":0,"enemies":"Shell Parasite","floor":18,"turns":5},{"damage":0,"enemies":"3 Byrds","floor":19,"turns":4},{"damage":0,"enemies":"Snecko","floor":20,"turns":6},{"damage":2,"enemies":"Centurion and Healer","floor":22,"turns":6},{"damage":6,"enemies":"Sentry and Sphere","floor":24,"turns":5},{"damage":0,"enemies":"Snecko","floor":30,"turns":5},{"damage":7,"enemies":"Centurion and Healer","floor":31,"turns":6},{"damage":21,"enemies":"Automaton","floor":33,"turns":9},{"damage":5,"enemies":"3 Darklings","floor":35,"turns":6},{"damage":13,"enemies":"Mind Bloom Boss Battle","floor":37,"turns":7},{"damage":0,"enemies":"3 Shapes","floor":38,"turns":4},{"damage":0,"enemies":"Sphere and 2 Shapes","floor":41,"turns":6},{"damage":0,"enemies":"2 Orb Walkers","floor":47,"turns":3},{"damage":0,"enemies":"Nemesis","floor":48,"turns":5},{"damage":0,"enemies":"Donu and Deca","floor":50,"turns":6}],"seed_played":"4987598357434444858","potions_obtained":[{"floor":1,"key":"PowerPotion"},{"floor":8,"key":"CultistPotion"},{"floor":11,"key":"Poison Potion"},{"floor":16,"key":"GamblersBrew"},{"floor":19,"key":"Poison Potion"},{"floor":24,"key":"Regen Potion"},{"floor":33,"key":"BlessingOfTheForge"},{"floor":37,"key":"GamblersBrew"},{"floor":38,"key":"SteroidPotion"},{"floor":41,"key":"SteroidPotion"}],"is_trial":false,"path_per_floor":["M","?","?","?","$","R","$","M","T","R","?","M","M","M","R","B",null,"M","M","M","$","M","R","M","?","T","?","?","R","M","M","R","B",null,"M","?","?","M","?","R","M","?","T","?","R","$","?","E","R","B",null],"character_chosen":"THE_SILENT","items_purchased":["Apotheosis","Noxious Fumes","Crippling Poison","Letter Opener"],"campfire_rested":1,"item_purchase_floors":[5,21,21,46],"current_hp_per_floor":[69,69,52,52,52,52,52,50,50,70,66,66,66,66,66,66,70,70,70,70,70,68,68,62,62,62,62,62,70,70,68,70,67,70,70,70,62,67,67,70,70,70,70,61,70,70,70,70,70,70],"gold":102,"neow_bonus":"TRANSFORM_TWO_CARDS","is_daily":false,"chose_seed":false,"campfire_upgraded":6,"win_rate":0.0,"timestamp":1609124181,"path_taken":["M","?","?","?","?","R","$","M","T","R","?","M","?","M","R","BOSS","M","M","M","?","M","R","M","?","T","?","?","R","?","M","R","BOSS","M","?","?","M","?","R","M","?","T","?","R","$","?","E","R","BOSS"],"items_purchased_type":["Card","Card","Card","Relic"],"build_version":"2020-12-22","purchased_purges":3,"victory":true,"max_hp_per_floor":[70,70,70,70,70,70,70,70,70,70,70,70,70,70,70,70,70,70,70,70,70,70,70,70,70,70,70,70,70,70,70,70,70,70,70,70,70,70,70,70,70,70,70,70,70,70,70,70,70,70],"card_choices":[{"not_picked":["PiercingWail","Infinite Blades"],"picked":"Backflip","floor":1},{"not_picked":["Bane","Blade Dance"],"picked":"Noxious Fumes","floor":8},{"not_picked":["Deadly Poison","Escape Plan"],"picked":"Expertise","floor":11},{"not_picked":["All Out Attack","Quick Slash","Underhanded Strike"],"picked":"SKIP","floor":12},{"not_picked":["Dagger Spray","Flying Knee","Riddle With Holes"],"picked":"SKIP","floor":13},{"not_picked":["Choke","Blade Dance"],"picked":"Crippling Poison","floor":14},{"not_picked":["Flying Knee","Underhanded Strike+1"],"picked":"Footwork","floor":18},{"not_picked":["Heel Hook","Prepared"],"picked":"Bouncing Flask+1","floor":19},{"not_picked":["Underhanded Strike+1","PiercingWail+1","Flying Knee"],"picked":"SKIP","floor":20},{"not_picked":["Quick Slash+1","Underhanded Strike"],"picked":"Deadly Poison","floor":22},{"not_picked":["Slice","Dagger Throw","Blade Dance"],"picked":"SKIP","floor":24},{"not_picked":["Slice","Tactician"],"picked":"Calculated Gamble","floor":30},{"not_picked":["Acrobatics+1","Die Die Die"],"picked":"Crippling Poison","floor":31},{"not_picked":["Corpse Explosion","Wraith Form v2"],"picked":"Adrenaline","floor":33},{"not_picked":["Poisoned Stab","Reflex+1","Dagger Spray"],"picked":"SKIP","floor":35},{"not_picked":["Backflip","All Out Attack+1"],"picked":"Noxious Fumes","floor":37},{"not_picked":["Deadly Poison+1","Dash+1"],"picked":"Calculated Gamble+1","floor":38},{"not_picked":["Deadly Poison","Infinite Blades"],"picked":"Burst","floor":41},{"not_picked":["Transmutation","Madness"],"picked":"Deep Breath","floor":42},{"not_picked":["Eviscerate","Quick Slash"],"picked":"Backflip+1","floor":47},{"not_picked":["Bane+1","Dash"],"picked":"Tactician","floor":48}],"player_experience":46868,"relics_obtained":[{"floor":9,"key":"Lantern"},{"floor":11,"key":"Odd Mushroom"},{"floor":26,"key":"Eternal Feather"},{"floor":37,"key":"Thread and Needle"},{"floor":43,"key":"Shovel"},{"floor":45,"key":"Tingsha"},{"floor":47,"key":"Prayer Wheel"},{"floor":48,"key":"Potion Belt"},{"floor":49,"key":"Bottled Lightning"}],"event_choices":[{"damage_healed":0,"gold_gain":175,"player_choice":"AGREE","damage_taken":0,"max_hp_gain":0,"max_hp_loss":0,"event_name":"Liars Game","floor":2,"gold_loss":0,"cards_obtained":["Doubt"]},{"damage_healed":0,"gold_gain":0,"player_choice":"Take Damage","damage_taken":17,"relics_obtained":["Golden Idol"],"max_hp_gain":0,"max_hp_loss":0,"event_name":"Golden Idol","floor":3,"gold_loss":0},{"cards_removed":["Doubt"],"damage_healed":0,"gold_gain":0,"player_choice":"Forget","damage_taken":0,"max_hp_gain":0,"max_hp_loss":0,"event_name":"Living Wall","floor":4,"gold_loss":0},{"damage_healed":0,"gold_gain":0,"player_choice":"Fought Mushrooms","damage_taken":0,"max_hp_gain":0,"max_hp_loss":0,"event_name":"Mushrooms","floor":11,"gold_loss":0},{"cards_removed":["Strike_G"],"damage_healed":0,"gold_gain":0,"player_choice":"Elegance","damage_taken":0,"max_hp_gain":0,"max_hp_loss":0,"event_name":"Back to Basics","floor":25,"gold_loss":0},{"damage_healed":0,"gold_gain":0,"player_choice":"Gave Idol","damage_taken":0,"relics_obtained":["Bloody Idol"],"max_hp_gain":0,"max_hp_loss":0,"event_name":"Forgotten Altar","floor":27,"relics_lost":["Golden Idol"],"gold_loss":0},{"damage_healed":0,"gold_gain":0,"player_choice":"0 cards matched","damage_taken":0,"max_hp_gain":0,"max_hp_loss":0,"event_name":"Match and Keep!","floor":28,"gold_loss":0,"cards_obtained":[]},{"damage_healed":0,"gold_gain":0,"player_choice":"Ignored","damage_taken":0,"max_hp_gain":0,"max_hp_loss":0,"event_name":"Tomb of Lord Red Mask","floor":36,"gold_loss":0},{"damage_healed":0,"gold_gain":0,"player_choice":"Fight","damage_taken":0,"max_hp_gain":0,"max_hp_loss":0,"event_name":"MindBloom","floor":37,"gold_loss":0},{"cards_removed":["Strike_G"],"damage_healed":0,"gold_gain":0,"player_choice":"Removed Attack","damage_taken":0,"max_hp_gain":0,"max_hp_loss":0,"event_name":"Falling","floor":39,"gold_loss":0},{"damage_healed":0,"gold_gain":0,"player_choice":"Memory 1","damage_taken":0,"max_hp_gain":0,"max_hp_loss":0,"event_name":"SensoryStone","floor":42,"gold_loss":0},{"damage_healed":0,"gold_gain":0,"player_choice":"Embrace Madness","damage_taken":9,"max_hp_gain":0,"max_hp_loss":0,"event_name":"Winding Halls","floor":44,"gold_loss":0,"cards_obtained":["Madness","Madness"]},{"damage_healed":0,"gold_gain":0,"player_choice":"Fight","damage_taken":0,"max_hp_gain":0,"max_hp_loss":0,"event_name":"Mysterious Sphere","floor":47,"gold_loss":0}],"is_beta":false,"boss_relics":[{"not_picked":["Sozu","Runic Dome"],"picked":"Runic Pyramid"},{"not_picked":["Fusion Hammer","Velvet Choker"],"picked":"WristBlade"}],"items_purged_floors":[7,21,46],"is_endless":false,"potions_floor_spawned":[1,8,11,16,19,24,33,37,38,41],"ascension_level":0}}