{"host":"xcuflocadasoaqda","time":1609119383,"event":{"mods":["BaseMod","Bestiary","Filter the Spire","Minty Spire (QoL Compilation)","Relic Stats"],"gold_per_floor":[110,123,273,60,60,60,96,96,96,96,96,129,145,163,163,256,256,272,272,6,26,39,39,58,58,83,83,83],"floor_reached":27,"playtime":832,"items_purged":["Doubt","Decay"],"score":442,"play_id":"398360f6-1349-4b63-87bf-8357909f4231","local_time":"20201227193623","is_ascension_mode":true,"campfire_choices":[{"data":"Envenom","floor":6,"key":"SMITH"},{"data":"1","floor":10,"key":"LIFT"},{"data":"2","floor":15,"key":"LIFT"},{"floor":23,"key":"REST"}],"circlet_count":0,"master_deck":["AscendersBane","Survivor","Neutralize","All Out Attack","All Out Attack","Envenom+1","Malaise","Blur","Finisher","Catalyst","Bane","Predator","Masterful Stab","Cloak And Dagger","Blade Dance","Blur","Corpse Explosion","CurseOfTheBell","Escape Plan","Blade Dance"],"relics":["Pandora\u0027s Box","Golden Idol","Girya","TungstenRod","Shuriken","Pantograph","Calling Bell","Boot","Darkstone Periapt","The Specimen","Anchor","Toy Ornithopter"],"acts_visited":["Exordium","TheCity"],"potions_floor_usage":[12,16,27],"damage_taken":[{"damage":0,"enemies":"2 Louse","floor":1,"turns":2},{"damage":8,"enemies":"Jaw Worm","floor":2,"turns":2},{"damage":14,"enemies":"Lagavulin","floor":7,"turns":5},{"damage":3,"enemies":"3 Sentries","floor":12,"turns":3},{"damage":0,"enemies":"Cultist","floor":13,"turns":2},{"damage":6,"enemies":"Large Slime","floor":14,"turns":3},{"damage":28,"enemies":"Slime Boss","floor":16,"turns":4},{"damage":24,"enemies":"2 Thieves","floor":18,"turns":3},{"damage":21,"enemies":"Spheric Guardian","floor":21,"turns":4},{"damage":5,"enemies":"Centurion and Healer","floor":22,"turns":4},{"damage":21,"enemies":"Shelled Parasite and Fungi","floor":24,"turns":6},{"damage":15,"enemies":"Cultist and Chosen","floor":27,"turns":5}],"seed_played":"-7088767220141333844","potions_obtained":[{"floor":2,"key":"AttackPotion"},{"floor":7,"key":"Fire Potion"},{"floor":13,"key":"Ancient Potion"},{"floor":21,"key":"LiquidMemories"}],"is_trial":false,"path_per_floor":["M","M","?","$","?","R","E","T","T","R","?","E","M","M","R","B",null,"M","?","$","M","M","R","M","?","T","M"],"character_chosen":"THE_SILENT","items_purchased":["Blade Dance","Blur","Anchor"],"campfire_rested":1,"item_purchase_floors":[4,4,20],"current_hp_per_floor":[59,51,51,51,51,51,37,37,37,37,37,34,34,28,28,25,51,27,39,39,18,13,31,10,10,10,0,0],"gold":83,"neow_bonus":"BOSS_RELIC","is_daily":false,"chose_seed":false,"campfire_upgraded":1,"win_rate":0.0,"timestamp":1609119383,"path_taken":["M","M","?","$","?","R","E","?","T","R","?","E","?","M","R","BOSS","M","?","$","M","M","R","M","?","T","M"],"items_purchased_type":["Card","Card","Relic"],"build_version":"2020-12-22","purchased_purges":2,"victory":false,"max_hp_per_floor":[66,66,66,66,60,60,60,60,60,60,60,60,60,60,60,60,60,60,60,60,60,60,60,60,60,60,60,60],"relic_stats":{"Darkstone Periapt":0,"counters":[12,43],"Golden Idol":54,"Shuriken":[16],"Pantograph":25,"Pandora\u0027s Box":["All Out Attack","All Out Attack","Envenom","Malaise","Blur","Finisher","Catalyst","Bane","Predator","Masterful Stab"],"Boot":[0],"obtain_stats":[{"Darkstone Periapt":17,"Girya":7,"The Specimen":17,"Golden Idol":5,"Boot":17,"Calling Bell":17,"Anchor":20,"Shuriken":9,"Pantograph":12,"Pandora\u0027s Box":0,"TungstenRod":8,"Toy Ornithopter":26,"Ring of the Snake":0},{"Darkstone Periapt":7,"Girya":3,"The Specimen":7,"Golden Idol":2,"Boot":7,"Calling Bell":7,"Anchor":8,"Shuriken":3,"Pantograph":4,"Pandora\u0027s Box":0,"TungstenRod":3,"Toy Ornithopter":11,"Ring of the Snake":0},{"Darkstone Periapt":21,"Girya":9,"The Specimen":21,"Golden Idol":4,"Boot":21,"Calling Bell":21,"Anchor":24,"Shuriken":9,"Pantograph":12,"Pandora\u0027s Box":0,"TungstenRod":9,"Toy Ornithopter":38,"Ring of the Snake":0}],"TungstenRod":19,"Toy Ornithopter":5},"card_choices":[{"not_picked":["Slice","Catalyst","Dagger Throw"],"picked":"SKIP","floor":1},{"not_picked":["Finisher","Prepared"],"picked":"Cloak And Dagger","floor":2},{"not_picked":["A Thousand Cuts","Outmaneuver","All Out Attack"],"picked":"SKIP","floor":7},{"not_picked":["Deadly Poison","Bane","Sucker Punch"],"picked":"SKIP","floor":12},{"not_picked":["Slice","Prepared","Crippling Poison"],"picked":"SKIP","floor":13},{"not_picked":["Slice","Endless Agony","Infinite Blades"],"picked":"SKIP","floor":14},{"not_picked":["Malaise","Die Die Die"],"picked":"Corpse Explosion","floor":16},{"not_picked":["Backstab","Sucker Punch","Acrobatics"],"picked":"SKIP","floor":18},{"not_picked":["Prepared","Dagger Spray"],"picked":"Escape Plan","floor":21},{"not_picked":["Deadly Poison","Tactician"],"picked":"Blade Dance","floor":22},{"not_picked":["Bouncing Flask","Prepared","Endless Agony"],"picked":"SKIP","floor":24}],"player_experience":1798807,"relics_obtained":[{"floor":7,"key":"Girya"},{"floor":8,"key":"TungstenRod"},{"floor":9,"key":"Shuriken"},{"floor":12,"key":"Pantograph"},{"floor":17,"key":"Boot"},{"floor":17,"key":"Darkstone Periapt"},{"floor":17,"key":"The Specimen"},{"floor":26,"key":"Toy Ornithopter"}],"event_choices":[{"damage_healed":0,"gold_gain":150,"player_choice":"AGREE","damage_taken":0,"max_hp_gain":0,"max_hp_loss":0,"event_name":"Liars Game","floor":3,"gold_loss":0,"cards_obtained":["Doubt"]},{"damage_healed":0,"gold_gain":0,"player_choice":"Lose Max HP","damage_taken":0,"relics_obtained":["Golden Idol"],"max_hp_gain":0,"max_hp_loss":6,"event_name":"Golden Idol","floor":5,"gold_loss":0},{"damage_healed":0,"gold_gain":0,"player_choice":"Cursed","damage_taken":0,"max_hp_gain":0,"max_hp_loss":0,"event_name":"Wheel of Change","floor":11,"gold_loss":0,"cards_obtained":["Decay"]},{"damage_healed":12,"gold_gain":0,"player_choice":"Heal","damage_taken":0,"max_hp_gain":0,"max_hp_loss":0,"event_name":"The Library","floor":19,"gold_loss":0},{"damage_healed":0,"gold_gain":0,"player_choice":"Ignored","damage_taken":0,"max_hp_gain":0,"max_hp_loss":0,"event_name":"Vampires","floor":25,"gold_loss":0}],"is_beta":false,"boss_relics":[{"not_picked":["Tiny House","Ectoplasm"],"picked":"Calling Bell"}],"items_purged_floors":[4,20],"is_endless":false,"potions_floor_spawned":[2,7,13,21],"killed_by":"Cultist and Chosen","ascension_level":20}}