{"host":"zr590xw2unlz0wv7","time":1609170593,"event":{"mods":["BaseMod","Minty Spire (QoL Compilation)","READ ME - Guardian Mod","StSLib"],"gold_per_floor":[110,121,121,121,71,106,106,106,187,218,186,186,186],"floor_reached":12,"playtime":203,"items_purged":[],"score":136,"play_id":"6258f3cd-3240-449f-96e2-f034a49095da","local_time":"20201228234953","is_ascension_mode":true,"campfire_choices":[{"data":"Doom and Gloom","floor":8,"key":"SMITH"}],"circlet_count":0,"master_deck":["Strike_B","Strike_B+1","Strike_B","Defend_B+1","Defend_B","Defend_B","Zap","Dualcast","Doom and Gloom+1","Buffer"],"relics":["Cracked Core","NeowsBlessing","Du-Vu Doll","Torii","StrikeDummy","Tiny Chest"],"acts_visited":["Exordium"],"potions_floor_usage":[12],"damage_taken":[{"damage":0,"enemies":"2 Louse","floor":1,"turns":1},{"damage":0,"enemies":"Small Slimes","floor":2,"turns":1},{"damage":0,"enemies":"Gremlin Nob","floor":6,"turns":1},{"damage":22,"enemies":"Lagavulin","floor":10,"turns":4},{"damage":31,"enemies":"3 Sentries","floor":12,"turns":4}],"seed_played":"-4480847342403226438","potions_obtained":[{"floor":2,"key":"Strength Potion"}],"is_trial":false,"path_per_floor":["M","M","?","?","?","E","T","R","T","E","?","E"],"character_chosen":"DEFECT","items_purchased":[],"campfire_rested":0,"item_purchase_floors":[],"current_hp_per_floor":[75,75,60,53,53,53,53,53,53,31,31,0,0],"gold":186,"neow_bonus":"THREE_ENEMY_KILL","is_daily":false,"chose_seed":false,"campfire_upgraded":1,"win_rate":0.0,"timestamp":1609170593,"path_taken":["M","M","?","?","?","E","?","R","T","E","?","E"],"items_purchased_type":[],"build_version":"2020-12-22","purchased_purges":0,"victory":false,"max_hp_per_floor":[75,75,75,75,75,75,75,75,75,75,75,75,75],"card_choices":[{"not_picked":["Barrage","Steam","Compile Driver"],"picked":"SKIP","floor":1},{"not_picked":["Redo","Beam Cell"],"picked":"Doom and Gloom","floor":2},{"not_picked":["Rip and Tear","Storm","Sunder"],"picked":"SKIP","floor":6},{"not_picked":["Go for the Eyes","Cold Snap"],"picked":"Buffer","floor":10}],"player_experience":526367,"relics_obtained":[{"floor":6,"key":"Du-Vu Doll"},{"floor":7,"key":"Torii"},{"floor":9,"key":"StrikeDummy"},{"floor":10,"key":"Tiny Chest"}],"event_choices":[{"damage_healed":0,"gold_gain":0,"player_choice":"Entered Light","damage_taken":15,"max_hp_gain":0,"max_hp_loss":0,"event_name":"Shining Light","floor":3,"gold_loss":0,"cards_upgraded":["Strike_B","Defend_B"]},{"cards_removed":["Defend_B"],"damage_healed":0,"gold_gain":0,"player_choice":"Card Removal","damage_taken":7,"max_hp_gain":0,"max_hp_loss":0,"event_name":"Golden Wing","floor":4,"gold_loss":0},{"cards_removed":["Strike_B"],"damage_healed":0,"gold_gain":0,"player_choice":"Card Removal","damage_taken":0,"max_hp_gain":0,"max_hp_loss":0,"event_name":"The Cleric","floor":5,"gold_loss":50},{"damage_healed":0,"gold_gain":0,"player_choice":"Left Gold","damage_taken":0,"max_hp_gain":0,"max_hp_loss":0,"event_name":"World of Goop","floor":11,"gold_loss":32}],"is_beta":false,"boss_relics":[],"items_purged_floors":[],"is_endless":false,"potions_floor_spawned":[2],"killed_by":"3 Sentries","ascension_level":5}}