{"host":"6pgtslebjnyv5xmi","time":1609161522,"event":{"mods":["AchievementEnabler","BaseMod","Colored Map","Minty Spire (QoL Compilation)","Rare Cards Sparkle","StSLib","SuperFastMode","The Dragon Tamer","everything is the same but u backflip on backflip"],"gold_per_floor":[115,128,203,203,17,17,32,48,48,66,241,241,254,271,271,376,376,392,392,392,403,328,328,228,228,253,253,273,273,307,307,307,403,403,420,420,430,305,322,322,322],"floor_reached":40,"playtime":5566,"items_purged":["Strike_G","Strike_G","Defend_G"],"score":649,"play_id":"4262eb56-ae5b-4c67-bf60-923e69fa42b5","local_time":"20201228221842","is_ascension_mode":true,"campfire_choices":[{"data":"Apotheosis","floor":6.0,"key":"SMITH"},{"data":"Neutralize","floor":12.0,"key":"SMITH"},{"floor":15.0,"key":"REST"},{"data":"Tactician","floor":23.0,"key":"SMITH"},{"data":"Reflex","floor":25.0,"key":"SMITH"},{"data":"Concentrate","floor":27.0,"key":"SMITH"},{"floor":29.0,"key":"REST"},{"floor":32.0,"key":"REST"}],"circlet_count":0,"master_deck":["Strike_G","Strike_G","Strike_G","Defend_G","Defend_G","Defend_G","Defend_G","Survivor","Neutralize+1","Unload","Eviscerate","Apotheosis+1","Dagger Throw","Concentrate+1","Calculated Gamble","Reflex+1","Tactician+1","Backflip","Acrobatics+1","After Image","Underhanded Strike+1","Die Die Die"],"relics":["Ring of the Snake","Blue Candle","Question Card","HoveringKite","Bronze Scales","Tough Bandages"],"acts_visited":["Exordium","TheCity","TheBeyond"],"potions_floor_usage":[39],"damage_taken":[{"damage":0.0,"enemies":"Small Slimes","floor":1.0,"turns":2.0},{"damage":13.0,"enemies":"Jaw Worm","floor":2.0,"turns":5.0},{"damage":0.0,"enemies":"2 Louse","floor":7.0,"turns":2.0},{"damage":0.0,"enemies":"Gremlin Gang","floor":8.0,"turns":4.0},{"damage":5.0,"enemies":"Large Slime","floor":10.0,"turns":6.0},{"damage":0.0,"enemies":"Exordium Wildlife","floor":13.0,"turns":2.0},{"damage":1.0,"enemies":"2 Fungi Beasts","floor":14.0,"turns":3.0},{"damage":14.0,"enemies":"The Guardian","floor":16.0,"turns":8.0},{"damage":8.0,"enemies":"Shell Parasite","floor":18.0,"turns":6.0},{"damage":7.0,"enemies":"Chosen","floor":21.0,"turns":4.0},{"damage":4.0,"enemies":"Sentry and Sphere","floor":28.0,"turns":4.0},{"damage":39.0,"enemies":"Slavers","floor":30.0,"turns":8.0},{"damage":0.0,"enemies":"Champ","floor":33.0,"turns":9.0},{"damage":22.0,"enemies":"3 Shapes","floor":35.0,"turns":4.0},{"damage":0,"enemies":"Orb Walker","floor":37,"turns":4},{"damage":0,"enemies":"Jaw Worm Horde","floor":39,"turns":4},{"damage":53,"enemies":"Nemesis","floor":40,"turns":12}],"seed_played":"-7702572478070264418","potions_obtained":[{"floor":2.0,"key":"Fruit Juice"},{"floor":10.0,"key":"Fire Potion"},{"floor":13.0,"key":"SneckoOil"},{"floor":16.0,"key":"SpeedPotion"},{"floor":18.0,"key":"GhostInAJar"},{"floor":28.0,"key":"DuplicationPotion"},{"floor":30.0,"key":"AttackPotion"},{"floor":37,"key":"Fruit Juice"}],"is_trial":false,"path_per_floor":["M","M","?","?","$","R","M","M","T","M","?","R","M","M","R","B",null,"M","?","?","M","$","R","$","R","T","R","M","R","E","?","R","B",null,"M","?","M","$","M","E"],"character_chosen":"THE_SILENT","items_purchased":["Apotheosis"],"campfire_rested":3,"item_purchase_floors":[5],"current_hp_per_floor":[63,50,39,27,27,27,27,27,27,22,22,22,22,21,42,28,60,57,43,43,36,36,36,36,36,36,36,32,56,17,17,41,41,70,48,48,48,48,53,0,0],"gold":322,"neow_bonus":"ONE_RANDOM_RARE_CARD","is_daily":false,"chose_seed":false,"campfire_upgraded":5,"win_rate":0.0,"timestamp":1609161522,"path_taken":["M","M","?","?","$","R","M","M","T","M","?","R","M","M","R","BOSS","M","?","?","M","$","R","$","R","T","R","?","R","E","?","R","BOSS","M","?","M","$","M","E"],"items_purchased_type":["Card"],"build_version":"2020-12-22","purchased_purges":3,"victory":false,"max_hp_per_floor":[70,70,70,70,70,70,70,70,70,70,70,70,70,70,70,70,70,75,80,80,80,80,80,80,80,80,80,80,80,80,80,80,80,80,80,80,80,80,85,85,85],"card_choices":[{"not_picked":["Slice","Quick Slash","Deflect"],"picked":"SKIP","floor":1.0},{"not_picked":["Deadly Poison","Underhanded Strike"],"picked":"Eviscerate","floor":2.0},{"not_picked":["Deadly Poison","Footwork","Dagger Spray"],"picked":"SKIP","floor":7.0},{"not_picked":["Riddle With Holes","Catalyst"],"picked":"Dagger Throw","floor":8.0},{"not_picked":["Masterful Stab","Blade Dance","PiercingWail"],"picked":"Concentrate","floor":10.0},{"not_picked":["Riddle With Holes","Leg Sweep","Bouncing Flask"],"picked":"Calculated Gamble","floor":13.0},{"not_picked":["Acrobatics","Accuracy","Blade Dance"],"picked":"Reflex","floor":14.0},{"not_picked":["Masterful Stab","Noxious Fumes+1","Flying Knee","Poisoned Stab+1"],"picked":"SKIP","floor":18.0},{"not_picked":["Masterful Stab","Noxious Fumes+1","Flying Knee","Poisoned Stab+1"],"picked":"SKIP","floor":18.0},{"not_picked":["Skewer","Flying Knee","PiercingWail"],"picked":"Tactician","floor":21.0},{"not_picked":["Flying Knee","Dash","Outmaneuver"],"picked":"Backflip","floor":28.0},{"not_picked":["Crippling Poison","Outmaneuver+1","Blade Dance"],"picked":"Acrobatics+1","floor":30.0},{"not_picked":["Night Terror","Glass Knife","Storm of Steel"],"picked":"After Image","floor":33.0},{"not_picked":["Endless Agony","Bane","Flying Knee+1","Bouncing Flask+1"],"picked":"SKIP","floor":35.0},{"not_picked":["Skewer","Choke+1","Caltrops"],"picked":"Underhanded Strike+1","floor":37},{"not_picked":["Slice+1","Infinite Blades+1","Deadly Poison+1"],"picked":"Die Die Die","floor":39}],"player_experience":556588,"relics_obtained":[{"floor":9.0,"key":"Question Card"},{"floor":26.0,"key":"Bronze Scales"},{"floor":30.0,"key":"Tough Bandages"}],"event_choices":[{"damage_healed":0.0,"max_hp_gain":0.0,"max_hp_loss":0.0,"gold_gain":75.0,"event_name":"World of Goop","player_choice":"Gather Gold","floor":3.0,"gold_loss":0.0,"damage_taken":11.0},{"damage_healed":0.0,"max_hp_gain":0.0,"max_hp_loss":0.0,"gold_gain":0.0,"event_name":"Scrap Ooze","player_choice":"Success","floor":4.0,"gold_loss":0.0,"damage_taken":12.0,"relics_obtained":["Blue Candle"]},{"damage_healed":0.0,"max_hp_gain":0.0,"max_hp_loss":0.0,"gold_gain":175.0,"event_name":"Liars Game","player_choice":"AGREE","floor":11.0,"gold_loss":0.0,"damage_taken":0.0,"cards_obtained":["Doubt"]},{"damage_healed":0.0,"max_hp_gain":5.0,"max_hp_loss":0.0,"gold_gain":0.0,"event_name":"Forgotten Altar","player_choice":"Shed Blood","floor":19.0,"gold_loss":0.0,"damage_taken":19.0},{"cards_removed":["Doubt"],"damage_healed":0.0,"max_hp_gain":0.0,"max_hp_loss":0.0,"gold_gain":0.0,"event_name":"Fountain of Cleansing","player_choice":"Removed Curses","floor":20.0,"gold_loss":0.0,"damage_taken":0.0},{"damage_healed":0.0,"max_hp_gain":0.0,"max_hp_loss":0.0,"gold_gain":0.0,"event_name":"Vampires","player_choice":"Ignored","floor":31.0,"gold_loss":0.0,"damage_taken":0.0},{"damage_healed":0,"gold_gain":0,"player_choice":"Ignored","damage_taken":0,"max_hp_gain":0,"max_hp_loss":0,"event_name":"Mysterious Sphere","floor":36,"gold_loss":0}],"is_beta":false,"boss_relics":[{"not_picked":["Tiny House","Ring of the Serpent"],"picked":"HoveringKite"},{"not_picked":["Coffee Dripper","Velvet Choker","Busted Crown"]}],"items_purged_floors":[22,24,38],"is_endless":false,"potions_floor_spawned":[2,10,13,16,18,28,30,37],"killed_by":"Nemesis","ascension_level":8}}