{"host":"fujxx38qt1kwucvg","time":1609170677,"event":{"mods":["AchievementEnabler","BaseMod","Colored Powertips","Highlight Path","Lobotomy","Minty Spire (QoL Compilation)","Quick Restart","StSLib"],"gold_per_floor":[112,112,127,127,202,230,230,1,1,1,13,13,30,45,45,140,140,155,155,168,180,199,233,233,233,233],"floor_reached":25,"playtime":1510,"items_purged":[],"score":223,"play_id":"04ccb1df-d0a2-4a31-bad3-6e40864cd643","local_time":"20201229005117","is_ascension_mode":false,"campfire_choices":[{"floor":7,"key":"REST"},{"floor":12,"key":"RECALL"},{"data":"WindmillStrike","floor":15,"key":"SMITH"},{"data":"Establishment","floor":24,"key":"SMITH"}],"circlet_count":0,"master_deck":["Strike_P+1","Strike_P+1","Strike_P","Strike_P","Defend_P","Defend_P+1","Defend_P","Eruption","Vigilance","WindmillStrike+1","FlurryOfBlows","EmptyFist","Dark Shackles","EmptyBody","CarveReality","Wallop","Meditate","Establishment+1","ClearTheMind","FearNoEvil","BattleHymn","InnerPeace+1","SignatureMove+1"],"relics":["PureWater","FossilizedHelix","Membership Card","CaptainsWheel","Philosopher\u0027s Stone","War Paint"],"acts_visited":["Exordium","TheCity"],"potions_floor_usage":[3,16,16,23,23],"damage_taken":[{"damage":1,"enemies":"Jaw Worm","floor":1,"turns":4},{"damage":14,"enemies":"2 Louse","floor":3,"turns":3},{"damage":31,"enemies":"Gremlin Nob","floor":6,"turns":5},{"damage":0,"enemies":"Small Slimes","floor":11,"turns":2},{"damage":2,"enemies":"Blue Slaver","floor":13,"turns":3},{"damage":0,"enemies":"Large Slime","floor":14,"turns":2},{"damage":25,"enemies":"Hexaghost","floor":16,"turns":9},{"damage":0,"enemies":"Chosen","floor":18,"turns":3},{"damage":0,"enemies":"Spheric Guardian","floor":20,"turns":4},{"damage":9,"enemies":"Centurion and Healer","floor":21,"turns":5},{"damage":0,"enemies":"Snecko","floor":22,"turns":4},{"damage":32,"enemies":"Gremlin Leader","floor":23,"turns":6},{"damage":35,"enemies":"Book of Stabbing","floor":25,"turns":4}],"seed_played":"8657282255593466201","potions_obtained":[{"floor":1,"key":"PowerPotion"},{"floor":13,"key":"ColorlessPotion"},{"floor":14,"key":"ColorlessPotion"},{"floor":16,"key":"Swift Potion"},{"floor":18,"key":"PowerPotion"},{"floor":23,"key":"SpeedPotion"}],"is_trial":false,"path_per_floor":["M","?","M","?","?","E","R","$","T","?","M","R","M","M","R","B",null,"M","?","M","M","M","E","R","E"],"character_chosen":"WATCHER","items_purchased":["Membership Card","Dark Shackles","EmptyBody"],"campfire_rested":1,"item_purchase_floors":[8,8,8],"current_hp_per_floor":[71,57,43,43,32,1,22,22,22,46,46,46,44,44,44,19,72,72,72,72,63,63,31,31,0,0],"gold":233,"neow_bonus":"REMOVE_CARD","is_daily":false,"chose_seed":false,"campfire_upgraded":2,"win_rate":0.0,"timestamp":1609170677,"path_taken":["M","?","M","?","?","E","R","?","T","?","M","R","M","M","R","BOSS","M","?","M","M","M","E","R","E"],"items_purchased_type":["Relic","Card","Card"],"build_version":"2020-12-22","purchased_purges":0,"victory":false,"max_hp_per_floor":[72,72,72,72,72,72,72,72,72,72,72,72,72,72,72,72,72,72,72,72,72,72,72,72,72,72],"card_choices":[{"not_picked":["Sanctity","PathToVictory"],"picked":"WindmillStrike","floor":1},{"not_picked":["Adaptation","Halt"],"picked":"FlurryOfBlows","floor":3},{"not_picked":["Fasting2","Pray"],"picked":"EmptyFist","floor":6},{"not_picked":["CrushJoints","BowlingBash"],"picked":"CarveReality","floor":11},{"not_picked":["Protect","ConjureBlade"],"picked":"Wallop","floor":13},{"not_picked":["CrushJoints","BowlingBash"],"picked":"Meditate","floor":14},{"not_picked":["Devotion","Ragnarok"],"picked":"Establishment","floor":16},{"not_picked":["Protect","Wallop"],"picked":"ClearTheMind","floor":18},{"not_picked":["Fasting2","Prostrate"],"picked":"FearNoEvil","floor":20},{"not_picked":["CrushJoints","Fasting2+1"],"picked":"BattleHymn","floor":21},{"not_picked":["WaveOfTheHand","Halt"],"picked":"InnerPeace","floor":22},{"not_picked":["ThirdEye","WheelKick"],"picked":"SignatureMove+1","floor":23}],"player_experience":191835,"relics_obtained":[{"floor":6,"key":"FossilizedHelix"},{"floor":9,"key":"CaptainsWheel"},{"floor":23,"key":"War Paint"}],"event_choices":[{"damage_healed":0,"gold_gain":0,"player_choice":"Entered Light","damage_taken":14,"max_hp_gain":0,"max_hp_loss":0,"event_name":"Shining Light","floor":2,"gold_loss":0,"cards_upgraded":["Strike_P","Strike_P"]},{"damage_healed":0,"gold_gain":0,"player_choice":"Ignored","damage_taken":0,"max_hp_gain":0,"max_hp_loss":0,"event_name":"Liars Game","floor":4,"gold_loss":0},{"damage_healed":0,"gold_gain":75,"player_choice":"Gather Gold","damage_taken":11,"max_hp_gain":0,"max_hp_loss":0,"event_name":"World of Goop","floor":5,"gold_loss":0},{"damage_healed":24,"gold_gain":0,"player_choice":"Banana","damage_taken":0,"max_hp_gain":0,"max_hp_loss":0,"event_name":"Big Fish","floor":10,"gold_loss":0},{"damage_healed":0,"gold_gain":0,"player_choice":"Ignored","damage_taken":0,"max_hp_gain":0,"max_hp_loss":0,"event_name":"Ghosts","floor":19,"gold_loss":0}],"is_beta":false,"boss_relics":[{"not_picked":["Astrolabe","Runic Pyramid"],"picked":"Philosopher\u0027s Stone"}],"items_purged_floors":[],"is_endless":false,"potions_floor_spawned":[1,13,14,16,18,23],"killed_by":"Book of Stabbing","ascension_level":0}}