{"host":"mwqnlghgfp5mgeui","time":1609160436,"event":{"mods":["2.2 Compatiblity","BaseMod","DeckTracker","Highlight Path","Minty Spire (QoL Compilation)","SuperFastMode","everything is the same but u backflip on backflip"],"gold_per_floor":[118,42,42,58,76,76,94,94,94,129,145,145,157,171,171,268,268,286,299,299,299,98,115,15,15,15],"floor_reached":25,"playtime":914,"items_purged":["Strike_G","Strike_G"],"score":230,"play_id":"a601a580-a550-464d-af1d-28cb9cd2881e","local_time":"20201228220036","is_ascension_mode":false,"campfire_choices":[{"data":"Neutralize","floor":6,"key":"SMITH"},{"data":"Poisoned Stab","floor":12,"key":"SMITH"},{"floor":15,"key":"REST"}],"circlet_count":0,"master_deck":["Strike_G","Strike_G","Strike_G","Defend_G","Defend_G","Defend_G","Defend_G","Defend_G","Survivor","Neutralize+1","Poisoned Stab+1","Slice","Flying Knee","Terror","Backflip","Blade Dance","Dagger Spray","Poisoned Stab","Sucker Punch","Blade Dance","Wraith Form v2","Poisoned Stab","Finisher+1","PiercingWail","Grand Finale","Escape Plan"],"relics":["Ring of the Snake","Ancient Tea Set","Pear","Matryoshka","HoveringKite"],"acts_visited":["Exordium","TheCity"],"potions_floor_usage":[16,16],"damage_taken":[{"damage":2,"enemies":"Small Slimes","floor":1,"turns":3},{"damage":0,"enemies":"Jaw Worm","floor":4,"turns":3},{"damage":0,"enemies":"2 Louse","floor":5,"turns":3},{"damage":4,"enemies":"Exordium Wildlife","floor":7,"turns":5},{"damage":29,"enemies":"Lagavulin","floor":10,"turns":6},{"damage":2,"enemies":"Looter","floor":11,"turns":3},{"damage":4,"enemies":"Red Slaver","floor":13,"turns":2},{"damage":5,"enemies":"Lots of Slimes","floor":14,"turns":4},{"damage":57,"enemies":"The Guardian","floor":16,"turns":8},{"damage":20,"enemies":"Spheric Guardian","floor":18,"turns":5},{"damage":26,"enemies":"2 Thieves","floor":19,"turns":5},{"damage":24,"enemies":"Chosen and Byrds","floor":23,"turns":7},{"damage":51,"enemies":"Slavers","floor":25,"turns":7}],"seed_played":"1575859467506239468","potions_obtained":[{"floor":5,"key":"DuplicationPotion"},{"floor":7,"key":"GamblersBrew"},{"floor":10,"key":"Fire Potion"},{"floor":18,"key":"Strength Potion"}],"is_trial":false,"path_per_floor":["M","$","?","M","M","R","M","?","T","E","M","R","M","M","R","B",null,"M","M","?","?","$","M","$","E"],"character_chosen":"THE_SILENT","items_purchased":["Slice","Flying Knee","PiercingWail","Grand Finale"],"campfire_rested":1,"item_purchase_floors":[2,2,22,22],"current_hp_per_floor":[68,68,73,73,73,73,69,69,79,50,48,48,44,39,64,7,85,65,39,39,67,67,43,43,0,0],"gold":15,"neow_bonus":"RANDOM_COMMON_RELIC","is_daily":false,"chose_seed":false,"campfire_upgraded":2,"win_rate":0.0,"timestamp":1609160436,"path_taken":["M","$","?","M","M","R","M","?","T","E","M","R","M","M","R","BOSS","M","M","?","?","$","M","$","E"],"items_purchased_type":["Card","Card","Card","Card"],"build_version":"2020-12-22","purchased_purges":2,"victory":false,"max_hp_per_floor":[70,70,75,75,75,75,75,75,85,85,85,85,85,85,85,85,85,85,85,85,85,85,85,85,85,85],"card_choices":[{"not_picked":["Deadly Poison","Infinite Blades"],"picked":"Poisoned Stab","floor":1},{"not_picked":["Skewer","Blade Dance"],"picked":"Terror","floor":4},{"not_picked":["Catalyst","Setup"],"picked":"Backflip","floor":5},{"not_picked":["Noxious Fumes","Blur"],"picked":"Blade Dance","floor":7},{"not_picked":["Bane","Acrobatics"],"picked":"Dagger Spray","floor":10},{"not_picked":["Underhanded Strike","Outmaneuver"],"picked":"Poisoned Stab","floor":11},{"not_picked":["Skewer","Setup"],"picked":"Sucker Punch","floor":13},{"not_picked":["Slice","Deadly Poison"],"picked":"Blade Dance","floor":14},{"not_picked":["Grand Finale","Doppelganger"],"picked":"Wraith Form v2","floor":16},{"not_picked":["Calculated Gamble","Deadly Poison+1"],"picked":"Poisoned Stab","floor":18},{"not_picked":["Bouncing Flask","Deflect"],"picked":"Finisher+1","floor":19},{"not_picked":["Prepared","Underhanded Strike"],"picked":"Escape Plan","floor":23}],"player_experience":126254,"relics_obtained":[{"floor":9,"key":"Pear"},{"floor":10,"key":"Matryoshka"}],"event_choices":[{"damage_healed":0,"gold_gain":0,"player_choice":"Donut","damage_taken":0,"max_hp_gain":5,"max_hp_loss":0,"event_name":"Big Fish","floor":3,"gold_loss":0},{"damage_healed":0,"gold_gain":0,"player_choice":"Ignored","damage_taken":0,"max_hp_gain":0,"max_hp_loss":0,"event_name":"Liars Game","floor":8,"gold_loss":0},{"damage_healed":0,"gold_gain":0,"player_choice":"Ignored","damage_taken":0,"max_hp_gain":0,"max_hp_loss":0,"event_name":"Vampires","floor":20,"gold_loss":0},{"damage_healed":28,"gold_gain":0,"player_choice":"Heal","damage_taken":0,"max_hp_gain":0,"max_hp_loss":0,"event_name":"The Library","floor":21,"gold_loss":0}],"is_beta":false,"boss_relics":[{"not_picked":["Fusion Hammer","Snecko Eye"],"picked":"HoveringKite"}],"items_purged_floors":[22,24],"is_endless":false,"potions_floor_spawned":[5,7,10,14,18],"killed_by":"Slavers","ascension_level":0}}