{"host":"4lebci84u2l5u89t","time":1609170352,"event":{"mods":["AchievementEnabler","Aspiration","Bard","BaseMod","Beaked The Cultist","Better Altar","Better Match","Better Note","Better Sensory Stone","Better Skull","Better Third Choice","BetterRewards","CCEM","Colored Map","Conspire","GifTheSpireLib","Googly Eyes","Halation","Hermit","Highlight Path","Hubris","Jedi Mod","Jorbs\u0027s Wanderer Trilogy","Lobotomy","LobotomyExtend","Mad Scientist","Marisa????????","Mimic Mod","Minty Spire (QoL Compilation)","Permanent Neow","Replay The Spire","Shade Mod","Spicy Shops","StSLib","Stuff the Spire","The Administrix","The Mystic","Unceasing Turn Reminder"],"gold_per_floor":[116,85,101,101,111,111,111,111,144,157,170,182,210,210,210,217,217,215,19,19,19,33,33,43,60,89,123,123,135,135,166,166,266,266,283,283,283,269,315,318,54,87,87,87,103,133,133,143,143,143,143],"floor_reached":50,"playtime":6009,"items_purged":[],"score":697,"play_id":"f0114ec0-4ad7-42c0-b525-7779949dd09a","local_time":"20201228164552","is_ascension_mode":false,"campfire_choices":[],"circlet_count":0,"master_deck":["BlueStar","SpecialBullet","SpecialBullet","SpecialBullet","SpecialBullet","SpecialBullet","SpecialBullet","SpecialBullet","SpecialBullet","InformationCode","CentralCode","WelfareCode","ParadiseLost","DreamingCurrent","Beak","ReplayTheSpireMod:Private Reserves","ControlCode","Lamp+10","ScreamingWedge","Logging","GoldRush+1","Freischutz","HereticApostle","Variant","RedEyes+1","MeatLantern","SecurityCode","NothingThere","Tough+1","GreedKing","WristCuter","SummonCall","RedShoes","Pleasure","Spore+1","ExtractionCode","GoldRush","AbeCurse","WristCuter","WhiteNight","Horn","LifeForTheDareDevil+1","SomewhereSpear+1"],"relics":["CogitoBucket","LetterFromLob","betterThird:SlimedRelic","aspiration:ArtOfWarUpgrade","SkinProphecy","Ginger","hubris:Backtick","Replay:Bottled Steam","Membership Card","ReplayTheSpireMod:Lightbulb","AdjustmentMirror","Eternal Feather","aspiration:ChemicalBlood","LuminousBracelet","AtMidnight","Abe\u0027s Treasure","jedi:kaleidoscope","Replay:Rubber Ducky","Pondfish Scales","hubris:MysteriousPyramids","Anchor","conspire:DeflatedDodgeball","conspire:Boomerang","SoundOfStar_r"],"acts_visited":["Exordium","TheCity","TheBeyond"],"potions_floor_usage":[11,11,22,24,29,29,29,31,33,38,40,40,45,46,48,50,50,50,50],"damage_taken":[{"damage":8,"enemies":"conspire:RoseBush","floor":1,"turns":2},{"damage":15,"enemies":"Cultist","floor":3,"turns":4},{"damage":11,"enemies":"Jaw Worm","floor":5,"turns":3},{"damage":11,"enemies":"Red Slaver","floor":9,"turns":5},{"damage":21,"enemies":"Red Slaver","floor":10,"turns":4},{"damage":63,"enemies":"conspire:2 RoseBushes","floor":11,"turns":4},{"damage":6,"enemies":"2 Fungi Beasts","floor":12,"turns":4},{"damage":4,"enemies":"Replay:BlueRogue","floor":13,"turns":5},{"damage":38,"enemies":"The Guardian","floor":16,"turns":7},{"damage":18,"enemies":"Spheric Guardian","floor":18,"turns":2},{"damage":77,"enemies":"3 Byrds","floor":20,"turns":7},{"damage":17,"enemies":"Cultist and Chosen","floor":22,"turns":6},{"damage":0,"enemies":"Chosen and Byrds","floor":24,"turns":5},{"damage":13,"enemies":"Centurion and Healer","floor":25,"turns":4},{"damage":8,"enemies":"conspire:HollyBat","floor":26,"turns":4},{"damage":56,"enemies":"conspire:SneckoGhost","floor":27,"turns":4},{"damage":52,"enemies":"conspire:HollyBat","floor":29,"turns":5},{"damage":20,"enemies":"Book of Stabbing","floor":31,"turns":3},{"damage":11,"enemies":"conspire:MysteriousRune","floor":33,"turns":5},{"damage":10,"enemies":"Orb Walker","floor":35,"turns":2},{"damage":33,"enemies":"3 Darklings","floor":38,"turns":2},{"damage":44,"enemies":"2 Orb Walkers","floor":39,"turns":4},{"damage":32,"enemies":"Reptomancer","floor":40,"turns":4},{"damage":26,"enemies":"Giant Head","floor":42,"turns":4},{"damage":91,"enemies":"Transient","floor":45,"turns":5},{"damage":4,"enemies":"beaked:SuperParasite","floor":46,"turns":2},{"damage":6,"enemies":"Spire Growth","floor":48,"turns":2},{"damage":177,"enemies":"hubris:GrandSnecko","floor":50,"turns":8}],"seed_played":"-3848028504054927971","potions_obtained":[{"floor":3,"key":"Regen Potion"},{"floor":10,"key":"Regen Potion"},{"floor":12,"key":"Fire Potion"},{"floor":22,"key":"Regen Potion"},{"floor":24,"key":"Strength Potion"},{"floor":25,"key":"Dexterity Potion"},{"floor":35,"key":"SpeedPotion"},{"floor":45,"key":"Adrenaline Potion"},{"floor":48,"key":"DuplicationPotion"}],"is_trial":false,"path_per_floor":["M","?","M","?","M","R","M","R","MIM","M","M","M","E","?","R","B",null,"M","$","M","$","M","R","M","M","MIM","E","R","M","R","E","R","B",null,"M","?","?","M","?","E","$","E","T","R","M","E","R","M","R","B"],"character_chosen":"Angela","items_purchased":["Membership Card","ReplayTheSpireMod:Lightbulb","Pondfish Scales","hubris:MysteriousPyramids"],"campfire_rested":0,"item_purchase_floors":[19,19,41,41],"current_hp_per_floor":[62,51,60,60,67,67,67,67,66,67,27,41,61,61,61,61,76,60,60,17,17,32,32,80,88,90,79,92,111,111,113,113,115,115,117,97,97,116,121,123,123,116,116,116,59,102,102,131,131,0,0],"gold":143,"neow_bonus":"ONE_RANDOM_RARE_CARD","is_daily":false,"chose_seed":false,"campfire_upgraded":0,"win_rate":0.0,"timestamp":1609170352,"path_taken":["M","?","M","?","?","R","M","R","MIM","M","M","M","E","?","R","BOSS","M","$","?","?","M","R","?","M","MIM","E","R","M","R","E","R","BOSS","M","?","?","?","?","E","?","E","T","R","M","E","R","M","R","BOSS"],"items_purchased_type":["Relic","Relic","Relic","Relic"],"build_version":"2020-12-22","purchased_purges":0,"victory":false,"max_hp_per_floor":[70,70,70,70,70,70,70,70,70,70,70,72,74,74,74,76,76,78,78,82,82,84,84,86,88,90,92,92,111,111,113,113,115,115,117,117,117,119,121,123,123,125,125,125,127,129,129,131,131,135,135],"card_choices":[{"not_picked":["ShyLook","SpiderBud"],"picked":"DreamingCurrent","floor":1},{"not_picked":["CherryBlossom","InTheNameOfLoveAndHate"],"picked":"SKIP","floor":1},{"not_picked":["Loneliness"],"picked":"Beak","floor":3},{"not_picked":["Impatience"],"picked":"ReplayTheSpireMod:Private Reserves","floor":4},{"not_picked":["RapturousDream"],"picked":"Lamp","floor":5},{"not_picked":["Noise"],"picked":"ScreamingWedge","floor":10},{"not_picked":["Noise"],"picked":"Logging","floor":11},{"not_picked":["SomewhereSpear"],"picked":"GoldRush","floor":12},{"not_picked":["SpiderBud","Yin"],"picked":"Freischutz","floor":13},{"not_picked":["Regret_ego","CUTE"],"picked":"SKIP","floor":13},{"not_picked":["Adoration"],"picked":"GoldRush","floor":16},{"not_picked":["CrumblingArmor","SpiderBud"],"picked":"Variant","floor":16},{"not_picked":["Lantern"],"picked":"RedEyes+1","floor":18},{"not_picked":["GrinderMk4+1","ScreamingWedge"],"picked":"SKIP","floor":20},{"not_picked":["CrumblingArmor","BeautyBeast"],"picked":"MeatLantern","floor":22},{"not_picked":["Regret_ego+1","Galaxy"],"picked":"SKIP","floor":22},{"not_picked":["LittleHelper","Funeral"],"picked":"NothingThere","floor":24},{"not_picked":["TheSmile"],"picked":"Tough+1","floor":24},{"not_picked":["LongBird","QueenBee"],"picked":"GreedKing","floor":25},{"not_picked":["Tough"],"picked":"WristCuter","floor":25},{"not_picked":["BigBadWolf","QueenBee"],"picked":"RedShoes","floor":26},{"not_picked":["CherryBlossom+1"],"picked":"Pleasure","floor":26},{"not_picked":["Penitence"],"picked":"Spore+1","floor":27},{"not_picked":["BearPaw","Beak+1"],"picked":"SKIP","floor":29},{"not_picked":["Moonlight","BearPaw+1"],"picked":"SKIP","floor":31},{"not_picked":["Yin","QueenOfHatred","Laetitia"],"picked":"Singing Bowl","floor":33},{"not_picked":["CENSORED_ego","Adoration"],"picked":"GoldRush","floor":33},{"not_picked":["Mercenary","SpiderBud"],"picked":"BlueStar","floor":35},{"not_picked":["Reverberation","Harmony","Laetitia_ego+1"],"picked":"SKIP","floor":35},{"not_picked":["LittlePrince","HeroicMonk","BlackSwan"],"picked":"Singing Bowl","floor":38},{"not_picked":["Lamp+1","Wingbeat+1","Penitence+1"],"picked":"SKIP","floor":38},{"not_picked":["HappyTeddy","QueenOfHatred","WhitesApple"],"picked":"Singing Bowl","floor":39},{"not_picked":["WhitesApple","UniverseFragment","BlackSwan"],"picked":"Singing Bowl","floor":40},{"not_picked":["Tough","Penitence"],"picked":"WristCuter","floor":40},{"not_picked":["BigBird","BlackArmy"],"picked":"WhiteNight","floor":42},{"not_picked":["Mimicry","TodaysExpression"],"picked":"Horn","floor":42},{"not_picked":["Laetitia","Bloodbath","HeroicMonk"],"picked":"Singing Bowl","floor":45},{"not_picked":["SomewhereSpear+1","Tough"],"picked":"LifeForTheDareDevil+1","floor":45},{"not_picked":["BlackArmy","LaLuna","BigBird"],"picked":"Singing Bowl","floor":46},{"not_picked":["Galaxy+1","SolemnVow+1","Laetitia_ego+1"],"picked":"SKIP","floor":46},{"not_picked":["SnowQueen","Rudolta","SingingMachine"],"picked":"Singing Bowl","floor":48},{"not_picked":["Penitence+1","CUTE"],"picked":"SomewhereSpear+1","floor":48}],"player_experience":261603,"relics_obtained":[{"floor":1,"key":"LetterFromLob"},{"floor":9,"key":"Art of War"},{"floor":13,"key":"Ginger"},{"floor":26,"key":"Eternal Feather"},{"floor":27,"key":"aspiration:ChemicalBlood"},{"floor":29,"key":"AtMidnight"},{"floor":39,"key":"jedi:kaleidoscope"},{"floor":40,"key":"Replay:Rubber Ducky"},{"floor":42,"key":"Anchor"},{"floor":43,"key":"conspire:DeflatedDodgeball"},{"floor":46,"key":"conspire:Boomerang"}],"event_choices":[{"damage_healed":0,"gold_gain":0,"player_choice":"Slimed","damage_taken":11,"max_hp_gain":0,"max_hp_loss":0,"event_name":"betterThird:BetterGoop","floor":2,"gold_loss":31},{"damage_healed":0,"gold_gain":1,"player_choice":"1","damage_taken":0,"max_hp_gain":0,"max_hp_loss":0,"event_name":"betterStone:BetterStone","floor":4,"gold_loss":0},{"damage_healed":0,"gold_gain":0,"player_choice":"Upgraded","damage_taken":0,"max_hp_gain":0,"max_hp_loss":0,"event_name":"Upgrade Shrine","floor":14,"gold_loss":0,"cards_upgraded":["GoldRush"]},{"damage_healed":0,"gold_gain":0,"player_choice":"Upgraded","damage_taken":0,"max_hp_gain":0,"max_hp_loss":0,"event_name":"Upgrade Shrine","floor":37,"gold_loss":0,"cards_upgraded":["GoldRush"]},{"damage_healed":0,"gold_gain":0,"player_choice":"Fight","damage_taken":0,"max_hp_gain":0,"max_hp_loss":0,"event_name":"Mysterious Sphere","floor":39,"gold_loss":0}],"is_beta":false,"boss_relics":[{"not_picked":["hubris:BlackHole","Velvet Choker"],"picked":"hubris:Backtick"},{"not_picked":["SacredBark","hubris:VirtuousBlindfold"],"picked":"Abe\u0027s Treasure"}],"items_purged_floors":[],"is_endless":false,"potions_floor_spawned":[3,10,12,22,24,25,35,45,48],"killed_by":"hubris:GrandSnecko","ascension_level":0}}