{"host":"wbjiqg83duq292na","time":1609120781,"event":{"mods":["BaseMod","Minty Spire (QoL Compilation)"],"gold_per_floor":[112,131,145,145,145,145,157,191,191,191,191],"floor_reached":10,"playtime":689,"items_purged":[],"score":71,"play_id":"010fb973-1c65-4b47-993d-e16a99a8c3f8","local_time":"20201227235941","is_ascension_mode":true,"campfire_choices":[{"floor":6,"key":"RECALL"}],"circlet_count":0,"master_deck":["Strike_G","Strike_G","Strike_G","Strike_G","Strike_G","Defend_G","Defend_G","Defend_G","Defend_G","Defend_G","Survivor","Neutralize","Backflip","Crippling Poison","Flechettes","Regret","Predator","Prepared"],"relics":["Coffee Dripper","Tiny Chest","Meat on the Bone","Shovel","Smiling Mask"],"acts_visited":["Exordium"],"potions_floor_usage":[],"damage_taken":[{"damage":0,"enemies":"Cultist","floor":1,"turns":5},{"damage":0,"enemies":"Small Slimes","floor":2,"turns":4},{"damage":0,"enemies":"2 Louse","floor":3,"turns":3},{"damage":19,"enemies":"Large Slime","floor":7,"turns":8},{"damage":26,"enemies":"3 Sentries","floor":8,"turns":11},{"damage":38,"enemies":"Gremlin Nob","floor":10,"turns":5}],"seed_played":"-5727787776363418718","potions_obtained":[],"is_trial":false,"path_per_floor":["M","M","M","?","?","R","M","E","T","E"],"character_chosen":"THE_SILENT","items_purchased":[],"campfire_rested":0,"item_purchase_floors":[],"current_hp_per_floor":[70,70,70,70,67,67,48,34,34,0,0],"gold":191,"neow_bonus":"BOSS_RELIC","is_daily":false,"chose_seed":false,"campfire_upgraded":0,"win_rate":0.0,"timestamp":1609120781,"path_taken":["M","?","M","?","?","R","M","E","T","E"],"items_purchased_type":[],"build_version":"2020-12-22","purchased_purges":0,"victory":false,"max_hp_per_floor":[70,70,70,70,70,70,70,70,70,70,70],"card_choices":[{"not_picked":["Acrobatics","Quick Slash"],"picked":"Backflip","floor":1},{"not_picked":["Poisoned Stab","Prepared"],"picked":"Crippling Poison","floor":2},{"not_picked":["Quick Slash","Prepared"],"picked":"Flechettes","floor":3},{"not_picked":["Bouncing Flask","Quick Slash"],"picked":"Predator","floor":7},{"not_picked":["Riddle With Holes","Deflect"],"picked":"Prepared","floor":8}],"player_experience":235194,"relics_obtained":[{"floor":8,"key":"Shovel"},{"floor":9,"key":"Smiling Mask"}],"event_choices":[{"damage_healed":0,"gold_gain":0,"player_choice":"Box","damage_taken":0,"relics_obtained":["Tiny Chest"],"max_hp_gain":0,"max_hp_loss":0,"event_name":"Big Fish","floor":4,"gold_loss":0,"cards_obtained":["Regret"]},{"damage_healed":0,"gold_gain":0,"player_choice":"Success","damage_taken":3,"relics_obtained":["Meat on the Bone"],"max_hp_gain":0,"max_hp_loss":0,"event_name":"Scrap Ooze","floor":5,"gold_loss":0}],"is_beta":false,"boss_relics":[],"items_purged_floors":[],"is_endless":false,"potions_floor_spawned":[],"killed_by":"Gremlin Nob","ascension_level":1}}