{"host":"cqsz3xitorlhbrhq","time":1609119502,"event":{"mods":["AchievementEnabler","BaseMod","Bestiary","Block Reminder","Minty Spire (QoL Compilation)","Relic Stats","egg"],"gold_per_floor":[119,194,369,369,383,415,435,435,435,435,126,159,12,344,344,442,442,452,464,480,480,480,511,511,539,562,219,219,238,257,273,273,368,368,388,401,451,451,470,498,498,523,523,540,450,450,460,10,10,10],"floor_reached":51,"playtime":2355,"items_purged":["Doubt","Strike_R","Strike_R"],"score":1021,"play_id":"fb42436b-5a38-47e0-bb1c-1f0445540af1","local_time":"20201227203822","is_ascension_mode":true,"campfire_choices":[{"data":"Whirlwind","floor":8.0,"key":"SMITH"},{"data":"Bash","floor":10.0,"key":"SMITH"},{"data":"Flex","floor":15.0,"key":"SMITH"},{"data":"Disarm","floor":24.0,"key":"SMITH"},{"data":"Limit Break","floor":32.0,"key":"SMITH"},{"data":"Offering","floor":41,"key":"SMITH"},{"data":"Spot Weakness","floor":46,"key":"SMITH"},{"data":"Battle Trance","floor":49,"key":"SMITH"}],"circlet_count":0,"master_deck":["Strike_R","Strike_R","Defend_R","Defend_R+1","Defend_R","Defend_R","Bash+1","Iron Wave","Twin Strike","Intimidate","Whirlwind+1","Flash of Steel","Flex+1","Shrug It Off","Immolate","Spot Weakness+1","Inflame","Disarm+1","Battle Trance+1","Limit Break+1","Evolve","Immolate","Shrug It Off","Offering+1","Power Through","Flash of Steel","Warcry+1","Shrug It Off+1","Feed+1"],"relics":["Burning Blood","NeowsBlessing","Paper Frog","Self Forming Clay","Mercury Hourglass","Chemical X","MealTicket","Old Coin","SlaversCollar","Meat on the Bone","Oddly Smooth Stone","Ancient Tea Set","Busted Crown","Torii","White Beast Statue","Molten Egg 2","Pantograph","Incense Burner"],"acts_visited":["Exordium","TheCity","TheBeyond"],"potions_floor_usage":[42,42,47,50,50,50],"damage_taken":[{"damage":0.0,"enemies":"Cultist","floor":1.0,"turns":1.0},{"damage":0.0,"enemies":"2 Louse","floor":5.0,"turns":1.0},{"damage":0.0,"enemies":"Gremlin Nob","floor":6.0,"turns":1.0},{"damage":2.0,"enemies":"Jaw Worm","floor":7.0,"turns":3.0},{"damage":15.0,"enemies":"Lagavulin","floor":12.0,"turns":3.0},{"damage":18.0,"enemies":"Gremlin Nob","floor":14.0,"turns":3.0},{"damage":0.0,"enemies":"Slime Boss","floor":16.0,"turns":4.0},{"damage":0.0,"enemies":"3 Byrds","floor":18.0,"turns":2.0},{"damage":4.0,"enemies":"2 Thieves","floor":19.0,"turns":2.0},{"damage":16.0,"enemies":"Centurion and Healer","floor":20.0,"turns":2.0},{"damage":20.0,"enemies":"Slavers","floor":23.0,"turns":2.0},{"damage":3.0,"enemies":"Gremlin Leader","floor":25.0,"turns":4.0},{"damage":0.0,"enemies":"Chosen and Byrds","floor":29.0,"turns":4.0},{"damage":0.0,"enemies":"Snake Plant","floor":30.0,"turns":1.0},{"damage":8.0,"enemies":"Centurion and Healer","floor":31.0,"turns":3.0},{"damage":34.0,"enemies":"Automaton","floor":33.0,"turns":5.0},{"damage":0.0,"enemies":"3 Shapes","floor":35.0,"turns":4.0},{"damage":25.0,"enemies":"3 Darklings","floor":36.0,"turns":2.0},{"damage":36.0,"enemies":"Mind Bloom Boss Battle","floor":37.0,"turns":4.0},{"damage":25.0,"enemies":"Maw","floor":39.0,"turns":6.0},{"damage":15,"enemies":"Reptomancer","floor":40,"turns":4},{"damage":1,"enemies":"Giant Head","floor":42,"turns":5},{"damage":7,"enemies":"Sphere and 2 Shapes","floor":44,"turns":3},{"damage":21,"enemies":"Jaw Worm Horde","floor":47,"turns":4},{"damage":49,"enemies":"Donu and Deca","floor":50,"turns":5}],"seed_played":"8725695096446267504","potions_obtained":[{"floor":6.0,"key":"Strength Potion"},{"floor":7.0,"key":"LiquidBronze"},{"floor":18.0,"key":"Strength Potion"},{"floor":23.0,"key":"FearPotion"},{"floor":29.0,"key":"DuplicationPotion"},{"floor":30.0,"key":"AttackPotion"},{"floor":33.0,"key":"DuplicationPotion"},{"floor":37.0,"key":"BloodPotion"},{"floor":40,"key":"Weak Potion"},{"floor":42,"key":"AttackPotion"},{"floor":44,"key":"Ancient Potion"},{"floor":47,"key":"BloodPotion"}],"is_trial":false,"path_per_floor":["M","?","?","T","M","E","M","R","T","R","$","E","$","E","R","B",null,"M","M","M","?","?","E","R","E","T","$","?","M","M","M","R","B",null,"M","M","?","?","M","E","R","E","T","M","?","R","M","$","R","B",null],"character_chosen":"IRONCLAD","items_purchased":["Chemical X","Flash of Steel","Shrug It Off","Limit Break","Evolve","Feed+1","Incense Burner"],"campfire_rested":0,"item_purchase_floors":[11,11,13,27,27,48,48],"current_hp_per_floor":[80,69,69,69,75,80,80,80,80,80,80,71,80,68,68,74,80,80,80,70,55,55,41,41,56,56,71,71,77,83,81,81,53,85,85,66,48,48,58,49,49,54,54,53,53,53,50,65,65,63],"gold":10,"neow_bonus":"THREE_ENEMY_KILL","is_daily":false,"chose_seed":false,"campfire_upgraded":8,"win_rate":0.0,"timestamp":1609119502,"path_taken":["M","?","?","?","?","E","M","R","T","R","?","E","$","E","R","BOSS","M","M","M","?","?","E","R","E","T","$","?","M","M","M","R","BOSS","M","M","?","?","M","E","R","E","T","M","?","R","M","$","R","BOSS"],"items_purchased_type":["Relic","Card","Card","Card","Card","Card","Relic"],"build_version":"2020-12-22","purchased_purges":3,"victory":true,"max_hp_per_floor":[80,80,80,80,80,80,80,80,80,80,80,80,80,80,80,80,80,80,80,80,85,85,85,85,85,85,85,85,85,85,85,85,85,85,85,85,85,85,85,85,85,85,85,85,85,85,85,85,85,89],"relic_stats":{"Busted Crown":18,"Torii":5,"counters":[25,77],"Self Forming Clay":[114],"Pantograph":20,"MealTicket":39,"Chemical X":[26],"obtain_stats":[{"NeowsBlessing":0,"Torii":37,"Self Forming Clay":6,"Oddly Smooth Stone":25,"Incense Burner":48,"Ancient Tea Set":26,"Burning Blood":0,"White Beast Statue":40,"Mercury Hourglass":9,"Old Coin":14,"SlaversCollar":17,"Busted Crown":34,"Pantograph":43,"MealTicket":12,"Molten Egg 2":42,"Chemical X":11,"Paper Frog":4,"Meat on the Bone":23},{"NeowsBlessing":0,"Torii":19,"Self Forming Clay":3,"Oddly Smooth Stone":12,"Incense Burner":24,"Ancient Tea Set":12,"Burning Blood":0,"White Beast Statue":21,"Mercury Hourglass":4,"Old Coin":6,"SlaversCollar":7,"Busted Crown":16,"Pantograph":22,"MealTicket":5,"Molten Egg 2":22,"Chemical X":4,"Paper Frog":1,"Meat on the Bone":11},{"NeowsBlessing":0,"Torii":51,"Self Forming Clay":3,"Oddly Smooth Stone":28,"Incense Burner":72,"Ancient Tea Set":28,"Burning Blood":0,"White Beast Statue":61,"Mercury Hourglass":6,"Old Coin":12,"SlaversCollar":16,"Busted Crown":41,"Pantograph":65,"MealTicket":9,"Molten Egg 2":65,"Chemical X":6,"Paper Frog":1,"Meat on the Bone":24}],"Burning Blood":125,"Mercury Hourglass":[318],"Meat on the Bone":48},"card_choices":[{"not_picked":["Body Slam","Warcry"],"picked":"Iron Wave","floor":1.0},{"not_picked":["Heavy Blade","Berserk"],"picked":"Twin Strike","floor":5.0},{"not_picked":["Rupture","Searing Blow"],"picked":"Intimidate","floor":6.0},{"not_picked":["True Grit","Body Slam"],"picked":"Whirlwind","floor":7.0},{"not_picked":["Pommel Strike","Reckless Charge"],"picked":"Flex","floor":12.0},{"not_picked":["Hemokinesis","True Grit","Warcry"],"picked":"SKIP","floor":14.0},{"not_picked":["Limit Break","Berserk"],"picked":"Immolate","floor":16.0},{"not_picked":["Clothesline","Fire Breathing"],"picked":"Spot Weakness","floor":18.0},{"not_picked":["Anger","Sword Boomerang","Clash"],"picked":"SKIP","floor":19.0},{"not_picked":["Anger","Body Slam+1","Wild Strike+1"],"picked":"SKIP","floor":20.0},{"not_picked":["Iron Wave","Combust"],"picked":"Disarm","floor":23.0},{"not_picked":["Wild Strike+1","Pummel"],"picked":"Battle Trance","floor":25.0},{"not_picked":["Clash","True Grit","Twin Strike"],"picked":"SKIP","floor":29.0},{"not_picked":["Perfected Strike+1","Clash","Sword Boomerang+1"],"picked":"SKIP","floor":30.0},{"not_picked":["Impervious","Sword Boomerang"],"picked":"Shrug It Off","floor":31.0},{"not_picked":["Demon Form","Impervious"],"picked":"Offering","floor":33.0},{"not_picked":["Clothesline+1"],"picked":"SKIP","floor":35.0},{"not_picked":[],"picked":"Power Through","floor":36.0},{"not_picked":[],"picked":"Flash of Steel","floor":38.0},{"not_picked":["Clash+1"],"picked":"SKIP","floor":39.0},{"not_picked":["Intimidate"],"picked":"SKIP","floor":40},{"not_picked":["Rampage+1"],"picked":"SKIP","floor":42},{"not_picked":[],"picked":"Warcry+1","floor":44},{"not_picked":[],"picked":"Shrug It Off+1","floor":47}],"player_experience":76381,"relics_obtained":[{"floor":4.0,"key":"Paper Frog"},{"floor":6.0,"key":"Self Forming Clay"},{"floor":9.0,"key":"Mercury Hourglass"},{"floor":12.0,"key":"MealTicket"},{"floor":14.0,"key":"Old Coin"},{"floor":23.0,"key":"Meat on the Bone"},{"floor":25.0,"key":"Oddly Smooth Stone"},{"floor":26.0,"key":"Ancient Tea Set"},{"floor":37.0,"key":"Torii"},{"floor":40,"key":"White Beast Statue"},{"floor":42,"key":"Molten Egg 2"},{"floor":43,"key":"Pantograph"}],"event_choices":[{"damage_healed":0.0,"max_hp_gain":0.0,"max_hp_loss":0.0,"gold_gain":75.0,"event_name":"World of Goop","player_choice":"Gather Gold","floor":2.0,"gold_loss":0.0,"damage_taken":11.0},{"damage_healed":0.0,"max_hp_gain":0.0,"max_hp_loss":0.0,"gold_gain":175.0,"event_name":"Liars Game","player_choice":"AGREE","floor":3.0,"gold_loss":0.0,"damage_taken":0.0,"cards_obtained":["Doubt"]},{"damage_healed":0.0,"max_hp_gain":5.0,"max_hp_loss":0.0,"gold_gain":0.0,"event_name":"Forgotten Altar","player_choice":"Shed Blood","floor":21.0,"gold_loss":0.0,"damage_taken":20.0},{"damage_healed":0.0,"max_hp_gain":0.0,"max_hp_loss":0.0,"gold_gain":0.0,"event_name":"The Library","player_choice":"Read","floor":22.0,"gold_loss":0.0,"damage_taken":0.0,"cards_obtained":["Inflame"]},{"damage_healed":0.0,"max_hp_gain":0.0,"max_hp_loss":0.0,"gold_gain":0.0,"event_name":"Duplicator","player_choice":"Copied","floor":28.0,"gold_loss":0.0,"damage_taken":0.0,"cards_obtained":["Immolate"]},{"damage_healed":0.0,"max_hp_gain":0.0,"max_hp_loss":0.0,"gold_gain":0.0,"event_name":"MindBloom","player_choice":"Fight","floor":37.0,"gold_loss":0.0,"damage_taken":0.0},{"damage_healed":0.0,"max_hp_gain":0.0,"max_hp_loss":0.0,"gold_gain":0.0,"event_name":"SensoryStone","player_choice":"Memory 1","floor":38.0,"gold_loss":0.0,"damage_taken":0.0},{"cards_removed":["Strike_R"],"damage_healed":0,"gold_gain":0,"player_choice":"Upgrade and Remove","damage_taken":0,"max_hp_gain":0,"max_hp_loss":0,"event_name":"Designer","floor":45,"gold_loss":90,"cards_upgraded":["Defend_R"]}],"is_beta":false,"boss_relics":[{"not_picked":["Snecko Eye","SacredBark"],"picked":"SlaversCollar"},{"not_picked":["Runic Dome","Calling Bell"],"picked":"Busted Crown"}],"items_purged_floors":[11,13,27],"is_endless":false,"potions_floor_spawned":[6,7,18,23,29,30,33,36,37,40,42,44,47],"ascension_level":4}}