{"host":"fj97s2ebyjeio3oc","time":1609157247,"event":{"mods":["AchievementEnabler","BaseMod","Colored Map","Colored Powertips","Hermit","Hubris","Infinite Spire","Koishi","Minty Spire (QoL Compilation)","StSLib","The Animator","The Bug Knight","The Cursed","The Disciple","The Jungle","The Necromancer"],"gold_per_floor":[114,129,304,4,4,34,49,49,49,64,79,97,136,160,160,160,160],"floor_reached":16,"playtime":1718,"items_purged":[],"score":112,"play_id":"4f4f3b0e-846e-4940-b5b0-c230c9451fc0","local_time":"20201228130727","daily_mods":["Allstar","Diverse","Night Terrors"],"is_ascension_mode":false,"campfire_choices":[{"floor":8,"key":"REST"},{"data":"Fiend Fire","floor":15,"key":"SMITH"}],"circlet_count":0,"master_deck":["Strike_Br","Strike_Br","Strike_Br","Strike_Br","Defend_Br","Defend_Br","Defend_Br","Defend_Br","SecondHand","PatternShift","Swift Strike","PanicButton","Discovery","Enlightenment","hubris:EnhanceAbility","Crescendo","Doubt","animator:TukaLunaMarceau","Fiend Fire+1","Conserve Battery","Sucker Punch","Death_March_Dance"],"relics":["Chronometer","Tiny Chest","Juzu Bracelet","Orichalcum","InkBottle","Odd Mushroom","CeramicFish"],"acts_visited":["Exordium"],"potions_floor_usage":[12,13,16,16],"damage_taken":[{"damage":0,"enemies":"Small Slimes","floor":1,"turns":7},{"damage":2,"enemies":"2 Louse","floor":2,"turns":3},{"damage":62,"enemies":"Lagavulin","floor":6,"turns":8},{"damage":1,"enemies":"Cultist","floor":7,"turns":6},{"damage":4,"enemies":"Exordium Wildlife","floor":10,"turns":6},{"damage":0,"enemies":"Blue Slaver","floor":11,"turns":4},{"damage":17,"enemies":"The Mushroom Lair","floor":12,"turns":5},{"damage":16,"enemies":"Gremlin Nob","floor":13,"turns":5},{"damage":1,"enemies":"Looter","floor":14,"turns":3},{"damage":31,"enemies":"Hexaghost","floor":16,"turns":14}],"seed_played":"3313543068594885719","potions_obtained":[{"floor":6,"key":"Weak Potion"},{"floor":7,"key":"Ancient Potion"},{"floor":10,"key":"SpeedPotion"},{"floor":12,"key":"SteroidPotion"}],"is_trial":false,"path_per_floor":["M","M","?","$","?","E","M","R","T","M","M","?","E","M","R","B"],"character_chosen":"CHRONO_CLASS","items_purchased":["Tiny Chest","Juzu Bracelet"],"campfire_rested":1,"item_purchase_floors":[4,4],"current_hp_per_floor":[65,63,63,63,68,6,5,65,65,61,61,44,28,27,27,0,0],"gold":160,"neow_bonus":"","is_daily":true,"chose_seed":false,"campfire_upgraded":1,"win_rate":0.0,"timestamp":1609157247,"path_taken":["M","M","?","$","?","E","M","R","T","M","M","?","E","M","R","BOSS"],"items_purchased_type":["Relic","Relic"],"build_version":"2020-12-22","purchased_purges":0,"victory":false,"max_hp_per_floor":[65,65,65,65,70,70,70,65,65,65,65,65,65,65,65,65,65],"card_choices":[{"not_picked":["Shrug It Off","Clothesline"],"picked":"Crescendo","floor":1},{"not_picked":["hermit:Headshot","Second Wind","Cold Snap"],"picked":"SKIP","floor":2},{"not_picked":["Break","animator:DolaCouronne","SashWhip"],"picked":"SKIP","floor":6},{"not_picked":["Blood_for_Blood","HollowMod:SiblingsShadow"],"picked":"animator:TukaLunaMarceau","floor":7},{"not_picked":["animator:Rider","Lockon","TheCursedMod:HellsGateOpen"],"picked":"SKIP","floor":10},{"not_picked":["animator:SilverFang","Blood_Curse"],"picked":"Fiend Fire","floor":11},{"not_picked":["TheCursedMod:CursedSpellbook","hermit:BodyArmor"],"picked":"Conserve Battery","floor":12},{"not_picked":["hermit:LoneWolf","HandsUpC"],"picked":"Sucker Punch","floor":13},{"not_picked":["Leap","animator:AcuraTooru"],"picked":"Death_March_Dance","floor":14}],"player_experience":449161,"relics_obtained":[{"floor":6,"key":"Orichalcum"},{"floor":9,"key":"InkBottle"},{"floor":12,"key":"Odd Mushroom"},{"floor":13,"key":"CeramicFish"}],"event_choices":[{"damage_healed":0,"gold_gain":175,"player_choice":"AGREE","damage_taken":0,"max_hp_gain":0,"max_hp_loss":0,"event_name":"Liars Game","floor":3,"gold_loss":0,"cards_obtained":["Doubt"]},{"damage_healed":0,"gold_gain":0,"player_choice":"Donut","damage_taken":0,"max_hp_gain":5,"max_hp_loss":0,"event_name":"Big Fish","floor":5,"gold_loss":0},{"damage_healed":0,"gold_gain":0,"player_choice":"Fought Mushrooms","damage_taken":0,"max_hp_gain":0,"max_hp_loss":0,"event_name":"Mushrooms","floor":12,"gold_loss":0}],"is_beta":false,"boss_relics":[],"items_purged_floors":[],"is_endless":false,"potions_floor_spawned":[6,7,10,12],"killed_by":"Hexaghost","ascension_level":0}}