{"host":"i0avyit1s6jb1siw","time":1609188566,"event":{"mods":["BaseMod","DeckTracker","Dota2Spire","Highlight Path","Minty Spire (QoL Compilation)","Quick Restart","Replay The Spire","StSLib","SuperFastMode"],"gold_per_floor":[365,377,377,51,62,62,96,10,64,91,91,111,139,153,153,227,227,246,246,246,246,259,292,305,225,225,31,51,51,51],"floor_reached":29,"playtime":901,"items_purged":["Strike_P","Strike_P","Strike_P"],"score":626,"play_id":"3af51f3f-9aa4-454b-8b40-7552a3d9fbaa","local_time":"20201228214926","is_ascension_mode":true,"campfire_choices":[{"data":"Apotheosis","floor":6.0,"key":"SMITH"},{"floor":15.0,"key":"REST"}],"circlet_count":0,"master_deck":["AscendersBane","Defend_P","Defend_P","Defend_P","Eruption+1","Vigilance","FlyingSleeves","InnerPeace+1","Apotheosis+1","FearNoEvil+1","Study","TalkToTheHand","MentalFortress","ForeignInfluence","LessonLearned+1","MentalFortress","Meditate"],"relics":["PureWater","Pen Nib","Centennial Puzzle","Lantern","StrikeDummy","Fusion Hammer","The Courier","Molten Egg 2"],"acts_visited":["Exordium","TheCity"],"potions_floor_usage":[29,29],"damage_taken":[{"damage":1.0,"enemies":"Small Slimes","floor":1.0,"turns":4.0},{"damage":0.0,"enemies":"Cultist","floor":2.0,"turns":2.0},{"damage":0.0,"enemies":"2 Louse","floor":5.0,"turns":2.0},{"damage":6.0,"enemies":"3 Sentries","floor":7.0,"turns":7.0},{"damage":0.0,"enemies":"Lagavulin","floor":10.0,"turns":4.0},{"damage":1.0,"enemies":"Exordium Wildlife","floor":12.0,"turns":2.0},{"damage":0.0,"enemies":"3 Sentries","floor":13.0,"turns":5.0},{"damage":19.0,"enemies":"Large Slime","floor":14.0,"turns":4.0},{"damage":8.0,"enemies":"Fading Forest","floor":16.0,"turns":13.0},{"damage":24,"enemies":"3 Byrds","floor":18,"turns":6},{"damage":11,"enemies":"Chosen","floor":22,"turns":7},{"damage":6,"enemies":"Replay:Snechameleon","floor":23,"turns":7},{"damage":10,"enemies":"3 Cultists","floor":24,"turns":3},{"damage":0,"enemies":"Cultist and Chosen","floor":28,"turns":7},{"damage":21,"enemies":"Book of Stabbing","floor":29,"turns":2}],"seed_played":"8174489727450976167","potions_obtained":[{"floor":2.0,"key":"BlessingOfTheForge"},{"floor":5.0,"key":"Venom Potion"},{"floor":7.0,"key":"AttackPotion"},{"floor":22,"key":"Regen Potion"}],"is_trial":false,"path_per_floor":["M","M","?","$","M","R","E","$","T","E","?","M","E","M","R","B",null,"M","?","?","?","M","E","M","$","T","$","M","E"],"character_chosen":"WATCHER","items_purchased":["Apotheosis","FearNoEvil","MentalFortress","MentalFortress","Meditate"],"campfire_rested":1,"item_purchase_floors":[4,4,8,27,27],"current_hp_per_floor":[42,42,42,42,42,42,36,36,36,36,36,35,35,16,36,36,60,36,36,36,36,25,19,9,9,9,9,9,0,0],"gold":51,"neow_bonus":"TWO_FIFTY_GOLD","is_daily":false,"chose_seed":false,"campfire_upgraded":1,"win_rate":0.0,"timestamp":1609188566,"path_taken":["M","M","?","$","M","R","E","?","T","E","?","M","E","M","R","BOSS","M","?","?","?","M","E","?","$","T","?","M","E"],"items_purchased_type":["Card","Card","Card","Card","Card"],"build_version":"2020-12-22","purchased_purges":3,"victory":false,"max_hp_per_floor":[68,68,68,68,68,68,68,68,68,68,68,68,68,68,68,68,68,68,68,68,68,68,68,68,68,68,68,68,68,68],"card_choices":[{"not_picked":["ThirdEye","Replay:Anticipation"],"picked":"FlyingSleeves","floor":1.0},{"not_picked":["Replay:Cycle","Replay:DivineShield"],"picked":"InnerPeace","floor":2.0},{"not_picked":["Crescendo","Replay:ManipulateFuture"],"picked":"Study","floor":5.0},{"not_picked":["Weave","SignatureMove"],"picked":"TalkToTheHand","floor":7.0},{"not_picked":["SignatureMove","Wireheading"],"picked":"ForeignInfluence","floor":10.0},{"not_picked":["FearNoEvil","ClearTheMind","FollowUp"],"picked":"SKIP","floor":12.0},{"not_picked":["Replay:BluntJabs","Crescendo","Study"],"picked":"SKIP","floor":13.0},{"not_picked":["Protect","Collect","SignatureMove"],"picked":"SKIP","floor":14.0},{"not_picked":["MasterReality","Replay:AllIn"],"picked":"LessonLearned","floor":16.0},{"not_picked":["CutThroughFate+1","Sanctity","Wireheading"],"picked":"SKIP","floor":18},{"not_picked":["Replay:AtTheReady+1","FlurryOfBlows","Wireheading"],"picked":"SKIP","floor":22},{"not_picked":["PathToVictory","Replay:DivineShield","Pray"],"picked":"SKIP","floor":23},{"not_picked":["SandsOfTime","LikeWater","Prostrate"],"picked":"SKIP","floor":24},{"not_picked":["WindmillStrike+1","Vengeance","FlyingSleeves+1"],"picked":"SKIP","floor":28}],"player_experience":2127018,"relics_obtained":[{"floor":7.0,"key":"Pen Nib"},{"floor":9.0,"key":"Centennial Puzzle"},{"floor":10.0,"key":"Lantern"},{"floor":13.0,"key":"StrikeDummy"},{"floor":23,"key":"The Courier"},{"floor":26,"key":"Molten Egg 2"}],"event_choices":[{"cards_removed":["Defend_P"],"damage_healed":0.0,"max_hp_gain":0.0,"max_hp_loss":0.0,"gold_gain":0.0,"event_name":"Wheel of Change","player_choice":"Card Removal","floor":3.0,"gold_loss":0.0,"damage_taken":0.0},{"cards_removed":["Strike_P"],"damage_healed":0.0,"max_hp_gain":0.0,"max_hp_loss":0.0,"gold_gain":0.0,"event_name":"Living Wall","player_choice":"Forget","floor":11.0,"gold_loss":0.0,"damage_taken":0.0},{"damage_healed":0,"gold_gain":0,"player_choice":"Ignored","damage_taken":0,"max_hp_gain":0,"max_hp_loss":0,"event_name":"Cursed Tome","floor":20,"gold_loss":0},{"damage_healed":0,"gold_gain":0,"player_choice":"Ignored","damage_taken":0,"max_hp_gain":0,"max_hp_loss":0,"event_name":"The Mausoleum","floor":21,"gold_loss":0}],"is_beta":false,"boss_relics":[{"not_picked":["ReplayTheSpireMod:DimensionalGlitch","Snecko Eye"],"picked":"Fusion Hammer"}],"items_purged_floors":[4,25,27],"is_endless":false,"potions_floor_spawned":[2,5,7,10,12,22,24],"killed_by":"Book of Stabbing","ascension_level":20}}