{"host":"0gl1h2c0bid0oqhv","time":1609156656,"event":{"mods":["BaseMod","Colored Map","Downfall","Googly Eyes","Highlight Path","Minty Spire (QoL Compilation)","Replay The Spire","StSLib","The Servant 0.9.4"],"gold_per_floor":[99,111,111,129,279,279,279,1,13,42,42,42,42,42],"floor_reached":12,"playtime":638,"items_purged":[],"score":73,"play_id":"e8f54b7e-3982-445e-92ea-ec39bcf77cfe","local_time":"20201228115736","is_ascension_mode":true,"campfire_choices":[{"floor":1,"key":"DIG"}],"circlet_count":0,"master_deck":["Guardian:Strike_Guardian","Guardian:Strike_Guardian","Guardian:Strike_Guardian","Guardian:Strike_Guardian","Guardian:Defend_Guardian","Guardian:Defend_Guardian","Guardian:Defend_Guardian","Guardian:Defend_Guardian","Guardian:CurlUp","Guardian:TwinSlam","Guardian:StasisField","Guardian:PrismaticBeam","Guardian:Gem_Orange","Guardian:Gem_Red","Slimebound:Icky","Guardian:RollAttack","Guardian:TimeBomb","Guardian:CrystalBeam","Guardian:Gem_Red","Guardian:Gem_Cyan","Guardian:Gem_Crimson","Guardian:Gem_Lightblue"],"relics":["Guardian:ModeShifter","ReplayTheSpireMod:TigerMarble","Guardian:PickAxe","downfall:BrokenWingStatue","ReplayTheSpireMod:Ninjato","Strawberry","Odd Mushroom"],"acts_visited":["Exordium"],"potions_floor_usage":[4,10],"damage_taken":[{"damage":0,"enemies":"Small Slimes","floor":2,"turns":4},{"damage":0,"enemies":"Jaw Worm","floor":4,"turns":3},{"damage":0,"enemies":"downfall:FleeingMerchant","floor":8,"turns":4},{"damage":0,"enemies":"2 Louse","floor":9,"turns":2},{"damage":23,"enemies":"The Mushroom Lair","floor":10,"turns":4},{"damage":28,"enemies":"3 Sentries","floor":12,"turns":7}],"seed_played":"4918792406418070494","potions_obtained":[{"floor":2,"key":"Fire Potion"},{"floor":4,"key":"PowerPotion"}],"is_trial":false,"path_per_floor":["R_BF","M","?","M","?","?","T","$","M","?","R","E"],"character_chosen":"GUARDIAN","items_purchased":["Strawberry","Guardian:TimeBomb","Guardian:CrystalBeam"],"campfire_rested":0,"item_purchase_floors":[8,8,8],"current_hp_per_floor":[80,80,80,80,80,80,80,87,87,64,64,36,36,36],"gold":42,"neow_bonus":"ONE_RANDOM_RARE_CARD","is_daily":false,"chose_seed":false,"campfire_upgraded":0,"win_rate":0.0,"timestamp":1609156656,"path_taken":["R_BF","M","?","M","?","?","T","$","M","?","R","E"],"items_purchased_type":["Relic","Card","Card"],"build_version":"2020-12-22","purchased_purges":0,"victory":false,"max_hp_per_floor":[80,80,80,80,80,80,80,87,87,87,87,87,87,87],"card_choices":[{"not_picked":["Guardian:ShieldSpikes","Guardian:Recover"],"picked":"Guardian:PrismaticBeam","floor":2},{"not_picked":["Guardian:VentSteam","Guardian:Preprogram"],"picked":"Guardian:Gem_Red","floor":4},{"not_picked":["Guardian:PrimingBeam","Guardian:CrystalBeam"],"picked":"Guardian:RollAttack","floor":8},{"not_picked":["Guardian:ChargeUp","Guardian:ChargeCore"],"picked":"Guardian:Gem_Red","floor":9},{"not_picked":["Guardian:PiercingHide","Guardian:Suspension"],"picked":"Guardian:Gem_Cyan","floor":10}],"player_experience":21528,"relics_obtained":[{"floor":1,"key":"ReplayTheSpireMod:TigerMarble"},{"floor":7,"key":"ReplayTheSpireMod:Ninjato"},{"floor":10,"key":"Odd Mushroom"}],"event_choices":[{"damage_healed":0,"gold_gain":0,"player_choice":"Fought Mushrooms","damage_taken":0,"max_hp_gain":0,"max_hp_loss":0,"event_name":"Mushrooms","floor":10,"gold_loss":0}],"is_beta":false,"boss_relics":[],"items_purged_floors":[],"is_endless":false,"potions_floor_spawned":[2,4],"killed_by":"3 Sentries","ascension_level":2}}