{"host":"qm4rv4rkpk76sbxu","time":1609176091,"event":{"mods":["BaseMod","Bestiary","Block Reminder","DeckTracker","Filter the Spire","Keyboard Shortcuts","Minty Spire (QoL Compilation)","MonsterHotkey","Potion Indicator Mod","Quick Restart","Random Character Button","Relic Stats","Slay-I","StSLib","ojb\u0027s Better Paths Mod"],"gold_per_floor":[364,378,398,418,83,83,117,137,137,137,137,172,172,1,1,74,74,91,91,108,36,56,89,104,104,104,129,129,143,178,195,195,195,195],"floor_reached":33,"playtime":2402,"items_purged":["Strike_B"],"score":594,"play_id":"835004ea-ae0e-4dba-bed5-a117da468a62","local_time":"20201228182131","is_ascension_mode":true,"campfire_choices":[{"data":"Sweeping Beam","floor":6.0,"key":"SMITH"},{"data":"Ball Lightning","floor":10.0,"key":"SMITH"},{"floor":13.0,"key":"REST"},{"data":"Zap","floor":15.0,"key":"SMITH"},{"floor":25.0,"key":"REST"},{"data":"Beam Cell","floor":28.0,"key":"SMITH"},{"data":"Go for the Eyes","floor":32.0,"key":"SMITH"}],"circlet_count":0,"master_deck":["AscendersBane","Strike_B","Strike_B","Strike_B","Defend_B","Defend_B","Defend_B","Defend_B+1","Zap+1","Dualcast","Ball Lightning+1","Sweeping Beam+1","Steam","Seek","Rip and Tear+1","Dramatic Entrance","Core Surge","Go for the Eyes+1","Core Surge","Beam Cell+1","Compile Driver+1","Cold Snap+1","Genetic Algorithm","Compile Driver","Steam"],"relics":["Cracked Core","Membership Card","Shuriken","The Courier","Akabeko","Omamori","PreservedInsect","Sling","Nuclear Battery","HornCleat","Pear","Whetstone","Red Mask"],"acts_visited":["Exordium","TheCity"],"potions_floor_usage":[33],"damage_taken":[{"damage":0.0,"enemies":"Cultist","floor":1.0,"turns":3.0},{"damage":0.0,"enemies":"Small Slimes","floor":2.0,"turns":3.0},{"damage":7.0,"enemies":"Jaw Worm","floor":3.0,"turns":3.0},{"damage":0.0,"enemies":"Red Slaver","floor":4.0,"turns":4.0},{"damage":8.0,"enemies":"Gremlin Nob","floor":7.0,"turns":3.0},{"damage":1.0,"enemies":"Looter","floor":8.0,"turns":2.0},{"damage":5.0,"enemies":"3 Sentries","floor":12.0,"turns":4.0},{"damage":22.0,"enemies":"Hexaghost","floor":16.0,"turns":6.0},{"damage":35.0,"enemies":"3 Byrds","floor":18.0,"turns":4.0},{"damage":8.0,"enemies":"Shell Parasite","floor":20.0,"turns":3.0},{"damage":0.0,"enemies":"Centurion and Healer","floor":22.0,"turns":3.0},{"damage":7.0,"enemies":"Book of Stabbing","floor":23.0,"turns":4.0},{"damage":0.0,"enemies":"Snecko","floor":24.0,"turns":3.0},{"damage":9.0,"enemies":"Slavers","floor":27.0,"turns":2.0},{"damage":4.0,"enemies":"Cultist and Chosen","floor":29.0,"turns":4.0},{"damage":0.0,"enemies":"Masked Bandits","floor":30.0,"turns":3.0},{"damage":0.0,"enemies":"Chosen and Byrds","floor":31.0,"turns":3.0},{"damage":26,"enemies":"Collector","floor":33,"turns":8}],"seed_played":"-886641684387858500","potions_obtained":[{"floor":1.0,"key":"Swift Potion"},{"floor":3.0,"key":"Energy Potion"},{"floor":12.0,"key":"LiquidBronze"},{"floor":18.0,"key":"SmokeBomb"},{"floor":29.0,"key":"Fire Potion"},{"floor":31.0,"key":"Weak Potion"}],"is_trial":false,"path_per_floor":["M","M","M","M","$","R","E","M","T","R","?","E","R","$","R","B",null,"M","?","M","$","M","E","M","R","T","E","R","M","?","M","R","B"],"character_chosen":"DEFECT","items_purchased":["Membership Card","Shuriken","PreservedInsect","Dramatic Entrance","Sling","Compile Driver","LiquidMemories","PowerPotion"],"campfire_rested":2,"item_purchase_floors":[5,5,14,14,14,21,21,21],"current_hp_per_floor":[46,46,39,39,39,39,31,30,30,30,9,4,25,25,25,3,54,19,19,11,11,11,4,4,25,35,26,26,22,22,22,22,0,0],"gold":195,"neow_bonus":"TWO_FIFTY_GOLD","is_daily":false,"chose_seed":false,"campfire_upgraded":5,"win_rate":0.0,"timestamp":1609176091,"path_taken":["M","M","?","M","$","R","E","M","T","R","?","E","R","$","R","BOSS","BOSS","M","?","?","$","M","E","M","R","T","E","R","M","?","M","R","BOSS"],"items_purchased_type":["Relic","Relic","Relic","Card","Relic","Card","Potion","Potion"],"build_version":"2020-12-22","purchased_purges":1,"victory":false,"max_hp_per_floor":[71,71,71,71,71,71,71,71,71,71,71,71,71,71,71,71,71,71,71,71,71,71,71,71,71,81,81,81,81,81,81,81,81,81],"relic_stats":{"counters":[18,65],"Shuriken":[30],"PreservedInsect":95,"Whetstone":["Compile Driver","Cold Snap"],"obtain_stats":[{"Pear":26,"The Courier":7,"PreservedInsect":14,"Omamori":12,"Whetstone":27,"Sling":14,"Akabeko":9,"Nuclear Battery":17,"HornCleat":23,"Shuriken":5,"Red Mask":30,"Membership Card":5,"Cracked Core":0},{"Pear":13,"The Courier":5,"PreservedInsect":7,"Omamori":7,"Whetstone":14,"Sling":7,"Akabeko":6,"Nuclear Battery":8,"HornCleat":12,"Shuriken":4,"Red Mask":16,"Membership Card":4,"Cracked Core":0},{"Pear":45,"The Courier":16,"PreservedInsect":22,"Omamori":22,"Whetstone":47,"Sling":22,"Akabeko":18,"Nuclear Battery":28,"HornCleat":42,"Shuriken":13,"Red Mask":54,"Membership Card":13,"Cracked Core":0}]},"card_choices":[{"not_picked":["Fusion","Blizzard"],"picked":"Ball Lightning","floor":1.0},{"not_picked":["Scrape","Rebound"],"picked":"Sweeping Beam","floor":2.0},{"not_picked":["Rebound","Gash"],"picked":"Steam","floor":3.0},{"not_picked":["Hologram","Turbo"],"picked":"Seek","floor":4.0},{"not_picked":["Coolheaded","Steam"],"picked":"Rip and Tear","floor":7.0},{"not_picked":["Gash","Hello World","Chaos"],"picked":"SKIP","floor":8.0},{"not_picked":["Redo","Consume","Sweeping Beam"],"picked":"SKIP","floor":12.0},{"not_picked":["Buffer","Biased Cognition"],"picked":"Core Surge","floor":16.0},{"not_picked":["Ball Lightning+1","Lockon"],"picked":"Go for the Eyes","floor":18.0},{"not_picked":["Steam Power","Coolheaded"],"picked":"Beam Cell","floor":20.0},{"not_picked":["Barrage","Beam Cell","Gash"],"picked":"SKIP","floor":22.0},{"not_picked":["Go for the Eyes","Turbo","Redo"],"picked":"SKIP","floor":23.0},{"not_picked":["Stack","Beam Cell"],"picked":"Cold Snap","floor":24.0},{"not_picked":["Stack","Ball Lightning"],"picked":"Genetic Algorithm","floor":27.0},{"not_picked":["Blizzard","Beam Cell"],"picked":"Compile Driver","floor":29.0},{"not_picked":["Gash","Hello World"],"picked":"Steam","floor":31.0}],"player_experience":1146267,"relics_obtained":[{"floor":7.0,"key":"The Courier"},{"floor":9.0,"key":"Akabeko"},{"floor":12.0,"key":"Omamori"},{"floor":23.0,"key":"HornCleat"},{"floor":26.0,"key":"Pear"},{"floor":27.0,"key":"Whetstone"},{"floor":30.0,"key":"Red Mask"}],"event_choices":[{"damage_healed":0.0,"max_hp_gain":0.0,"max_hp_loss":0.0,"gold_gain":0.0,"event_name":"Shining Light","player_choice":"Entered Light","floor":11.0,"gold_loss":0.0,"damage_taken":21.0,"cards_upgraded":["Defend_B","Rip and Tear"]},{"damage_healed":0.0,"max_hp_gain":0.0,"max_hp_loss":0.0,"gold_gain":0.0,"event_name":"Duplicator","player_choice":"Copied","floor":19.0,"gold_loss":0.0,"damage_taken":0.0,"cards_obtained":["Core Surge"]},{"damage_healed":0.0,"max_hp_gain":0.0,"max_hp_loss":0.0,"gold_gain":0.0,"event_name":"Masked Bandits","player_choice":"Fought Bandits","floor":30.0,"gold_loss":0.0,"damage_taken":0.0}],"is_beta":false,"boss_relics":[{"not_picked":["SlaversCollar","Runic Pyramid"],"picked":"Nuclear Battery"}],"items_purged_floors":[5],"is_endless":false,"potions_floor_spawned":[1,3,12,18,22,29,31],"killed_by":"Collector","ascension_level":20}}