{"host":"98ajcw3do3zsggh8","time":1609151437,"event":{"mods":["BaseMod","Minty Spire (QoL Compilation)","Replay The Spire","StSLib"],"gold_per_floor":[113,147,162,162,162,190,190,217,244,274,274,293,320,10,10,10,10],"floor_reached":16,"playtime":568,"items_purged":[],"score":166,"play_id":"7646c1fa-ee1a-455a-8b6f-eb557667d029","local_time":"20201228113037","is_ascension_mode":true,"campfire_choices":[{"data":"Deadly Poison","floor":7,"key":"SMITH"},{"data":"Dagger Spray","floor":11,"key":"SMITH"},{"data":"Bane","floor":15,"key":"SMITH"}],"circlet_count":0,"master_deck":["Strike_G","Strike_G+1","Strike_G","Strike_G","Defend_G","Defend_G","Defend_G","Defend_G+1","Defend_G","Survivor","Neutralize","ReplayTheSpireMod:Exploit Weakness","Dagger Spray+1","Deadly Poison+1","Bane+1"],"relics":["Ring of the Snake","NeowsBlessing","Blue Candle","Meat on the Bone","Simple Rune","Nunchaku","Pen Nib","Anchor","Ginger"],"acts_visited":["Exordium"],"potions_floor_usage":[8,8,8,16,16],"damage_taken":[{"damage":0,"enemies":"2 Louse","floor":1,"turns":1},{"damage":0,"enemies":"Cultist","floor":3,"turns":1},{"damage":0,"enemies":"Gremlin Nob","floor":6,"turns":1},{"damage":4,"enemies":"3 Sentries","floor":8,"turns":6},{"damage":15,"enemies":"Lagavulin","floor":10,"turns":6},{"damage":1,"enemies":"Jaw Worm","floor":12,"turns":2},{"damage":22,"enemies":"Gremlin Nob","floor":13,"turns":4},{"damage":39,"enemies":"Fading Forest","floor":16,"turns":11}],"seed_played":"-6508964963747606663","potions_obtained":[{"floor":2,"key":"Fire Potion"},{"floor":2,"key":"Dexterity Potion"},{"floor":2,"key":"AttackPotion"},{"floor":8,"key":"Block Potion"},{"floor":10,"key":"Explosive Potion"},{"floor":13,"key":"Weak Potion"}],"is_trial":false,"path_per_floor":["M","?","M","?","T","E","R","E","T","E","R","M","E","$","R","B"],"character_chosen":"THE_SILENT","items_purchased":["Ginger"],"campfire_rested":0,"item_purchase_floors":[14],"current_hp_per_floor":[70,42,42,35,35,35,35,43,43,40,40,39,29,29,29,0,0],"gold":10,"neow_bonus":"THREE_ENEMY_KILL","is_daily":false,"chose_seed":false,"campfire_upgraded":3,"win_rate":0.0,"timestamp":1609151437,"path_taken":["M","?","?","?","?","E","R","E","T","E","R","M","E","$","R","BOSS"],"items_purchased_type":["Relic"],"build_version":"2020-12-22","purchased_purges":0,"victory":false,"max_hp_per_floor":[70,70,70,70,70,70,70,70,70,70,70,70,70,70,70,70,70],"card_choices":[{"not_picked":["Sucker Punch","Blade Dance","Dodge and Roll"],"picked":"SKIP","floor":1},{"not_picked":["Deflect","Caltrops"],"picked":"ReplayTheSpireMod:Exploit Weakness","floor":2},{"not_picked":["Dodge and Roll","Backflip"],"picked":"Dagger Spray","floor":3},{"not_picked":["Slice","Flying Knee"],"picked":"Deadly Poison","floor":6},{"not_picked":["ReplayTheSpireMod:Tripwire","Expertise"],"picked":"Bane","floor":8},{"not_picked":["Venomology","ReplayTheSpireMod:Tripwire","Bane"],"picked":"SKIP","floor":10},{"not_picked":["ReplayTheSpireMod:Scrap Shanks","ReplayTheSpireMod:Shiv Toss","Deflect"],"picked":"SKIP","floor":12},{"not_picked":["Escape Plan","Draining Mist","Well Laid Plans"],"picked":"SKIP","floor":13}],"player_experience":282950,"relics_obtained":[{"floor":5,"key":"Blue Candle"},{"floor":6,"key":"Meat on the Bone"},{"floor":8,"key":"Simple Rune"},{"floor":9,"key":"Nunchaku"},{"floor":10,"key":"Pen Nib"},{"floor":13,"key":"Anchor"}],"event_choices":[{"cards_removed":["Strike_G"],"damage_healed":0,"gold_gain":0,"player_choice":"Card Removal","damage_taken":7,"max_hp_gain":0,"max_hp_loss":0,"event_name":"Golden Wing","floor":4,"gold_loss":0}],"is_beta":false,"boss_relics":[],"items_purged_floors":[],"is_endless":false,"potions_floor_spawned":[8,10,13],"killed_by":"Fading Forest","ascension_level":2}}