{"host":"7z347kdhnquy3q4q","time":1609159095,"event":{"mods":["Act Like it!","Aspiration","BaseMod","Downfall","Hubris","Infinite Spire","Minty Spire (QoL Compilation)","MostiFishMod","Permanent Neow","Potionbrewer","Replay The Spire","Robot Space Explorer","Spicy Shops","StSLib","Wandering Minibosses","vexMod"],"gold_per_floor":[115,115,134,167,39,39,67,77,103,103,143,68,94,129,129,212,212,240,240,276,296,305,346,346,356,356,356,336,376,394,410,410,498,498,530,530,539,565,565,565,135,185,235,286,586,634,675,17,17,24],"floor_reached":51,"playtime":1839,"items_purged":["RobotSpaceExplorer:Defend"],"score":1874,"play_id":"a8ee4e91-3198-4c70-8421-1bb056056044","local_time":"20201228063815","is_ascension_mode":true,"campfire_choices":[{"data":"Eruption","floor":6,"key":"SMITH"},{"data":"RobotSpaceExplorer:Fix","floor":10,"key":"SMITH"},{"floor":15,"key":"REST"},{"data":"Whirlwind","floor":24,"key":"SMITH"},{"floor":27,"key":"RECALL"},{"data":"ReplayTheSpireMod:Muscle Training","floor":32,"key":"SMITH"},{"data":"Barricade","floor":40,"key":"SMITH"},{"floor":49,"key":"DIG"}],"circlet_count":0,"master_deck":["AscendersBane","RobotSpaceExplorer:Strike","RobotSpaceExplorer:Strike","RobotSpaceExplorer:Strike","RobotSpaceExplorer:Defend","RobotSpaceExplorer:Defend","RobotSpaceExplorer:Defend","RobotSpaceExplorer:Scan","RobotSpaceExplorer:MiniLasers","Eruption+1","RobotSpaceExplorer:Discharger","RobotSpaceExplorer:MiniDrones","ReplayTheSpireMod:Splinters","RobotSpaceExplorer:PowerCollector","RobotSpaceExplorer:Fix+1","RobotSpaceExplorer:RigExplosive","RobotSpaceExplorer:DroneSwarm","RobotSpaceExplorer:JunkDive","RobotSpaceExplorer:Comet","RobotSpaceExplorer:Comet","Whirlwind+1","RobotSpaceExplorer:StarLightning","RobotSpaceExplorer:PowerCollector","infinitespire:UltimateForm","Inflame+1","ReplayTheSpireMod:Muscle Training+1","Barricade+1","Fire Breathing","infinitespire:DeathsTouch","Apotheosis","Replay:BasicMightCard","RobotSpaceExplorer:MiniDrones","Impervious","RobotSpaceExplorer:Pulsar","Replay:Undeath\u0027s Touch+1","expansioncontent:DashGenerateEvil"],"relics":["RobotSpaceExplorer:RoboCore","DaveBox","Jackal-EndForJourney","aspiration:Nostalgia","m_BurningSludge","SynthV:TestCard","SentryEyes","infinitespire:WardingShard","hubris:FunFungus","CeramicFish","potionbrewer:SlideRule","vexMod:FocusSash","Replay:Grab Bag","hubris:TerracottaHorce","Busted Crown","aspiration:IroncladSkillbook","ChiXiaoBlade","wanderingMiniBosses:CarrionFlame","Red Mask","FeatherPendant","vexMod:ConsolationPrize","ReplayTheSpireMod:Shallot","CaptainsWheel","RobotSpaceExplorer:ClockworkSextant","Transparent","hubris:Towel","TimeFreeze","Juzu Bracelet","Replay:Mystery Machine","Incense Burner","vexMod:MemoryStick","ClockworkSouvenir","hubris:Reverence","PreservedInsect"],"acts_visited":["Exordium","TheCity","TheBeyond"],"potions_floor_usage":[11,14,14,16,20,29],"damage_taken":[{"damage":0,"enemies":"2 Louse","floor":1,"turns":1},{"damage":3,"enemies":"Small Slimes","floor":3,"turns":4},{"damage":0,"enemies":"Replay:BlueRogue","floor":7,"turns":4},{"damage":0,"enemies":"Jaw Worm","floor":8,"turns":3},{"damage":2,"enemies":"3 Sentries","floor":11,"turns":2},{"damage":0,"enemies":"3 Louse","floor":13,"turns":1},{"damage":17,"enemies":"Lagavulin","floor":14,"turns":4},{"damage":2,"enemies":"Slime Boss","floor":16,"turns":4},{"damage":0,"enemies":"Spheric Guardian","floor":18,"turns":2},{"damage":2,"enemies":"Masked Bandits","floor":20,"turns":4},{"damage":0,"enemies":"Shell Parasite","floor":21,"turns":2},{"damage":0,"enemies":"Gremlin Leader","floor":23,"turns":2},{"damage":0,"enemies":"3 Cultists","floor":25,"turns":2},{"damage":0,"enemies":"Slavers","floor":29,"turns":1},{"damage":0,"enemies":"Shelled Parasite and Fungi","floor":30,"turns":1},{"damage":0,"enemies":"Centurion and Healer","floor":31,"turns":1},{"damage":0,"enemies":"Collector","floor":33,"turns":1},{"damage":7,"enemies":"3 Shapes","floor":35,"turns":1},{"damage":7,"enemies":"Orb Walker","floor":38,"turns":1},{"damage":7,"enemies":"Reptomancer","floor":42,"turns":1},{"damage":7,"enemies":"Nemesis","floor":44,"turns":1},{"damage":14,"enemies":"Giant Head","floor":46,"turns":2},{"damage":14,"enemies":"Maw","floor":47,"turns":2},{"damage":7,"enemies":"Donu and Deca","floor":50,"turns":1}],"seed_played":"6314275965084630078","potions_obtained":[{"floor":1,"key":"LiquidMemories"},{"floor":8,"key":"Explosive Potion"},{"floor":11,"key":"ColorlessPotion"},{"floor":13,"key":"PowerPotion"},{"floor":18,"key":"potionbrewer:NoxiousPotion"},{"floor":20,"key":"Regen Potion"},{"floor":30,"key":"Dexterity Potion"}],"is_trial":false,"path_per_floor":["M","?","M","?","$","R","E","M","T","R","E","$","M","E","R","B",null,"M","$","?","M","AVR","E","R","M","T","R","?","E","M","M","R","B",null,"M","?","?","M","?","R","$","E","T","E","?","E","M","$","R","B",null],"character_chosen":"RobotSpaceExplorer","items_purchased":["infinitespire:WardingShard","TimeFreeze","Apotheosis","Replay:BasicMightCard","ClockworkSouvenir","expansioncontent:DashGenerateEvil","hubris:Reverence"],"campfire_rested":1,"item_purchase_floors":[5,41,41,41,48,48,48],"current_hp_per_floor":[64,57,54,54,54,54,54,56,56,56,60,60,60,50,71,70,71,71,71,71,71,71,71,71,71,71,71,71,71,71,71,71,71,71,71,71,55,71,71,71,71,71,71,71,71,71,71,71,71,71],"gold":24,"neow_bonus":"NOSTALGIA","is_daily":false,"chose_seed":false,"campfire_upgraded":5,"win_rate":0.0,"timestamp":1609159095,"path_taken":["M","?","M","?","$","R","E","M","T","R","E","$","M","E","R","BOSS","M","$","?","M","AVR","E","R","M","T","R","?","E","M","?","R","BOSS","M","?","?","M","?","R","$","E","T","E","?","E","M","$","R","BOSS"],"items_purchased_type":["Relic","Relic","Card","Card","Relic","Card","Relic"],"build_version":"2020-12-22","purchased_purges":1,"victory":true,"max_hp_per_floor":[71,71,71,71,71,71,71,71,71,71,71,71,71,71,71,71,71,71,71,71,71,71,71,71,71,71,71,71,71,71,71,71,71,71,71,71,71,71,71,71,71,71,71,71,71,71,71,71,71,71],"card_choices":[{"not_picked":["RobotSpaceExplorer:Smokescreen","Twin Strike"],"picked":"RobotSpaceExplorer:Discharger","floor":1},{"not_picked":["RobotSpaceExplorer:DoubleBlock","RobotSpaceExplorer:Probe","RobotSpaceExplorer:ShockKick","RobotSpaceExplorer:FrostMissile"],"picked":"RobotSpaceExplorer:MiniDrones","floor":3},{"not_picked":["RobotSpaceExplorer:SurgingStrike","RobotSpaceExplorer:SwiftStep","RobotSpaceExplorer:ScrapMissile","RobotSpaceExplorer:Smokescreen"],"picked":"RobotSpaceExplorer:PowerCollector","floor":4},{"not_picked":["RobotSpaceExplorer:FreezeRay","RobotSpaceExplorer:BigMissile","RobotSpaceExplorer:Counterblock","RobotSpaceExplorer:ShockKick"],"picked":"RobotSpaceExplorer:Fix","floor":7},{"not_picked":["RobotSpaceExplorer:ShovelStrike","RobotSpaceExplorer:FrostMissile","RobotSpaceExplorer:DoubleFind","RobotSpaceExplorer:Reload"],"picked":"RobotSpaceExplorer:RigExplosive","floor":8},{"not_picked":["Evolve","RobotSpaceExplorer:StarLightning","RobotSpaceExplorer:Counterblock","RobotSpaceExplorer:RigExplosive"],"picked":"RobotSpaceExplorer:DroneSwarm","floor":11},{"not_picked":["Blood for Blood","RobotSpaceExplorer:Pulsar","RobotSpaceExplorer:ScrapMissile","RobotSpaceExplorer:BigMissile"],"picked":"RobotSpaceExplorer:JunkDive","floor":13},{"not_picked":["RobotSpaceExplorer:ScrapMissile","RobotSpaceExplorer:HighVoltage","RobotSpaceExplorer:ShockKick","RobotSpaceExplorer:MiniDrones"],"picked":"RobotSpaceExplorer:Comet","floor":14},{"not_picked":["Reaper","RobotSpaceExplorer:Accelerator","Hemogenesis","RobotSpaceExplorer:Scanner"],"picked":"RobotSpaceExplorer:Comet","floor":16},{"not_picked":["Power Through+1","RobotSpaceExplorer:Electropulse","Intimidate"],"picked":"Whirlwind","floor":18},{"not_picked":["Thunderclap","Metallicize","Anger+1"],"picked":"RobotSpaceExplorer:StarLightning","floor":20},{"not_picked":["RobotSpaceExplorer:MiniDrones","RobotSpaceExplorer:IronShell","RobotSpaceExplorer:Jetpack"],"picked":"RobotSpaceExplorer:PowerCollector","floor":21},{"not_picked":["RobotSpaceExplorer:Smokescreen","Exhume","RobotSpaceExplorer:Counterblock"],"picked":"Inflame+1","floor":23},{"not_picked":["RobotSpaceExplorer:RigExplosive","RobotSpaceExplorer:Probe","Abandon","Anger"],"picked":"SKIP","floor":25},{"not_picked":["RobotSpaceExplorer:Reload","RobotSpaceExplorer:SlimeMissile","RobotSpaceExplorer:HighVoltage"],"picked":"ReplayTheSpireMod:Muscle Training","floor":29},{"not_picked":["Run Through","Perfected Strike","Wild Strike","RobotSpaceExplorer:FrostMissile"],"picked":"SKIP","floor":30},{"not_picked":["RobotSpaceExplorer:IronShell","Thunderclap","Twin Strike","Replay:Undeath\u0027s Touch"],"picked":"SKIP","floor":31},{"not_picked":["MostiFishMod:UltimateDefense","Demonic Infusion","Demon Form"],"picked":"Barricade","floor":33},{"not_picked":["Warcry","Iron Wave","Replay:Undeath\u0027s Touch"],"picked":"Fire Breathing","floor":35},{"not_picked":["infinitespire:FutureSight","ReplayTheSpireMod:??????????????????????"],"picked":"infinitespire:DeathsTouch","floor":37},{"not_picked":["RobotSpaceExplorer:Electroshield","RobotSpaceExplorer:SwiftStep","MostiFishMod:BrandingRite","Sentinel"],"picked":"SKIP","floor":38},{"not_picked":["RobotSpaceExplorer:Ammunition","RobotSpaceExplorer:SurgingShield","RobotSpaceExplorer:DoubleBlock"],"picked":"RobotSpaceExplorer:MiniDrones","floor":42},{"not_picked":["Massacre+1","Searing Blow","RobotSpaceExplorer:ToxicBomb"],"picked":"Impervious","floor":44},{"not_picked":["Blood for Blood+1","Twin Strike","RobotSpaceExplorer:Arsenal"],"picked":"RobotSpaceExplorer:Pulsar","floor":46},{"not_picked":["RobotSpaceExplorer:Discharger","hubris:ReadiedAction","RobotSpaceExplorer:ImprovisedAttack"],"picked":"Replay:Undeath\u0027s Touch+1","floor":47}],"player_experience":1924781,"relics_obtained":[{"floor":1,"key":"SynthV:TestCard"},{"floor":4,"key":"SentryEyes"},{"floor":7,"key":"hubris:FunFungus"},{"floor":9,"key":"CeramicFish"},{"floor":11,"key":"potionbrewer:SlideRule"},{"floor":14,"key":"vexMod:FocusSash"},{"floor":20,"key":"wanderingMiniBosses:CarrionFlame"},{"floor":20,"key":"Red Mask"},{"floor":23,"key":"ReplayTheSpireMod:Shallot"},{"floor":26,"key":"CaptainsWheel"},{"floor":29,"key":"RobotSpaceExplorer:ClockworkSextant"},{"floor":42,"key":"Juzu Bracelet"},{"floor":43,"key":"Replay:Mystery Machine"},{"floor":44,"key":"Incense Burner"},{"floor":46,"key":"vexMod:MemoryStick"},{"floor":49,"key":"PreservedInsect"}],"event_choices":[{"cards_removed":["RobotSpaceExplorer:Strike"],"damage_healed":0,"gold_gain":0,"player_choice":"Card Removal","damage_taken":7,"max_hp_gain":0,"max_hp_loss":0,"event_name":"Golden Wing","floor":2,"gold_loss":0},{"damage_healed":0,"gold_gain":0,"player_choice":"Fought Bandits","damage_taken":0,"max_hp_gain":0,"max_hp_loss":0,"event_name":"Masked Bandits","floor":20,"gold_loss":0},{"damage_healed":0,"gold_gain":0,"player_choice":"Bought 1 Potion","damage_taken":0,"max_hp_gain":0,"max_hp_loss":0,"event_name":"The Woman in Blue","floor":28,"gold_loss":0},{"damage_healed":0,"gold_gain":300,"player_choice":"Gold","damage_taken":0,"max_hp_gain":0,"max_hp_loss":0,"event_name":"Wheel of Change","floor":45,"gold_loss":0}],"is_beta":false,"boss_relics":[{"not_picked":["Replay:Wanted Poster","Coffee Dripper"],"picked":"Replay:Grab Bag"},{"not_picked":["ReplayTheSpireMod:DimensionalGlitch","vexMod:RockOfEvil"],"picked":"hubris:TerracottaHorce"},{"not_picked":["aspiration:FutureDiary","infinitespire:Cupcake"],"picked":"Busted Crown"},{"not_picked":["Astrolabe","BloodWine"],"picked":"aspiration:IroncladSkillbook"},{"not_picked":["RhineFirstAidKit","vexMod:MysteryBossChallenge"],"picked":"ChiXiaoBlade"},{"not_picked":["GuanYuAspect","RhineSuit"],"picked":"Transparent"}],"items_purged_floors":[12],"is_endless":false,"potions_floor_spawned":[1,8,11,13,18,20,30,33,38,42,46],"ascension_level":14}}