{"host":"pr6x8hyknev46vut","time":1609117127,"event":{"mods":["Aspiration","BaseMod","CCEM","Colored Map","Downfall","Googly Eyes","Hermit","Highlight Path","Minty Spire (QoL Compilation)","Permanent Neow","Replay The Spire","Shop Mod","StSLib","The Bug Knight","The Construct","The Cursed","The Disciple","The Necromancer","The Runesmith","The Servant 0.9.4"],"gold_per_floor":[119,68,79,79,79,79,95,130,130,130,165,182,26,59,71,186,198,191,23,42,54,54,54,82,93,119,137,152,163,163,163,163,262,262,280,280,0,11,22,22,49,49,49,49,64,79,91,391,391,391],"floor_reached":51,"playtime":2392,"items_purged":[],"score":844,"play_id":"3a7625bd-b0e7-4903-a320-b90c829e8887","local_time":"20201228015847","is_ascension_mode":false,"campfire_choices":[{"floor":6,"key":"REST"},{"floor":10,"key":"REST"},{"floor":15,"key":"REST"},{"floor":23,"key":"REST"},{"floor":30,"key":"REST"},{"floor":32,"key":"REST"},{"data":"Gash","floor":40,"key":"SMITH"},{"data":"Auto Shields","floor":42,"key":"SMITH"},{"floor":49,"key":"REST"}],"circlet_count":0,"master_deck":["Strike_B+1","Strike_B+1","Strike_B+1","Strike_B+1","Defend_B+1","Defend_B+1","Defend_B+1","Defend_B+1","Zap","Dualcast","Rebound","Ball Lightning","Panic Button","Gash","Cold Snap","Undo+1","Go for the Eyes","Auto Shields+1","Amplify+1","Gash+1","Compile Driver","Sweeping Beam+1","Go for the Eyes","Go for the Eyes","Shame","Leap+1","Gash+1","Hologram+1","Streamline+1","Seek","Steam","Gash+1","Gash+1","Conserve Battery+1","Electrodynamics","Beam Cell+1","Rip and Tear+1","Cold Snap+1","Gash+1","Stack+1","Auto Shields","Ball Lightning+1","Madness","Madness","Compile Driver+1","Conserve Battery","Conserve Battery","Go for the Eyes","Static Discharge+1"],"relics":["Cracked Core","CCEMRelics:FryingPan","Mercury Hourglass","Bronze Scales","MawBank","aspiration:SecretTechniqueScroll","Guide Book","Prayer Wheel","aspiration:EnhancedActuators","Shuriken","CCEMRelics:PorcelainBowl","aspiration:MobileForge","Red Mask","HollowMod:PaleOreRelic","Replay:Rubber Ducky"],"acts_visited":["Exordium","TheCity","TheBeyond"],"potions_floor_usage":[33,33,33,50,50],"damage_taken":[{"damage":7,"enemies":"2 Louse","floor":1,"turns":2},{"damage":1,"enemies":"Jaw Worm","floor":3,"turns":3},{"damage":0,"enemies":"Small Slimes","floor":7,"turns":2},{"damage":36,"enemies":"Lagavulin","floor":8,"turns":6},{"damage":3,"enemies":"Gremlin Nob","floor":11,"turns":3},{"damage":5,"enemies":"Looter","floor":12,"turns":2},{"damage":13,"enemies":"HollowMod:MossKnight","floor":14,"turns":8},{"damage":44,"enemies":"Fading Forest","floor":16,"turns":11},{"damage":9,"enemies":"2 Thieves","floor":18,"turns":4},{"damage":4,"enemies":"3 Byrds","floor":20,"turns":2},{"damage":14,"enemies":"Shelled Parasite and Fungi","floor":21,"turns":6},{"damage":17,"enemies":"Book of Stabbing","floor":24,"turns":5},{"damage":0,"enemies":"Snecko","floor":25,"turns":4},{"damage":17,"enemies":"Centurion and Healer","floor":27,"turns":6},{"damage":8,"enemies":"Sentry and Sphere","floor":28,"turns":4},{"damage":0,"enemies":"Cultist and Chosen","floor":29,"turns":5},{"damage":28,"enemies":"Collector","floor":33,"turns":8},{"damage":3,"enemies":"Orb Walker","floor":35,"turns":2},{"damage":0,"enemies":"3 Darklings","floor":38,"turns":3},{"damage":11,"enemies":"4 Shapes","floor":39,"turns":4},{"damage":0,"enemies":"Reptomancer","floor":41,"turns":5},{"damage":0,"enemies":"Transient","floor":45,"turns":5},{"damage":0,"enemies":"Spire Growth","floor":46,"turns":3},{"damage":16,"enemies":"3 Darklings","floor":47,"turns":3},{"damage":19,"enemies":"Time Eater","floor":50,"turns":9}],"seed_played":"-2898533996232418083","potions_obtained":[{"floor":3,"key":"PowerPotion"},{"floor":7,"key":"SteroidPotion"},{"floor":11,"key":"Adrenaline Potion"},{"floor":20,"key":"EssenceOfSteel"},{"floor":27,"key":"champ:CounterPotion"},{"floor":35,"key":"EssenceOfDarkness"},{"floor":38,"key":"Elixir"},{"floor":45,"key":"champ:CounterPotion"}],"is_trial":false,"path_per_floor":["M","$","M","?","?","R","M","E","T","R","E","M","$","E","R","B",null,"M","$","M","M","?","R","E","M","T","M","M","M","R","?","R","B",null,"M","?","?","M","M","R","E","R","T","?","M","M","M","?","R","B",null],"character_chosen":"DEFECT","items_purchased":["Ball Lightning","Bronze Scales","Guide Book","Compile Driver"],"campfire_rested":7,"item_purchase_floors":[2,13,19,19],"current_hp_per_floor":[75,75,74,58,58,82,82,46,46,70,67,62,62,49,73,39,82,73,73,69,55,55,79,62,62,62,45,37,37,61,61,82,54,82,79,82,82,82,71,71,71,71,71,61,61,61,45,45,69,50],"gold":391,"neow_bonus":"TEN_PERCENT_HP_BONUS","is_daily":false,"chose_seed":false,"campfire_upgraded":2,"win_rate":0.0,"timestamp":1609117127,"path_taken":["M","$","M","?","?","R","M","E","T","R","E","M","$","E","R","BOSS","M","$","M","M","?","R","E","M","T","M","M","M","R","?","R","BOSS","M","?","?","M","M","R","E","R","T","?","M","M","M","?","R","BOSS"],"items_purchased_type":["Card","Relic","Relic","Card"],"build_version":"2020-12-22","purchased_purges":0,"victory":true,"max_hp_per_floor":[82,82,82,82,82,82,82,82,82,82,82,82,82,82,82,82,82,82,82,82,82,82,82,82,82,82,82,82,82,82,82,82,82,82,82,82,82,82,82,82,82,82,82,82,82,82,82,82,82,82],"card_choices":[{"not_picked":["Consume","Tempest"],"picked":"Rebound","floor":1},{"not_picked":["FTL","Sweeping Beam"],"picked":"Panic Button","floor":3},{"not_picked":["Sweeping Beam","Cold Snap"],"picked":"Gash","floor":7},{"not_picked":["Rebound","Reinforced Body"],"picked":"Cold Snap","floor":8},{"not_picked":["Ball Lightning","Machine Learning"],"picked":"Undo","floor":11},{"not_picked":["Skim","Ball Lightning"],"picked":"Go for the Eyes","floor":12},{"not_picked":["Beam Cell","Compile Driver"],"picked":"Auto Shields","floor":14},{"not_picked":["Machine Learning","ReplayTheSpireMod:Omega Cannon"],"picked":"Amplify","floor":16},{"not_picked":["Ball Lightning","Go for the Eyes+1"],"picked":"Gash+1","floor":18},{"not_picked":["ReplaySolidLightProjector","Tempest"],"picked":"Sweeping Beam+1","floor":20},{"not_picked":["ReplaySort+1","Beam Cell+1"],"picked":"Go for the Eyes","floor":21},{"not_picked":["Coolheaded","FTL"],"picked":"Go for the Eyes","floor":21},{"not_picked":["Cold Snap+1","Hologram"],"picked":"Leap+1","floor":24},{"not_picked":["Hologram+1","Beam Cell"],"picked":"Gash+1","floor":25},{"not_picked":["Compile Driver+1","ReplayTheSpireMod:GoodbyeWorld"],"picked":"Hologram+1","floor":25},{"not_picked":["Darkness","Ball Lightning"],"picked":"Streamline+1","floor":27},{"not_picked":["Beam Cell","Rebound+1"],"picked":"Seek","floor":27},{"not_picked":["FTL","Coolheaded"],"picked":"Steam","floor":28},{"not_picked":["Hologram","Skim+1"],"picked":"Gash","floor":28},{"not_picked":["Beam Cell","Static Discharge"],"picked":"Gash+1","floor":29},{"not_picked":["Lockon","Capacitor"],"picked":"Conserve Battery+1","floor":29},{"not_picked":["Thunder Strike","Amplify"],"picked":"Electrodynamics","floor":33},{"not_picked":["Crystallizer+1","Aggregate+1"],"picked":"Beam Cell+1","floor":35},{"not_picked":["Hologram+1","Steam Power+1"],"picked":"Rip and Tear+1","floor":35},{"not_picked":["Ball Lightning+1","Redo"],"picked":"Cold Snap+1","floor":38},{"not_picked":["Barrage+1","Beam Cell+1"],"picked":"Gash+1","floor":38},{"not_picked":["Chill","Streamline+1"],"picked":"Stack+1","floor":39},{"not_picked":["Time Bomb+1","BasicCrystalCard"],"picked":"Auto Shields","floor":39},{"not_picked":["Coolheaded","Hello World"],"picked":"Ball Lightning+1","floor":41},{"not_picked":["Self Repair","Fusion"],"picked":"Compile Driver+1","floor":45},{"not_picked":["Reinforced Body","Chill"],"picked":"Conserve Battery","floor":45},{"not_picked":["Redo","Rainbow"],"picked":"Conserve Battery","floor":46},{"not_picked":["Darkness+1","Force Field+1","Cold Snap"],"picked":"SKIP","floor":46},{"not_picked":["Beam Cell","Undo+1"],"picked":"Go for the Eyes","floor":47},{"not_picked":["Ball Lightning","ReplayTheSpireMod:Calculation Training+1"],"picked":"Static Discharge+1","floor":47}],"player_experience":40372,"relics_obtained":[{"floor":8,"key":"CCEMRelics:FryingPan"},{"floor":9,"key":"Mercury Hourglass"},{"floor":14,"key":"MawBank"},{"floor":24,"key":"Shuriken"},{"floor":26,"key":"CCEMRelics:PorcelainBowl"},{"floor":41,"key":"HollowMod:PaleOreRelic"},{"floor":43,"key":"Replay:Rubber Ducky"}],"event_choices":[{"damage_healed":0,"gold_gain":0,"player_choice":"Entered Light","damage_taken":16,"max_hp_gain":0,"max_hp_loss":0,"event_name":"Shining Light","floor":4,"gold_loss":0,"cards_upgraded":["Strike_B","Strike_B"]},{"damage_healed":0,"gold_gain":0,"player_choice":"Ignored","damage_taken":0,"max_hp_gain":0,"max_hp_loss":0,"event_name":"Liars Game","floor":5,"gold_loss":0},{"damage_healed":0,"gold_gain":0,"player_choice":"Stole Relic","damage_taken":0,"relics_obtained":["aspiration:EnhancedActuators"],"max_hp_gain":0,"max_hp_loss":0,"event_name":"Addict","floor":22,"gold_loss":0,"cards_obtained":["Shame"]},{"damage_healed":0,"gold_gain":0,"player_choice":"Simplicity","damage_taken":0,"max_hp_gain":0,"max_hp_loss":0,"event_name":"Back to Basics","floor":31,"gold_loss":0,"cards_upgraded":["Strike_B","Strike_B","Defend_B","Defend_B","Defend_B","Defend_B"]},{"damage_healed":0,"gold_gain":0,"player_choice":"Paid","damage_taken":0,"relics_obtained":["Red Mask"],"max_hp_gain":0,"max_hp_loss":0,"event_name":"Tomb of Lord Red Mask","floor":37,"gold_loss":280},{"damage_healed":0,"gold_gain":0,"player_choice":"Embrace Madness","damage_taken":10,"max_hp_gain":0,"max_hp_loss":0,"event_name":"Winding Halls","floor":44,"gold_loss":0,"cards_obtained":["Madness","Madness"]},{"damage_healed":0,"gold_gain":300,"player_choice":"Gold","damage_taken":0,"max_hp_gain":0,"max_hp_loss":0,"event_name":"Wheel of Change","floor":48,"gold_loss":0}],"is_beta":false,"boss_relics":[{"not_picked":["aspiration:Stellarator","FrozenCore"],"picked":"aspiration:SecretTechniqueScroll"},{"not_picked":["Kintsugi","Velvet Choker"],"picked":"aspiration:MobileForge"}],"items_purged_floors":[],"is_endless":false,"potions_floor_spawned":[3,7,11,12,18,20,24,27,35,38,45,46,47],"ascension_level":0}}