{"host":"k653q14gphaoox56","time":1609124734,"event":{"mods":["BaseMod","Colored Map","Conspire","DeckTracker","Hubris","Infinite Spire","Minty Spire (QoL Compilation)","Replay The Spire","StSLib"],"gold_per_floor":[116,116,150,150,170,170,204,224,224,239,267,277,292,305,305,406,406,419,419,4,4,4,29,49,63,63,74,74,74],"floor_reached":28,"playtime":1946,"items_purged":[],"score":277,"play_id":"bd38109b-4ece-4310-ae4a-63d3afc6540c","local_time":"20201227220534","is_ascension_mode":false,"campfire_choices":[{"floor":15,"key":"DIG"}],"circlet_count":0,"master_deck":["Strike_R","Strike_R","Strike_R","Strike_R","Strike_R","Defend_R","Defend_R","Defend_R","Defend_R","Bash","Cleave","ReplayTheSpireMod:Strike From Hell","Iron Wave","Shrug It Off","Heavy Blade","Iron Wave","Carnage","Perfected Strike","Twin Strike","Demon Form","Double Tap","Wild Strike+1","Armaments+1","Demon Form","hubris:Compulsion","ReplayTheSpireMod:Stacked","Battle Trance+1","Replay:Undeath\u0027s Touch+1"],"relics":["Black Blood","NeowsBlessing","Replay:Multitool","Replay:Wax Seal","hubris:CuriousFeather","ReplayTheSpireMod:Lightbulb","Blue Doll","Nilry\u0027s Codex","DollysMirror","Chameleon Ring","hubris:BottledHeart","hubris:64BitClover","StoneCalendar","hubris:Metronome"],"acts_visited":["Exordium","TheCity"],"potions_floor_usage":[7,7,10,16,18,23,28],"damage_taken":[{"damage":0,"enemies":"Jaw Worm","floor":1,"turns":1},{"damage":0,"enemies":"conspire:MimicChest","floor":3,"turns":1},{"damage":2,"enemies":"conspire:RoseBush","floor":5,"turns":1},{"damage":21,"enemies":"3 Sentries","floor":7,"turns":7},{"damage":0,"enemies":"Small Slimes","floor":8,"turns":3},{"damage":16,"enemies":"Exordium Thugs","floor":10,"turns":6},{"damage":19,"enemies":"Gremlin Nob","floor":11,"turns":5},{"damage":8,"enemies":"Gremlin Gang","floor":12,"turns":6},{"damage":7,"enemies":"Large Slime","floor":13,"turns":7},{"damage":15,"enemies":"Looter","floor":14,"turns":3},{"damage":16,"enemies":"Fading Forest","floor":16,"turns":11},{"damage":8,"enemies":"Chosen","floor":18,"turns":5},{"damage":0,"enemies":"Nightmare","floor":23,"turns":8},{"damage":0,"enemies":"Spheric Guardian","floor":24,"turns":5},{"damage":0,"enemies":"Snake Plant","floor":25,"turns":5},{"damage":0,"enemies":"Chosen and Byrds","floor":27,"turns":4},{"damage":1,"enemies":"Book of Stabbing","floor":28,"turns":5}],"seed_played":"-5679932857783610902","potions_obtained":[{"floor":6,"key":"Explosive Potion"},{"floor":6,"key":"BloodPotion"},{"floor":8,"key":"Reflective Coating"},{"floor":11,"key":"SpeedPotion"},{"floor":13,"key":"Milkshake"},{"floor":16,"key":"Cursed Concoction"},{"floor":25,"key":"SneckoOil"},{"floor":27,"key":"LifebloodPotion"}],"is_trial":false,"path_per_floor":["M","?","?","$","M","R","E","M","T","M","E","M","M","M","R_BF","B",null,"M","?","$","?","?","NM","M","M","T","M","E"],"character_chosen":"IRONCLAD","items_purchased":["Armaments+1","DollysMirror","Chameleon Ring"],"campfire_rested":0,"item_purchase_floors":[20,20,20],"current_hp_per_floor":[80,80,80,80,80,80,80,80,80,70,57,55,54,45,45,45,80,80,64,64,1,1,1,1,1,1,1,0,0],"gold":74,"neow_bonus":"THREE_ENEMY_KILL","is_daily":false,"chose_seed":false,"campfire_upgraded":0,"win_rate":0.0,"timestamp":1609124734,"path_taken":["M","?","?","$","?","R","E","M","T","?","E","M","M","M","R_BF","BOSS","M","?","$","?","?","NM","M","?","T","M","E"],"items_purchased_type":["Card","Relic","Relic"],"build_version":"2020-12-22","purchased_purges":0,"victory":false,"max_hp_per_floor":[80,80,80,80,80,80,80,80,80,80,80,80,80,80,80,80,80,80,80,80,1,1,1,1,1,1,1,1,1],"card_choices":[{"not_picked":["Sword Boomerang","True Grit"],"picked":"Cleave","floor":1},{"not_picked":["Clash","Warcry"],"picked":"ReplayTheSpireMod:Strike From Hell","floor":3},{"not_picked":["Twin Strike","Body Slam"],"picked":"Iron Wave","floor":5},{"not_picked":["hubris:ReadiedAction","Wild Strike"],"picked":"Shrug It Off","floor":7},{"not_picked":["Barricade","Wild Strike"],"picked":"Heavy Blade","floor":8},{"not_picked":["Blood for Blood","Dropkick"],"picked":"Iron Wave","floor":10},{"not_picked":["Life Link","Bloodletting"],"picked":"Carnage","floor":11},{"not_picked":["Sever Soul","Anger"],"picked":"Perfected Strike","floor":12},{"not_picked":["Body Slam","conspire:Charge"],"picked":"Twin Strike","floor":13},{"not_picked":["hubris:ReadiedAction","Run Through"],"picked":"Demon Form","floor":14},{"not_picked":["Offering","Juggernaut"],"picked":"Double Tap","floor":16},{"not_picked":["Sword Boomerang","Power Through+1"],"picked":"Wild Strike+1","floor":18},{"not_picked":["Abandon","hubris:ReadiedAction"],"picked":"ReplayTheSpireMod:Stacked","floor":23},{"not_picked":["Body Slam","Havoc+1","Rupture+1"],"picked":"SKIP","floor":24},{"not_picked":["Anger","ReplayTheSpireMod:Strike From Hell"],"picked":"Battle Trance+1","floor":25},{"not_picked":["ReplayReversal","Havoc"],"picked":"Replay:Undeath\u0027s Touch+1","floor":27}],"player_experience":120657,"relics_obtained":[{"floor":3,"key":"Replay:Multitool"},{"floor":7,"key":"Replay:Wax Seal"},{"floor":9,"key":"hubris:CuriousFeather"},{"floor":11,"key":"ReplayTheSpireMod:Lightbulb"},{"floor":15,"key":"Blue Doll"},{"floor":19,"key":"Nilry\u0027s Codex"},{"floor":23,"key":"StoneCalendar"},{"floor":26,"key":"hubris:Metronome"}],"event_choices":[{"damage_healed":0,"gold_gain":0,"player_choice":"Disagree","damage_taken":0,"max_hp_gain":0,"max_hp_loss":0,"event_name":"conspire:LoneGhost","floor":2,"gold_loss":0},{"damage_healed":0,"gold_gain":0,"player_choice":"Obtained Book","damage_taken":16,"max_hp_gain":0,"max_hp_loss":0,"event_name":"Cursed Tome","floor":19,"gold_loss":0}],"is_beta":false,"boss_relics":[{"not_picked":["Runic Pyramid","hubris:RunicObelisk"],"picked":"Black Blood"}],"items_purged_floors":[],"is_endless":true,"potions_floor_spawned":[8,11,13,16,25,27],"killed_by":"Book of Stabbing","ascension_level":0}}