{"host":"2i0myh7fqij2ti1z","time":1609159437,"event":{"mods":["Aspiration","BaseMod","Better Third Choice","Colored Powertips","FoggyMod","Highlight Path","Minty Spire (QoL Compilation)","Permanent Neow","Quick Restart","Random Character Button","Random Character Mod","Relic Sorter","Replay The Spire","Shop Mod","Spicy Shops","StSLib","Transform Curses","Wandering Minibosses","vexMod"],"gold_per_floor":[10119,10019,9000,9020,8154,8187,8208,8236,8236,8336,8349,7350,7377,7477,7477,7574,7574,7586,7586,7686,6836,6836,6861,6861,6895,6922,6950,6950,6984,7031,6991,6991,7094,7094,7105,7105,7155,7155,5633,5633,5659,5659,5686,4261,4293,4293,9318,9351,9351,9351],"floor_reached":51,"playtime":2659,"items_purged":["Wild Strike","PiercingWail","Cleave+1","Dodge and Roll","Fluid Movement","Footwork","ReplayTheSpireMod:Limb From Limb","Backstab+1"],"score":1337,"play_id":"c9033f0e-63ba-43a7-816f-8e66a2d9d32e","local_time":"20201228204357","daily_mods":["Draft","Green Cards","Lethality"],"is_ascension_mode":true,"campfire_choices":[{"floor":15,"key":"DIG"},{"data":"Feed","floor":24,"key":"SMITH"},{"data":"Heavy Blade","floor":32,"key":"SMITH"},{"data":"Flex","floor":40,"key":"SMITH"},{"data":"Dual Wield","floor":40,"key":"SMITH"},{"data":"Sword Boomerang","floor":49,"key":"SMITH"}],"circlet_count":0,"master_deck":["Heavy Blade+1","Hemokinesis+1","Dual Wield+1","Sword Boomerang+1","Shockwave+1","Blur+1","ReplayTheSpireMod:Stacked+1","PiercingWail+1","Feed+1","Shrug It Off+1","Flex+1","ReplayTheSpireMod:Brewmster+1"],"relics":["Burning Blood","Ring of Chaos","vexMod:BarristanHead","Lizard Tail","aspiration:FetidBarrel","Whetstone","Bag of Marbles","Dream Catcher","ReplayFunnel","Brimstone","OrangePellets","Anchor","Odd Mushroom","Gremlin Food","Snack Pack","ReplayTheSpireMod:Shallot","PreservedInsect","Pen Nib","TheAbacus","Lee\u0027s Waffle","Bronze Scales","Juzu Bracelet","Runic Cube","PrismaticShard","Pondfish Scales","Potion Belt","Shuriken","betterThird:NestCultRelic","Ancient Tea Set","Replay:Towering Pillar of Hats","Tiny Chest","Nunchaku","Sundial","vexMod:TanglingVine","vexMod:Dragonfruit","Replay:Arrowhead","Paper Frog","Replay:PocketPolymizer","HandDrill","Chemical X","vexMod:InvisibilityCloak","Replay:Wax Seal","ReplayTheSpireMod:TigerMarble","Golden Egg","Mango","Bottled Lightning","Calipers","vexMod:PaidLearning","Guide Book","Replay:Baseball","Molten Egg 2","Replay:Accelerometer","vexMod:PlasmaPancake","vexMod:FocusSash","Art of War","aspiration:KaomsHeart"],"acts_visited":["Exordium","TheCity","TheBeyond"],"potions_floor_usage":[45,48,50,50,50],"damage_taken":[{"damage":0,"enemies":"2 Louse","floor":1,"turns":1},{"damage":2,"enemies":"Jaw Worm","floor":4,"turns":1},{"damage":23,"enemies":"3 Sentries","floor":6,"turns":5},{"damage":31,"enemies":"The Mushroom Lair","floor":7,"turns":3},{"damage":2,"enemies":"Lagavulin","floor":8,"turns":4},{"damage":2,"enemies":"Small Slimes","floor":11,"turns":2},{"damage":2,"enemies":"3 Sentries","floor":13,"turns":3},{"damage":49,"enemies":"Hexaghost","floor":16,"turns":4},{"damage":2,"enemies":"3 Byrds","floor":18,"turns":4},{"damage":1,"enemies":"Gremlin Leader","floor":23,"turns":3},{"damage":16,"enemies":"Replay:Snechameleon","floor":25,"turns":3},{"damage":0,"enemies":"Gremlin Leader","floor":27,"turns":3},{"damage":6,"enemies":"Slavers","floor":29,"turns":3},{"damage":29,"enemies":"Pondfish","floor":33,"turns":6},{"damage":2,"enemies":"Orb Walker","floor":35,"turns":2},{"damage":2,"enemies":"Mind Bloom Boss Battle","floor":37,"turns":3},{"damage":2,"enemies":"R_Hoarder","floor":41,"turns":5},{"damage":2,"enemies":"Nemesis","floor":45,"turns":5},{"damage":0,"enemies":"R_Hoarder","floor":48,"turns":4},{"damage":2,"enemies":"Replay:Hell Engine","floor":50,"turns":5}],"seed_played":"-1682928999138279296","potions_obtained":[{"floor":6,"key":"Regen Potion"},{"floor":13,"key":"BlessingOfTheForge"},{"floor":27,"key":"CultistPotion"},{"floor":29,"key":"Strength Potion"},{"floor":33,"key":"DuplicationPotion"}],"is_trial":true,"path_per_floor":["M","?","$","M","$","E","?","E","T","?","M","$","E","?","R","B",null,"M","?","?","$","?","E","R","E","T","E","?","E","T","?","R","B",null,"M","T","?","?","$","R","E","?","T","$","E","T","$","E","R","B",null],"character_chosen":"IRONCLAD","items_purchased":["Lizard Tail","aspiration:FetidBarrel","PiercingWail","Whetstone","Bag of Marbles","Dream Catcher","ReplayFunnel","Brimstone","OrangePellets","ReplayTheSpireMod:Shallot","PreservedInsect","Pen Nib","TheAbacus","Lee\u0027s Waffle","Pondfish Scales","Potion Belt","Shuriken","Paper Frog","Replay:PocketPolymizer","HandDrill","Chemical X","vexMod:InvisibilityCloak","Shrug It Off","Flex","Golden Egg","Mango","Bottled Lightning","Calipers","vexMod:PaidLearning","Guide Book","Replay:Accelerometer","vexMod:PlasmaPancake","vexMod:FocusSash","Art of War","ReplayTheSpireMod:Brewmster","aspiration:KaomsHeart"],"campfire_rested":0,"item_purchase_floors":[3,3,3,3,5,5,5,5,5,12,12,12,12,12,21,21,21,39,39,39,39,39,39,39,44,44,44,44,44,44,47,47,47,47,47,47],"current_hp_per_floor":[80,80,80,80,80,63,38,42,42,42,46,87,87,87,87,44,87,89,81,81,81,81,88,88,78,78,87,87,92,92,92,92,74,100,103,108,116,116,116,116,116,110,110,124,124,124,230,233,233,233],"gold":9351,"neow_bonus":"","is_daily":false,"chose_seed":false,"campfire_upgraded":5,"win_rate":0.0,"timestamp":1609159437,"path_taken":["M","?","$","?","$","E","?","E","T","?","?","?","E","?","R","BOSS","M","?","?","$","?","E","R","E","T","E","?","E","?","?","R","BOSS","M","?","?","?","$","R","E","?","T","$","E","?","$","E","R","BOSS"],"items_purchased_type":["Relic","Relic","Card","Relic","Relic","Relic","Relic","Relic","Relic","Relic","Relic","Relic","Relic","Relic","Relic","Relic","Relic","Relic","Relic","Relic","Relic","Relic","Card","Card","Relic","Relic","Relic","Relic","Relic","Relic","Relic","Relic","Relic","Relic","Card","Relic"],"build_version":"2020-12-22","purchased_purges":8,"victory":true,"max_hp_per_floor":[80,80,80,80,80,80,80,80,80,80,80,87,87,87,87,87,87,89,89,89,89,89,91,91,91,91,94,94,97,97,97,97,100,100,103,108,116,116,116,116,116,110,110,124,124,124,230,233,233,233],"card_choices":[{"not_picked":["Dagger Throw","ReplayTheSpireMod:Speed Training"],"picked":"PiercingWail","floor":0},{"not_picked":["ReplayTheSpireMod:Scrap Shanks","Havoc"],"picked":"Heavy Blade","floor":0},{"not_picked":["Armaments","Bloodletting"],"picked":"Hemokinesis","floor":0},{"not_picked":["Bloodletting","Distraction"],"picked":"Dual Wield","floor":0},{"not_picked":["Battle Trance","Poisoned Stab"],"picked":"ReplayTheSpireMod:Limb From Limb","floor":0},{"not_picked":["Caltrops","Inflame"],"picked":"Sword Boomerang","floor":0},{"not_picked":["Uppercut","Infernal Blade"],"picked":"Cleave","floor":0},{"not_picked":["Headbutt","Blur"],"picked":"Shockwave","floor":0},{"not_picked":["ReplayTheSpireMod:The Works","Slice"],"picked":"Footwork","floor":0},{"not_picked":["Clash","Poisoned Stab"],"picked":"Blur","floor":0},{"not_picked":["Pommel Strike","Dagger Spray"],"picked":"Fluid Movement","floor":0},{"not_picked":["Pommel Strike","Crippling Poison"],"picked":"Outmaneuver","floor":0},{"not_picked":["Shrug It Off","Wild Strike"],"picked":"ReplayTheSpireMod:Stacked","floor":0},{"not_picked":["Draining Mist","Anger"],"picked":"Wild Strike","floor":0},{"not_picked":["Headbutt","Fire Breathing"],"picked":"Dodge and Roll","floor":0},{"not_picked":["ReplayTheSpireMod:Scrap Shanks","Infinite Blades","Acrobatics"],"picked":"SKIP","floor":1},{"not_picked":["Dodge and Roll","Body Slam","Heel Hook"],"picked":"SKIP","floor":4},{"not_picked":["Wild Strike","Clash","Deflect"],"picked":"SKIP","floor":6},{"not_picked":["Wild Strike","Sneak Up","Slice"],"picked":"SKIP","floor":8},{"not_picked":["Bouncing Flask","Armaments","Dark Embrace"],"picked":"SKIP","floor":11},{"not_picked":["Tactician","Havoc"],"picked":"Backstab","floor":13},{"not_picked":["Demon Form","Corpse Explosion"],"picked":"Feed","floor":16},{"not_picked":["Ghostly Armor","Perfected Strike","Endless Agony"],"picked":"SKIP","floor":18},{"not_picked":["JustLucky","Consecrate","Multi-Cast"],"picked":"SKIP","floor":23},{"not_picked":["Steam+1","SashWhip","Replay:Undeath\u0027s Touch"],"picked":"SKIP","floor":25},{"not_picked":["Prostrate","Catalyst","Anger+1"],"picked":"SKIP","floor":27},{"not_picked":["Blade Dance","Backstab","Undo"],"picked":"SKIP","floor":29},{"not_picked":["Iron Wave","Evaluate","Clothesline+1"],"picked":"SKIP","floor":35},{"not_picked":["Sadistic Nature","Rip and Tear","Bane+1"],"picked":"SKIP","floor":41},{"not_picked":["ReplayTheSpireMod:Exploit Weakness","Seeing Red","Cloak And Dagger"],"picked":"SKIP","floor":45},{"not_picked":["Thunderclap+1","Coolheaded","Consecrate+1"],"picked":"SKIP","floor":48}],"player_experience":195381,"relics_obtained":[{"floor":6,"key":"Anchor"},{"floor":7,"key":"Odd Mushroom"},{"floor":8,"key":"Gremlin Food"},{"floor":9,"key":"Snack Pack"},{"floor":13,"key":"Bronze Scales"},{"floor":15,"key":"Juzu Bracelet"},{"floor":19,"key":"PrismaticShard"},{"floor":23,"key":"Ancient Tea Set"},{"floor":25,"key":"Replay:Towering Pillar of Hats"},{"floor":26,"key":"Tiny Chest"},{"floor":27,"key":"Nunchaku"},{"floor":29,"key":"Sundial"},{"floor":36,"key":"vexMod:Dragonfruit"},{"floor":37,"key":"Replay:Arrowhead"},{"floor":41,"key":"Replay:Wax Seal"},{"floor":43,"key":"ReplayTheSpireMod:TigerMarble"},{"floor":45,"key":"Replay:Baseball"},{"floor":46,"key":"Molten Egg 2"},{"floor":48,"key":"aspiration:KMNothing"}],"event_choices":[{"damage_healed":0,"gold_gain":0,"player_choice":"Paid Gold","damage_taken":0,"relics_obtained":["vexMod:BarristanHead"],"max_hp_gain":0,"max_hp_loss":0,"event_name":"WeMeetAgain","floor":2,"gold_loss":100},{"damage_healed":0,"gold_gain":0,"player_choice":"Fought Mushrooms","damage_taken":0,"max_hp_gain":0,"max_hp_loss":0,"event_name":"Mushrooms","floor":7,"gold_loss":0},{"damage_healed":0,"gold_gain":100,"player_choice":"Gold","damage_taken":0,"max_hp_gain":0,"max_hp_loss":0,"event_name":"Wheel of Change","floor":10,"gold_loss":0},{"damage_healed":0,"gold_gain":100,"player_choice":"Pray","damage_taken":0,"max_hp_gain":0,"max_hp_loss":0,"event_name":"Golden Shrine","floor":14,"gold_loss":0},{"damage_healed":0,"gold_gain":100,"player_choice":"Pray","damage_taken":0,"max_hp_gain":0,"max_hp_loss":0,"event_name":"Golden Shrine","floor":20,"gold_loss":0},{"damage_healed":0,"gold_gain":0,"player_choice":"Madness","damage_taken":0,"relics_obtained":["betterThird:NestCultRelic"],"max_hp_gain":0,"max_hp_loss":0,"event_name":"betterThird:BetterNest","floor":22,"gold_loss":0},{"damage_healed":0,"gold_gain":0,"player_choice":"Upgraded Two","damage_taken":0,"max_hp_gain":0,"max_hp_loss":0,"event_name":"Designer","floor":31,"gold_loss":40,"cards_upgraded":["PiercingWail","ReplayTheSpireMod:Stacked"]},{"damage_healed":0,"gold_gain":0,"player_choice":"Fight","damage_taken":0,"max_hp_gain":0,"max_hp_loss":0,"event_name":"MindBloom","floor":37,"gold_loss":0},{"cards_removed":["Outmaneuver"],"damage_healed":5,"gold_gain":0,"player_choice":"Offered Common","damage_taken":0,"max_hp_gain":0,"max_hp_loss":0,"event_name":"Bonfire Elementals","floor":38,"gold_loss":0},{"cards_removed":["Outmaneuver"],"damage_healed":5,"gold_gain":0,"player_choice":"Offered Special","damage_taken":0,"max_hp_gain":0,"max_hp_loss":0,"event_name":"Bonfire Elementals","floor":38,"gold_loss":0},{"damage_healed":0,"gold_gain":0,"player_choice":"Max HP","damage_taken":0,"max_hp_gain":0,"max_hp_loss":6,"event_name":"Winding Halls","floor":42,"gold_loss":0}],"is_beta":false,"boss_relics":[{"not_picked":["Snecko Heart","vexMod:ImprovementManual"],"picked":"Runic Cube"},{"not_picked":["Runic Dome","Mark of Pain"],"picked":"vexMod:TanglingVine"}],"items_purged_floors":[3,3,5,12,21,39,44,47],"is_endless":false,"potions_floor_spawned":[6,13,27,29,33,45,48],"ascension_level":1}}