{"host":"a484oiac96svwyi6","time":1609116573,"event":{"mods":["2.2 Compatiblity","AchievementEnabler","Act Like it!","Astrologer","BaseMod","Better Altar","Better Match","Better Sensory Stone","Better Skull","Better Third Choice","Better-Laid Plans","BetterRewards","Block Reminder","Clawfect","Colored Map","Colored Powertips","Conjunction","Conspire","Custom Start","Dio Mod","Displayed Cursed Tome","Duelist Mod","GifTheSpireLib","Gold Saver","Googly Eyes","Hallownest","Hubris","Infinite Spire","Ironclad Rager","Jorbs\u0027s Wanderer Trilogy","Melee Mod","Menagerie","Minty Spire (QoL Compilation)","Quick Restart","RNG Fix","Random Character Button","Relic Filter","Relic Sorter","Relic Stats","Replay The Spire","Retaliation","Shop Mod","Small Relic Pack","Spikes Relics","Spire Birthday Party","StSLib","Stuff the Spire","SuperFastMode","The Fake Hero","The Necromancer","The Poker Player","TheHero","Transform Curses","Uncapped","Virulent Crown","[JumpMod]????","everything is the same but u backflip on backflip","vexMod"],"gold_per_floor":[749,422,442,458,477,505,505,531,557,557,585,601,601,576,576,651,651,664,707,721,721,762,762,788,838,838,897,930,930,986,986,986,1074,1074,1127,761,761,429,484,484,530,625,625,679,751,803,852,852,852,898],"floor_reached":51,"playtime":4360,"items_purged":[],"score":1914,"play_id":"349a12fc-f7c1-4476-85ef-01adf226eec7","local_time":"20201227194933","is_ascension_mode":true,"campfire_choices":[{"floor":7,"key":"REST"},{"data":"dioMod:MudaMudaMuda","floor":10,"key":"SMITH"},{"floor":15,"key":"REST"},{"floor":23,"key":"REST"},{"floor":29,"key":"REST"},{"floor":32,"key":"REST"},{"data":"dioMod:MudaMudaMuda","floor":40,"key":"SMITH"},{"data":"dioMod:ZaWarudo","floor":49,"key":"SMITH"}],"circlet_count":0,"master_deck":["AscendersBane","dioMod:Strike","dioMod:Strike","dioMod:Strike","dioMod:Strike","Bite","dioMod:Defend","dioMod:Defend","dioMod:Defend","dioMod:Defend","dioMod:DaggerToss","dioMod:DaggerToss","dioMod:DaggerToss","dioMod:MudaMudaMuda+1","dioMod:DaggerToss","dioMod:Muda","dioMod:Diversion","dioMod:Roundabout","dioMod:DoubleTime+1","dioMod:ZaWarudo+1","dioMod:ComboFever","dioMod:HeavyLifting","dioMod:BloodSplash","dioMod:Regeneration+1","dioMod:Diversion+1","dioMod:BloodShield","dioMod:DominatingPresence","dioMod:BloodShield+1","dioMod:Muda","dioMod:MudaMudaMuda+1","dioMod:TripleThreat","dioMod:DominatingPresence+1","dioMod:BloodSuck","dioMod:TheWalk","dioMod:GoldVial","dioMod:BloodTransfusion","dioMod:DaggerToss","dioMod:LaserVision+1","dioMod:Muda","dioMod:Minions","dioMod:MudaMudaMuda+1","dioMod:CautiousMuda","dioMod:ComboFever"],"relics":["dioMod:VampireBlood","HowToJump","Strange Spoon","Matryoshka","conspire:TreasureMap","Replay:Ringing Soul","Replay:Accelerometer","MealTicket","vexMod:BarristanHead","Replay:Mystery Machine","Art of War","Black Star","SnailShell","Replay:Bandana","Rawhide","StuffTheSpire:GrapeVine","Gremlin Food","Turnip","Tiny Chest","Pear","ReplayTheSpireMod:TigerMarble","ReplayTheSpireMod:Shallot","CosmicIsotope","CeramicFish","vexMod:FocusSash","relicPack:OneForAll","StuffTheSpire:HeavyRock","relicPack:WeightedSword","StuffTheSpire:Rhapsscallions","Du-Vu Doll","Anchor","PreservedInsect","CherryCoatedStake","Gremlin Horn"],"acts_visited":["Exordium","TheCity","TheBeyond"],"potions_floor_usage":[8,30,30,35],"damage_taken":[{"damage":21,"enemies":"conspire:RoseBush","floor":1,"turns":2},{"damage":2,"enemies":"Jaw Worm","floor":3,"turns":4},{"damage":6,"enemies":"2 Louse","floor":4,"turns":2},{"damage":19,"enemies":"Large Slime","floor":5,"turns":6},{"damage":20,"enemies":"3 Sentries","floor":6,"turns":4},{"damage":8,"enemies":"Gremlin Nob","floor":8,"turns":3},{"damage":26,"enemies":"Replay:BlueRogue","floor":11,"turns":5},{"damage":7,"enemies":"Lots of Slimes","floor":12,"turns":2},{"damage":11,"enemies":"Slime Boss","floor":16,"turns":9},{"damage":1,"enemies":"3 Byrds","floor":18,"turns":5},{"damage":74,"enemies":"conspire:MimicChest","floor":19,"turns":9},{"damage":25,"enemies":"Chosen","floor":20,"turns":9},{"damage":6,"enemies":"Snecko","floor":22,"turns":5},{"damage":21,"enemies":"Centurion and Healer","floor":24,"turns":4},{"damage":25,"enemies":"Replay:Snechameleon","floor":25,"turns":4},{"damage":9,"enemies":"3 Cultists","floor":27,"turns":5},{"damage":33,"enemies":"conspire:SneckoGhost","floor":30,"turns":7},{"damage":26,"enemies":"Champ","floor":33,"turns":10},{"damage":53,"enemies":"3 Shapes","floor":35,"turns":3},{"damage":0,"enemies":"3 Darklings","floor":39,"turns":1},{"damage":10,"enemies":"Maw","floor":41,"turns":6},{"damage":23,"enemies":"Reptomancer","floor":42,"turns":6},{"damage":0,"enemies":"R_Hoarder","floor":44,"turns":2},{"damage":19,"enemies":"Jaw Worm Horde","floor":46,"turns":2},{"damage":10,"enemies":"Transient","floor":47,"turns":7},{"damage":4,"enemies":"Donu and Deca","floor":50,"turns":4}],"seed_played":"-5394922560097230297","potions_obtained":[{"floor":4,"key":"Energy Potion"},{"floor":8,"key":"Conjunction:LightningMarble"},{"floor":11,"key":"Ancient Potion"},{"floor":27,"key":"SkillPotion"},{"floor":28,"key":"dioMod:HumanBlood"},{"floor":33,"key":"AttackPotion"},{"floor":35,"key":"AttackPotion"},{"floor":42,"key":"DuplicationPotion"}],"is_trial":false,"path_per_floor":["M","$","M","M","M","E","R","E","T","R","E","M","?","?","R","B",null,"M","?","M","T","M","R","M","E","T","M","?","R","E","T","R","B",null,"M","$","?","$","M","R","M","E","T","E","T","M","M","?","R","B",null],"character_chosen":"THE_DEFAULT","items_purchased":["Strange Spoon","dioMod:DaggerToss","dioMod:DaggerToss","dioMod:DaggerToss","dioMod:MudaMudaMuda","Matryoshka","conspire:TreasureMap","dioMod:Muda","Replay:Ringing Soul","CeramicFish","dioMod:DaggerToss","vexMod:FocusSash","StuffTheSpire:HeavyRock","relicPack:WeightedSword"],"campfire_rested":5,"item_purchase_floors":[0,0,0,0,0,0,0,2,2,36,36,36,38,38],"current_hp_per_floor":[45,45,51,56,48,42,66,66,66,66,46,57,57,57,84,90,93,97,37,21,21,23,54,44,31,31,36,39,74,85,85,124,119,132,103,121,121,136,145,145,148,152,152,155,155,148,161,161,161,161],"gold":898,"neow_bonus":"","is_daily":false,"chose_seed":false,"campfire_upgraded":3,"win_rate":0.0,"timestamp":1609116573,"path_taken":["M","$","M","M","M","E","R","E","T","R","E","M","?","?","R","BOSS","M","?","M","?","M","R","?","E","T","M","?","R","E","?","R","BOSS","M","?","?","$","M","R","M","E","T","E","?","M","M","?","R","BOSS"],"items_purchased_type":["Relic","Card","Card","Card","Card","Relic","Relic","Card","Relic","Relic","Card","Relic","Relic","Relic"],"build_version":"2020-12-22","purchased_purges":0,"victory":true,"max_hp_per_floor":[70,70,73,76,79,82,82,85,85,85,88,91,91,91,91,94,94,97,100,103,103,106,106,109,112,112,115,118,118,131,131,131,136,136,139,142,142,142,145,145,148,152,152,155,155,158,161,161,161,161],"relic_stats":{"Strange Spoon":[49],"Gremlin Horn":[1,1],"counters":[149,514],"CeramicFish":117,"MealTicket":30,"Tiny Chest":1,"Turnip":[9],"PreservedInsect":576,"Art of War":[13],"Black Star":4,"obtain_stats":[{"Replay:Accelerometer":6,"StuffTheSpire:Rhapsscallions":42,"Spirit Poop":22,"StuffTheSpire:BottledEssence":0,"hubris:MysteriousPyramids":38,"Sling":0,"Blood Vial":26,"vexMod:InvisibilityCloak":0,"infinitespire:ShieldingShard":0,"HandDrill":0,"Replay:Bottled Steam":0,"MerchantsRug":5,"Eternal Feather":0,"StuffTheSpire:Wildfire":0,"Pen Nib":0,"infinitespire:Magic Flask":0,"Akabeko":0,"dioMod:VampireBlood":0,"StuffTheSpire:MayFlowers":0,"infinitespire:Broken Mirror":0,"Bird Faced Urn":0,"Unceasing Top":0,"hubris:Reverence":30,"vexMod:PlasmaPancake":0,"Regal Pillow":0,"Torii":0,"StuffTheSpire:GrapeVine":25,"hubris:EmptyBottle":0,"Ancient Tea Set":9,"Pet Ghost":3,"conspire:InfiniteJournal":0,"StuffTheSpire:Gunfinga":0,"hubris:Backtick":20,"Toolbox":0,"hubris:CuriousFeather":0,"Chemical X":0,"Replay:Bottled Eggs":0,"InkBottle":0,"Potion Belt":40,"Lee\u0027s Waffle":0,"hubris:64BitClover":0,"PreservedInsect":15,"Replay:Arrowhead":2,"StuffTheSpire:Mouthbags":0,"Ornamental Fan":0,"Art of War":0,"SpikesRelics:DaevaFist":0,"Garlic":0,"Durian":0,"conspire:DeflatedDodgeball":0,"Ice Cream":0,"ShockBauble":37,"Calipers":48,"conspire:RoyalGoblet":21,"Gremlin Horn":0,"Centennial Puzzle":43,"Prayer Wheel":0,"Iron Hammer":3,"LugNut":0,"Girya":0,"hubris:DuctTape":0,"vexMod:PaidLearning":0,"hubris:Zylophone":37,"Du-Vu Doll":42,"OrangePellets":0,"conspire:GiftBox":0,"Onion Ring":0,"hubris:PeanutButter":0,"StuffTheSpire:PointBlank":0,"infinitespire:EmpoweringShard":0,"CosmicIsotope":34,"Mirror":0,"ReplayTheSpireMod:DimensionalGlitch":17,"StuffTheSpire:OldFever":19,"Juzu Bracelet":0,"Replay:Mystery Machine":6,"vexMod:Spyglass":0,"conspire:TopHat":0,"Dream Catcher":27,"Nunchaku":11,"hubris:Icosahedron":4,"MiniBlackHole":0,"StuffTheSpire:Nightcore":0,"Guide Book":0,"infinitespire:FocusingShard":0,"Replay:WaspNest":0,"hubris:MedicalManual":0,"vexMod:FocusSash":41,"Medical Kit":0,"Mercury Hourglass":0,"vexMod:Dragonfruit":0,"Strange Spoon":0,"Cauldron":37,"Pondfish Scales":0,"vexMod:BarristanHead":0,"infinitespire:Satchel":45,"StuffTheSpire:CocoNut":0,"Bag of Marbles":0,"Membership Card":2,"FossilizedHelix":0,"hubris:OldNail":0,"infinitespire:BottledMercury":31,"Golden Egg":0,"vexMod:MemoryStick":42,"Conjunction:SoulLantern":13,"Whetstone":0,"Ginger":0,"Boot":0,"relicPack:OneForAll":19,"Replay:Ringing Soul":0,"ZombieTooth":0,"vexMod:CardConverter":0,"infinitespire:Golems Mask":0,"MealTicket":8,"Kunai":0,"conspire:TreasureMap":0,"Pear":9,"GiantMaggot":0,"Counterbalance":0,"hubris:SphereOfDissonance":42,"vexMod:MysteryBossChallenge":34,"Runic Dome":34,"hubris:TenFootPole":10,"infinitespire:PuzzleCube":0,"relicPack:WeightedSword":38,"WizardHat":0,"Lantern":0,"hubris:Metronome":0,"RoseTintedShades":0,"Blue Doll":0,"Rawhide":0,"StuffTheSpire:EmeraldSignet":0,"Bag of Preparation":45,"Replay:Multitool":0,"HeavenlyBonsai":0,"Replay:Rubber Ducky":0,"Shovel":0,"Matryoshka":0,"Ninja Scroll":20,"hubris:ScarierMask":34,"Replay:Lucky Slots":0,"hubris:FunFungus":0,"StuffTheSpire:RedRose":2,"BicycleWheel":0,"hubris:GlazedTorus":0,"StuffTheSpire:TintedRock":0,"CherryCoatedStake":44,"StuffTheSpire:Saxophone":0,"StuffTheSpire:Expresso":0,"Thread and Needle":28,"infinitespire:Joker Card":0,"Omamori":0,"infinitespire:CheckeredPen":0,"Frozen Egg 2":0,"Bloody Idol":20,"Orrery":28,"Turnip":0,"Bottled Lightning":0,"ReplayTheSpireMod:Lightbulb":0,"Toy Ornithopter":0,"CeramicFish":0,"Vajra":0,"Lizard Tail":0,"SpikesRelics:ToyHorsey":8,"HornCleat":0,"DollysMirror":41,"conspire:DecoderRing":6,"Strawberry":0,"Toxic Egg 2":0,"vexMod:RetaliationKit":0,"conspire:Dentures":0,"Happy Flower":0,"vexMod:ScavengeHelm":0,"Oddly Smooth Stone":0,"infinitespire:Beetle Shell":31,"Letter Opener":49,"Replay:Kaleidoscope":0,"War Paint":0,"Question Card":0,"Bottled Flame":0,"Replay:Baseball":0,"ReplayTheSpireMod:Shallot":0,"Shuriken":0,"Bronze Scales":0,"Molten Egg 2":26,"Simple Rune":0,"StuffTheSpire:DarkSteelAnvil":0,"Black Star":17,"ReplayTheSpireMod:TigerMarble":0,"hubris:ToyBattleship":0,"Grinning Jar":21,"Meat on the Bone":0,"ReplayFunnel":0,"Darkstone Periapt":0,"SnailShell":0,"RetroEgg":0,"SacredBark":17,"Mango":0,"BrokenLever":0,"conspire:SpecialSausage":34,"hubris:SlimyHat":0,"ClockworkSouvenir":0,"Frozen Eye":0,"Replay:Bandana":0,"Mummified Hand":0,"Pantograph":9,"StuffTheSpire:HeavyRock":0,"Tiny Chest":0,"RollingBoulder":0,"StuffTheSpire:Tea":0,"Gremlin Food":0,"BargainBundle":0,"ReplayTheSpireMod:Ninjato":0,"HowToJump":0,"Replay:Towering Pillar of Hats":0,"Quantum Egg":0,"SuspiciousGoo":0,"Orichalcum":12,"White Beast Statue":14,"Anchor":0,"CaptainsWheel":0,"infinitespire:WardingShard":0,"vexMod:HeadHunter":0,"ChewingGum":34,"Snack Pack":0,"StuffTheSpire:RubySignet":0,"StuffTheSpire:Kangaroo":34,"TungstenRod":0,"hubris:Potato":7},{"Replay:Accelerometer":128,"StuffTheSpire:Rhapsscallions":145,"Spirit Poop":30,"StuffTheSpire:BottledEssence":42,"hubris:MysteriousPyramids":118,"Sling":46,"Blood Vial":31,"vexMod:InvisibilityCloak":46,"infinitespire:ShieldingShard":46,"HandDrill":46,"Replay:Bottled Steam":46,"MerchantsRug":50,"Eternal Feather":46,"StuffTheSpire:Wildfire":46,"Pen Nib":46,"infinitespire:Magic Flask":46,"Akabeko":21,"dioMod:VampireBlood":0,"StuffTheSpire:MayFlowers":46,"infinitespire:Broken Mirror":46,"Bird Faced Urn":46,"Unceasing Top":46,"hubris:Reverence":33,"vexMod:PlasmaPancake":46,"Regal Pillow":46,"Torii":46,"StuffTheSpire:GrapeVine":138,"hubris:EmptyBottle":46,"Ancient Tea Set":25,"Pet Ghost":1,"conspire:InfiniteJournal":46,"StuffTheSpire:Gunfinga":46,"hubris:Backtick":79,"Toolbox":21,"hubris:CuriousFeather":46,"Chemical X":46,"Replay:Bottled Eggs":46,"InkBottle":46,"Potion Belt":36,"Lee\u0027s Waffle":46,"hubris:64BitClover":46,"PreservedInsect":27,"Replay:Arrowhead":43,"StuffTheSpire:Mouthbags":46,"Ornamental Fan":46,"Art of War":46,"SpikesRelics:DaevaFist":46,"Garlic":46,"Durian":46,"conspire:DeflatedDodgeball":46,"Ice Cream":46,"ShockBauble":35,"Calipers":122,"conspire:RoyalGoblet":8,"Gremlin Horn":46,"Centennial Puzzle":37,"Prayer Wheel":46,"Iron Hammer":22,"LugNut":46,"Girya":46,"hubris:DuctTape":46,"vexMod:PaidLearning":46,"hubris:Zylophone":89,"Du-Vu Doll":145,"OrangePellets":46,"conspire:GiftBox":46,"Onion Ring":46,"hubris:PeanutButter":46,"StuffTheSpire:PointBlank":46,"infinitespire:EmpoweringShard":46,"CosmicIsotope":141,"Mirror":46,"ReplayTheSpireMod:DimensionalGlitch":77,"StuffTheSpire:OldFever":29,"Juzu Bracelet":46,"Replay:Mystery Machine":2,"vexMod:Spyglass":46,"conspire:TopHat":46,"Dream Catcher":10,"Nunchaku":25,"hubris:Icosahedron":22,"MiniBlackHole":46,"StuffTheSpire:Nightcore":46,"Guide Book":46,"infinitespire:FocusingShard":46,"Replay:WaspNest":46,"hubris:MedicalManual":46,"vexMod:FocusSash":37,"Medical Kit":46,"Mercury Hourglass":46,"vexMod:Dragonfruit":46,"Strange Spoon":46,"Cauldron":65,"Pondfish Scales":46,"vexMod:BarristanHead":46,"infinitespire:Satchel":18,"StuffTheSpire:CocoNut":46,"Bag of Marbles":46,"Membership Card":43,"FossilizedHelix":46,"hubris:OldNail":46,"infinitespire:BottledMercury":12,"Golden Egg":46,"vexMod:MemoryStick":17,"Conjunction:SoulLantern":54,"Whetstone":46,"Ginger":46,"Boot":46,"relicPack:OneForAll":8,"Replay:Ringing Soul":46,"ZombieTooth":46,"vexMod:CardConverter":46,"infinitespire:Golems Mask":46,"MealTicket":129,"Kunai":46,"conspire:TreasureMap":46,"Pear":45,"GiantMaggot":46,"Counterbalance":46,"hubris:SphereOfDissonance":17,"vexMod:MysteryBossChallenge":63,"Runic Dome":63,"hubris:TenFootPole":25,"infinitespire:PuzzleCube":46,"relicPack:WeightedSword":142,"WizardHat":46,"Lantern":46,"hubris:Metronome":46,"RoseTintedShades":42,"Blue Doll":46,"Rawhide":46,"StuffTheSpire:EmeraldSignet":46,"Bag of Preparation":18,"Replay:Multitool":46,"HeavenlyBonsai":46,"Replay:Rubber Ducky":46,"Shovel":21,"Matryoshka":46,"Ninja Scroll":79,"hubris:ScarierMask":13,"Replay:Lucky Slots":46,"hubris:FunFungus":46,"StuffTheSpire:RedRose":22,"BicycleWheel":46,"hubris:GlazedTorus":46,"StuffTheSpire:TintedRock":46,"CherryCoatedStake":146,"StuffTheSpire:Saxophone":46,"StuffTheSpire:Expresso":46,"Thread and Needle":32,"infinitespire:Joker Card":46,"Omamori":46,"infinitespire:CheckeredPen":46,"Frozen Egg 2":42,"Bloody Idol":58,"Orrery":61,"Turnip":46,"Bottled Lightning":46,"ReplayTheSpireMod:Lightbulb":46,"Toy Ornithopter":46,"CeramicFish":46,"Vajra":46,"Lizard Tail":46,"SpikesRelics:ToyHorsey":25,"HornCleat":46,"DollysMirror":16,"conspire:DecoderRing":24,"Strawberry":46,"Toxic Egg 2":46,"vexMod:RetaliationKit":46,"conspire:Dentures":46,"Happy Flower":46,"vexMod:ScavengeHelm":46,"Oddly Smooth Stone":46,"infinitespire:Beetle Shell":12,"Letter Opener":41,"Replay:Kaleidoscope":46,"War Paint":46,"Question Card":46,"Bottled Flame":46,"Replay:Baseball":46,"ReplayTheSpireMod:Shallot":46,"Shuriken":46,"Bronze Scales":46,"Molten Egg 2":10,"Simple Rune":46,"StuffTheSpire:DarkSteelAnvil":46,"Black Star":7,"ReplayTheSpireMod:TigerMarble":42,"hubris:ToyBattleship":46,"Grinning Jar":8,"Meat on the Bone":46,"ReplayFunnel":46,"Darkstone Periapt":46,"SnailShell":46,"RetroEgg":46,"SacredBark":105,"Mango":46,"BrokenLever":46,"conspire:SpecialSausage":115,"hubris:SlimyHat":46,"ClockworkSouvenir":46,"Frozen Eye":46,"Replay:Bandana":46,"Mummified Hand":46,"Pantograph":4,"StuffTheSpire:HeavyRock":46,"Tiny Chest":46,"RollingBoulder":46,"StuffTheSpire:Tea":46,"Gremlin Food":46,"BargainBundle":42,"ReplayTheSpireMod:Ninjato":46,"HowToJump":0,"Replay:Towering Pillar of Hats":46,"Quantum Egg":21,"SuspiciousGoo":46,"Orichalcum":54,"White Beast Statue":6,"Anchor":46,"CaptainsWheel":46,"infinitespire:WardingShard":46,"vexMod:HeadHunter":46,"ChewingGum":34,"Snack Pack":46,"StuffTheSpire:RubySignet":46,"StuffTheSpire:Kangaroo":87,"TungstenRod":46,"hubris:Potato":73},{"Replay:Accelerometer":406,"StuffTheSpire:Rhapsscallions":499,"Spirit Poop":146,"StuffTheSpire:BottledEssence":175,"hubris:MysteriousPyramids":379,"Sling":190,"Blood Vial":148,"vexMod:InvisibilityCloak":190,"infinitespire:ShieldingShard":190,"HandDrill":190,"Replay:Bottled Steam":190,"MerchantsRug":200,"Eternal Feather":190,"StuffTheSpire:Wildfire":190,"Pen Nib":190,"infinitespire:Magic Flask":190,"Akabeko":118,"dioMod:VampireBlood":0,"StuffTheSpire:MayFlowers":190,"infinitespire:Broken Mirror":190,"Bird Faced Urn":190,"Unceasing Top":190,"hubris:Reverence":154,"vexMod:PlasmaPancake":190,"Regal Pillow":190,"Torii":190,"StuffTheSpire:GrapeVine":461,"hubris:EmptyBottle":190,"Ancient Tea Set":129,"Pet Ghost":4,"conspire:InfiniteJournal":190,"StuffTheSpire:Gunfinga":190,"hubris:Backtick":313,"Toolbox":118,"hubris:CuriousFeather":190,"Chemical X":190,"Replay:Bottled Eggs":190,"InkBottle":190,"Potion Belt":160,"Lee\u0027s Waffle":190,"hubris:64BitClover":190,"PreservedInsect":131,"Replay:Arrowhead":176,"StuffTheSpire:Mouthbags":190,"Ornamental Fan":190,"Art of War":190,"SpikesRelics:DaevaFist":190,"Garlic":190,"Durian":190,"conspire:DeflatedDodgeball":190,"Ice Cream":190,"ShockBauble":159,"Calipers":386,"conspire:RoyalGoblet":42,"Gremlin Horn":190,"Centennial Puzzle":161,"Prayer Wheel":190,"Iron Hammer":121,"LugNut":190,"Girya":190,"hubris:DuctTape":190,"vexMod:PaidLearning":190,"hubris:Zylophone":326,"Du-Vu Doll":499,"OrangePellets":190,"conspire:GiftBox":190,"Onion Ring":190,"hubris:PeanutButter":190,"StuffTheSpire:PointBlank":190,"infinitespire:EmpoweringShard":190,"CosmicIsotope":483,"Mirror":190,"ReplayTheSpireMod:DimensionalGlitch":309,"StuffTheSpire:OldFever":143,"Juzu Bracelet":190,"Replay:Mystery Machine":10,"vexMod:Spyglass":190,"conspire:TopHat":190,"Dream Catcher":52,"Nunchaku":129,"hubris:Icosahedron":121,"MiniBlackHole":190,"StuffTheSpire:Nightcore":190,"Guide Book":190,"infinitespire:FocusingShard":190,"Replay:WaspNest":190,"hubris:MedicalManual":190,"vexMod:FocusSash":161,"Medical Kit":190,"Mercury Hourglass":190,"vexMod:Dragonfruit":190,"Strange Spoon":190,"Cauldron":281,"Pondfish Scales":190,"vexMod:BarristanHead":190,"infinitespire:Satchel":99,"StuffTheSpire:CocoNut":190,"Bag of Marbles":190,"Membership Card":176,"FossilizedHelix":190,"hubris:OldNail":190,"infinitespire:BottledMercury":61,"Golden Egg":190,"vexMod:MemoryStick":91,"Conjunction:SoulLantern":223,"Whetstone":190,"Ginger":190,"Boot":190,"relicPack:OneForAll":42,"Replay:Ringing Soul":190,"ZombieTooth":190,"vexMod:CardConverter":190,"infinitespire:Golems Mask":190,"MealTicket":409,"Kunai":190,"conspire:TreasureMap":190,"Pear":184,"GiantMaggot":190,"Counterbalance":190,"hubris:SphereOfDissonance":91,"vexMod:MysteryBossChallenge":274,"Runic Dome":274,"hubris:TenFootPole":129,"infinitespire:PuzzleCube":190,"relicPack:WeightedSword":486,"WizardHat":190,"Lantern":190,"hubris:Metronome":190,"RoseTintedShades":175,"Blue Doll":190,"Rawhide":190,"StuffTheSpire:EmeraldSignet":190,"Bag of Preparation":99,"Replay:Multitool":190,"HeavenlyBonsai":190,"Replay:Rubber Ducky":190,"Shovel":118,"Matryoshka":190,"Ninja Scroll":313,"hubris:ScarierMask":73,"Replay:Lucky Slots":190,"hubris:FunFungus":190,"StuffTheSpire:RedRose":121,"BicycleWheel":190,"hubris:GlazedTorus":190,"StuffTheSpire:TintedRock":190,"CherryCoatedStake":501,"StuffTheSpire:Saxophone":190,"StuffTheSpire:Expresso":190,"Thread and Needle":150,"infinitespire:Joker Card":190,"Omamori":190,"infinitespire:CheckeredPen":190,"Frozen Egg 2":175,"Bloody Idol":244,"Orrery":256,"Turnip":190,"Bottled Lightning":190,"ReplayTheSpireMod:Lightbulb":190,"Toy Ornithopter":190,"CeramicFish":190,"Vajra":190,"Lizard Tail":190,"SpikesRelics:ToyHorsey":129,"HornCleat":190,"DollysMirror":85,"conspire:DecoderRing":126,"Strawberry":190,"Toxic Egg 2":190,"vexMod:RetaliationKit":190,"conspire:Dentures":190,"Happy Flower":190,"vexMod:ScavengeHelm":190,"Oddly Smooth Stone":190,"infinitespire:Beetle Shell":61,"Letter Opener":169,"Replay:Kaleidoscope":190,"War Paint":190,"Question Card":190,"Bottled Flame":190,"Replay:Baseball":190,"ReplayTheSpireMod:Shallot":190,"Shuriken":190,"Bronze Scales":190,"Molten Egg 2":52,"Simple Rune":190,"StuffTheSpire:DarkSteelAnvil":190,"Black Star":37,"ReplayTheSpireMod:TigerMarble":175,"hubris:ToyBattleship":190,"Grinning Jar":42,"Meat on the Bone":190,"ReplayFunnel":190,"Darkstone Periapt":190,"SnailShell":190,"RetroEgg":190,"SacredBark":353,"Mango":190,"BrokenLever":190,"conspire:SpecialSausage":375,"hubris:SlimyHat":190,"ClockworkSouvenir":190,"Frozen Eye":190,"Replay:Bandana":190,"Mummified Hand":190,"Pantograph":15,"StuffTheSpire:HeavyRock":190,"Tiny Chest":190,"RollingBoulder":190,"StuffTheSpire:Tea":190,"Gremlin Food":190,"BargainBundle":175,"ReplayTheSpireMod:Ninjato":190,"HowToJump":0,"Replay:Towering Pillar of Hats":190,"Quantum Egg":118,"SuspiciousGoo":190,"Orichalcum":223,"White Beast Statue":24,"Anchor":190,"CaptainsWheel":190,"infinitespire:WardingShard":190,"vexMod:HeadHunter":190,"ChewingGum":158,"Snack Pack":190,"StuffTheSpire:RubySignet":190,"StuffTheSpire:Kangaroo":324,"TungstenRod":190,"hubris:Potato":301}]},"card_choices":[{"not_picked":["dioMod:StreetSign","dioMod:Diversion"],"picked":"dioMod:DaggerToss","floor":1},{"not_picked":["dioMod:WRYYY","dioMod:Minions"],"picked":"dioMod:Diversion","floor":3},{"not_picked":["dioMod:Diversion","dioMod:BloodSuck"],"picked":"dioMod:Roundabout","floor":4},{"not_picked":["dioMod:LaserVision","dioMod:WRYYY"],"picked":"dioMod:DoubleTime","floor":5},{"not_picked":["dioMod:DoubleTime","dioMod:SevenPageMuda"],"picked":"dioMod:ZaWarudo","floor":6},{"not_picked":["dioMod:GoodbyeJojo","dioMod:Minions"],"picked":"dioMod:ComboFever","floor":8},{"not_picked":["dioMod:BloodSplash","dioMod:BloodSuck"],"picked":"dioMod:HeavyLifting","floor":11},{"not_picked":["dioMod:Donut","dioMod:CoffinBath"],"picked":"dioMod:BloodSplash","floor":12},{"not_picked":["dioMod:PhantomBlood","dioMod:UltimateSacrifice"],"picked":"dioMod:Regeneration","floor":16},{"not_picked":["dioMod:BloodShield","dioMod:ComboFever"],"picked":"dioMod:Diversion+1","floor":18},{"not_picked":["dioMod:LaserVision","dioMod:StreetSign"],"picked":"dioMod:BloodShield","floor":19},{"not_picked":["dioMod:SecretPlan","dioMod:Hiss"],"picked":"dioMod:DominatingPresence","floor":20},{"not_picked":["dioMod:BloodSplash","dioMod:WRYYY"],"picked":"dioMod:BloodShield","floor":22},{"not_picked":["dioMod:ComboFever","dioMod:SecretPlan"],"picked":"dioMod:Muda","floor":24},{"not_picked":["dioMod:VengefulMuda","dioMod:LaserVision"],"picked":"dioMod:MudaMudaMuda","floor":25},{"not_picked":["dioMod:CutDeep","dioMod:GoodbyeJojo"],"picked":"dioMod:TripleThreat","floor":27},{"not_picked":["dioMod:CutDeep+1","dioMod:UltimateSacrifice"],"picked":"dioMod:DominatingPresence+1","floor":28},{"not_picked":["dioMod:GoodbyeJojo","dioMod:SecretPlan"],"picked":"dioMod:BloodSuck","floor":28},{"not_picked":["dioMod:MudaMudaMuda","dioMod:FlyAway"],"picked":"dioMod:TheWalk","floor":30},{"not_picked":["dioMod:PhantomBlood","dioMod:UltimateSacrifice"],"picked":"dioMod:GoldVial","floor":33},{"not_picked":["dioMod:BloodShield","dioMod:SecretPlan"],"picked":"dioMod:BloodTransfusion","floor":35},{"not_picked":["dioMod:BlendIn","dioMod:BloodSuck"],"picked":"dioMod:LaserVision+1","floor":39},{"not_picked":["dioMod:DarkRebirth","dioMod:HeavyLifting"],"picked":"dioMod:Muda","floor":41},{"not_picked":["dioMod:BloodTransfusion","dioMod:CutDeep+1"],"picked":"dioMod:Minions","floor":42},{"not_picked":["dioMod:PathToHeaven","dioMod:BloodSplash"],"picked":"dioMod:MudaMudaMuda+1","floor":44},{"not_picked":["dioMod:Minions","dioMod:GoodbyeJojo"],"picked":"dioMod:CautiousMuda","floor":46},{"not_picked":["dioMod:DarkRebirth","dioMod:ComposedMuda"],"picked":"dioMod:ComboFever","floor":47}],"player_experience":391475,"relics_obtained":[{"floor":6,"key":"Replay:Accelerometer"},{"floor":8,"key":"MealTicket"},{"floor":9,"key":"vexMod:BarristanHead"},{"floor":9,"key":"Replay:Mystery Machine"},{"floor":11,"key":"Art of War"},{"floor":19,"key":"SnailShell"},{"floor":21,"key":"Replay:Bandana"},{"floor":21,"key":"Rawhide"},{"floor":25,"key":"StuffTheSpire:GrapeVine"},{"floor":25,"key":"Gremlin Food"},{"floor":26,"key":"Turnip"},{"floor":28,"key":"Tiny Chest"},{"floor":30,"key":"Pear"},{"floor":30,"key":"ReplayTheSpireMod:TigerMarble"},{"floor":31,"key":"ReplayTheSpireMod:Shallot"},{"floor":42,"key":"StuffTheSpire:Rhapsscallions"},{"floor":42,"key":"Du-Vu Doll"},{"floor":43,"key":"Anchor"},{"floor":44,"key":"PreservedInsect"},{"floor":44,"key":"CherryCoatedStake"},{"floor":45,"key":"Gremlin Horn"}],"event_choices":[{"damage_healed":0,"gold_gain":0,"player_choice":"Ignored","damage_taken":601,"max_hp_gain":0,"max_hp_loss":0,"event_name":"betterThird:BetterSerpent","floor":13,"gold_loss":0},{"damage_healed":0,"gold_gain":0,"player_choice":"Upgraded","damage_taken":0,"max_hp_gain":0,"max_hp_loss":0,"event_name":"Upgrade Shrine","floor":48,"gold_loss":0,"cards_upgraded":["dioMod:DoubleTime"]}],"is_beta":false,"boss_relics":[{"not_picked":["dioMod:JoestarBlood","Replay:Ancient Bell"],"picked":"Black Star"},{"not_picked":["Replay:Grab Bag","Astrolabe"],"picked":"CosmicIsotope"}],"items_purged_floors":[],"is_endless":false,"potions_floor_spawned":[4,8,11,16,19,22,27,33,35,42,46],"ascension_level":17}}