{"host":"rxpu8tqu58sn7qk5","time":1609120312,"event":{"mods":["BaseMod","Colored Map","Colored Powertips","Downfall","Hubris","Minty Spire (QoL Compilation)","Replay The Spire","StSLib"],"gold_per_floor":[99,111,127,144,144,60,60,60,60,45,74,74,104,156,166,166,166,166],"floor_reached":16,"playtime":1140,"items_purged":[],"score":108,"play_id":"de6914bc-d507-4353-a1d0-f4c59e753c2b","local_time":"20201227205152","is_ascension_mode":false,"campfire_choices":[],"circlet_count":0,"master_deck":["champ:Strike","champ:Strike","champ:Strike","champ:Defend","champ:Defend","champ:Defend","champ:Defend","champ:Execute","champ:Taunt","champ:TornadoPunch","champ:Haymaker","champ:GladiatorsShout+1","champ:BringItOn","champ:CalledShot","champ:IronFortress","champ:EndlessRage","ReplayReversal","Apotheosis"],"relics":["champ:ChampionCrown","Pen Nib","hubris:Towel","Tiny Chest","PrismaticShard","Oddly Smooth Stone","Replay:Bottled Flurry","Replay:Mystery Machine"],"acts_visited":["Exordium"],"potions_floor_usage":[13,16],"damage_taken":[{"damage":10,"enemies":"Small Slimes","floor":2,"turns":3},{"damage":19,"enemies":"2 Louse","floor":3,"turns":4},{"damage":13,"enemies":"Jaw Worm","floor":4,"turns":3},{"damage":5,"enemies":"downfall:FleeingMerchant","floor":6,"turns":4},{"damage":5,"enemies":"downfall:FleeingMerchant","floor":10,"turns":4},{"damage":25,"enemies":"3 Sentries","floor":11,"turns":8},{"damage":40,"enemies":"Gremlin Nob","floor":13,"turns":6},{"damage":0,"enemies":"2 Fungi Beasts","floor":15,"turns":3},{"damage":21,"enemies":"downfall:Silent","floor":16,"turns":4}],"seed_played":"4431556156985572001","potions_obtained":[{"floor":1,"key":"Weak Potion"},{"floor":1,"key":"PowerPotion"},{"floor":3,"key":"SteroidPotion"}],"is_trial":false,"path_per_floor":["R_BF","M","M","M","?","$","T","?","?","$","E","?","E","T","M","B"],"character_chosen":"THE_CHAMP","items_purchased":["champ:CalledShot"],"campfire_rested":0,"item_purchase_floors":[6],"current_hp_per_floor":[90,90,76,68,68,68,68,68,68,68,53,53,18,18,18,0,0,0],"gold":166,"neow_bonus":"RANDOM_COMMON_RELIC","is_daily":false,"chose_seed":false,"campfire_upgraded":0,"win_rate":0.0,"timestamp":1609120312,"path_taken":["R_BF","M","M","M","?","$","T","?","?","$","E","?","E","?","M","BOSS"],"items_purchased_type":["Card"],"build_version":"2020-12-22","purchased_purges":0,"victory":false,"max_hp_per_floor":[90,90,90,90,90,90,90,90,90,90,90,90,90,90,90,90,90,90],"card_choices":[{"not_picked":["champ:EndlessRage","champ:GutPunch"],"picked":"champ:TornadoPunch","floor":2},{"not_picked":["champ:TornadoPunch","champ:StanceDance"],"picked":"champ:Haymaker","floor":3},{"not_picked":["champ:FlashCut","champ:GutPunch"],"picked":"champ:GladiatorsShout","floor":4},{"not_picked":["champ:GladiatorsShout","champ:StanceDance"],"picked":"champ:BringItOn","floor":6},{"not_picked":["FlyingSleeves","ReplayTheSpireMod:Exploit Weakness"],"picked":"champ:IronFortress","floor":10},{"not_picked":["hexamod:ShieldOfDarkness","hubris:CleavingFinish"],"picked":"champ:EndlessRage","floor":11},{"not_picked":["Replay:SS_forest_2","Coolheaded"],"picked":"ReplayReversal","floor":13},{"not_picked":["hexamod:FastForward","hexamod:Firestarter"],"picked":"Apotheosis","floor":15}],"player_experience":112496,"relics_obtained":[{"floor":7,"key":"Tiny Chest"},{"floor":11,"key":"Oddly Smooth Stone"},{"floor":13,"key":"Replay:Bottled Flurry"},{"floor":14,"key":"Replay:Mystery Machine"}],"event_choices":[{"cards_removed":["champ:Strike"],"damage_healed":0,"gold_gain":0,"player_choice":"Card Removal","damage_taken":0,"max_hp_gain":0,"max_hp_loss":0,"event_name":"The Cleric","floor":9,"gold_loss":0},{"damage_healed":0,"gold_gain":0,"player_choice":"Grow","damage_taken":0,"max_hp_gain":0,"max_hp_loss":0,"event_name":"Living Wall","floor":12,"gold_loss":0,"cards_upgraded":["champ:GladiatorsShout"]}],"is_beta":false,"boss_relics":[],"items_purged_floors":[],"is_endless":false,"potions_floor_spawned":[3,4],"killed_by":"downfall:Silent","ascension_level":0}}