{"host":"reretk0dz0kj8f1n","time":1609135968,"event":{"mods":["Arknights The Spire","BaseMod","Colored Map","Minty Spire (QoL Compilation)","StSLib"],"gold_per_floor":[111,111,136,61,61,61,101,122,149,173,186,186,211,211,211,341,341,362,13,29,47,71,106,106,142,142,241,241,14,37,37,37,168,168,192,67,87,87,420,420,420],"floor_reached":40,"playtime":1612,"items_purged":["Injury","ats:Strike G","ats:Strike C"],"score":472,"play_id":"6ebca285-0988-4405-a65f-d1ae937dd41b","local_time":"20201228151248","is_ascension_mode":true,"campfire_choices":[{"floor":6,"key":"REST"},{"data":"ats:Ambush","floor":12,"key":"SMITH"},{"data":"ats:Part Time Job","floor":15,"key":"SMITH"},{"data":"ats:Flexible Camouflage","floor":24,"key":"SMITH"},{"data":"ats:Poison Spread","floor":28,"key":"SMITH"},{"data":"ats:Closed Bolt Burst Fire","floor":32,"key":"SMITH"}],"circlet_count":0,"master_deck":["ats:Strike S","ats:Armor Crushing Shot","ats:Defend","ats:Defend+1","ats:Defend+1","ats:Defend","ats:Emotion Absorption","ats:Closed Bolt Burst Fire+1","ats:Consecutive Shot Auto","ats:Ambush+1","ats:Part Time Job+1","ats:Shell Defense","ats:Echo Reverb","ats:Consecutive Shot Auto+1","ats:Demon Strength","ats:Revitalization","ats:Poison Spread+1","ats:Flexible Camouflage+1","ats:Flexible Camouflage+1","ats:Poison Spread+1","ats:Rapid Magazine+1","ats:Explosion Area Strengthen","ats:Calcification","ats:Powerful Strike+1","ats:Chain Hook+1","Madness","Madness"],"relics":["ats:Sanity","Gambling Chip","ats:Originium","Happy Flower","War Paint","Coffee Dripper","ats:Snipe","ats:Originium","TungstenRod","ats:Originium","Ornamental Fan","Frozen Egg 2","Lee\u0027s Waffle","ats:Tactical Delivery"],"acts_visited":["Exordium","TheCity","TheBeyond"],"potions_floor_usage":[7,11,16,22,23,25,25,37],"damage_taken":[{"damage":0,"enemies":"Small Slimes","floor":1,"turns":3},{"damage":0,"enemies":"2 Louse","floor":3,"turns":3},{"damage":38,"enemies":"3 Sentries","floor":7,"turns":13},{"damage":0,"enemies":"Cultist","floor":8,"turns":3},{"damage":14,"enemies":"Large Slime","floor":10,"turns":6},{"damage":0,"enemies":"Gremlin Gang","floor":11,"turns":4},{"damage":0,"enemies":"3 Louse","floor":13,"turns":5},{"damage":13,"enemies":"The Guardian","floor":16,"turns":18},{"damage":15,"enemies":"3 Byrds","floor":18,"turns":7},{"damage":0,"enemies":"Chosen","floor":20,"turns":4},{"damage":18,"enemies":"Shelled Parasite and Fungi","floor":21,"turns":6},{"damage":6,"enemies":"3 Cultists","floor":22,"turns":7},{"damage":66,"enemies":"Gremlin Leader","floor":23,"turns":5},{"damage":5,"enemies":"Book of Stabbing","floor":25,"turns":3},{"damage":5,"enemies":"Centurion and Healer","floor":30,"turns":5},{"damage":85,"enemies":"Champ","floor":33,"turns":10},{"damage":19,"enemies":"Orb Walker","floor":35,"turns":3},{"damage":34,"enemies":"3 Shapes","floor":37,"turns":4},{"damage":49,"enemies":"Reptomancer","floor":40,"turns":3}],"seed_played":"4785576800655909783","potions_obtained":[{"floor":1,"key":"ColorlessPotion"},{"floor":3,"key":"EssenceOfSteel"},{"floor":11,"key":"SteroidPotion"},{"floor":16,"key":"Block Potion"},{"floor":18,"key":"Fire Potion"},{"floor":20,"key":"SkillPotion"},{"floor":23,"key":"Strength Potion"},{"floor":35,"key":"SneckoOil"}],"is_trial":false,"path_per_floor":["M","?","M","$","?","R","E","M","T","M","M","R","M","?","R","B",null,"M","$","M","M","M","E","R","E","T","?","R","$","M","$","R","B",null,"M","$","M","?","?","E"],"character_chosen":"DOCTOR_CLASS","items_purchased":["ats:Snipe","ats:Demon Strength","ats:Revitalization","ats:Rapid Magazine+1","Lee\u0027s Waffle"],"campfire_rested":1,"item_purchase_floors":[19,19,19,29,29],"current_hp_per_floor":[51,51,51,51,56,72,34,34,34,20,20,20,25,25,25,48,72,71,71,72,63,72,18,18,18,18,18,18,79,75,75,75,29,79,62,62,37,28,28,0,0],"gold":420,"neow_bonus":"ONE_RARE_RELIC","is_daily":false,"chose_seed":false,"campfire_upgraded":5,"win_rate":0.0,"timestamp":1609135968,"path_taken":["M","?","M","$","?","R","E","M","T","M","M","R","?","?","R","BOSS","M","$","M","?","M","E","R","E","T","?","R","$","M","$","R","BOSS","M","$","M","?","?","E"],"items_purchased_type":["Relic","Card","Card","Card","Relic"],"build_version":"2020-12-22","purchased_purges":3,"victory":false,"max_hp_per_floor":[72,72,72,72,72,72,72,72,72,72,72,72,72,72,72,72,72,72,72,72,72,72,72,72,72,72,72,72,79,79,79,79,79,79,79,79,79,79,79,79,79],"card_choices":[{"not_picked":["ats:Support Order","ats:Assault Order","ats:Charging Defense"],"picked":"SKIP","floor":1},{"not_picked":["ats:Curse Doll","ats:Demon Strength"],"picked":"ats:Poison Spread","floor":3},{"not_picked":["ats:Childhood Dance","ats:Spore Proliferation"],"picked":"ats:Closed Bolt Burst Fire","floor":7},{"not_picked":["ats:Apocalypse","ats:Assault Order"],"picked":"ats:Consecutive Shot Auto","floor":8},{"not_picked":["ats:Soul Absorption","ats:Apocalypse"],"picked":"ats:Ambush","floor":10},{"not_picked":["ats:Leaping Hammer","ats:Chain Hook"],"picked":"ats:Part Time Job","floor":11},{"not_picked":["ats:Apocalypse","ats:Composite Medical Shells"],"picked":"ats:Shell Defense","floor":13},{"not_picked":["ats:Disruption Kick","ats:True Silver Slash"],"picked":"ats:Echo Reverb","floor":16},{"not_picked":["ats:Leaping Hammer","ats:Thorns"],"picked":"ats:Consecutive Shot Auto+1","floor":18},{"not_picked":["ats:Leaping Hammer","ats:Steam Pump"],"picked":"ats:Poison Spread+1","floor":20},{"not_picked":["ats:Consecutive Shot Auto","ats:Hammer On","ats:Cat Scratch"],"picked":"SKIP","floor":21},{"not_picked":["ats:Shell Defense+1","ats:Childhood Dance"],"picked":"ats:Flexible Camouflage","floor":22},{"not_picked":["ats:Red Shift","ats:Soul Absorption"],"picked":"ats:Flexible Camouflage+1","floor":23},{"not_picked":["ats:Sword Rain","ats:Curse Doll"],"picked":"ats:Poison Spread","floor":25},{"not_picked":["ats:Flexible Camouflage","ats:Cat Scratch+1"],"picked":"ats:Explosion Area Strengthen","floor":30},{"not_picked":["ats:Volcano","ats:Wolf Pack"],"picked":"ats:Calcification","floor":33},{"not_picked":["ats:Consecutive Shot Auto","ats:Shell Defense+1"],"picked":"ats:Powerful Strike+1","floor":35},{"not_picked":["ats:Mental Burst","ats:Leaping Hammer"],"picked":"ats:Chain Hook+1","floor":37}],"player_experience":257292,"relics_obtained":[{"floor":7,"key":"ats:Originium"},{"floor":7,"key":"Happy Flower"},{"floor":9,"key":"War Paint"},{"floor":23,"key":"ats:Originium"},{"floor":23,"key":"TungstenRod"},{"floor":25,"key":"ats:Originium"},{"floor":25,"key":"Ornamental Fan"},{"floor":26,"key":"Frozen Egg 2"}],"event_choices":[{"damage_healed":0,"gold_gain":0,"player_choice":"Take Wound","damage_taken":0,"relics_obtained":["Golden Idol"],"max_hp_gain":0,"max_hp_loss":0,"event_name":"Golden Idol","floor":2,"gold_loss":0,"cards_obtained":["Injury"]},{"cards_removed":["ats:Poison Spread"],"damage_healed":5,"gold_gain":0,"player_choice":"Offered Common","damage_taken":0,"max_hp_gain":0,"max_hp_loss":0,"event_name":"Bonfire Elementals","floor":5,"gold_loss":0},{"cards_removed":["ats:Poison Spread"],"damage_healed":5,"gold_gain":0,"player_choice":"Offered Special","damage_taken":0,"max_hp_gain":0,"max_hp_loss":0,"event_name":"Bonfire Elementals","floor":5,"gold_loss":0},{"cards_removed":["ats:Strike V"],"damage_healed":0,"gold_gain":0,"player_choice":"Purged","damage_taken":0,"max_hp_gain":0,"max_hp_loss":0,"event_name":"Purifier","floor":14,"gold_loss":0},{"damage_healed":0,"gold_gain":99,"player_choice":"Stole From Cult","damage_taken":0,"max_hp_gain":0,"max_hp_loss":0,"event_name":"Nest","floor":27,"gold_loss":0},{"damage_healed":0,"gold_gain":0,"player_choice":"Embrace Madness","damage_taken":10,"max_hp_gain":0,"max_hp_loss":0,"event_name":"Winding Halls","floor":38,"gold_loss":0,"cards_obtained":["Madness","Madness"]},{"damage_healed":0,"gold_gain":333,"player_choice":"Gave Idol","damage_taken":0,"max_hp_gain":0,"max_hp_loss":0,"event_name":"The Moai Head","floor":39,"relics_lost":["Golden Idol"],"gold_loss":0}],"is_beta":false,"boss_relics":[{"not_picked":["SlaversCollar","Black Star"],"picked":"Coffee Dripper"},{"not_picked":["Runic Dome","Tiny House"],"picked":"ats:Tactical Delivery"}],"items_purged_floors":[4,19,36],"is_endless":false,"potions_floor_spawned":[1,3,11,16,18,20,23,35],"killed_by":"Reptomancer","ascension_level":1}}