{"host":"4nqeo0vu1vuav7gg","time":1609153692,"event":{"mods":["AchievementEnabler","BaseMod","Block Reminder","Colored Map","Colored Powertips","Highlight Path","Minty Spire (QoL Compilation)","Quick Restart","Rare Cards Sparkle","Relic Relevance Reorder","StSLib"],"gold_per_floor":[115,115,190,203,220,220,240,266,348,313,313,331,363,58,58,129,129,149,15,32,32,32,32,111,121,148,148,177,196,196,196],"floor_reached":30,"playtime":1397,"items_purged":["Strike_B"],"score":490,"play_id":"cf6ea8e2-d487-4ab8-b34b-23d15864bf21","local_time":"20201228120812","is_ascension_mode":true,"campfire_choices":[{"data":"Genetic Algorithm","floor":6.0,"key":"SMITH"},{"floor":11.0,"key":"REST"},{"floor":15.0,"key":"REST"},{"floor":23.0,"key":"REST"},{"floor":27.0,"key":"REST"}],"circlet_count":0,"master_deck":["AscendersBane","Strike_B+1","Defend_B","Defend_B","Defend_B","Defend_B","Zap","Dualcast","Gash+1","Genetic Algorithm+1","Sweeping Beam","Conserve Battery","FTL+1","Hologram","Seek","Steam","Buffer","Reinforced Body","Hologram","Static Discharge","Go for the Eyes","Writhe","BootSequence","Turbo","Go for the Eyes","Sunder","BootSequence"],"relics":["Cracked Core","Blue Candle","Busted Crown","Pocketwatch","Gambling Chip","Question Card","Tiny Chest","Whetstone"],"acts_visited":["Exordium","TheCity"],"potions_floor_usage":[30],"damage_taken":[{"damage":0.0,"enemies":"Small Slimes","floor":1.0,"turns":3.0},{"damage":7.0,"enemies":"2 Louse","floor":4.0,"turns":2.0},{"damage":7.0,"enemies":"Jaw Worm","floor":5.0,"turns":3.0},{"damage":11.0,"enemies":"Red Slaver","floor":7.0,"turns":4.0},{"damage":24.0,"enemies":"Lagavulin","floor":8.0,"turns":7.0},{"damage":6.0,"enemies":"Blue Slaver","floor":12.0,"turns":4.0},{"damage":31.0,"enemies":"Gremlin Nob","floor":13.0,"turns":4.0},{"damage":37.0,"enemies":"The Guardian","floor":16.0,"turns":15.0},{"damage":11.0,"enemies":"Spheric Guardian","floor":18.0,"turns":4.0},{"damage":17.0,"enemies":"3 Byrds","floor":20.0,"turns":6.0},{"damage":23.0,"enemies":"Shelled Parasite and Fungi","floor":25.0,"turns":9.0},{"damage":40.0,"enemies":"Book of Stabbing","floor":28.0,"turns":5.0},{"damage":0.0,"enemies":"3 Cultists","floor":29.0,"turns":5.0},{"damage":0,"enemies":"Slavers","floor":30,"turns":3}],"seed_played":"7497430363578144011","potions_obtained":[{"floor":1.0,"key":"BlessingOfTheForge"},{"floor":5.0,"key":"Ancient Potion"},{"floor":13.0,"key":"DistilledChaos"},{"floor":20.0,"key":"BlessingOfTheForge"},{"floor":28.0,"key":"DuplicationPotion"},{"floor":29.0,"key":"Explosive Potion"}],"is_trial":false,"path_per_floor":["M","?","?","M","M","R","M","E","T","?","R","M","E","$","R","B",null,"M","$","M","?","?","R","T","M","T","R","E","M","E"],"character_chosen":"DEFECT","items_purchased":["Seek","Steam","Hologram","Static Discharge"],"campfire_rested":4,"item_purchase_floors":[14,14,19,19],"current_hp_per_floor":[71,71,60,53,46,46,35,11,11,30,53,47,16,16,39,2,59,48,48,31,31,31,54,54,31,31,54,14,14,14,14],"gold":196,"neow_bonus":"TEN_PERCENT_HP_BONUS","is_daily":false,"chose_seed":false,"campfire_upgraded":1,"win_rate":0.0,"timestamp":1609153692,"path_taken":["M","?","?","M","M","R","M","E","T","?","R","?","E","?","R","BOSS","M","$","M","?","?","R","?","?","T","R","E","M","E"],"items_purchased_type":["Card","Card","Card","Card"],"build_version":"2020-12-22","purchased_purges":1,"victory":false,"max_hp_per_floor":[78,78,78,78,78,78,78,78,78,78,78,78,78,78,78,78,78,78,78,78,78,78,78,78,78,78,78,78,78,78,78],"card_choices":[{"not_picked":["Hello World","Capacitor"],"picked":"Gash","floor":1.0},{"not_picked":["Conserve Battery","Recycle"],"picked":"Genetic Algorithm","floor":4.0},{"not_picked":["Cold Snap","Rip and Tear"],"picked":"Sweeping Beam","floor":5.0},{"not_picked":["Sweeping Beam","Ball Lightning"],"picked":"Conserve Battery","floor":7.0},{"not_picked":["Machine Learning","Double Energy"],"picked":"FTL","floor":8.0},{"not_picked":["Consume","Barrage"],"picked":"Hologram","floor":12.0},{"not_picked":["Leap","Hello World","Redo"],"picked":"SKIP","floor":13.0},{"not_picked":["Seek","Amplify"],"picked":"Buffer","floor":16.0},{"not_picked":[],"picked":"Reinforced Body","floor":18.0},{"not_picked":[],"picked":"Go for the Eyes","floor":20.0},{"not_picked":["Hello World"],"picked":"Go for the Eyes","floor":25.0},{"not_picked":["Fusion"],"picked":"Sunder","floor":28.0},{"not_picked":["Streamline"],"picked":"BootSequence","floor":29.0}],"player_experience":1024030,"relics_obtained":[{"floor":8.0,"key":"Gambling Chip"},{"floor":13.0,"key":"Tiny Chest"},{"floor":24.0,"key":"Blue Candle"},{"floor":26.0,"key":"Whetstone"},{"floor":28.0,"key":"Pocketwatch"}],"event_choices":[{"damage_healed":0.0,"max_hp_gain":0.0,"max_hp_loss":0.0,"gold_gain":0.0,"event_name":"Living Wall","player_choice":"Grow","floor":2.0,"gold_loss":0.0,"damage_taken":0.0,"cards_upgraded":["Gash"]},{"damage_healed":0.0,"max_hp_gain":0.0,"max_hp_loss":0.0,"gold_gain":75.0,"event_name":"World of Goop","player_choice":"Gather Gold","floor":3.0,"gold_loss":0.0,"damage_taken":11.0},{"damage_healed":19.0,"max_hp_gain":0.0,"max_hp_loss":0.0,"gold_gain":0.0,"event_name":"The Cleric","player_choice":"Healed","floor":10.0,"gold_loss":35.0,"damage_taken":0.0},{"damage_healed":0.0,"max_hp_gain":0.0,"max_hp_loss":0.0,"gold_gain":0.0,"event_name":"The Mausoleum","player_choice":"Opened","floor":21.0,"gold_loss":0.0,"damage_taken":0.0,"relics_obtained":["Question Card"],"cards_obtained":["Writhe"]},{"damage_healed":0.0,"max_hp_gain":0.0,"max_hp_loss":0.0,"gold_gain":0.0,"cards_transformed":["Strike_B","Strike_B"],"event_name":"Drug Dealer","player_choice":"Became Test Subject","floor":22.0,"gold_loss":0.0,"damage_taken":0.0,"cards_obtained":["BootSequence","Turbo"]}],"is_beta":false,"boss_relics":[{"not_picked":["Ectoplasm","Tiny House"],"picked":"Busted Crown"}],"items_purged_floors":[14],"is_endless":false,"potions_floor_spawned":[1,5,13,20,28,29],"killed_by":"Slavers","ascension_level":18}}