{"host":"hi7fki77kkmhrce8","time":1609131236,"event":{"mods":["AchievementEnabler","Act Like it!","BaseMod","Beaked The Cultist","Colored Map","Colored Powertips","Downfall","Halation","Hallownest","Jedi Mod","Mad Scientist","Minty Spire (QoL Compilation)","Relic Stats","Replay The Spire","StSLib","SuperFastMode","The Construct","The Servant 0.9.4","The Witch"],"gold_per_floor":[118,193,193,208,226,236,236,236],"floor_reached":7,"playtime":372,"items_purged":[],"score":43,"play_id":"5e34f4ac-f87e-43ce-89c7-79df29effb5f","local_time":"20201227235356","is_ascension_mode":false,"campfire_choices":[],"circlet_count":0,"master_deck":["MadScienceMod:Strike_MadScience","MadScienceMod:Strike_MadScience","MadScienceMod:Strike_MadScience","MadScienceMod:Strike_MadScience","MadScienceMod:Defend_MadScience","MadScienceMod:Defend_MadScience","MadScienceMod:Defend_MadScience","MadScienceMod:Defend_MadScience","MadScienceMod:PoweredStrike","MadScienceMod:HideBehindJunk","MadScienceMod:AcidSpray","MadScienceMod:Poke","MadScienceMod:RadioactiveSword","MadScienceMod:Virus"],"relics":["halation:HeavySnake","halation:StarCompass"],"acts_visited":["Exordium"],"potions_floor_usage":[7],"damage_taken":[{"damage":10,"enemies":"Jaw Worm","floor":1,"turns":5},{"damage":10,"enemies":"Small Slimes","floor":4,"turns":4},{"damage":0,"enemies":"2 Louse","floor":5,"turns":5},{"damage":17,"enemies":"Large Slime","floor":6,"turns":6},{"damage":40,"enemies":"Lagavulin","floor":7,"turns":5}],"seed_played":"-5982150512517656790","potions_obtained":[{"floor":4,"key":"Doom Potion"},{"floor":5,"key":"Toxic Potion"},{"floor":6,"key":"construct:ShiftPotion"}],"is_trial":false,"path_per_floor":["M","?","?","M","M","M","E"],"character_chosen":"MAD_SCIENTIST","items_purchased":[],"campfire_rested":0,"item_purchase_floors":[],"current_hp_per_floor":[65,54,54,44,44,27,0,0],"gold":236,"neow_bonus":"BOSS_RELIC","is_daily":false,"chose_seed":false,"campfire_upgraded":0,"win_rate":0.0,"timestamp":1609131236,"path_taken":["M","?","?","M","M","M","E"],"items_purchased_type":[],"build_version":"2020-12-22","purchased_purges":0,"victory":false,"max_hp_per_floor":[75,75,75,75,75,75,75,75],"relic_stats":{"counters":[5,25],"obtain_stats":[{"MadScienceMod:FuelTank":0,"halation:StarCompass":3,"halation:HeavySnake":0},{"MadScienceMod:FuelTank":0,"halation:StarCompass":1,"halation:HeavySnake":0},{"MadScienceMod:FuelTank":0,"halation:StarCompass":5,"halation:HeavySnake":0}]},"card_choices":[{"not_picked":["MadScienceMod:EnergyBarrier","MadScienceMod:Inflate"],"picked":"MadScienceMod:AcidSpray","floor":1},{"not_picked":["MadScienceMod:Refuel","MadScienceMod:Bayonet"],"picked":"MadScienceMod:Poke","floor":4},{"not_picked":["MadScienceMod:LightOnFire","MadScienceMod:MakeOrBreak"],"picked":"MadScienceMod:RadioactiveSword","floor":5},{"not_picked":["MadScienceMod:ParticleBeam","MadScienceMod:Lightbulb"],"picked":"MadScienceMod:Virus","floor":6}],"player_experience":129676,"relics_obtained":[],"event_choices":[{"damage_healed":0,"gold_gain":75,"player_choice":"Gather Gold","damage_taken":11,"max_hp_gain":0,"max_hp_loss":0,"event_name":"World of Goop","floor":2,"gold_loss":0}],"is_beta":false,"boss_relics":[],"items_purged_floors":[],"is_endless":false,"potions_floor_spawned":[4,5,6],"killed_by":"Lagavulin","ascension_level":0}}