{"host":"jqjg4un1gmm27ngb","time":1609128104,"event":{"mods":["AchievementEnabler","BaseMod","Block Reminder","Colored Map","Colored Powertips","DeckTracker","Minty Spire (QoL Compilation)","Quick Restart","Relic Stats"],"gold_per_floor":[116,19,37,51,67,99,116,116,116,116,127,140,140,40,40,137,137,153,153,31,49,61,73,73,163,236,248,248,268,284,317,317,317,317],"floor_reached":33,"playtime":2000,"items_purged":["Defend_B","Strike_B"],"score":273,"play_id":"2867c4d8-1536-4fa8-afe4-1701b6adc1eb","local_time":"20201227230144","is_ascension_mode":false,"campfire_choices":[{"floor":8,"key":"REST"},{"floor":10,"key":"REST"},{"data":"Sweeping Beam","floor":13,"key":"SMITH"},{"data":"Ball Lightning","floor":15,"key":"SMITH"},{"data":"Meteor Strike","floor":24,"key":"SMITH"},{"data":"Lockon","floor":28,"key":"SMITH"},{"floor":32,"key":"REST"}],"circlet_count":0,"master_deck":["Strike_B","Strike_B","Strike_B","Defend_B","Defend_B","Defend_B","Zap","Dualcast","Conserve Battery","Conserve Battery","Rip and Tear","Ball Lightning+1","Sweeping Beam+1","Beam Cell","Cold Snap","Barrage","Cold Snap","Meteor Strike+1","Double Energy","Lockon+1","Turbo+1","Self Repair","Force Field+1","Sweeping Beam+1","Conserve Battery+1","Electrodynamics","Storm","Ball Lightning"],"relics":["Cracked Core","NeowsBlessing","Mummified Hand","TungstenRod","Runic Pyramid","Toxic Egg 2","Bottled Lightning","FossilizedHelix"],"acts_visited":["Exordium","TheCity"],"potions_floor_usage":[6,29,33,33],"damage_taken":[{"damage":0,"enemies":"2 Louse","floor":1,"turns":1},{"damage":0,"enemies":"Cultist","floor":3,"turns":1},{"damage":0,"enemies":"Jaw Worm","floor":4,"turns":1},{"damage":26,"enemies":"Lots of Slimes","floor":5,"turns":3},{"damage":22,"enemies":"Lagavulin","floor":6,"turns":4},{"damage":13,"enemies":"Exordium Thugs","floor":7,"turns":3},{"damage":6,"enemies":"2 Fungi Beasts","floor":11,"turns":3},{"damage":6,"enemies":"Lots of Slimes","floor":12,"turns":3},{"damage":12,"enemies":"The Guardian","floor":16,"turns":10},{"damage":0,"enemies":"Chosen","floor":18,"turns":4},{"damage":7,"enemies":"3 Byrds","floor":21,"turns":4},{"damage":8,"enemies":"Cultist and Chosen","floor":22,"turns":5},{"damage":7,"enemies":"Snake Plant","floor":23,"turns":3},{"damage":12,"enemies":"Snecko","floor":27,"turns":4},{"damage":12,"enemies":"3 Cultists","floor":29,"turns":5},{"damage":21,"enemies":"Snake Plant","floor":30,"turns":3},{"damage":2,"enemies":"Gremlin Leader","floor":31,"turns":4},{"damage":63,"enemies":"Champ","floor":33,"turns":9}],"seed_played":"-9141798271666712530","potions_obtained":[{"floor":3,"key":"DuplicationPotion"},{"floor":4,"key":"FearPotion"},{"floor":6,"key":"Dexterity Potion"},{"floor":12,"key":"ColorlessPotion"},{"floor":18,"key":"Ancient Potion"},{"floor":29,"key":"EssenceOfSteel"}],"is_trial":false,"path_per_floor":["M","$","M","M","M","E","M","R","T","R","M","M","R","$","R","B",null,"M","?","$","M","M","M","R","?","T","M","R","M","M","E","R","B"],"character_chosen":"DEFECT","items_purchased":["Conserve Battery","Lockon","Turbo+1"],"campfire_rested":3,"item_purchase_floors":[2,20,20],"current_hp_per_floor":[75,75,75,75,49,27,14,36,36,58,52,46,46,46,46,34,75,75,75,75,68,67,67,67,57,57,52,52,47,33,38,60,0,0],"gold":317,"neow_bonus":"THREE_ENEMY_KILL","is_daily":false,"chose_seed":false,"campfire_upgraded":4,"win_rate":0.0,"timestamp":1609128104,"path_taken":["M","$","M","M","M","E","M","R","T","R","M","M","R","$","R","BOSS","M","?","$","M","M","M","R","?","T","?","R","M","M","E","R","BOSS"],"items_purchased_type":["Card","Card","Card"],"build_version":"2020-12-22","purchased_purges":2,"victory":false,"max_hp_per_floor":[75,75,75,75,75,75,75,75,75,75,75,75,75,75,75,75,75,75,75,75,75,75,75,75,75,75,75,75,75,75,75,75,75,75],"relic_stats":{"counters":[18,70],"Mummified Hand":[15],"obtain_stats":[{"NeowsBlessing":0,"Mummified Hand":6,"Bottled Lightning":26,"Toxic Egg 2":19,"Cracked Core":0,"TungstenRod":9,"FossilizedHelix":31,"Runic Pyramid":17},{"NeowsBlessing":0,"Mummified Hand":5,"Bottled Lightning":13,"Toxic Egg 2":10,"Cracked Core":0,"TungstenRod":6,"FossilizedHelix":17,"Runic Pyramid":9},{"NeowsBlessing":0,"Mummified Hand":10,"Bottled Lightning":45,"Toxic Egg 2":33,"Cracked Core":0,"TungstenRod":13,"FossilizedHelix":61,"Runic Pyramid":29}],"TungstenRod":36},"card_choices":[{"not_picked":["Barrage","Hello World"],"picked":"Conserve Battery","floor":1},{"not_picked":["Double Energy","Turbo"],"picked":"Rip and Tear","floor":3},{"not_picked":["Force Field","Gash"],"picked":"Ball Lightning","floor":4},{"not_picked":["Scrape","Gash"],"picked":"Sweeping Beam","floor":5},{"not_picked":["Stack","Tempest"],"picked":"Beam Cell","floor":6},{"not_picked":["Glacier","Barrage"],"picked":"Cold Snap","floor":7},{"not_picked":["Redo","Gash"],"picked":"Barrage","floor":11},{"not_picked":["Go for the Eyes","Barrage"],"picked":"Cold Snap","floor":12},{"not_picked":["Core Surge","Multi-Cast"],"picked":"Meteor Strike","floor":16},{"not_picked":["Reprogram","Aggregate+1"],"picked":"Double Energy","floor":18},{"not_picked":["Coolheaded+1","Compile Driver"],"picked":"Self Repair","floor":21},{"not_picked":["Compile Driver","Beam Cell+1"],"picked":"Force Field+1","floor":22},{"not_picked":["Steam+1","Coolheaded+1"],"picked":"Sweeping Beam+1","floor":23},{"not_picked":["Cold Snap","Stack+1"],"picked":"Conserve Battery+1","floor":27},{"not_picked":["Turbo+1","Compile Driver+1"],"picked":"Electrodynamics","floor":29},{"not_picked":["Stack+1","Streamline"],"picked":"Storm","floor":30},{"not_picked":["Turbo+1","Beam Cell"],"picked":"Ball Lightning","floor":31}],"player_experience":153180,"relics_obtained":[{"floor":6,"key":"Mummified Hand"},{"floor":9,"key":"TungstenRod"},{"floor":26,"key":"Bottled Lightning"},{"floor":31,"key":"FossilizedHelix"}],"event_choices":[{"damage_healed":0,"gold_gain":0,"player_choice":"Opened","damage_taken":0,"relics_obtained":["Toxic Egg 2"],"max_hp_gain":0,"max_hp_loss":0,"event_name":"The Mausoleum","floor":19,"gold_loss":0},{"damage_healed":0,"gold_gain":90,"player_choice":"GOLD ","damage_taken":12,"max_hp_gain":0,"max_hp_loss":0,"event_name":"Knowing Skull","floor":25,"potions_obtained":[],"gold_loss":0,"cards_obtained":[]}],"is_beta":false,"boss_relics":[{"not_picked":["Snecko Eye","Calling Bell"],"picked":"Runic Pyramid"}],"items_purged_floors":[2,14],"is_endless":false,"potions_floor_spawned":[3,4,6,12,18,23,27,29],"killed_by":"Champ","ascension_level":0}}