{"host":"9ylwqx3xq4e4v98b","time":1609141332,"event":{"mods":["AchievementEnabler","BaseMod","Colored Map","DeckTracker","Minty Spire (QoL Compilation)","Permanent Neow","StSLib","SuperFastMode","Td1madao Mod","The Animator"],"gold_per_floor":[117,117,127,127,139,139,149,149,149,149,165,175,175,186,186,287,287,297,297,309,328,339,339,354,354,354],"floor_reached":25,"playtime":771,"items_purged":[],"score":199,"play_id":"635b68cf-3d58-4ab1-859f-c272ec3165ca","local_time":"20201227234212","is_ascension_mode":false,"campfire_choices":[{"data":"BowlingBash","floor":6,"key":"SMITH"},{"data":"Consecrate","floor":8,"key":"SMITH"},{"data":"Consecrate","floor":10,"key":"SMITH"},{"data":"JustLucky","floor":15,"key":"SMITH"},{"floor":23,"key":"REST"}],"circlet_count":0,"master_deck":["Strike_P+1","Strike_P+1","Strike_P+1","Strike_P+1","Defend_P+1","Defend_P+1","Defend_P+1","Defend_P+1","Eruption+1","Vigilance","Judgement+1","Consecrate+1","BowlingBash+1","Consecrate+1","Swivel","Prostrate","JustLucky+1","LessonLearned","Halt+1","Prostrate+1","WaveOfTheHand","Worship"],"relics":["PureWater"],"acts_visited":["Exordium","TheCity"],"potions_floor_usage":[16,24],"damage_taken":[{"damage":0,"enemies":"Jaw Worm","floor":1,"turns":1},{"damage":0,"enemies":"Small Slimes","floor":3,"turns":2},{"damage":0,"enemies":"Cultist","floor":5,"turns":1},{"damage":0,"enemies":"3 Louse","floor":7,"turns":2},{"damage":0,"enemies":"Red Slaver","floor":11,"turns":1},{"damage":0,"enemies":"Blue Slaver","floor":12,"turns":1},{"damage":7,"enemies":"Lots of Slimes","floor":14,"turns":4},{"damage":14,"enemies":"Slime Boss","floor":16,"turns":7},{"damage":2,"enemies":"3 Byrds","floor":18,"turns":3},{"damage":24,"enemies":"Shell Parasite","floor":20,"turns":6},{"damage":0,"enemies":"Snake Plant","floor":21,"turns":3},{"damage":19,"enemies":"Cultist and Chosen","floor":22,"turns":7},{"damage":9,"enemies":"Shelled Parasite and Fungi","floor":24,"turns":5},{"damage":42,"enemies":"Gremlin Leader","floor":25,"turns":4}],"seed_played":"-3691339275895045116","potions_obtained":[{"floor":3,"key":"StancePotion"},{"floor":7,"key":"Energy Potion"},{"floor":11,"key":"StancePotion"},{"floor":21,"key":"Weak Potion"}],"is_trial":false,"path_per_floor":["M","?","M","?","M","R","M","R","T","R","M","M","?","M","R","B",null,"M","?","M","M","M","R","M","E"],"character_chosen":"WATCHER","items_purchased":[],"campfire_rested":1,"item_purchase_floors":[],"current_hp_per_floor":[72,72,72,72,72,72,72,72,72,72,72,72,72,65,65,51,72,70,70,46,46,27,48,39,0,0],"gold":354,"neow_bonus":"ONE_RANDOM_RARE_CARD","is_daily":false,"chose_seed":false,"campfire_upgraded":4,"win_rate":0.0,"timestamp":1609141332,"path_taken":["M","?","M","?","M","R","M","R","T","R","M","?","?","M","R","BOSS","M","?","M","M","M","R","M","E"],"items_purchased_type":[],"build_version":"2020-12-22","purchased_purges":0,"victory":false,"max_hp_per_floor":[72,72,72,72,72,72,72,72,72,72,72,72,72,72,72,72,72,72,72,72,72,72,72,72,72,72],"card_choices":[{"not_picked":["PathToVictory","WaveOfTheHand"],"picked":"Consecrate","floor":1},{"not_picked":["JustLucky","Wireheading"],"picked":"BowlingBash","floor":3},{"not_picked":["Sanctity","WindmillStrike"],"picked":"Consecrate","floor":5},{"not_picked":["Collect","SignatureMove","FlyingSleeves"],"picked":"SKIP","floor":7},{"not_picked":["SashWhip","FlyingSleeves"],"picked":"Swivel","floor":11},{"not_picked":["Crescendo","CarveReality"],"picked":"Prostrate","floor":12},{"not_picked":["FlyingSleeves","EmptyFist"],"picked":"JustLucky","floor":14},{"not_picked":["Scrawl","Judgement"],"picked":"LessonLearned","floor":16},{"not_picked":["ThirdEye","Study"],"picked":"Halt+1","floor":18},{"not_picked":["BowlingBash+1","Wallop"],"picked":"Prostrate","floor":20},{"not_picked":["FlyingSleeves","EmptyFist"],"picked":"WaveOfTheHand","floor":21},{"not_picked":["FlyingSleeves+1","Wallop+1"],"picked":"Worship","floor":22},{"not_picked":["LikeWater","Adaptation","Vengeance+1"],"picked":"SKIP","floor":24}],"player_experience":180853,"relics_obtained":[],"event_choices":[{"damage_healed":0,"gold_gain":0,"player_choice":"Grow","damage_taken":0,"max_hp_gain":0,"max_hp_loss":0,"event_name":"Living Wall","floor":2,"gold_loss":0,"cards_upgraded":["Judgement"]},{"damage_healed":0,"gold_gain":0,"player_choice":"Upgraded","damage_taken":0,"max_hp_gain":0,"max_hp_loss":0,"event_name":"Upgrade Shrine","floor":4,"gold_loss":0,"cards_upgraded":["Eruption"]},{"damage_healed":0,"gold_gain":0,"player_choice":"Bought 0 Potions","damage_taken":0,"max_hp_gain":0,"max_hp_loss":0,"event_name":"The Woman in Blue","floor":13,"gold_loss":0},{"damage_healed":0,"gold_gain":0,"player_choice":"Simplicity","damage_taken":0,"max_hp_gain":0,"max_hp_loss":0,"event_name":"Back to Basics","floor":19,"gold_loss":0,"cards_upgraded":["Strike_P","Strike_P","Strike_P","Defend_P","Defend_P","Defend_P","Defend_P"]}],"is_beta":false,"boss_relics":[{"not_picked":["SlaversCollar","Busted Crown","Empty Cage"]}],"items_purged_floors":[],"is_endless":false,"potions_floor_spawned":[3,7,11,12,14,21],"killed_by":"Gremlin Leader","ascension_level":0}}