{"host":"nox","time":1609138941,"event":{"mods":["Act Like it!","Aspiration","BaseMod","Better Altar","Better Match","Better Note","Better Sensory Stone","Better Skull","Better Third Choice","BetterRewards","Colored Powertips","Conspire","Energized Spire","GifTheSpireLib","Hubris","Infinite Spire","Minty Spire (QoL Compilation)","Pale of the Ancients","Quick Restart","Rare Cards Sparkle","Replay The Spire","Shop Mod","Spikes Relics","StSLib","Stuff the Spire","SuperFastMode","The Alterego","vexMod"],"gold_per_floor":[114,114,114,132,147,181,197,197,197,197,49,80,80,112,112,112,112],"floor_reached":16,"playtime":1209,"items_purged":[],"score":159,"play_id":"86f32017-d221-4818-9c7b-24f9460b1d49","local_time":"20201228140221","is_ascension_mode":true,"campfire_choices":[{"data":"hubris:SlightOfHand","floor":8.0,"key":"SMITH"}],"circlet_count":0,"master_deck":["Strike_G","Strike_G","Strike_G","Strike_G","Defend_G","Defend_G","Defend_G","Defend_G","Survivor","Neutralize","Eviscerate+1","ReplayTheSpireMod:Speed Training","StuffTheSpire:MirrorStance","Dagger Spray","hubris:SlightOfHand+1","StuffTheSpire:BumpUp+1"],"relics":["Ring of the Snake","FaceOfCleric","Shuriken","Golden Egg","Lee\u0027s Waffle","hubris:ToyBattleship","Matryoshka"],"acts_visited":["Exordium"],"potions_floor_usage":[16],"damage_taken":[{"damage":4.0,"enemies":"Jaw Worm","floor":1.0,"turns":3.0},{"damage":0.0,"enemies":"conspire:RoseBush","floor":4.0,"turns":6.0},{"damage":0.0,"enemies":"Cultist","floor":5.0,"turns":3.0},{"damage":16.0,"enemies":"Gremlin Nob","floor":6.0,"turns":3.0},{"damage":5.0,"enemies":"3 Louse","floor":7.0,"turns":4.0},{"damage":43.0,"enemies":"Replay:BlueRogue","floor":12.0,"turns":8.0},{"damage":23.0,"enemies":"Gremlin Nob","floor":14.0,"turns":4.0},{"damage":43,"enemies":"Fading Forest","floor":16,"turns":7}],"seed_played":"7241652274628047451","potions_obtained":[{"floor":1.0,"key":"Toxic Potion"},{"floor":5.0,"key":"GamblersBrew"},{"floor":14.0,"key":"Elixir"}],"is_trial":false,"path_per_floor":["M","?","?","M","M","E","M","R","T","?","$","E","?","E","R","B"],"character_chosen":"THE_SILENT","items_purchased":["Lee\u0027s Waffle"],"campfire_rested":0,"item_purchase_floors":[11],"current_hp_per_floor":[59,59,59,60,61,46,42,42,42,35,81,39,39,17,41,0,0],"gold":112,"neow_bonus":"","is_daily":false,"chose_seed":false,"campfire_upgraded":1,"win_rate":0.0,"timestamp":1609138941,"path_taken":["M","?","?","M","M","E","?","R","T","?","$","E","?","E","R","BOSS"],"items_purchased_type":["Relic"],"build_version":"2020-11-17","purchased_purges":0,"victory":false,"max_hp_per_floor":[70,70,70,71,72,73,74,74,74,74,81,82,82,83,83,83,83],"card_choices":[{"not_picked":["Slice","Backflip"],"picked":"ReplayTheSpireMod:Speed Training","floor":1.0},{"not_picked":["Deadly Poison","Draining Mist","ReplayTheSpireMod:Exploit Weakness"],"picked":"SKIP","floor":4.0},{"not_picked":["StuffTheSpire:MirrorStance","Caltrops","Dodge and Roll"],"picked":"SKIP","floor":5.0},{"not_picked":["Caltrops","Dodge and Roll"],"picked":"StuffTheSpire:MirrorStance","floor":5.0},{"not_picked":["Bane","StuffTheSpire:MirrorStance"],"picked":"Dagger Spray","floor":6.0},{"not_picked":["After Image","Dagger Throw"],"picked":"hubris:SlightOfHand","floor":7.0},{"not_picked":["StuffTheSpire:Python","InfectiousVector"],"picked":"StuffTheSpire:BumpUp","floor":12.0},{"not_picked":["Outmaneuver","Poisoned Stab","Toxin Wave"],"picked":"SKIP","floor":14.0}],"player_experience":271341,"relics_obtained":[{"floor":6.0,"key":"Shuriken"},{"floor":9.0,"key":"Golden Egg"},{"floor":12.0,"key":"hubris:ToyBattleship"},{"floor":14.0,"key":"Matryoshka"}],"event_choices":[{"damage_healed":0.0,"max_hp_gain":0.0,"max_hp_loss":0.0,"gold_gain":0.0,"event_name":"conspire:Investor","player_choice":"Leave","floor":2.0,"gold_loss":0.0,"damage_taken":0.0},{"damage_healed":0.0,"max_hp_gain":0.0,"max_hp_loss":0.0,"gold_gain":0.0,"event_name":"FaceTrader","player_choice":"Trade","floor":3.0,"gold_loss":0.0,"damage_taken":0.0,"relics_obtained":["FaceOfCleric"]},{"cards_removed":["Strike_G"],"damage_healed":0.0,"max_hp_gain":0.0,"max_hp_loss":0.0,"gold_gain":0.0,"event_name":"Golden Wing","player_choice":"Card Removal","floor":10.0,"gold_loss":0.0,"damage_taken":7.0},{"damage_healed":0.0,"max_hp_gain":0.0,"max_hp_loss":0.0,"gold_gain":0.0,"event_name":"Upgrade Shrine","player_choice":"Upgraded","floor":13.0,"gold_loss":0.0,"damage_taken":0.0,"cards_upgraded":["StuffTheSpire:BumpUp"]}],"is_beta":true,"boss_relics":[],"items_purged_floors":[],"is_endless":false,"potions_floor_spawned":[1,5,14],"killed_by":"Fading Forest","ascension_level":7}}