{"host":"6v6lk9rcoiasjngj","time":1609136286,"event":{"mods":["Ascension Reborn","BaseMod","Better Third Choice","Colored Map","Conspire","Downfall","Duelist Mod","GifTheSpireLib","Googly Eyes","Hubris","Infinite Spire","Minty Spire (QoL Compilation)","Quick Restart","RRrroohrrRGHHhhh!!","Replay The Spire","Reworked Bosses","Somnambulant","Spicy Shops","StSLib","Stuff the Spire","The Blue Laboratory","The Cursed","The Disciple","The Factory","The Florist","The Hierophant","The Jungle","The Sage","The Servant 0.9.4","The Valiant","egg"],"gold_per_floor":[110,110,126,143,162,171,171,162,187,264,262,312,312,302,302,382,382,398,398,367,196,224,224,214,214],"floor_reached":24,"playtime":2004,"items_purged":["Voices","CommonCold"],"score":283,"play_id":"1d42dd33-b0a7-4104-bc69-34d0a2ee8dcb","local_time":"20201228011806","is_ascension_mode":true,"campfire_choices":[{"data":"hierophant:RepressedViolence","floor":15,"key":"SMITH"},{"floor":23,"key":"REST"}],"circlet_count":0,"master_deck":["hierophant:Strike_Hierophant","hierophant:Strike_Hierophant","hierophant:Strike_Hierophant","hierophant:Punish+1","hierophant:Defend_Hierophant","hierophant:Defend_Hierophant","hierophant:Defend_Hierophant","hierophant:Defend_Hierophant","hierophant:ChurchCoffers","hierophant:RepressedViolence+1","hierophant:MirrorShield","hierophant:Embezzle","hierophant:Glossolalia","hierophant:AuricBeam","hierophant:Embezzle","hierophant:Doubloon","hierophant:Upheaval","hierophant:Kindle+1","hierophant:EyeForCoin+1","hierophant:Doubloon+1","hierophant:CursedGold+1","hierophant:Doubloon+1","hierophant:Prophecy+1","hierophant:Doubloon+1","hierophant:Kindle+1","Clumsy"],"relics":["hierophant:PropheticMaskRelic","NeowsBlessing","ReplayTheSpireMod:Ring of Collecting","Ring of Fangs","conspire:Dentures","Ring of Peace","Akabeko","Ring of Hypnosis","Chameleon Ring","Replay:Ringing Soul","Ring of Greed","Golden Egg","Membership Card","conspire:RoyalGoblet","Chemical X"],"acts_visited":["Exordium","theJungle:Jungle"],"potions_floor_usage":[20],"damage_taken":[{"damage":0,"enemies":"2 Louse","floor":1,"turns":1},{"damage":0,"enemies":"Cultist","floor":3,"turns":1},{"damage":0,"enemies":"conspire:RoseBush","floor":4,"turns":1},{"damage":1,"enemies":"conspire:2 RoseBushes","floor":5,"turns":6},{"damage":4,"enemies":"Blue Slaver","floor":6,"turns":5},{"damage":30,"enemies":"3 Sentries","floor":8,"turns":10},{"damage":9,"enemies":"Gremlin Nob","floor":11,"turns":4},{"damage":0,"enemies":"2 Fungi Beasts","floor":14,"turns":3},{"damage":41,"enemies":"Fading Forest","floor":16,"turns":11},{"damage":27,"enemies":"Shell Parasite","floor":18,"turns":6},{"damage":8,"enemies":"theJungle:GiantWrat","floor":20,"turns":7},{"damage":65,"enemies":"theJungle:SlimyTreeVines","floor":22,"turns":10},{"damage":37,"enemies":"theJungle:2_Flameangoes","floor":24,"turns":7}],"seed_played":"-928733974852846373","potions_obtained":[{"floor":1,"key":"blueLaboratory:BottleOfRum"},{"floor":3,"key":"blueLaboratory:HorrorPotion"},{"floor":4,"key":"blueLaboratory:EnragingPotion"},{"floor":11,"key":"Guardian:BlockOnCardUsePotion"},{"floor":20,"key":"Milkshake"}],"is_trial":false,"path_per_floor":["M","?","M","M","M","M","?","E","T","T","E","T","?","M","R","B",null,"M","AVR","M","$","M","R","M"],"character_chosen":"HIEROPHANT","items_purchased":["hierophant:CursedGold","hierophant:Prophecy","Chemical X"],"campfire_rested":1,"item_purchase_floors":[21,21,21],"current_hp_per_floor":[75,75,75,75,74,70,70,40,40,40,34,34,34,37,37,21,84,60,60,55,58,2,30,0,0],"gold":214,"neow_bonus":"THREE_ENEMY_KILL","is_daily":false,"chose_seed":false,"campfire_upgraded":1,"win_rate":0.0,"timestamp":1609136286,"path_taken":["M","?","M","M","?","M","?","E","T","?","E","?","?","?","R","BOSS","M","AVR","M","$","M","R","M"],"items_purchased_type":["Card","Card","Relic"],"build_version":"2020-12-22","purchased_purges":2,"victory":false,"max_hp_per_floor":[75,75,75,75,75,75,75,75,75,75,78,78,78,81,81,84,84,87,87,90,93,96,96,99,99],"card_choices":[{"not_picked":["hierophant:Flagellation","hierophant:Zeal"],"picked":"hierophant:RepressedViolence","floor":1},{"not_picked":["hierophant:Zeal","hierophant:PristineSoul"],"picked":"hierophant:MirrorShield","floor":3},{"not_picked":["hierophant:Smite","hierophant:Remorse"],"picked":"hierophant:Embezzle","floor":4},{"not_picked":["hierophant:ConvertCurrency","hierophant:FlamingChariot"],"picked":"hierophant:Glossolalia","floor":5},{"not_picked":["hierophant:Smite","hierophant:Shelter"],"picked":"hierophant:AuricBeam","floor":6},{"not_picked":["hierophant:Endure","hierophant:MorningPrayer"],"picked":"hierophant:Embezzle","floor":8},{"not_picked":["hierophant:FlamingChariot","hierophant:HolyVerse"],"picked":"hierophant:Doubloon","floor":11},{"not_picked":["hierophant:MorningPrayer","hierophant:Shelter"],"picked":"hierophant:Upheaval","floor":14},{"not_picked":["hierophant:MintersHammer","hierophant:Generosity"],"picked":"hierophant:Kindle","floor":16},{"not_picked":["hierophant:HammerAndAnvil","hierophant:Encroach"],"picked":"hierophant:EyeForCoin+1","floor":18},{"not_picked":["hierophant:Smite","hierophant:HolyVerse","hierophant:Embezzle"],"picked":"SKIP","floor":20},{"not_picked":["hierophant:CursedGold","hierophant:RepressedViolence"],"picked":"hierophant:Kindle","floor":22}],"player_experience":810297,"relics_obtained":[{"floor":7,"key":"ReplayTheSpireMod:Ring of Collecting"},{"floor":7,"key":"Ring of Fangs"},{"floor":8,"key":"conspire:Dentures"},{"floor":9,"key":"Ring of Peace"},{"floor":9,"key":"Akabeko"},{"floor":10,"key":"Ring of Hypnosis"},{"floor":10,"key":"Chameleon Ring"},{"floor":11,"key":"Replay:Ringing Soul"},{"floor":12,"key":"Ring of Greed"},{"floor":12,"key":"Golden Egg"},{"floor":12,"key":"Membership Card"}],"event_choices":[{"cards_removed":["hierophant:Strike_Hierophant"],"damage_healed":0,"gold_gain":0,"player_choice":"Offered Basic","damage_taken":0,"max_hp_gain":0,"max_hp_loss":0,"event_name":"Bonfire Elementals","floor":2,"gold_loss":0}],"is_beta":false,"boss_relics":[{"not_picked":["hubris:BlackHole","Replay:Drink Me"],"picked":"conspire:RoyalGoblet"}],"items_purged_floors":[19,21],"is_endless":false,"potions_floor_spawned":[1,3,4,11,20],"killed_by":"theJungle:2_Flameangoes","ascension_level":0}}