{"host":"2se5dq1do2gp0x9k","time":1609191351,"event":{"mods":["BaseMod","Block Reminder","Colored Map","Colored Powertips","Minty Spire (QoL Compilation)","Relic Stats","StSLib","SuperFastMode","Synergy Search"],"gold_per_floor":[112,112,178,228,353,397,397,432,432,432,457,497,521,562,562,657,720,741,791,841,605,676,676,717,717,717,790,790,806,856,956,956,1052,1052,1076,1126,1176,881,931,931,964,984,1062,1143,1143,1193,1266,1300,1300,1300,1300],"floor_reached":52,"playtime":3102,"items_purged":["Strike_B","Strike_B"],"score":1971,"play_id":"4f59f72b-becc-45e2-9066-627ce05ac283","local_time":"20201228133551","is_ascension_mode":true,"campfire_choices":[{"data":"Zap","floor":7.0,"key":"SMITH"},{"data":"Go for the Eyes","floor":10.0,"key":"SMITH"},{"floor":15.0,"key":"REST"},{"data":"Biased Cognition","floor":23.0,"key":"SMITH"},{"data":"Coolheaded","floor":25.0,"key":"SMITH"},{"data":"Dark Shackles","floor":28.0,"key":"SMITH"},{"floor":32.0,"key":"REST"},{"floor":40,"key":"REST"},{"floor":45,"key":"DIG"},{"floor":49,"key":"DIG"}],"circlet_count":0,"master_deck":["AscendersBane","Defend_B","Defend_B","Defend_B","Zap+1","Dualcast","Ball Lightning","Cold Snap","Compile Driver","Go for the Eyes+1","Core Surge","Leap+1","Coolheaded+1","Biased Cognition+1","Conserve Battery","Cold Snap","Core Surge","Meteor Strike","Dark Shackles+1","Conserve Battery","Glacier","Biased Cognition","Chill","Hologram","Hologram","Hologram+1"],"relics":["Cracked Core","NeowsBlessing","SsserpentHead","Golden Idol","Du-Vu Doll","Torii","Ornamental Fan","Tiny Chest","Centennial Puzzle","Tiny House","Gremlin Horn","Blood Vial","Nilry\u0027s Codex","Nuclear Battery","Shovel","Membership Card","Bag of Preparation","Gambling Chip","Meat on the Bone","CaptainsWheel","Letter Opener","Pen Nib","Thread and Needle","Toy Ornithopter"],"acts_visited":["Exordium","TheCity","TheBeyond"],"potions_floor_usage":[33,50,50],"damage_taken":[{"damage":0.0,"enemies":"Small Slimes","floor":1.0,"turns":1.0},{"damage":0.0,"enemies":"Cultist","floor":3.0,"turns":1.0},{"damage":0.0,"enemies":"Gremlin Nob","floor":6.0,"turns":1.0},{"damage":20.0,"enemies":"Lagavulin","floor":8.0,"turns":5.0},{"damage":7.0,"enemies":"Jaw Worm","floor":11.0,"turns":2.0},{"damage":13.0,"enemies":"3 Sentries","floor":12.0,"turns":7.0},{"damage":8.0,"enemies":"2 Fungi Beasts","floor":13.0,"turns":3.0},{"damage":0.0,"enemies":"Gremlin Nob","floor":14.0,"turns":3.0},{"damage":22.0,"enemies":"Hexaghost","floor":16.0,"turns":11.0},{"damage":6.0,"enemies":"3 Byrds","floor":18.0,"turns":4.0},{"damage":11.0,"enemies":"Shell Parasite","floor":22.0,"turns":6.0},{"damage":5.0,"enemies":"Book of Stabbing","floor":24.0,"turns":6.0},{"damage":7.0,"enemies":"3 Cultists","floor":29.0,"turns":6.0},{"damage":26,"enemies":"Collector","floor":33,"turns":15},{"damage":18,"enemies":"3 Darklings","floor":35,"turns":6},{"damage":1,"enemies":"Giant Head","floor":41,"turns":17},{"damage":1,"enemies":"Orb Walker","floor":42,"turns":4},{"damage":10,"enemies":"Mind Bloom Boss Battle","floor":44,"turns":7},{"damage":9,"enemies":"Nemesis","floor":48,"turns":11},{"damage":10,"enemies":"Awakened One","floor":50,"turns":15},{"damage":31,"enemies":"Time Eater","floor":51,"turns":17}],"seed_played":"-5997421167268033308","potions_obtained":[{"floor":11.0,"key":"SmokeBomb"},{"floor":12.0,"key":"SmokeBomb"},{"floor":17.0,"key":"SpeedPotion"},{"floor":18.0,"key":"EssenceOfDarkness"},{"floor":29.0,"key":"FocusPotion"},{"floor":33,"key":"PotionOfCapacity"},{"floor":42,"key":"Strength Potion"},{"floor":44,"key":"LiquidBronze"}],"is_trial":false,"path_per_floor":["M","?","M","?","?","E","R","E","T","R","M","E","M","E","R","B",null,"M","?","?","$","M","R","E","R","T","T","R","M","?","?","R","B",null,"M","?","T","$","?","R","E","M","T","?","R","?","T","E","R","B","B",null],"character_chosen":"DEFECT","items_purchased":["Block Potion","Dark Shackles","Membership Card","Bag of Preparation"],"campfire_rested":3,"item_purchase_floors":[21,21,38,38],"current_hp_per_floor":[64,64,64,64,53,53,53,33,33,33,26,13,5,5,24,2,54,48,48,48,48,37,37,32,32,32,32,32,27,6,6,26,2,52,36,36,36,36,36,55,56,57,57,49,49,49,49,42,42,44,27],"gold":1300,"neow_bonus":"THREE_ENEMY_KILL","is_daily":false,"chose_seed":false,"campfire_upgraded":5,"win_rate":0.0,"timestamp":1609191351,"path_taken":["M","?","?","?","?","E","R","E","T","R","M","E","M","E","R","BOSS","M","?","?","$","?","R","E","R","T","?","R","M","?","?","R","BOSS","M","?","?","$","?","R","E","M","T","?","R","?","?","E","R","BOSS","BOSS"],"items_purchased_type":["Potion","Card","Relic","Relic"],"build_version":"2020-12-22","purchased_purges":2,"victory":true,"max_hp_per_floor":[71,71,71,64,64,64,64,64,64,64,64,64,64,64,64,64,69,69,69,69,69,69,69,69,69,69,69,69,69,69,69,69,69,69,69,66,66,66,66,66,66,66,66,66,66,66,66,66,66,66,66],"relic_stats":{"Torii":42,"Gremlin Horn":[15,15],"counters":[21,148],"Golden Idol":177,"Pen Nib":[5],"Bag of Preparation":[12],"Letter Opener":[42],"Blood Vial":18,"SsserpentHead":750,"Centennial Puzzle":[39],"Shovel":2,"Ornamental Fan":[140],"Gambling Chip":[22],"Tiny Chest":3,"obtain_stats":[{"Tiny House":17,"NeowsBlessing":0,"Torii":8,"Gremlin Horn":24,"Golden Idol":4,"Nilry\u0027s Codex":30,"Thread and Needle":48,"Pen Nib":47,"Bag of Preparation":38,"Letter Opener":45,"Nuclear Battery":34,"Du-Vu Doll":6,"Blood Vial":27,"SsserpentHead":2,"Centennial Puzzle":14,"CaptainsWheel":44,"Shovel":37,"Ornamental Fan":9,"Gambling Chip":41,"Tiny Chest":12,"Membership Card":38,"Cracked Core":0,"Toy Ornithopter":49,"Meat on the Bone":43},{"Tiny House":9,"NeowsBlessing":0,"Torii":4,"Gremlin Horn":12,"Golden Idol":2,"Nilry\u0027s Codex":13,"Thread and Needle":19,"Pen Nib":18,"Bag of Preparation":15,"Letter Opener":18,"Nuclear Battery":14,"Du-Vu Doll":3,"Blood Vial":12,"SsserpentHead":1,"Centennial Puzzle":8,"CaptainsWheel":18,"Shovel":15,"Ornamental Fan":4,"Gambling Chip":16,"Tiny Chest":6,"Membership Card":15,"Cracked Core":0,"Toy Ornithopter":19,"Meat on the Bone":17},{"Tiny House":34,"NeowsBlessing":0,"Torii":8,"Gremlin Horn":50,"Golden Idol":2,"Nilry\u0027s Codex":56,"Thread and Needle":116,"Pen Nib":105,"Bag of Preparation":77,"Letter Opener":105,"Nuclear Battery":71,"Du-Vu Doll":3,"Blood Vial":50,"SsserpentHead":1,"Centennial Puzzle":23,"CaptainsWheel":105,"Shovel":77,"Ornamental Fan":8,"Gambling Chip":94,"Tiny Chest":17,"Membership Card":77,"Cracked Core":0,"Toy Ornithopter":116,"Meat on the Bone":98}],"Toy Ornithopter":10,"Meat on the Bone":12},"card_choices":[{"not_picked":["Gash","Darkness"],"picked":"Ball Lightning","floor":1.0},{"not_picked":["Compile Driver","Go for the Eyes"],"picked":"Cold Snap","floor":3.0},{"not_picked":["Sweeping Beam","Leap"],"picked":"Compile Driver","floor":6.0},{"not_picked":["Heatsinks","White Noise"],"picked":"Go for the Eyes","floor":8.0},{"not_picked":["Gash","Double Energy"],"picked":"Core Surge","floor":11.0},{"not_picked":["Turbo","Skim"],"picked":"Leap","floor":12.0},{"not_picked":["Chaos","Gash","White Noise"],"picked":"SKIP","floor":13.0},{"not_picked":["Gash","Barrage"],"picked":"Coolheaded","floor":14.0},{"not_picked":["Amplify","All For One"],"picked":"Biased Cognition","floor":16.0},{"not_picked":["Ball Lightning","Heatsinks"],"picked":"Conserve Battery","floor":17.0},{"not_picked":["Streamline+1","Steam"],"picked":"Cold Snap","floor":18.0},{"not_picked":["Streamline","Gash"],"picked":"Conserve Battery","floor":22.0},{"not_picked":["Multi-Cast","Sweeping Beam"],"picked":"Glacier","floor":24.0},{"not_picked":["Stack","Rip and Tear","Cold Snap"],"picked":"SKIP","floor":29.0},{"not_picked":["Core Surge","Machine Learning"],"picked":"Biased Cognition","floor":33},{"not_picked":["Tempest","Chaos"],"picked":"Chill","floor":35},{"not_picked":["Rainbow","Melter"],"picked":"Hologram","floor":41},{"not_picked":["Steam Power","Sweeping Beam+1","Redo"],"picked":"SKIP","floor":42},{"not_picked":["Rebound","Beam Cell+1"],"picked":"Hologram","floor":44},{"not_picked":["Go for the Eyes","Tempest"],"picked":"Hologram+1","floor":48}],"player_experience":3630917,"relics_obtained":[{"floor":6.0,"key":"Du-Vu Doll"},{"floor":8.0,"key":"Torii"},{"floor":9.0,"key":"Ornamental Fan"},{"floor":12.0,"key":"Tiny Chest"},{"floor":14.0,"key":"Centennial Puzzle"},{"floor":24.0,"key":"Gremlin Horn"},{"floor":27.0,"key":"Blood Vial"},{"floor":30.0,"key":"Nilry\u0027s Codex"},{"floor":37,"key":"Shovel"},{"floor":41,"key":"Gambling Chip"},{"floor":43,"key":"Meat on the Bone"},{"floor":44,"key":"CaptainsWheel"},{"floor":45,"key":"Letter Opener"},{"floor":47,"key":"Pen Nib"},{"floor":48,"key":"Thread and Needle"},{"floor":49,"key":"Toy Ornithopter"}],"event_choices":[{"damage_healed":0.0,"max_hp_gain":0.0,"max_hp_loss":0.0,"gold_gain":0.0,"event_name":"FaceTrader","player_choice":"Trade","floor":2.0,"gold_loss":0.0,"damage_taken":0.0,"relics_obtained":["SsserpentHead"]},{"damage_healed":0.0,"max_hp_gain":0.0,"max_hp_loss":7.0,"gold_gain":0.0,"event_name":"Golden Idol","player_choice":"Lose Max HP","floor":4.0,"gold_loss":0.0,"damage_taken":0.0,"relics_obtained":["Golden Idol"]},{"damage_healed":0.0,"max_hp_gain":0.0,"max_hp_loss":0.0,"gold_gain":75.0,"event_name":"World of Goop","player_choice":"Gather Gold","floor":5.0,"gold_loss":0.0,"damage_taken":11.0},{"damage_healed":0.0,"max_hp_gain":0.0,"max_hp_loss":0.0,"gold_gain":0.0,"cards_transformed":["Strike_B","Strike_B"],"event_name":"Drug Dealer","player_choice":"Became Test Subject","floor":19.0,"gold_loss":0.0,"damage_taken":0.0,"cards_obtained":["Core Surge","Meteor Strike"]},{"damage_healed":0.0,"max_hp_gain":0.0,"max_hp_loss":0.0,"gold_gain":0.0,"event_name":"Match and Keep!","player_choice":"0 cards matched","floor":20.0,"gold_loss":0.0,"damage_taken":0.0,"cards_obtained":[]},{"damage_healed":0.0,"max_hp_gain":0.0,"max_hp_loss":0.0,"gold_gain":0.0,"event_name":"Cursed Tome","player_choice":"Obtained Book","floor":30.0,"gold_loss":0.0,"damage_taken":21.0},{"damage_healed":0.0,"max_hp_gain":0.0,"max_hp_loss":0.0,"gold_gain":50.0,"event_name":"Nest","player_choice":"Stole From Cult","floor":31.0,"gold_loss":0.0,"damage_taken":0.0},{"damage_healed":0,"gold_gain":0,"player_choice":"Max HP","damage_taken":0,"max_hp_gain":0,"max_hp_loss":3,"event_name":"Winding Halls","floor":36,"gold_loss":0},{"cards_removed":["Defend_B"],"damage_healed":0,"gold_gain":0,"player_choice":"Removed Skill","damage_taken":0,"max_hp_gain":0,"max_hp_loss":0,"event_name":"Falling","floor":39,"gold_loss":0},{"damage_healed":0,"gold_gain":0,"player_choice":"Fight","damage_taken":0,"max_hp_gain":0,"max_hp_loss":0,"event_name":"MindBloom","floor":44,"gold_loss":0},{"damage_healed":0,"gold_gain":0,"player_choice":"Ignored","damage_taken":0,"max_hp_gain":0,"max_hp_loss":0,"event_name":"Tomb of Lord Red Mask","floor":46,"gold_loss":0}],"is_beta":false,"boss_relics":[{"not_picked":["Velvet Choker","Busted Crown"],"picked":"Tiny House"},{"not_picked":["Fusion Hammer","Pandora\u0027s Box"],"picked":"Nuclear Battery"}],"items_purged_floors":[21,38],"is_endless":false,"potions_floor_spawned":[11,12,18,29,33,42,44],"ascension_level":20}}