{"host":"x4eg333i40dafwq4","time":1609129639,"event":{"mods":["AchievementEnabler","BaseMod","Bestiary","Colored Powertips","Minty Spire (QoL Compilation)","Relic Stats"],"gold_per_floor":[113,125,144,160,160,192,192,217,217,217,236,271,271,271,271,362,362,377,144,160,174,193,193,193,193],"floor_reached":24,"playtime":1527,"items_purged":["Strike_B"],"score":425,"play_id":"f2c631c0-8f53-450a-8e3c-04b26caa02e9","local_time":"20201227232719","is_ascension_mode":true,"campfire_choices":[{"floor":7,"key":"REST"},{"data":"Capacitor","floor":10,"key":"SMITH"},{"data":"Beam Cell","floor":13,"key":"SMITH"},{"floor":15,"key":"REST"},{"floor":23,"key":"REST"}],"circlet_count":0,"master_deck":["AscendersBane","Strike_B","Strike_B","Strike_B","Defend_B","Defend_B","Defend_B","Defend_B","Zap","Dualcast","Machine Learning","Beam Cell+1","Ball Lightning","Coolheaded","Barrage","Capacitor+1","Seek","Compile Driver","Biased Cognition","Coolheaded","Doom and Gloom","Glacier","Redo+1"],"relics":["Cracked Core","Toy Ornithopter","MealTicket","Bag of Marbles","Ornamental Fan","Golden Idol","Cursed Key","Orrery"],"acts_visited":["Exordium","TheCity"],"potions_floor_usage":[8,12,12,20],"damage_taken":[{"damage":2,"enemies":"Cultist","floor":1,"turns":4},{"damage":6,"enemies":"2 Louse","floor":2,"turns":3},{"damage":7,"enemies":"Jaw Worm","floor":3,"turns":2},{"damage":24,"enemies":"Exordium Wildlife","floor":4,"turns":5},{"damage":27,"enemies":"3 Sentries","floor":6,"turns":7},{"damage":18,"enemies":"Lagavulin","floor":8,"turns":6},{"damage":11,"enemies":"Blue Slaver","floor":11,"turns":3},{"damage":11,"enemies":"3 Sentries","floor":12,"turns":7},{"damage":15,"enemies":"The Guardian","floor":16,"turns":13},{"damage":38,"enemies":"3 Byrds","floor":18,"turns":5},{"damage":5,"enemies":"2 Thieves","floor":20,"turns":4},{"damage":10,"enemies":"Centurion and Healer","floor":21,"turns":4},{"damage":0,"enemies":"Cultist and Chosen","floor":22,"turns":5},{"damage":34,"enemies":"Slavers","floor":24,"turns":1}],"seed_played":"-7696955799162908195","potions_obtained":[{"floor":6,"key":"FearPotion"},{"floor":8,"key":"Weak Potion"},{"floor":11,"key":"SteroidPotion"},{"floor":16,"key":"LiquidMemories"},{"floor":18,"key":"Block Potion"},{"floor":20,"key":"ColorlessPotion"},{"floor":22,"key":"LiquidMemories"}],"is_trial":false,"path_per_floor":["M","M","M","M","?","E","R","E","T","R","M","E","R","?","R","B",null,"M","$","M","M","M","R","E"],"character_chosen":"DEFECT","items_purchased":["Orrery"],"campfire_rested":3,"item_purchase_floors":[19],"current_hp_per_floor":[62,56,49,25,46,19,38,25,25,25,14,13,13,13,30,15,47,9,24,24,14,14,31,0,0],"gold":193,"neow_bonus":"THREE_RARE_CARDS","is_daily":false,"chose_seed":false,"campfire_upgraded":2,"win_rate":0.0,"timestamp":1609129639,"path_taken":["M","?","M","M","?","E","R","E","T","R","M","E","R","?","R","BOSS","M","$","M","M","M","R","E"],"items_purchased_type":["Relic"],"build_version":"2020-12-22","purchased_purges":1,"victory":false,"max_hp_per_floor":[64,64,64,64,64,64,64,64,64,64,64,64,64,58,58,58,58,58,58,58,58,58,58,58,58],"relic_stats":{"counters":[14,69],"Ornamental Fan":[32],"Golden Idol":31,"MealTicket":15,"Cursed Key":0,"obtain_stats":[{"Ornamental Fan":12,"Golden Idol":14,"Orrery":19,"MealTicket":8,"Bag of Marbles":9,"Cracked Core":0,"Cursed Key":17,"Toy Ornithopter":6},{"Ornamental Fan":8,"Golden Idol":8,"Orrery":10,"MealTicket":6,"Bag of Marbles":6,"Cracked Core":0,"Cursed Key":9,"Toy Ornithopter":5},{"Ornamental Fan":37,"Golden Idol":37,"Orrery":55,"MealTicket":27,"Bag of Marbles":27,"Cracked Core":0,"Cursed Key":50,"Toy Ornithopter":21}],"Toy Ornithopter":20},"card_choices":[{"not_picked":["Thunder Strike","Meteor Strike"],"picked":"Machine Learning","floor":0},{"not_picked":["Coolheaded","Aggregate"],"picked":"Beam Cell","floor":1},{"not_picked":["Steam Power","Compile Driver"],"picked":"Ball Lightning","floor":2},{"not_picked":["Barrage","Rebound"],"picked":"Coolheaded","floor":3},{"not_picked":["Conserve Battery","Double Energy"],"picked":"Barrage","floor":4},{"not_picked":["Chill","Glacier"],"picked":"Capacitor","floor":6},{"not_picked":["Chaos","Beam Cell"],"picked":"Seek","floor":8},{"not_picked":["Force Field","Skim"],"picked":"Compile Driver","floor":11},{"not_picked":["Compile Driver","Rip and Tear","Double Energy"],"picked":"SKIP","floor":12},{"not_picked":["Reboot","Fission"],"picked":"Biased Cognition","floor":16},{"not_picked":["Cold Snap","BootSequence"],"picked":"Coolheaded","floor":18},{"not_picked":["Self Repair","Stack"],"picked":"Doom and Gloom","floor":19},{"not_picked":["Conserve Battery","Biased Cognition"],"picked":"Glacier","floor":19},{"not_picked":["Leap","Chaos"],"picked":"Redo+1","floor":20},{"not_picked":["Blizzard","Ball Lightning","Leap"],"picked":"SKIP","floor":21},{"not_picked":["Blizzard","Ball Lightning","Leap"],"picked":"SKIP","floor":21},{"not_picked":["Redo","Darkness","Beam Cell"],"picked":"SKIP","floor":22}],"player_experience":1429220,"relics_obtained":[{"floor":6,"key":"Toy Ornithopter"},{"floor":8,"key":"MealTicket"},{"floor":9,"key":"Bag of Marbles"},{"floor":12,"key":"Ornamental Fan"}],"event_choices":[{"damage_healed":21,"gold_gain":0,"player_choice":"Banana","damage_taken":0,"max_hp_gain":0,"max_hp_loss":0,"event_name":"Big Fish","floor":5,"gold_loss":0},{"damage_healed":0,"gold_gain":0,"player_choice":"Lose Max HP","damage_taken":0,"relics_obtained":["Golden Idol"],"max_hp_gain":0,"max_hp_loss":6,"event_name":"Golden Idol","floor":14,"gold_loss":0}],"is_beta":false,"boss_relics":[{"not_picked":["Astrolabe","Black Star"],"picked":"Cursed Key"}],"items_purged_floors":[19],"is_endless":false,"potions_floor_spawned":[6,8,11,16,18,20,22],"killed_by":"Slavers","ascension_level":19}}