{"host":"qy7jow5usmjkdnnq","time":1609193234,"event":{"mods":["BaseMod","Colored Map","Downfall","Minty Spire (QoL Compilation)","Permanent Neow","Relic Stats","StSLib"],"gold_per_floor":[99,118,118,152,38,65,65,65,80,80,95,113,113,133,149,149,149],"floor_reached":16,"playtime":1456,"items_purged":["bronze:Defend"],"score":137,"play_id":"51fb31e0-7bbe-4762-bf54-6070a57f2f74","local_time":"20201228230714","is_ascension_mode":false,"campfire_choices":[{"data":"bronze:Replicate","floor":1.0,"key":"SMITH"},{"data":"bronze:Goto","floor":3.0,"key":"SMITH"},{"data":"bronze:Branch","floor":8.0,"key":"SMITH"},{"data":"bronze:ChildClass","floor":10.0,"key":"SMITH"}],"circlet_count":0,"master_deck":["bronze:Strike","bronze:Strike","bronze:Defend","bronze:Defend","bronze:Defend","bronze:Goto+1","bronze:Replicate+1","bronze:Backtrace","bronze:DelayedSlice","bronze:Terminator","bronze:Safeguard","bronze:Branch+1","bronze:ChildClass+1","bronze:Fortify","bronze:Deprecate","bronze:Return","bronze:Frontload","bronze:DelayedGuard"],"relics":["bronze:BronzeCore","Centennial Puzzle","The Courier","Bronze Scales"],"acts_visited":["Exordium"],"potions_floor_usage":[],"damage_taken":[{"damage":0.0,"enemies":"Small Slimes","floor":2.0,"turns":2.0},{"damage":12.0,"enemies":"3 Sentries","floor":4.0,"turns":5.0},{"damage":10.0,"enemies":"downfall:FleeingMerchant","floor":5.0,"turns":4.0},{"damage":0.0,"enemies":"Gremlin Nob","floor":6.0,"turns":3.0},{"damage":0.0,"enemies":"Cultist","floor":9.0,"turns":2.0},{"damage":0.0,"enemies":"2 Louse","floor":11.0,"turns":1.0},{"damage":0.0,"enemies":"Exordium Thugs","floor":12.0,"turns":1.0},{"damage":0.0,"enemies":"Red Slaver","floor":14.0,"turns":1.0},{"damage":0.0,"enemies":"Lots of Slimes","floor":15.0,"turns":2.0},{"damage":0,"enemies":"downfall:Ironclad","floor":16,"turns":1}],"seed_played":"8493604918592642065","potions_obtained":[{"floor":4.0,"key":"Dexterity Potion"},{"floor":6.0,"key":"SteroidPotion"},{"floor":9.0,"key":"LiquidBronze"},{"floor":12.0,"key":"ColorlessPotion"}],"is_trial":false,"path_per_floor":["R","M","R","E","$","E","T","R","M","R","M","M","?","M","M","B"],"character_chosen":"THE_AUTOMATON","items_purchased":["bronze:Branch"],"campfire_rested":0,"item_purchase_floors":[5],"current_hp_per_floor":[70,70,70,58,48,48,48,48,48,48,48,48,48,48,48,48,48],"gold":149,"neow_bonus":"TRANSFORM_CARD","is_daily":false,"chose_seed":false,"campfire_upgraded":4,"win_rate":0.0,"timestamp":1609193234,"path_taken":["R","M","R","E","$","E","T","R","M","R","M","M","?","?","M","BOSS"],"items_purchased_type":["Card"],"build_version":"2020-12-22","purchased_purges":1,"victory":false,"max_hp_per_floor":[70,70,70,70,70,70,70,70,70,70,70,70,70,70,70,70,70],"relic_stats":{"Centennial Puzzle":[3],"counters":[10,22],"Bronze Scales":[0],"obtain_stats":[{"Centennial Puzzle":4,"bronze:BronzeCore":0,"Bronze Scales":7,"The Courier":6},{"Centennial Puzzle":2,"bronze:BronzeCore":0,"Bronze Scales":4,"The Courier":4},{"Centennial Puzzle":7,"bronze:BronzeCore":0,"Bronze Scales":14,"The Courier":14}]},"card_choices":[{"not_picked":["bronze:Repulsor","bronze:WildBeam"],"picked":"bronze:DelayedSlice","floor":2.0},{"not_picked":["bronze:Iterate","bronze:GetLatest"],"picked":"bronze:Terminator","floor":4.0},{"not_picked":["bronze:FineTuning","bronze:ForceShield"],"picked":"bronze:Safeguard","floor":5.0},{"not_picked":["bronze:Terminator","bronze:MaxOutput"],"picked":"bronze:ChildClass","floor":6.0},{"not_picked":["bronze:Shell","bronze:Turbo"],"picked":"bronze:Fortify","floor":9.0},{"not_picked":["bronze:CutThrough","bronze:Overheat"],"picked":"bronze:Deprecate","floor":11.0},{"not_picked":["bronze:Optimize","bronze:CutThrough"],"picked":"bronze:Return","floor":12.0},{"not_picked":["bronze:Shield","bronze:Overheat"],"picked":"bronze:Frontload","floor":14.0},{"not_picked":["bronze:Shield","bronze:Terminator"],"picked":"bronze:DelayedGuard","floor":15.0}],"player_experience":547400,"relics_obtained":[{"floor":4.0,"key":"Centennial Puzzle"},{"floor":6.0,"key":"The Courier"},{"floor":7.0,"key":"Bronze Scales"}],"event_choices":[{"cards_removed":["bronze:Strike"],"damage_healed":0.0,"max_hp_gain":0.0,"max_hp_loss":0.0,"gold_gain":0.0,"event_name":"Purifier","player_choice":"Purged","floor":13.0,"gold_loss":0.0,"damage_taken":0.0}],"is_beta":false,"boss_relics":[],"items_purged_floors":[5],"is_endless":false,"potions_floor_spawned":[4,6,9,12],"killed_by":"downfall:Ironclad","ascension_level":0}}