{"host":"mwqnlghgfp5mgeui","time":1609158573,"event":{"mods":["2.2 Compatiblity","BaseMod","DeckTracker","Highlight Path","Minty Spire (QoL Compilation)","SuperFastMode","everything is the same but u backflip on backflip"],"gold_per_floor":[112,112,131,131,58,58,84,100,127,127,145,54,54,65,65,65,65],"floor_reached":16,"playtime":586,"items_purged":[],"score":100,"play_id":"1da70ea2-a163-4064-a782-bbe034ca8328","local_time":"20201228212933","is_ascension_mode":false,"campfire_choices":[{"data":"Flex","floor":6,"key":"SMITH"},{"floor":10,"key":"REST"},{"data":"Flame Barrier","floor":15,"key":"SMITH"}],"circlet_count":0,"master_deck":["Strike_R","Strike_R","Strike_R","Defend_R","Defend_R","Defend_R","Defend_R","Bash","Reaper+1","Inflame","Rupture","Brutality","Flex+1","Anger","Iron Wave","Body Slam","Wild Strike","Madness","Flame Barrier+1"],"relics":["Burning Blood","Lantern","Art of War"],"acts_visited":["Exordium"],"potions_floor_usage":[16,16],"damage_taken":[{"damage":8,"enemies":"Small Slimes","floor":1,"turns":3},{"damage":9,"enemies":"2 Louse","floor":3,"turns":4},{"damage":40,"enemies":"Lagavulin","floor":7,"turns":7},{"damage":6,"enemies":"Cultist","floor":8,"turns":3},{"damage":9,"enemies":"2 Fungi Beasts","floor":11,"turns":5},{"damage":8,"enemies":"Gremlin Gang","floor":14,"turns":5},{"damage":65,"enemies":"Slime Boss","floor":16,"turns":11}],"seed_played":"-860687242121186575","potions_obtained":[{"floor":1,"key":"SneckoOil"},{"floor":7,"key":"ColorlessPotion"},{"floor":11,"key":"BlessingOfTheForge"}],"is_trial":false,"path_per_floor":["M","?","M","?","$","R","E","M","T","R","M","$","?","M","R","B"],"character_chosen":"IRONCLAD","items_purchased":["Flex","Anger","Madness"],"campfire_rested":1,"item_purchase_floors":[5,5,12],"current_hp_per_floor":[78,78,80,80,80,80,52,61,61,80,79,79,79,78,78,15,15],"gold":65,"neow_bonus":"ONE_RANDOM_RARE_CARD","is_daily":false,"chose_seed":false,"campfire_upgraded":2,"win_rate":0.0,"timestamp":1609158573,"path_taken":["M","?","M","?","$","R","E","M","T","R","?","$","?","M","R","BOSS"],"items_purchased_type":["Card","Card","Card"],"build_version":"2020-12-22","purchased_purges":0,"victory":false,"max_hp_per_floor":[80,80,80,80,80,80,80,80,80,80,80,80,80,80,80,80,80],"card_choices":[{"not_picked":["Shrug It Off","Dual Wield"],"picked":"Inflame","floor":1},{"not_picked":["Wild Strike","Uppercut"],"picked":"Rupture","floor":3},{"not_picked":["Wild Strike","Pommel Strike"],"picked":"Iron Wave","floor":7},{"not_picked":["Burning Pact","Warcry"],"picked":"Body Slam","floor":8},{"not_picked":["Iron Wave","Evolve"],"picked":"Wild Strike","floor":11},{"not_picked":["Clothesline","Battle Trance"],"picked":"Flame Barrier","floor":14}],"player_experience":124743,"relics_obtained":[{"floor":7,"key":"Lantern"},{"floor":9,"key":"Art of War"}],"event_choices":[{"cards_removed":["Strike_R"],"damage_healed":0,"gold_gain":0,"player_choice":"Forget","damage_taken":0,"max_hp_gain":0,"max_hp_loss":0,"event_name":"Living Wall","floor":2,"gold_loss":0},{"damage_healed":0,"gold_gain":0,"cards_transformed":["Strike_R"],"player_choice":"Transformed","damage_taken":0,"max_hp_gain":0,"max_hp_loss":0,"event_name":"Transmorgrifier","floor":4,"gold_loss":0,"cards_obtained":["Brutality"]},{"damage_healed":0,"gold_gain":0,"player_choice":"Upgraded","damage_taken":0,"max_hp_gain":0,"max_hp_loss":0,"event_name":"Upgrade Shrine","floor":13,"gold_loss":0,"cards_upgraded":["Reaper"]}],"is_beta":false,"boss_relics":[],"items_purged_floors":[],"is_endless":false,"potions_floor_spawned":[1,7,11],"killed_by":"Slime Boss","ascension_level":0}}