{"host":"lgcfsflrbypvnipj","time":1609136823,"event":{"mods":["2.2 Compatiblity","BaseMod","Bestiary","Block Reminder","Colored Map","Colored Powertips","Minty Spire (QoL Compilation)","Quick Restart","Rare Cards Sparkle","Relic Stats","StSLib"],"gold_per_floor":[113,130,145,162,87,87,114,114,139,214,214,248,248,283,283,283,283],"floor_reached":16,"playtime":667,"items_purged":["Strike_R"],"score":130,"play_id":"5668114f-5139-4b06-b52f-23f4156b1c39","local_time":"20201228012703","is_ascension_mode":true,"campfire_choices":[{"data":"Shockwave","floor":6,"key":"SMITH"},{"floor":8,"key":"REST"},{"floor":15,"key":"REST"}],"circlet_count":0,"master_deck":["Strike_R","Strike_R","Strike_R+1","Strike_R+1","Defend_R","Defend_R","Defend_R+1","Defend_R","Bash","Shockwave+1","Warcry","Double Tap+1","Twin Strike","Headbutt","Bloodletting","Metallicize"],"relics":["Sozu","Whetstone","Anchor","Lantern","Eternal Feather"],"acts_visited":["Exordium"],"potions_floor_usage":[],"damage_taken":[{"damage":0,"enemies":"Jaw Worm","floor":1,"turns":3},{"damage":5,"enemies":"Small Slimes","floor":2,"turns":3},{"damage":0,"enemies":"Cultist","floor":3,"turns":3},{"damage":0,"enemies":"Large Slime","floor":4,"turns":4},{"damage":33,"enemies":"3 Sentries","floor":7,"turns":9},{"damage":3,"enemies":"Lagavulin","floor":12,"turns":5},{"damage":29,"enemies":"Gremlin Nob","floor":14,"turns":4},{"damage":44,"enemies":"The Guardian","floor":16,"turns":9}],"seed_played":"-1251709519132376911","potions_obtained":[],"is_trial":false,"path_per_floor":["M","M","M","M","$","R","E","R","T","?","?","E","?","E","R","B"],"character_chosen":"IRONCLAD","items_purchased":[],"campfire_rested":2,"item_purchase_floors":[],"current_hp_per_floor":[80,75,75,75,75,75,42,66,66,55,55,52,36,7,40,0,0],"gold":283,"neow_bonus":"BOSS_RELIC","is_daily":false,"chose_seed":false,"campfire_upgraded":1,"win_rate":0.0,"timestamp":1609136823,"path_taken":["M","M","M","M","$","R","E","R","T","?","?","E","?","E","R","BOSS"],"items_purchased_type":[],"build_version":"2020-12-22","purchased_purges":1,"victory":false,"max_hp_per_floor":[80,80,80,80,80,80,80,80,80,80,80,80,80,80,80,80,80],"relic_stats":{"Sozu":4,"counters":[8,40],"Eternal Feather":9,"Whetstone":["Strike_R","Strike_R"],"obtain_stats":[{"Sozu":0,"Anchor":9,"Lantern":12,"Eternal Feather":14,"Whetstone":7,"Burning Blood":0},{"Sozu":0,"Anchor":5,"Lantern":6,"Eternal Feather":7,"Whetstone":5,"Burning Blood":0},{"Sozu":0,"Anchor":22,"Lantern":27,"Eternal Feather":31,"Whetstone":22,"Burning Blood":0}]},"card_choices":[{"not_picked":["Feel No Pain","Shrug It Off"],"picked":"Shockwave","floor":1},{"not_picked":["Iron Wave","Flex"],"picked":"Warcry","floor":2},{"not_picked":["Bloodletting","Thunderclap"],"picked":"Double Tap","floor":3},{"not_picked":["Perfected Strike","Power Through"],"picked":"Twin Strike","floor":4},{"not_picked":["Shrug It Off","Clash"],"picked":"Headbutt","floor":7},{"not_picked":["Heavy Blade","Pummel"],"picked":"Bloodletting","floor":12},{"not_picked":["Armaments","Warcry"],"picked":"Metallicize","floor":14}],"player_experience":12499,"relics_obtained":[{"floor":7,"key":"Whetstone"},{"floor":9,"key":"Anchor"},{"floor":12,"key":"Lantern"},{"floor":14,"key":"Eternal Feather"}],"event_choices":[{"damage_healed":0,"gold_gain":75,"player_choice":"Gather Gold","damage_taken":11,"max_hp_gain":0,"max_hp_loss":0,"event_name":"World of Goop","floor":10,"gold_loss":0},{"damage_healed":0,"gold_gain":0,"player_choice":"Ignored","damage_taken":0,"max_hp_gain":0,"max_hp_loss":0,"event_name":"Liars Game","floor":11,"gold_loss":0},{"damage_healed":0,"gold_gain":0,"player_choice":"Entered Light","damage_taken":16,"max_hp_gain":0,"max_hp_loss":0,"event_name":"Shining Light","floor":13,"gold_loss":0,"cards_upgraded":["Defend_R","Double Tap"]}],"is_beta":false,"boss_relics":[],"items_purged_floors":[5],"is_endless":false,"potions_floor_spawned":[1,7,12,14],"killed_by":"The Guardian","ascension_level":2}}