{"host":"x1qj4d8ympd5jdqh","time":1609158460,"event":{"mods":["AchievementEnabler","AlwaysNeverKeys","BaseMod","Colored Map","Custom Start","DeckTracker","Highlight Path","Minty Spire (QoL Compilation)","StSLib","SuperFastMode"],"gold_per_floor":[119,119,84,99,117,150,150,178,178,178,209,80,110,125,125,203,203,219,60,60,78,78,104,104,130,130,130,5,24,24,24,24,97,97,110,122,141,141,141,141],"floor_reached":39,"playtime":1536,"items_purged":["Strike_R","Strike_R","Strike_R+1"],"score":940,"play_id":"18ee156c-5bf7-49d9-a729-f4d63ecb2bbf","local_time":"20201228212740","is_ascension_mode":true,"campfire_choices":[{"floor":7.0,"key":"REST"},{"data":"Limit Break","floor":10.0,"key":"SMITH"},{"floor":15.0,"key":"REST"},{"data":"Armaments","floor":24.0,"key":"SMITH"},{"floor":27.0,"key":"REST"},{"data":"Battle Trance","floor":32.0,"key":"SMITH"}],"circlet_count":0,"master_deck":["AscendersBane","Defend_R","Defend_R","Defend_R","Defend_R","Bash","Immolate+1","Seeing Red","Spot Weakness","Shockwave","Body Slam","Limit Break+1","Second Wind","Armaments+1","Flex","Battle Trance+1","Shrug It Off","Clash","Second Wind","Offering","Feel No Pain","Dual Wield"],"relics":["Burning Blood","WingedGreaves","StrikeDummy","Mango","TungstenRod","Cursed Key","Enchiridion","Pantograph","Boot","SacredBark"],"acts_visited":["Exordium","TheCity","TheBeyond"],"potions_floor_usage":[39,39,39],"damage_taken":[{"damage":9.0,"enemies":"2 Louse","floor":1.0,"turns":2.0},{"damage":2.0,"enemies":"Jaw Worm","floor":4.0,"turns":2.0},{"damage":0.0,"enemies":"Small Slimes","floor":5.0,"turns":2.0},{"damage":32.0,"enemies":"Gremlin Nob","floor":6.0,"turns":4.0},{"damage":20.0,"enemies":"Lagavulin","floor":8.0,"turns":7.0},{"damage":10.0,"enemies":"Gremlin Nob","floor":11.0,"turns":3.0},{"damage":15.0,"enemies":"3 Sentries","floor":13.0,"turns":3.0},{"damage":15.0,"enemies":"3 Louse","floor":14.0,"turns":4.0},{"damage":43.0,"enemies":"The Guardian","floor":16.0,"turns":11.0},{"damage":0.0,"enemies":"Chosen","floor":18.0,"turns":3.0},{"damage":0.0,"enemies":"3 Byrds","floor":21.0,"turns":4.0},{"damage":36.0,"enemies":"Book of Stabbing","floor":23.0,"turns":6.0},{"damage":18.0,"enemies":"Gremlin Leader","floor":25.0,"turns":5.0},{"damage":22.0,"enemies":"Shelled Parasite and Fungi","floor":29.0,"turns":4.0},{"damage":37.0,"enemies":"Champ","floor":33.0,"turns":9.0},{"damage":21.0,"enemies":"3 Shapes","floor":35.0,"turns":7.0},{"damage":23.0,"enemies":"Orb Walker","floor":36.0,"turns":5.0},{"damage":21.0,"enemies":"4 Shapes","floor":37.0,"turns":2.0},{"damage":16,"enemies":"Writhing Mass","floor":39,"turns":7}],"seed_played":"187442248685472943","potions_obtained":[{"floor":1.0,"key":"Strength Potion"},{"floor":4.0,"key":"Block Potion"},{"floor":14.0,"key":"Strength Potion"},{"floor":16.0,"key":"EntropicBrew"},{"floor":33.0,"key":"EntropicBrew"}],"is_trial":false,"path_per_floor":["M","?","?","M","M","E","R","E","T","R","E","$","E","M","R","B",null,"M","$","?","M","?","E","R","E","T","R","$","M","?","T","R","B",null,"M","M","M","$","M"],"character_chosen":"IRONCLAD","items_purchased":["Strength Potion","Shrug It Off"],"campfire_rested":3,"item_purchase_floors":[12,19],"current_hp_per_floor":[47,24,42,46,52,26,48,34,34,34,44,44,35,26,52,15,71,77,77,77,83,66,36,36,24,24,50,50,34,34,34,34,28,74,59,42,27,27,11,11],"gold":141,"neow_bonus":"THREE_RARE_CARDS","is_daily":false,"chose_seed":false,"campfire_upgraded":3,"win_rate":0.0,"timestamp":1609158460,"path_taken":["M","?","?","M","M","E","R","E","T","R","E","$","E","M","R","BOSS","M","$","?","M","?","E","R","E","T","R","$","M","?","?","R","BOSS","M","M","?","$","?"],"items_purchased_type":["Potion","Card"],"build_version":"2020-12-22","purchased_purges":3,"victory":false,"max_hp_per_floor":[75,75,75,75,75,75,75,75,75,75,89,89,89,89,89,89,89,89,89,89,89,89,89,89,89,89,89,89,89,89,89,89,89,89,89,89,89,89,89,89],"card_choices":[{"not_picked":["Feed","Bludgeon"],"picked":"Immolate","floor":0.0},{"not_picked":["Body Slam","Armaments"],"picked":"Seeing Red","floor":1.0},{"not_picked":["Iron Wave","Armaments"],"picked":"Spot Weakness","floor":4.0},{"not_picked":["Clothesline","Havoc"],"picked":"Shockwave","floor":5.0},{"not_picked":["Iron Wave","Clothesline"],"picked":"Body Slam","floor":6.0},{"not_picked":["Heavy Blade","Rampage"],"picked":"Limit Break","floor":8.0},{"not_picked":["Rage","Headbutt"],"picked":"Second Wind","floor":11.0},{"not_picked":["True Grit","Uppercut"],"picked":"Armaments","floor":13.0},{"not_picked":["Uppercut","Heavy Blade"],"picked":"Flex","floor":14.0},{"not_picked":["Anger","Power Through"],"picked":"Battle Trance","floor":18.0},{"not_picked":["Thunderclap","Cleave+1","Searing Blow+1"],"picked":"SKIP","floor":21.0},{"not_picked":["Second Wind","Uppercut","Spot Weakness"],"picked":"SKIP","floor":23.0},{"not_picked":["Thunderclap+1","Rampage","Wild Strike"],"picked":"SKIP","floor":25.0},{"not_picked":["Bloodletting","Anger","Armaments"],"picked":"SKIP","floor":29.0},{"not_picked":["Barricade","Berserk"],"picked":"Offering","floor":33.0},{"not_picked":["Sword Boomerang+1","Spot Weakness","Rupture+1"],"picked":"SKIP","floor":35.0},{"not_picked":["Sword Boomerang","Shrug It Off+1"],"picked":"Feel No Pain","floor":36.0},{"not_picked":["Rupture","Shrug It Off"],"picked":"Dual Wield","floor":37.0}],"player_experience":1278266,"relics_obtained":[{"floor":6.0,"key":"WingedGreaves"},{"floor":8.0,"key":"StrikeDummy"},{"floor":11.0,"key":"Mango"},{"floor":13.0,"key":"TungstenRod"},{"floor":22.0,"key":"Enchiridion"},{"floor":23.0,"key":"Pantograph"},{"floor":25.0,"key":"Boot"}],"event_choices":[{"damage_healed":0.0,"max_hp_gain":0.0,"max_hp_loss":0.0,"gold_gain":0.0,"event_name":"Shining Light","player_choice":"Entered Light","floor":2.0,"gold_loss":0.0,"damage_taken":23.0,"cards_upgraded":["Immolate","Strike_R"]},{"damage_healed":18.0,"max_hp_gain":0.0,"max_hp_loss":0.0,"gold_gain":0.0,"event_name":"The Cleric","player_choice":"Healed","floor":3.0,"gold_loss":35.0,"damage_taken":0.0},{"damage_healed":0.0,"max_hp_gain":0.0,"max_hp_loss":0.0,"gold_gain":0.0,"cards_transformed":["Strike_R","Strike_R"],"event_name":"Drug Dealer","player_choice":"Became Test Subject","floor":20.0,"gold_loss":0.0,"damage_taken":0.0,"cards_obtained":["Clash","Second Wind"]},{"damage_healed":0.0,"max_hp_gain":0.0,"max_hp_loss":0.0,"gold_gain":0.0,"event_name":"Cursed Tome","player_choice":"Obtained Book","floor":22.0,"gold_loss":0.0,"damage_taken":21.0}],"is_beta":false,"boss_relics":[{"not_picked":["Coffee Dripper","Tiny House"],"picked":"Cursed Key"},{"not_picked":["Calling Bell","Runic Dome"],"picked":"SacredBark"}],"items_purged_floors":[12,19,28],"is_endless":false,"potions_floor_spawned":[1,4,14,16,18,33,35,36],"killed_by":"Writhing Mass","ascension_level":20}}