{"host":"9s40qwdfo6o6xlx0","time":1609126194,"event":{"mods":["ATMod(°¢èªMod)","BaseMod","Highlight Path","Minty Spire (QoL Compilation)","Replay The Spire","StSLib"],"gold_per_floor":[116,291,301,315,315,341,341,341,341,372,29,52,76,107,107,216,266,291,291,319,319,337,370,401,401,424,424,458,458,486,115,115,222,222,241,276,312,345,400,412,33,64,64,114,149,192,237,279,279,326],"floor_reached":51,"playtime":3884,"items_purged":["Pain"],"score":768,"play_id":"c8901f04-a711-4b22-9587-5ab283ffb877","local_time":"20201228112953","is_ascension_mode":false,"campfire_choices":[{"floor":7.0,"key":"REST"},{"floor":15.0,"key":"DIG"},{"floor":27.0,"key":"REST"},{"data":"ReplayTheSpireMod:Brewmster","floor":29.0,"key":"SMITH"},{"floor":32.0,"key":"DIG"},{"data":"ReplayTheSpireMod:Muscle Training","floor":40,"key":"SMITH"}],"circlet_count":0,"master_deck":["Strike_R+1","Strike_R","Strike_R","Strike_R","Strike_R+1","Defend_R","Defend_R","Defend_R+1","Defend_R","Bash","Overencumbered","ReplayTheSpireMod:Brewmster+1","AT_DiedThrough","ReplayTheSpireMod:Strike From Hell","Life Link","ReplayTheSpireMod:LeadingStrike+1","Seeing Red","Flame Barrier","Life Link+1","Thunderclap","Feel No Pain","Shrug It Off","Eclipse","Fire Breathing","Feel No Pain","Evolve","AT_ManFootWork","AT_DiedThrough","ReplayTheSpireMod:Muscle Training+1","Replay:Undeath\u0027s Touch","Juggernaut","AT_BodySlamDance","Disarm+1","Replay:Undeath\u0027s Touch+1","Massacre+1","Berserk","Metallicize","Metallicize","Wild Strike","Warcry+1","AT_Dispersion","Metallicize","Disarm+1","Sickly"],"relics":["Burning Blood","AT_ATBox","Thread and Needle","Pocketwatch","Pantograph","WingedGreaves","Replay:Bandana","Centennial Puzzle","AT_BellDemon","Simple Rune","Tiny House","Replay:Mystery Machine","AT_RedTearstoneRing","Ancient Tea Set","ReplayTheSpireMod:Spearhead","Iron Hammer","ReplayTheSpireMod:Lightbulb","WarpedTongs","King of Hearts","Blue Doll","AT_BladeRuinedKing","Boot","AT_SunfireAegis","HandDrill","AT_ChloranthyRing","Whetstone","Cursed Key","Bag of Preparation","Bird Faced Urn","Bronze Scales","MawBank","ReplayFunnel","Medical Kit","Lantern","Replay:Accelerometer","Question Card","Juzu Bracelet","Vajra","Happy Flower","AT_GoldPhoenixTree","Durian","Molten Egg 2","Replay:Baseball","AT_MibuBalloonWealth"],"acts_visited":["Exordium","TheCity","TheBeyond"],"potions_floor_usage":[38,38,38,38,38,38,38,39,42,44,44,45,47,47,50,50,50,50],"damage_taken":[{"damage":7.0,"enemies":"2 Louse","floor":1.0,"turns":4.0},{"damage":7.0,"enemies":"Small Slimes","floor":3.0,"turns":3.0},{"damage":5.0,"enemies":"Cultist","floor":4.0,"turns":4.0},{"damage":46.0,"enemies":"3 Sentries","floor":6.0,"turns":10.0},{"damage":2.0,"enemies":"Gremlin Nob","floor":10.0,"turns":3.0},{"damage":3.0,"enemies":"Blue Slaver","floor":12.0,"turns":5.0},{"damage":6.0,"enemies":"Looter","floor":13.0,"turns":3.0},{"damage":9.0,"enemies":"Gremlin Gang","floor":14.0,"turns":5.0},{"damage":42.0,"enemies":"The Guardian","floor":16.0,"turns":7.0},{"damage":13.0,"enemies":"Chosen","floor":18.0,"turns":5.0},{"damage":56.0,"enemies":"3 Byrds","floor":20.0,"turns":4.0},{"damage":49.0,"enemies":"Sentry and Sphere","floor":22.0,"turns":6.0},{"damage":10.0,"enemies":"Gremlin Leader","floor":23.0,"turns":7.0},{"damage":18.0,"enemies":"Shelled Parasite and Fungi","floor":24.0,"turns":3.0},{"damage":48.0,"enemies":"Book of Stabbing","floor":28.0,"turns":5.0},{"damage":0.0,"enemies":"3 Cultists","floor":30.0,"turns":3.0},{"damage":72.0,"enemies":"Automaton","floor":33.0,"turns":5.0},{"damage":7.0,"enemies":"3 Shapes","floor":35.0,"turns":3.0},{"damage":26.0,"enemies":"3 Darklings","floor":36.0,"turns":4.0},{"damage":0.0,"enemies":"Sphere and 2 Shapes","floor":37.0,"turns":2.0},{"damage":1,"enemies":"Transient","floor":38,"turns":5},{"damage":7,"enemies":"3 Darklings","floor":39,"turns":3},{"damage":0,"enemies":"Jaw Worm Horde","floor":42,"turns":1},{"damage":78,"enemies":"Nemesis","floor":44,"turns":5},{"damage":0,"enemies":"Spire Growth","floor":45,"turns":2},{"damage":0,"enemies":"Reptomancer","floor":46,"turns":3},{"damage":0,"enemies":"R_Hoarder","floor":47,"turns":6},{"damage":0,"enemies":"Maw","floor":48,"turns":3},{"damage":34,"enemies":"Replay:Hell Engine","floor":50,"turns":5}],"seed_played":"-152927261204921867","potions_obtained":[{"floor":3.0,"key":"BlessingOfTheForge"},{"floor":4.0,"key":"SkillPotion"},{"floor":16.0,"key":"PowerPotion"},{"floor":17.0,"key":"Regen Potion"},{"floor":20.0,"key":"Regen Potion"},{"floor":23.0,"key":"ElixirPotion"},{"floor":24.0,"key":"HeartOfIron"},{"floor":28.0,"key":"Dexterity Potion"},{"floor":35.0,"key":"ColorlessPotion"},{"floor":36.0,"key":"EntropicBrew"},{"floor":38,"key":"Block Potion"},{"floor":44,"key":"SkillPotion"}],"is_trial":false,"path_per_floor":["M","?","M","M","?","E","R","?","T","E","$","M","M","M","R","B",null,"M","?","M","?","M","E","M","?","T","R","E","R","M","$","R","B",null,"M","M","M","M","M","R","$","M","T","E","M","E","E","M","R","B",null],"character_chosen":"IRONCLAD","items_purchased":["Replay:Bandana","Centennial Puzzle","Life Link+1","AT_SunfireAegis","HandDrill","Medical Kit","Lantern","Metallicize"],"campfire_rested":2,"item_purchase_floors":[11,11,11,31,31,41,41,41],"current_hp_per_floor":[79,79,78,79,54,14,38,31,31,35,35,38,38,35,35,24,85,78,78,40,40,12,8,25,25,25,50,25,25,31,31,31,7,85,84,64,84,85,85,85,85,85,85,21,35,60,90,90,90,80],"gold":326,"neow_bonus":"RANDOM_COLORLESS_2","is_daily":false,"chose_seed":false,"campfire_upgraded":2,"win_rate":0.0,"timestamp":1609126193,"path_taken":["M","?","M","M","?","E","R","?","T","E","$","M","M","M","R","BOSS","M","?","?","?","M","E","M","?","T","R","E","R","?","$","R","BOSS","M","M","M","M","M","R","$","M","T","E","M","E","E","M","R","BOSS"],"items_purchased_type":["Relic","Relic","Card","Relic","Relic","Relic","Relic","Card"],"build_version":"2020-12-22","purchased_purges":1,"victory":true,"max_hp_per_floor":[80,80,80,80,80,80,80,80,80,80,80,80,80,80,80,80,85,85,85,85,85,85,85,85,85,85,85,85,85,85,85,85,85,85,85,85,85,85,85,85,85,85,85,85,85,90,90,90,90,90],"card_choices":[{"not_picked":["ReplayTheSpireMod:Necrogeddon","Apotheosis"],"picked":"ReplayTheSpireMod:Brewmster","floor":0.0},{"not_picked":["Warcry","Second Wind"],"picked":"ReplayTheSpireMod:Strike From Hell","floor":1.0},{"not_picked":["ReplayTheSpireMod:Stacked","ReplayTheSpireMod:Limb From Limb"],"picked":"Life Link","floor":3.0},{"not_picked":["Whirlwind","AT_CaressingTears"],"picked":"ReplayTheSpireMod:LeadingStrike","floor":4.0},{"not_picked":["Flex","Body Slam"],"picked":"Seeing Red","floor":6.0},{"not_picked":["Warcry","AT_GerminateFire"],"picked":"Flame Barrier","floor":10.0},{"not_picked":["Heavy Blade","AT_BodySlamDance"],"picked":"Thunderclap","floor":12.0},{"not_picked":["Flex","Thunderclap"],"picked":"Feel No Pain","floor":13.0},{"not_picked":["Dark Embrace","Pommel Strike"],"picked":"Shrug It Off","floor":14.0},{"not_picked":["Impervious","Brutality"],"picked":"Eclipse","floor":16.0},{"not_picked":["Whirlwind","Feel No Pain"],"picked":"Fire Breathing","floor":17.0},{"not_picked":["Iron Wave","ReplayTheSpireMod:LeadingStrike"],"picked":"Feel No Pain","floor":18.0},{"not_picked":["Fire Breathing","Iron Wave"],"picked":"Evolve","floor":20.0},{"not_picked":["AT_IchimonjiDouble","Body Slam+1","Searing Blow"],"picked":"SKIP","floor":22.0},{"not_picked":["Shrug It Off","Disarm"],"picked":"AT_ManFootWork","floor":23.0},{"not_picked":["Cleave","Rampage"],"picked":"AT_DiedThrough","floor":24.0},{"not_picked":["Clash","Heavy Blade"],"picked":"ReplayTheSpireMod:Muscle Training","floor":28.0},{"not_picked":["ReplayTheSpireMod:LeadingStrike","Cleave"],"picked":"Replay:Undeath\u0027s Touch","floor":30.0},{"not_picked":["Bludgeon","Limit Break"],"picked":"Juggernaut","floor":33.0},{"not_picked":["Body Slam+1","Shockwave"],"picked":"AT_BodySlamDance","floor":35.0},{"not_picked":["Clothesline","Dual Wield+1"],"picked":"Disarm+1","floor":36.0},{"not_picked":["Run Through+1","AT_GerminateFire"],"picked":"Replay:Undeath\u0027s Touch+1","floor":37.0},{"not_picked":["Battle Trance","Rupture+1"],"picked":"Massacre+1","floor":38},{"not_picked":["AT_CaressingTears","Anger"],"picked":"Berserk","floor":39},{"not_picked":["Iron Wave","Abandon+1"],"picked":"Metallicize","floor":42},{"not_picked":["AT_IchimonjiDouble","Sword Boomerang+1","ReplayTheSpireMod:Strike From Hell"],"picked":"Wild Strike","floor":44},{"not_picked":["Dual Wield+1","Wild Strike","Demonic Infusion"],"picked":"Warcry+1","floor":45},{"not_picked":["Body Slam+1","Fire Breathing","Impervious"],"picked":"AT_Dispersion","floor":46},{"not_picked":["Disarm+1","Sever Soul+1","ReplayTheSpireMod:Strike From Hell+1"],"picked":"Metallicize","floor":47},{"not_picked":["Clash+1","Warcry","AT_CaressingTears+1"],"picked":"Disarm+1","floor":48}],"player_experience":24797,"relics_obtained":[{"floor":6.0,"key":"Pocketwatch"},{"floor":9.0,"key":"Pantograph"},{"floor":10.0,"key":"WingedGreaves"},{"floor":15.0,"key":"AT_BellDemon"},{"floor":16.0,"key":"Simple Rune"},{"floor":18.0,"key":"Replay:Mystery Machine"},{"floor":20.0,"key":"AT_RedTearstoneRing"},{"floor":22.0,"key":"Ancient Tea Set"},{"floor":23.0,"key":"ReplayTheSpireMod:Spearhead"},{"floor":23.0,"key":"Iron Hammer"},{"floor":24.0,"key":"ReplayTheSpireMod:Lightbulb"},{"floor":26.0,"key":"King of Hearts"},{"floor":28.0,"key":"Blue Doll"},{"floor":28.0,"key":"AT_BladeRuinedKing"},{"floor":30.0,"key":"Boot"},{"floor":32.0,"key":"AT_ChloranthyRing"},{"floor":33.0,"key":"Whetstone"},{"floor":35.0,"key":"Bag of Preparation"},{"floor":36.0,"key":"Bird Faced Urn"},{"floor":37.0,"key":"Bronze Scales"},{"floor":38,"key":"MawBank"},{"floor":39,"key":"ReplayFunnel"},{"floor":42,"key":"Replay:Accelerometer"},{"floor":43,"key":"Question Card"},{"floor":44,"key":"Juzu Bracelet"},{"floor":44,"key":"Vajra"},{"floor":45,"key":"Happy Flower"},{"floor":46,"key":"AT_GoldPhoenixTree"},{"floor":46,"key":"Durian"},{"floor":47,"key":"Molten Egg 2"},{"floor":47,"key":"Replay:Baseball"},{"floor":48,"key":"AT_MibuBalloonWealth"}],"event_choices":[{"damage_healed":0.0,"max_hp_gain":0.0,"max_hp_loss":0.0,"gold_gain":175.0,"event_name":"Liars Game","player_choice":"AGREE","floor":2.0,"gold_loss":0.0,"damage_taken":0.0,"cards_obtained":["Doubt"]},{"damage_healed":0.0,"max_hp_gain":0.0,"max_hp_loss":0.0,"gold_gain":0.0,"event_name":"Scrap Ooze","player_choice":"Success","floor":5.0,"gold_loss":0.0,"damage_taken":25.0,"relics_obtained":["Thread and Needle"]},{"cards_removed":["Doubt"],"damage_healed":0.0,"max_hp_gain":0.0,"max_hp_loss":0.0,"gold_gain":0.0,"event_name":"Golden Wing","player_choice":"Card Removal","floor":8.0,"gold_loss":0.0,"damage_taken":7.0},{"damage_healed":0.0,"max_hp_gain":0.0,"max_hp_loss":0.0,"gold_gain":0.0,"event_name":"The Woman in Blue","player_choice":"Bought 0 Potions","floor":19.0,"gold_loss":0.0,"damage_taken":0.0},{"damage_healed":0.0,"max_hp_gain":0.0,"max_hp_loss":0.0,"gold_gain":0.0,"event_name":"Accursed Blacksmith","player_choice":"Rummage","floor":25.0,"gold_loss":0.0,"damage_taken":0.0,"relics_obtained":["WarpedTongs"],"cards_obtained":["Pain"]}],"is_beta":false,"boss_relics":[{"not_picked":["Painkiller Herb","Astrolabe"],"picked":"Tiny House"},{"not_picked":["Calling Bell","Velvet Choker"],"picked":"Cursed Key"}],"items_purged_floors":[31],"is_endless":false,"potions_floor_spawned":[3,4,13,14,16,20,23,24,28,35,36,38,44,48],"ascension_level":0}}