{"host":"93x13jgem5w43hjr","time":1609134412,"event":{"mods":["AchievementEnabler","BaseMod","Better Note","Better Third Choice","Colored Map","Colored Powertips","Minty Spire (QoL Compilation)","Rare Cards Sparkle","StSLib","Waifu the Spire"],"gold_per_floor":[361,379,3,3,17,17,17,17,17,61,61,86,86,119,119,244,244,257,272,10,10,33,64,64,88,88,102,102,118,133,83,83,214,214,234,567,584,634,634,634,659,659,659,672,93,111,138,154,154,154,154],"floor_reached":50,"playtime":3127,"items_purged":["Strike_G","Regret","Injury"],"score":582,"play_id":"ccd73363-33bc-4bf8-aab3-6d7538489a03","local_time":"20201227224652","is_ascension_mode":false,"campfire_choices":[{"data":"Noxious Fumes","floor":6,"key":"SMITH"},{"floor":11,"key":"REST"},{"data":"Acrobatics","floor":13,"key":"SMITH"},{"data":"Crippling Poison","floor":15,"key":"SMITH"},{"data":"Neutralize","floor":24,"key":"SMITH"},{"floor":28,"key":"REST"},{"floor":32,"key":"REST"},{"floor":40,"key":"RECALL"},{"floor":42,"key":"REST"},{"data":"Adrenaline","floor":49,"key":"SMITH"}],"circlet_count":0,"master_deck":["Strike_G","Strike_G","Strike_G","Defend_G","Defend_G","Defend_G","Defend_G","Defend_G","Survivor","Neutralize+1","Dagger Throw","Dash","Noxious Fumes+1","Acrobatics+1","Dagger Throw","Poisoned Stab","Crippling Poison+1","Burst","Noxious Fumes+1","Bane+1","Poisoned Stab+1","Backflip","Adrenaline+1","Dagger Throw+1","Injury"],"relics":["Ring of the Snake","PreservedInsect","Nunchaku","Mango","Frozen Egg 2","Pantograph","MealTicket","Cursed Key","Bottled Tornado","Smiling Mask","Matryoshka","Busted Crown","WingedGreaves","Bag of Preparation","Boot","StoneCalendar","ClockworkSouvenir","The Specimen"],"acts_visited":["Exordium","TheCity","TheBeyond"],"potions_floor_usage":[10,22,23,23,29,33,38,38,41,47,50,50,50],"damage_taken":[{"damage":2,"enemies":"Cultist","floor":1,"turns":4},{"damage":5,"enemies":"2 Louse","floor":2,"turns":3},{"damage":0,"enemies":"Small Slimes","floor":5,"turns":3},{"damage":3,"enemies":"Lagavulin","floor":10,"turns":6},{"damage":2,"enemies":"3 Louse","floor":12,"turns":3},{"damage":8,"enemies":"Gremlin Nob","floor":14,"turns":4},{"damage":58,"enemies":"Slime Boss","floor":16,"turns":9},{"damage":11,"enemies":"Spheric Guardian","floor":18,"turns":5},{"damage":3,"enemies":"Shell Parasite","floor":19,"turns":5},{"damage":8,"enemies":"Snake Plant","floor":22,"turns":4},{"damage":23,"enemies":"Book of Stabbing","floor":23,"turns":5},{"damage":8,"enemies":"Cultist and Chosen","floor":25,"turns":5},{"damage":27,"enemies":"Shelled Parasite and Fungi","floor":27,"turns":5},{"damage":8,"enemies":"Sentry and Sphere","floor":29,"turns":5},{"damage":12,"enemies":"Chosen and Byrds","floor":30,"turns":5},{"damage":48,"enemies":"Champ","floor":33,"turns":10},{"damage":0,"enemies":"3 Shapes","floor":35,"turns":3},{"damage":3,"enemies":"3 Darklings","floor":37,"turns":3},{"damage":9,"enemies":"Mind Bloom Boss Battle","floor":38,"turns":5},{"damage":22,"enemies":"Giant Head","floor":41,"turns":7},{"damage":12,"enemies":"Jaw Worm Horde","floor":44,"turns":3},{"damage":5,"enemies":"Sphere and 2 Shapes","floor":46,"turns":5},{"damage":0,"enemies":"Nemesis","floor":47,"turns":5},{"damage":5,"enemies":"Maw","floor":48,"turns":7},{"damage":78,"enemies":"Awakened One","floor":50,"turns":9}],"seed_played":"-6123970427062221121","potions_obtained":[{"floor":2,"key":"Energy Potion"},{"floor":5,"key":"GhostInAJar"},{"floor":12,"key":"BlessingOfTheForge"},{"floor":22,"key":"SkillPotion"},{"floor":23,"key":"DuplicationPotion"},{"floor":25,"key":"Ancient Potion"},{"floor":33,"key":"SteroidPotion"},{"floor":37,"key":"CunningPotion"},{"floor":38,"key":"DuplicationPotion"},{"floor":46,"key":"DuplicationPotion"},{"floor":47,"key":"PowerPotion"},{"floor":48,"key":"Energy Potion"}],"is_trial":false,"path_per_floor":["M","M","$","?","M","R","?","?","T","E","R","M","R","E","R","B",null,"M","M","$","?","M","E","R","M","T","M","R","M","M","$","R","B",null,"M","?","M","?","?","R","E","R","T","M","$","M","E","M","R","B"],"character_chosen":"THE_SILENT","items_purchased":["PreservedInsect","Noxious Fumes","Poisoned Stab","Acrobatics","Bottled Tornado","StoneCalendar","ClockworkSouvenir","Ancient Potion"],"campfire_rested":4,"item_purchase_floors":[3,3,3,3,20,45,45,45],"current_hp_per_floor":[61,56,56,49,49,49,49,47,47,44,67,65,65,57,57,19,77,66,63,77,77,69,46,46,38,38,11,34,26,14,29,52,29,77,77,77,74,68,68,68,46,69,69,57,72,67,67,62,62,0,0],"gold":154,"neow_bonus":"TWO_FIFTY_GOLD","is_daily":false,"chose_seed":false,"campfire_upgraded":5,"win_rate":0.0,"timestamp":1609134412,"path_taken":["M","M","?","?","M","R","?","?","T","E","R","M","R","E","R","BOSS","M","M","$","?","M","E","R","M","T","M","R","M","M","$","R","BOSS","M","?","M","?","?","R","E","R","T","M","$","M","E","M","R","BOSS"],"items_purchased_type":["Relic","Card","Card","Card","Relic","Relic","Relic","Potion"],"build_version":"2020-12-22","purchased_purges":3,"victory":false,"max_hp_per_floor":[63,63,63,63,63,63,63,77,77,77,77,77,77,77,77,77,77,77,77,77,77,77,77,77,77,77,77,77,77,77,77,77,77,77,77,77,77,77,77,77,77,77,77,77,77,77,77,77,77,77,77],"card_choices":[{"not_picked":["Dodge and Roll","Deflect"],"picked":"Dagger Throw","floor":1},{"not_picked":["Venomology","Quick Slash"],"picked":"Dash","floor":2},{"not_picked":["Slice","Tactician"],"picked":"Dagger Throw","floor":5},{"not_picked":["Phantasmal Killer","Deflect","Slice"],"picked":"SKIP","floor":10},{"not_picked":["Backflip","Underhanded Strike"],"picked":"Poisoned Stab","floor":12},{"not_picked":["Heel Hook","Distraction"],"picked":"Crippling Poison","floor":14},{"not_picked":["Corpse Explosion","Bullet Time"],"picked":"Burst","floor":16},{"not_picked":["Tactician","Dodge and Roll"],"picked":"Noxious Fumes+1","floor":18},{"not_picked":["Underhanded Strike","Choke"],"picked":"Bane+1","floor":19},{"not_picked":["Choke","Terror","PiercingWail+1"],"picked":"SKIP","floor":22},{"not_picked":["Sucker Punch","Doppelganger"],"picked":"Poisoned Stab+1","floor":23},{"not_picked":["Terror","Slice","Infinite Blades+1"],"picked":"SKIP","floor":25},{"not_picked":["Underhanded Strike+1","Blade Dance+1"],"picked":"Backflip","floor":27},{"not_picked":["Masterful Stab","Blade Dance","Well Laid Plans+1"],"picked":"SKIP","floor":29},{"not_picked":["Poisoned Stab","Acrobatics+1","Dagger Spray"],"picked":"SKIP","floor":30},{"not_picked":["Corpse Explosion","Glass Knife"],"picked":"Adrenaline","floor":33},{"not_picked":[],"picked":"Dagger Throw+1","floor":35},{"not_picked":["Dash+1"],"picked":"SKIP","floor":37},{"not_picked":["Terror+1"],"picked":"SKIP","floor":41},{"not_picked":["Slice"],"picked":"SKIP","floor":44},{"not_picked":["Dagger Throw"],"picked":"SKIP","floor":46},{"not_picked":["Cloak And Dagger"],"picked":"SKIP","floor":47},{"not_picked":["Finisher"],"picked":"SKIP","floor":48}],"player_experience":80305,"relics_obtained":[{"floor":9,"key":"Frozen Egg 2"},{"floor":10,"key":"Pantograph"},{"floor":14,"key":"MealTicket"},{"floor":23,"key":"Smiling Mask"},{"floor":26,"key":"Matryoshka"},{"floor":38,"key":"WingedGreaves"},{"floor":41,"key":"Bag of Preparation"},{"floor":43,"key":"Boot"},{"floor":47,"key":"The Specimen"}],"event_choices":[{"cards_removed":["Strike_G"],"damage_healed":0,"gold_gain":0,"player_choice":"Card Removal","damage_taken":7,"max_hp_gain":0,"max_hp_loss":0,"event_name":"Golden Wing","floor":4,"gold_loss":0},{"damage_healed":0,"gold_gain":0,"player_choice":"Take Wound","damage_taken":0,"relics_obtained":["Golden Idol"],"max_hp_gain":0,"max_hp_loss":0,"event_name":"Golden Idol","floor":7,"gold_loss":0,"cards_obtained":["Injury"]},{"damage_healed":0,"gold_gain":1,"player_choice":"Relic Relic ","damage_taken":16,"max_hp_gain":0,"max_hp_loss":0,"event_name":"betterThird:BetterScrap","floor":8,"gold_loss":0,"cards_obtained":["Barricade"]},{"cards_removed":["Noxious Fumes"],"damage_healed":0,"gold_gain":0,"player_choice":"Give","damage_taken":0,"max_hp_gain":0,"max_hp_loss":0,"event_name":"betterNote:BetterNote","floor":21,"gold_loss":0,"cards_obtained":["None"]},{"damage_healed":0,"gold_gain":333,"player_choice":"Gave Idol","damage_taken":0,"max_hp_gain":0,"max_hp_loss":0,"event_name":"The Moai Head","floor":36,"relics_lost":["Golden Idol"],"gold_loss":0},{"damage_healed":0,"gold_gain":0,"player_choice":"Fight","damage_taken":0,"max_hp_gain":0,"max_hp_loss":0,"event_name":"MindBloom","floor":38,"gold_loss":0},{"cards_removed":["Poisoned Stab"],"damage_healed":0,"gold_gain":0,"player_choice":"Removed Attack","damage_taken":0,"max_hp_gain":0,"max_hp_loss":0,"event_name":"Falling","floor":39,"gold_loss":0}],"is_beta":false,"boss_relics":[{"not_picked":["Black Star","SlaversCollar"],"picked":"Cursed Key"},{"not_picked":["Runic Pyramid","Runic Dome"],"picked":"Busted Crown"}],"items_purged_floors":[3,31,45],"is_endless":false,"potions_floor_spawned":[2,5,12,22,23,25,33,37,38,46,47,48],"killed_by":"Awakened One","ascension_level":0}}