{"host":"8jwif9mna8ud19ho","time":1609127336,"event":{"mods":["BaseMod","Better Vampires","Lobotomy","Minty Spire (QoL Compilation)","RumiaBox-露米娅的神秘盒子","StSLib","[地精首领爬塔]The Maniac","【遗物卡牌】REMEMod","残留之物"],"gold_per_floor":[109,109,127,146,164,190,190,208,208,234,262,273,273,300,300],"floor_reached":14,"playtime":612,"items_purged":[],"score":112,"play_id":"81378c74-8c80-40af-9d15-93c42e9e33df","local_time":"20201228114856","is_ascension_mode":false,"campfire_choices":[{"data":"PlaceholderMod:DoublePoint","floor":7.0,"key":"SMITH"},{"data":"PlaceholderMod:PoisonBlast","floor":13,"key":"SMITH"}],"circlet_count":0,"master_deck":["PlaceholderMod:BaseStrike","PlaceholderMod:BaseStrike","PlaceholderMod:BaseStrike","PlaceholderMod:BaseStrike","PlaceholderMod:BaseStrike","PlaceholderMod:BaseDefend","PlaceholderMod:BaseDefend","PlaceholderMod:BaseDefend","PlaceholderMod:BaseDefend","PlaceholderMod:BaseDefend","PlaceholderMod:Crystal","PlaceholderMod:PoisonWhip+1","Die Die Die","Variant","Scorched","PlaceholderMod:DoublePoint+1","PlaceholderMod:Hard","OSAHOGD","WallGazer","PlaceholderMod:DissolvingSpikes","PlaceholderMod:PoisonBlast+1","MHz","PlaceholderMod:StressReaction","HappyTeddy","PlaceholderMod:Polyp","QueenOfHatred"],"relics":["PlaceholderMod:Tancle","REME_ComplimentaryCards","CogitoBucket","Toy Ornithopter","AspirationHeart","HornCleat","Odd Mushroom","ZombieArmy","PlaceholderMod:EltdownShards"],"acts_visited":["Exordium"],"potions_floor_usage":[8],"damage_taken":[{"damage":3.0,"enemies":"Jaw Worm","floor":1.0,"turns":3.0},{"damage":1.0,"enemies":"Cultist","floor":3.0,"turns":3.0},{"damage":0.0,"enemies":"Small Slimes","floor":4.0,"turns":1.0},{"damage":8.0,"enemies":"Exordium Thugs","floor":5.0,"turns":3.0},{"damage":34.0,"enemies":"Lagavulin","floor":6.0,"turns":7.0},{"damage":14,"enemies":"Large Slime","floor":8,"turns":3},{"damage":0,"enemies":"The Mushroom Lair","floor":10,"turns":1},{"damage":8,"enemies":"Gremlin Nob","floor":11,"turns":5},{"damage":0,"enemies":"Lots of Slimes","floor":12,"turns":1},{"damage":23,"enemies":"3 Sentries","floor":14,"turns":4}],"seed_played":"7090712202883767037","potions_obtained":[{"floor":3.0,"key":"GamblersBrew"},{"floor":4.0,"key":"BlessingOfTheForge"},{"floor":10,"key":"Weak Potion"},{"floor":11,"key":"GamblersBrew"}],"is_trial":false,"path_per_floor":["M","?","M","M","M","E","R","M","T","?","E","M","R","E"],"character_chosen":"THE_PLACEHOLDER","items_purchased":[],"campfire_rested":0,"item_purchase_floors":[],"current_hp_per_floor":[75,75,74,74,66,32,32,33,33,33,25,25,25,2,2],"gold":300,"neow_bonus":"","is_daily":false,"chose_seed":false,"campfire_upgraded":2,"win_rate":0.0,"timestamp":1609127336,"path_taken":["M","?","?","M","M","E","R","M","T","?","E","M","R","E"],"items_purchased_type":[],"build_version":"2020-12-22","purchased_purges":0,"victory":false,"max_hp_per_floor":[78,78,78,78,78,78,78,88,88,88,88,88,88,88,88],"card_choices":[{"not_picked":["Murderer","CrumblingArmor"],"picked":"Variant","floor":1.0},{"not_picked":["PlaceholderMod:Turn","PlaceholderMod:Internalization","PlaceholderMod:OHStrongAttack"],"picked":"SKIP","floor":1.0},{"not_picked":["ShyLook","LittleHelper"],"picked":"Scorched","floor":3.0},{"not_picked":["PlaceholderMod:InnerSoften","PlaceholderMod:Internalization","PlaceholderMod:ConsolidateHit"],"picked":"SKIP","floor":3.0},{"not_picked":["PlaceholderMod:StrongAcid","PlaceholderMod:Colorful"],"picked":"PlaceholderMod:DoublePoint","floor":4.0},{"not_picked":["PlaceholderMod:PoisonExcitation","PlaceholderMod:Hard","PlaceholderMod:HighConcentration"],"picked":"SKIP","floor":5.0},{"not_picked":["PlaceholderMod:PoisonExcitation","PlaceholderMod:HighConcentration"],"picked":"PlaceholderMod:Hard","floor":5.0},{"not_picked":["Wellcheers","SpiderBud"],"picked":"OSAHOGD","floor":6.0},{"not_picked":["PlaceholderMod:Break","PlaceholderMod:HealingAttack","PlaceholderMod:ConsolidateHit"],"picked":"SKIP","floor":6.0},{"not_picked":["LittleHelper","FairyFestival"],"picked":"WallGazer","floor":8},{"not_picked":["PlaceholderMod:StrongAcid","PlaceholderMod:Hard"],"picked":"PlaceholderMod:DissolvingSpikes","floor":8},{"not_picked":["PlaceholderMod:OHStrongAttack","PlaceholderMod:Sweep"],"picked":"PlaceholderMod:PoisonBlast","floor":10},{"not_picked":["BeautyBeast","LittlePrince"],"picked":"MHz","floor":11},{"not_picked":["PlaceholderMod:PoisonBlast","PlaceholderMod:SprayAttack"],"picked":"PlaceholderMod:StressReaction","floor":11},{"not_picked":["BigBird","FairyFestival"],"picked":"HappyTeddy","floor":12},{"not_picked":["PlaceholderMod:ParasiteChange","PlaceholderMod:SelectReaction"],"picked":"PlaceholderMod:Polyp","floor":12},{"not_picked":["Porccubus","Wellcheers"],"picked":"QueenOfHatred","floor":14}],"player_experience":851767,"relics_obtained":[{"floor":6.0,"key":"Toy Ornithopter"},{"floor":9,"key":"HornCleat"},{"floor":10,"key":"Odd Mushroom"},{"floor":11,"key":"ZombieArmy"},{"floor":14,"key":"PlaceholderMod:EltdownShards"}],"event_choices":[{"damage_healed":0.0,"max_hp_gain":0.0,"max_hp_loss":0.0,"gold_gain":0.0,"event_name":"Upgrade Shrine","player_choice":"Upgraded","floor":2.0,"gold_loss":0.0,"damage_taken":0.0,"cards_upgraded":["PlaceholderMod:PoisonWhip"]},{"damage_healed":0,"gold_gain":0,"player_choice":"Fought Mushrooms","damage_taken":0,"max_hp_gain":0,"max_hp_loss":0,"event_name":"Mushrooms","floor":10,"gold_loss":0}],"is_beta":false,"boss_relics":[],"items_purged_floors":[],"is_endless":false,"potions_floor_spawned":[3,4,10,11,14],"killed_by":"3 Sentries","ascension_level":0}}