{"host":"0cm5wy4nhuju7tij","time":1609195117,"event":{"mods":["2.2 Compatiblity","AchievementEnabler","Aspiration","BaseMod","BetterRewards","CCEM","CapriCore","Colored Powertips","Custom Start","Energized Spire","Fireblade Mod","Highlight Path","Minty Spire (QoL Compilation)","Permanent Neow","Railgun Mod","Relic Stats","Shop Mod","Spicy Shops","StSLib","The Bladedancer","The Servant 0.9.4","TheSwordswoman"],"gold_per_floor":[112,122,141,19,19,19,45,15,42,42,68,86,97,126,126,222,222,238,20,33,50,50,50,50,50,128,157,173,173,187,9,9,104,104,117,136,136,11,22,22,33,33,58,58,88,88,88],"floor_reached":46,"playtime":3089,"items_purged":["FireBladeMod:StrikeFireBlade","FireBladeMod:StrikeFireBlade","FireBladeMod:DefendFireBlade"],"score":488,"play_id":"a84fa4ff-3636-43b8-91fd-9d4af3d94ecc","local_time":"20201228173837","is_ascension_mode":false,"campfire_choices":[{"data":"FireBladeMod:ComboCleave","floor":6,"key":"SMITH"},{"data":"FireBladeMod:ScorchingCleave","floor":10,"key":"SMITH"},{"floor":15,"key":"REST"},{"data":"FireBladeMod:DeathBlade","floor":23,"key":"SMITH"},{"data":"FireBladeMod:SoulSword","floor":25,"key":"SMITH"},{"floor":32,"key":"REST"},{"floor":40,"key":"REST"},{"data":"FireBladeMod:Unbalance","floor":44,"key":"SMITH"}],"circlet_count":0,"master_deck":["FireBladeMod:DefendFireBlade","FireBladeMod:DefendFireBlade","FireBladeMod:FlamingSword","FireBladeMod:FireBarrier","FireBladeMod:Ignition","FireBladeMod:Unbalance+1","FireBladeMod:SoulSword","FireBladeMod:ComboCleave+1","FireBladeMod:ThirdDegree","FireBladeMod:StingingSlash","FireBladeMod:IronEndurance","FireBladeMod:ComplexDefense","FireBladeMod:ScorchingCleave+1","FireBladeMod:BackhandSwing","FireBladeMod:ScorchingStrike","FireBladeMod:Wildfire","FireBladeMod:SmashingEndurance","FireBladeMod:SoulSword+1","FireBladeMod:DeathBlade+1","FireBladeMod:ComplexAttack+1","FireBladeMod:Flames","FireBladeMod:EruptionSlash","FireBladeMod:Speed","FireBladeMod:GetPumped","FireBladeMod:Turtle+1","FireBladeMod:LearnTells","FireBladeMod:Arson","FireBladeMod:RapidDodges","FireBladeMod:BattleMage","FireBladeMod:BackhandSwing+1","FireBladeMod:SteadyEndurance+1","FireBladeMod:ScorchingStrike+1"],"relics":["FireBladeMod:DuelistLocket","Bronze Scales","Bag of Preparation","CCEMRelics:TechnogenicHelmet","Anchor","Philosopher\u0027s Stone","Pantograph","Torii","Busted Crown","Juzu Bracelet","Pocketwatch"],"acts_visited":["Exordium","TheCity","TheBeyond"],"potions_floor_usage":[16,16,30,45,45],"damage_taken":[{"damage":6,"enemies":"Jaw Worm","floor":1,"turns":4},{"damage":0,"enemies":"Cultist","floor":2,"turns":3},{"damage":3,"enemies":"2 Louse","floor":3,"turns":2},{"damage":7,"enemies":"Lagavulin","floor":7,"turns":7},{"damage":3,"enemies":"Looter","floor":8,"turns":4},{"damage":6,"enemies":"Gremlin Nob","floor":11,"turns":3},{"damage":9,"enemies":"Exordium Wildlife","floor":12,"turns":2},{"damage":4,"enemies":"3 Louse","floor":13,"turns":3},{"damage":2,"enemies":"Lagavulin","floor":14,"turns":7},{"damage":43,"enemies":"Slime Boss","floor":16,"turns":9},{"damage":7,"enemies":"Shell Parasite","floor":18,"turns":5},{"damage":14,"enemies":"2 Thieves","floor":20,"turns":3},{"damage":11,"enemies":"Snecko","floor":21,"turns":3},{"damage":8,"enemies":"Book of Stabbing","floor":27,"turns":4},{"damage":7,"enemies":"Snake Plant","floor":28,"turns":2},{"damage":0,"enemies":"Centurion and Healer","floor":30,"turns":4},{"damage":10,"enemies":"Champ","floor":33,"turns":7},{"damage":0,"enemies":"3 Shapes","floor":35,"turns":5},{"damage":12,"enemies":"Orb Walker","floor":36,"turns":4},{"damage":1,"enemies":"Orb Walker","floor":37,"turns":3},{"damage":33,"enemies":"4 Shapes","floor":39,"turns":6},{"damage":8,"enemies":"Sphere and 2 Shapes","floor":41,"turns":4},{"damage":62,"enemies":"Reptomancer","floor":45,"turns":4},{"damage":15,"enemies":"Jaw Worm Horde","floor":46,"turns":2}],"seed_played":"4110419413557392095","potions_obtained":[{"floor":1,"key":"AttackPotion"},{"floor":3,"key":"Dexterity Potion"},{"floor":5,"key":"LiquidMemories"},{"floor":7,"key":"FairyPotion"},{"floor":18,"key":"Regen Potion"},{"floor":27,"key":"BlessingOfTheForge"},{"floor":28,"key":"AttackPotion"},{"floor":39,"key":"FireBladeMod:FervorPotion"},{"floor":45,"key":"Dexterity Potion"}],"is_trial":false,"path_per_floor":["M","M","M","$","?","R","E","M","T","R","E","M","M","E","R","B",null,"M","$","M","M","?","R","?","R","T","E","M","?","M","$","R","B",null,"M","M","?","$","M","R","M","?","T","R","E","M"],"character_chosen":"THE_FIREBLADE","items_purchased":["FireBladeMod:StingingSlash","FireBladeMod:IronEndurance","FireBladeMod:ComplexDefense","FireBladeMod:Flames","FireBladeMod:EruptionSlash","FireBladeMod:RapidDodges"],"campfire_rested":3,"item_purchase_floors":[4,4,4,19,19,31],"current_hp_per_floor":[57,57,54,54,54,54,47,44,44,44,38,29,25,23,41,18,63,56,56,42,31,52,52,41,41,41,33,26,26,26,26,46,58,68,68,56,55,55,22,42,34,59,59,59,2,0,0],"gold":88,"neow_bonus":"TRANSFORM_TWO_CARDS","is_daily":false,"chose_seed":false,"campfire_upgraded":5,"win_rate":0.0,"timestamp":1609195117,"path_taken":["M","M","M","$","?","R","E","M","T","R","E","M","M","E","R","BOSS","M","$","M","M","?","R","?","R","T","E","M","?","M","$","R","BOSS","M","M","?","$","M","R","M","?","T","R","E","M"],"items_purchased_type":["Card","Card","Card","Card","Card","Card"],"build_version":"2020-12-22","purchased_purges":3,"victory":false,"max_hp_per_floor":[63,63,63,63,63,63,63,63,63,63,63,63,63,63,63,63,63,63,63,63,63,63,63,68,68,68,68,68,68,68,68,68,68,68,68,68,68,68,68,68,68,59,59,59,59,59,59],"relic_stats":{"Busted Crown":12,"Torii":6,"counters":[24,100],"Bronze Scales":[164],"Pantograph":22,"Bag of Preparation":[38],"Juzu Bracelet":0,"obtain_stats":[{"Anchor":14,"Busted Crown":34,"Torii":27,"FireBladeMod:DuelistLocket":0,"Bronze Scales":7,"Pantograph":26,"Philosopher\u0027s Stone":17,"Bag of Preparation":9,"Juzu Bracelet":43,"CCEMRelics:TechnogenicHelmet":11,"Pocketwatch":45},{"Anchor":9,"Busted Crown":17,"Torii":14,"FireBladeMod:DuelistLocket":0,"Bronze Scales":4,"Pantograph":13,"Philosopher\u0027s Stone":10,"Bag of Preparation":5,"Juzu Bracelet":22,"CCEMRelics:TechnogenicHelmet":6,"Pocketwatch":23},{"Anchor":35,"Busted Crown":72,"Torii":59,"FireBladeMod:DuelistLocket":0,"Bronze Scales":16,"Pantograph":55,"Philosopher\u0027s Stone":44,"Bag of Preparation":20,"Juzu Bracelet":94,"CCEMRelics:TechnogenicHelmet":23,"Pocketwatch":98}],"Pocketwatch":[0]},"card_choices":[{"not_picked":["FireBladeMod:DoubleDash","FireBladeMod:BasicSmash"],"picked":"FireBladeMod:SoulSword","floor":1},{"not_picked":["FireBladeMod:IronEndurance","FireBladeMod:Flames"],"picked":"FireBladeMod:ComboCleave","floor":2},{"not_picked":["FireBladeMod:StingingSlash","FireBladeMod:Shove"],"picked":"FireBladeMod:ThirdDegree","floor":3},{"not_picked":["FireBladeMod:GlassGreatsword","FireBladeMod:ComboSlashes"],"picked":"FireBladeMod:ScorchingCleave","floor":7},{"not_picked":["FireBladeMod:Refreshment","FireBladeMod:Robust"],"picked":"FireBladeMod:BackhandSwing","floor":8},{"not_picked":["FireBladeMod:BackhandSwing","FireBladeMod:ArmSmash"],"picked":"FireBladeMod:ScorchingStrike","floor":11},{"not_picked":["FireBladeMod:IronEndurance","FireBladeMod:Shove"],"picked":"FireBladeMod:Wildfire","floor":12},{"not_picked":["FireBladeMod:WellPrepared","FireBladeMod:Turtle"],"picked":"FireBladeMod:SmashingEndurance","floor":13},{"not_picked":["FireBladeMod:SmokeInTheEyes","FireBladeMod:SteadyEndurance"],"picked":"FireBladeMod:SoulSword","floor":14},{"not_picked":["FireBladeMod:LearnTells","FireBladeMod:RapidHits"],"picked":"FireBladeMod:DeathBlade","floor":16},{"not_picked":["FireBladeMod:SteadyEndurance","FireBladeMod:Flames"],"picked":"FireBladeMod:ComplexAttack+1","floor":18},{"not_picked":["FireBladeMod:SteadyEndurance","FireBladeMod:Robust"],"picked":"FireBladeMod:Speed","floor":20},{"not_picked":["FireBladeMod:SpiritEndurance","FireBladeMod:Shove"],"picked":"FireBladeMod:GetPumped","floor":21},{"not_picked":["FireBladeMod:ThirstForBlood","FireBladeMod:DoubleDash+1"],"picked":"FireBladeMod:Turtle+1","floor":27},{"not_picked":["FireBladeMod:ComplexAttack+1","FireBladeMod:QuickJabs"],"picked":"FireBladeMod:LearnTells","floor":28},{"not_picked":["FireBladeMod:Shove","FireBladeMod:ComplexDefense"],"picked":"FireBladeMod:Arson","floor":30},{"not_picked":["FireBladeMod:BattleStamina","FireBladeMod:FinalSmash"],"picked":"FireBladeMod:BattleMage","floor":33},{"not_picked":[],"picked":"FireBladeMod:BackhandSwing+1","floor":35},{"not_picked":["FireBladeMod:DoubleDash+1"],"picked":"SKIP","floor":36},{"not_picked":[],"picked":"FireBladeMod:SteadyEndurance+1","floor":39},{"not_picked":["FireBladeMod:Shove+1"],"picked":"SKIP","floor":41},{"not_picked":[],"picked":"FireBladeMod:ScorchingStrike+1","floor":45}],"player_experience":243544,"relics_obtained":[{"floor":7,"key":"Bronze Scales"},{"floor":9,"key":"Bag of Preparation"},{"floor":11,"key":"CCEMRelics:TechnogenicHelmet"},{"floor":14,"key":"Anchor"},{"floor":26,"key":"Pantograph"},{"floor":27,"key":"Torii"},{"floor":43,"key":"Juzu Bracelet"},{"floor":45,"key":"Pocketwatch"}],"event_choices":[{"damage_healed":0,"gold_gain":0,"player_choice":"Got Potions","damage_taken":0,"max_hp_gain":0,"max_hp_loss":0,"event_name":"Lab","floor":5,"gold_loss":0},{"damage_healed":21,"gold_gain":0,"player_choice":"Heal","damage_taken":0,"max_hp_gain":0,"max_hp_loss":0,"event_name":"The Library","floor":22,"gold_loss":0},{"damage_healed":0,"gold_gain":0,"player_choice":"Shed Blood","damage_taken":16,"max_hp_gain":5,"max_hp_loss":0,"event_name":"Forgotten Altar","floor":24,"gold_loss":0},{"damage_healed":59,"gold_gain":0,"player_choice":"Heal","damage_taken":0,"max_hp_gain":0,"max_hp_loss":9,"event_name":"The Moai Head","floor":42,"gold_loss":0}],"is_beta":false,"boss_relics":[{"not_picked":["Velvet Choker","Coffee Dripper"],"picked":"Philosopher\u0027s Stone"},{"not_picked":["Runic Dome","energizedSpire:NeverEndingSparkler"],"picked":"Busted Crown"}],"items_purged_floors":[19,31,38],"is_endless":false,"potions_floor_spawned":[1,3,7,11,13,14,18,27,28,39,45],"killed_by":"Jaw Worm Horde","ascension_level":0}}