{"host":"792mtbovsoa03nb3","time":1609185346,"event":{"mods":["BaseMod","Colored Map","Dota2Spire","Downfall","Hubris","Infinite Spire","Minty Spire (QoL Compilation)","Replay The Spire","Spicy Shops","StSLib","The Blue Laboratory","The Jungle"],"gold_per_floor":[114,307,57,57,76,103,203,203,203,203,221,86,112,112,112,209,209,224,241,241,241,254,254,281,301,377,403,420,420,434,434,434,531,531,543,560,579,579,593,593,623,643,690,709,720,720,720,720,720,720],"floor_reached":51,"playtime":1962,"items_purged":["Normality"],"score":921,"play_id":"81519b09-fcf6-4621-a7de-064ce5efa698","local_time":"20201228115546","is_ascension_mode":true,"campfire_choices":[{"data":"ReplayTheSpireMod:Muscle Training","floor":8,"key":"SMITH"},{"data":"Dual Wield","floor":10,"key":"SMITH"},{"floor":15,"key":"DIG"},{"floor":23,"key":"RECALL"},{"data":"Demon Form","floor":29,"key":"SMITH"},{"floor":32,"key":"DIG"},{"data":"Replay:Undeath\u0027s Touch","floor":40,"key":"SMITH"},{"data":"Replay:SS_hec_2","floor":49,"key":"SMITH"}],"circlet_count":0,"master_deck":["Strike_R","Strike_R","Strike_R","Strike_R","Defend_R","Defend_R","Defend_R","Defend_R","Bash","Iron Wave+1","ReplayTheSpireMod:Muscle Training+1","Shrug It Off","Dual Wield+1","Ghostly Armor","Demon Form+1","ReplayTheSpireMod:Corrosion Curse","RitualDagger","Seeing Red","Sword Boomerang+1","hubris:DuctTapeCard","Clash","Flex","Juggernaut","Replay:Undeath\u0027s Touch+1","Metallicize+1","Anger","Replay:Undeath\u0027s Touch","Metallicize+1","Intimidate+1","Writhe","Replay:SS_hec_2+1"],"relics":["Burning Blood","Durian","infinitespire:Beetle Shell","Dota2Spire:EchoSabre","Shovel","Mercury Hourglass","infinitespire:Lucky Rock","hubris:IronBody","Pondfish Scales","hubris:RunicObelisk","hubris:Towel","hubris:BottledRain","hubris:DuctTape","Dota2Spire:UrnOfShadows","Kunai","Nunchaku","hubris:VirtuousBlindfold","infinitespire:BottledMercury","Dota2Spire:MaskOfMadness","ReplayTheSpireMod:TigerMarble"],"acts_visited":["Exordium","TheCity","TheBeyond"],"potions_floor_usage":[16,16,19,27,33,33,39,41,50,50,50],"damage_taken":[{"damage":2,"enemies":"2 Louse","floor":1,"turns":3},{"damage":3,"enemies":"Jaw Worm","floor":5,"turns":3},{"damage":36,"enemies":"Gremlin Nob","floor":6,"turns":4},{"damage":1,"enemies":"Cultist","floor":11,"turns":3},{"damage":24,"enemies":"Lagavulin","floor":13,"turns":6},{"damage":7,"enemies":"Slime Boss","floor":16,"turns":5},{"damage":2,"enemies":"Shell Parasite","floor":18,"turns":4},{"damage":0,"enemies":"Spheric Guardian","floor":19,"turns":4},{"damage":18,"enemies":"Snake Plant","floor":22,"turns":5},{"damage":13,"enemies":"Book of Stabbing","floor":24,"turns":4},{"damage":23,"enemies":"3 Cultists","floor":25,"turns":5},{"damage":32,"enemies":"Gremlin Leader","floor":27,"turns":4},{"damage":3,"enemies":"Cultist and Chosen","floor":28,"turns":3},{"damage":1,"enemies":"Shelled Parasite and Fungi","floor":30,"turns":5},{"damage":66,"enemies":"Automaton","floor":33,"turns":8},{"damage":0,"enemies":"Orb Walker","floor":35,"turns":3},{"damage":8,"enemies":"3 Shapes","floor":36,"turns":4},{"damage":0,"enemies":"Spire Growth","floor":37,"turns":3},{"damage":36,"enemies":"Transient","floor":39,"turns":5},{"damage":33,"enemies":"Nemesis","floor":41,"turns":5},{"damage":20,"enemies":"Sphere and 2 Shapes","floor":42,"turns":4},{"damage":19,"enemies":"3 Darklings","floor":44,"turns":4},{"damage":73,"enemies":"4 Shapes","floor":45,"turns":5},{"damage":3,"enemies":"Time Eater","floor":50,"turns":12}],"seed_played":"-1610072697781258368","potions_obtained":[{"floor":11,"key":"GamblersBrew"},{"floor":13,"key":"blueLaboratory:BottledHope"},{"floor":18,"key":"blueLaboratory:BubblePotion"},{"floor":24,"key":"blueLaboratory:FruitPreserves"},{"floor":28,"key":"blueLaboratory:BottledHope"},{"floor":30,"key":"Venom Potion"},{"floor":33,"key":"blueLaboratory:BottleOfVodka"},{"floor":36,"key":"Regen Potion"},{"floor":37,"key":"sneckomod:MuddlingPotion"},{"floor":41,"key":"blueLaboratory:LouseDecoction"},{"floor":44,"key":"SneckoOil"}],"is_trial":false,"path_per_floor":["M","?","$","?","M","E","?","R","T","R","M","$","E","?","R","B",null,"M","M","?","?","M","R","E","M","T","E","M","R","M","T","R","B",null,"M","M","M","T","M","R","E","M","T","M","M","?","?","?","R","B",null],"character_chosen":"IRONCLAD","items_purchased":["infinitespire:Beetle Shell","Dota2Spire:EchoSabre","Sword Boomerang+1","infinitespire:Lucky Rock"],"campfire_rested":0,"item_purchase_floors":[3,3,3,12],"current_hp_per_floor":[77,77,77,70,73,43,43,43,43,43,48,48,30,30,30,29,65,69,75,69,69,57,57,50,33,33,44,53,53,64,64,64,10,60,66,70,76,76,64,64,40,31,31,71,7,26,26,26,26,77],"gold":720,"neow_bonus":"ONE_RARE_RELIC","is_daily":false,"chose_seed":false,"campfire_upgraded":5,"win_rate":0.0,"timestamp":1609185346,"path_taken":["M","?","$","?","M","E","?","R","T","R","?","?","E","?","R","BOSS","M","?","?","?","M","R","E","M","T","E","M","R","M","?","R","BOSS","M","M","M","?","M","R","E","M","T","M","M","?","?","?","R","BOSS"],"items_purchased_type":["Relic","Relic","Card","Relic"],"build_version":"2020-12-22","purchased_purges":1,"victory":true,"max_hp_per_floor":[77,77,77,77,77,77,77,77,77,77,77,77,77,77,77,77,77,77,77,77,77,77,77,77,77,77,77,77,77,77,77,77,77,77,77,77,77,77,77,77,77,77,77,77,77,77,77,77,77,77],"card_choices":[{"not_picked":["Ghostly Armor","Clash"],"picked":"Iron Wave","floor":1},{"not_picked":["Body Slam","Dark Embrace"],"picked":"ReplayTheSpireMod:Muscle Training","floor":2},{"not_picked":["Bloodletting","hubris:ReadiedAction"],"picked":"Shrug It Off","floor":5},{"not_picked":["Rage","Run Through"],"picked":"Dual Wield","floor":6},{"not_picked":["Warcry","Sentinel","Clash"],"picked":"SKIP","floor":11},{"not_picked":["Exhume","Clothesline"],"picked":"Ghostly Armor","floor":13},{"not_picked":["Double Tap","Reaper"],"picked":"Demon Form","floor":16},{"not_picked":["Shockwave","Run Through"],"picked":"Iron Wave+1","floor":18},{"not_picked":["Havoc","Clash"],"picked":"ReplayTheSpireMod:Corrosion Curse","floor":19},{"not_picked":["Carnage","True Grit","Combust"],"picked":"SKIP","floor":22},{"not_picked":["Cleave","Armaments"],"picked":"Seeing Red","floor":24},{"not_picked":["Warcry","Iron Wave"],"picked":"Sword Boomerang+1","floor":25},{"not_picked":["Perfected Strike+1","Dropkick+1"],"picked":"Clash","floor":27},{"not_picked":["Wild Strike","Thunderclap+1"],"picked":"Flex","floor":28},{"not_picked":["Iron Wave","Thunderclap","True Grit"],"picked":"SKIP","floor":30},{"not_picked":["Feed","Bludgeon"],"picked":"Juggernaut","floor":33},{"not_picked":["Run Through","Cleave+1","Thunderclap"],"picked":"SKIP","floor":35},{"not_picked":["Perfected Strike+1","ReplayTheSpireMod:LeadingStrike+1","hubris:ReadiedAction+1"],"picked":"SKIP","floor":36},{"not_picked":["Burning Pact","Cleave"],"picked":"Replay:Undeath\u0027s Touch","floor":37},{"not_picked":["Iron Wave","Defy Death+1"],"picked":"Metallicize+1","floor":39},{"not_picked":["Blood for Blood","True Grit"],"picked":"Anger","floor":41},{"not_picked":["Eclipse","Headbutt"],"picked":"Replay:Undeath\u0027s Touch","floor":42},{"not_picked":["Carnage","Blood for Blood+1"],"picked":"Metallicize+1","floor":44},{"not_picked":["Thunderclap","Pommel Strike"],"picked":"Intimidate+1","floor":45},{"not_picked":["Dark Shackles","Replay:SS_fish_1"],"picked":"Replay:SS_hec_2","floor":47}],"player_experience":802157,"relics_obtained":[{"floor":6,"key":"Shovel"},{"floor":9,"key":"Mercury Hourglass"},{"floor":13,"key":"hubris:IronBody"},{"floor":15,"key":"Pondfish Scales"},{"floor":24,"key":"hubris:BottledRain"},{"floor":26,"key":"hubris:DuctTape"},{"floor":27,"key":"Dota2Spire:UrnOfShadows"},{"floor":31,"key":"Kunai"},{"floor":32,"key":"Nunchaku"},{"floor":38,"key":"infinitespire:BottledMercury"},{"floor":41,"key":"Dota2Spire:MaskOfMadness"},{"floor":43,"key":"ReplayTheSpireMod:TigerMarble"}],"event_choices":[{"cards_removed":["Strike_R"],"damage_healed":0,"gold_gain":0,"player_choice":"Card Removal","damage_taken":7,"max_hp_gain":0,"max_hp_loss":0,"event_name":"Golden Wing","floor":4,"gold_loss":0},{"damage_healed":0,"gold_gain":100,"player_choice":"Pray","damage_taken":0,"max_hp_gain":0,"max_hp_loss":0,"event_name":"Golden Shrine","floor":7,"gold_loss":0},{"damage_healed":0,"gold_gain":0,"player_choice":"Upgraded","damage_taken":0,"max_hp_gain":0,"max_hp_loss":0,"event_name":"Upgrade Shrine","floor":14,"gold_loss":0,"cards_upgraded":["Iron Wave"]},{"damage_healed":0,"gold_gain":0,"player_choice":"Joined the Cult","damage_taken":6,"max_hp_gain":0,"max_hp_loss":0,"event_name":"Nest","floor":20,"gold_loss":0,"cards_obtained":["RitualDagger"]},{"damage_healed":19,"gold_gain":0,"player_choice":"Writhe","damage_taken":0,"max_hp_gain":0,"max_hp_loss":0,"event_name":"Winding Halls","floor":46,"gold_loss":0,"cards_obtained":["Writhe"]},{"damage_healed":0,"gold_gain":0,"player_choice":"Memory 1","damage_taken":0,"max_hp_gain":0,"max_hp_loss":0,"event_name":"SensoryStone","floor":47,"gold_loss":0},{"damage_healed":0,"gold_gain":0,"player_choice":"Ignored","damage_taken":0,"max_hp_gain":0,"max_hp_loss":0,"event_name":"Tomb of Lord Red Mask","floor":48,"gold_loss":0}],"is_beta":false,"boss_relics":[{"not_picked":["hubris:BlackHole","Replay:Wanted Poster"],"picked":"hubris:RunicObelisk"},{"not_picked":["Snecko Eye","ReplayTheSpireMod:DimensionalGlitch"],"picked":"hubris:VirtuousBlindfold"}],"items_purged_floors":[12],"is_endless":false,"potions_floor_spawned":[11,13,18,24,28,30,33,36,37,41,44],"ascension_level":5}}