{"host":"nak33n7iw6yqkk3u","time":1609165094,"event":{"mods":["Act Like it!","BaseMod","Colored Map","Colored Powertips","DeckTracker","Downfall","Minty Spire (QoL Compilation)","Quick Restart","Rare Cards Sparkle","RumiaBox-露米娅的神秘盒子","Shop Mod","StSLib","Waifu the Spire","[IsaacMod]以撒尖塔","everything is the same but u backflip on backflip"],"gold_per_floor":[99,110,168,184,184,211,211,386,236,255,255,284,303,323,339,442,442,442,461,475,151,168,168,168,168,195,195,195,295,295,328,344,446,446,371,386,70,85,135,135,135,149,165,181,173,173,173,173,36,36,36,36,36,36,52,52],"floor_reached":51,"playtime":2112,"items_purged":[],"score":867,"play_id":"60493335-13d6-48f1-8c1b-c1ff4764f44f","local_time":"20201228221814","is_ascension_mode":true,"campfire_choices":[{"floor":1.0,"key":"RECALL"},{"data":"BloodyBrimstone","floor":9.0,"key":"SMITH"},{"data":"hexamod:GhostOfSpirePast","floor":11.0,"key":"SMITH"},{"data":"hexamod:TimeOfNeed","floor":18.0,"key":"SMITH"},{"data":"hexamod:WildfireWeapon","floor":23.0,"key":"SMITH"},{"data":"hexamod:Toasty","floor":25.0,"key":"SMITH"},{"data":"hexamod:ThermalTransfer","floor":28.0,"key":"SMITH"},{"data":"J.A.X.","floor":35.0,"key":"SMITH"},{"data":"hexamod:GhostflameBarrier","floor":35.0,"key":"SMITH"},{"floor":42,"key":"REST"},{"floor":44,"key":"REST"},{"data":"expansioncontent:DonusPower","floor":47,"key":"SMITH"}],"circlet_count":0,"master_deck":["hexamod:Strike","hexamod:Strike","hexamod:Defend","hexamod:Defend","hexamod:Sear","hexamod:Float","BloodyBrimstone+1","hexamod:GhostOfSpirePast+1","hexamod:ShieldOfDarkness","hexamod:BurningTouch","Doubt","hexamod:SwordOfDarkness","hexamod:WildfireWeapon+1","hexamod:BacktrackSmack","hexamod:ThermalTransfer+1","hexamod:InspiringFlames","hexamod:TimeOfNeed+1","hexamod:HauntingEcho+1","hexamod:SkipABeat+1","hexamod:NightmareGuise+1","hexamod:Toasty+1","BloodyBrimstone+1","hexamod:ShieldOfDarkness+1","hexamod:ThirdSeal","hexamod:AdvancingGuard","hexamod:SpectralAdrenaline","J.A.X.+1","hexamod:BurningTouch","hexamod:GhostflameBarrier+1","hexamod:BurningTouch","hexamod:ShieldOfDarkness","hexamod:FifthSeal","hexamod:Again+1","hexamod:GhostOfSpireFuture+1","hexamod:FastForward+1","hexamod:Firestarter+1","hexamod:Firestarter","hexamod:ThirdSeal","hexamod:SpectersWail","hexamod:SixthSeal","hexamod:CatchUp+1","hexamod:HauntingEcho+1","hexamod:SecondSeal","expansioncontent:FaceSlap","Guardian:Aged","hexamod:TimeWarp","expansioncontent:DonusPower+1","hexamod:RetreatToShadows+1","hexamod:FourthSeal"],"relics":["hexamod:SpiritBrand","HushsDoor","PillsDrop","UnicornStump","downfall:HeartBlessingBlue","downfall:HeartBlessingRed","Bronze Scales","Astrolabe","DollysMirror","TheBean","Bottled Flame","GodSword1","MutagenicStrength","downfall:RedIOU","hexamod:InflammatoryLetter","Busted Crown","downfall:HeartBlessingGreen","Chaos","Cursed Key","GuppysTail"],"acts_visited":["Exordium","TheCity","TheBeyond"],"potions_floor_usage":[50],"damage_taken":[{"damage":1.0,"enemies":"Jaw Worm","floor":2.0,"turns":5.0},{"damage":17.0,"enemies":"Gremlin Nob","floor":3.0,"turns":5.0},{"damage":7.0,"enemies":"2 Louse","floor":4.0,"turns":3.0},{"damage":0.0,"enemies":"3 Sentries","floor":6.0,"turns":5.0},{"damage":7.0,"enemies":"Small Slimes","floor":10.0,"turns":4.0},{"damage":8.0,"enemies":"HollowMod:MossKnight","floor":12.0,"turns":7.0},{"damage":0.0,"enemies":"Exordium Thugs","floor":13.0,"turns":1.0},{"damage":9.0,"enemies":"2 Fungi Beasts","floor":14.0,"turns":3.0},{"damage":2.0,"enemies":"Blue Slaver","floor":15.0,"turns":3.0},{"damage":3.0,"enemies":"downfall:Ironclad","floor":16.0,"turns":6.0},{"damage":0.0,"enemies":"Spheric Guardian","floor":19.0,"turns":3.0},{"damage":2.0,"enemies":"Shell Parasite","floor":20.0,"turns":3.0},{"damage":0.0,"enemies":"downfall:FleeingMerchant","floor":21.0,"turns":4.0},{"damage":0.0,"enemies":"Snecko","floor":22.0,"turns":3.0},{"damage":14.0,"enemies":"HollowMod:Nosk","floor":26.0,"turns":7.0},{"damage":16.0,"enemies":"downfall:Augmenter","floor":29.0,"turns":4.0},{"damage":12.0,"enemies":"Book of Stabbing","floor":31.0,"turns":5.0},{"damage":0.0,"enemies":"Centurion and Healer","floor":32.0,"turns":1.0},{"damage":16.0,"enemies":"downfall:Watcher","floor":33.0,"turns":4.0},{"damage":0.0,"enemies":"3 Darklings","floor":36.0,"turns":2.0},{"damage":3.0,"enemies":"downfall:FleeingMerchant","floor":37.0,"turns":4.0},{"damage":30.0,"enemies":"3 Shapes","floor":38.0,"turns":3.0},{"damage":0.0,"enemies":"Mind Bloom Boss Battle","floor":39.0,"turns":4.0},{"damage":5.0,"enemies":"Orb Walker","floor":36.0,"turns":3.0},{"damage":16.0,"enemies":"Spire Growth","floor":37.0,"turns":4.0},{"damage":0.0,"enemies":"4 Shapes","floor":38.0,"turns":1.0},{"damage":5,"enemies":"Maw","floor":49,"turns":6},{"damage":8,"enemies":"Donu and Deca","floor":50,"turns":4}],"seed_played":"451368599462212021","potions_obtained":[{"floor":2.0,"key":"Weak Potion"},{"floor":12.0,"key":"Weak Potion"},{"floor":13.0,"key":"BlessingOfTheForge"},{"floor":19.0,"key":"SpeedPotion"},{"floor":26.0,"key":"LiquidMemories"},{"floor":32.0,"key":"Energy Potion"},{"floor":33.0,"key":"Ancient Potion"},{"floor":38.0,"key":"CultistPotion"},{"floor":38.0,"key":"DuplicationPotion"}],"is_trial":false,"path_per_floor":["R","M","?","M","?","E","T","?","R","M","R","E","M","M","M","B",null,"R","M","M","$","M","R","T","R","E","?","R","?","?","E","M","B",null,"R","M","$","M","?","M","R","M","M","M","?","?","T","R","$","R","?","?","R","?","M","B",null],"character_chosen":"THE_SPIRIT","items_purchased":["DollysMirror","TheBean","Chaos","ForgetMeNow","ChaosCard","hexamod:TimeWarp"],"campfire_rested":2,"item_purchase_floors":[21,21,37,37,37,43],"current_hp_per_floor":[70,69,53,49,73,68,68,68,78,71,71,63,63,54,52,49,69,69,66,64,64,63,63,63,63,46,46,46,30,30,21,21,5,42,42,39,33,3,3,30,30,25,9,9,9,9,9,17,17,25,25,25,25,25,19,11],"gold":52,"neow_bonus":"THREE_CARDS","is_daily":false,"chose_seed":false,"campfire_upgraded":9,"win_rate":0.0,"timestamp":1609165094,"path_taken":["R","M","?","M","?","E","T","?","R","M","R","E","M","M","M","BOSS","R","M","M","$","M","R","T","R","E","?","R","?","?","E","M","BOSS","R","M","?","?","?","M","R","M","M","M","?","?","T","R","$","R","?","?","R","?","M","BOSS"],"items_purchased_type":["Relic","Relic","Card","Relic","Card","Card"],"build_version":"2020-12-22","purchased_purges":0,"victory":true,"max_hp_per_floor":[70,70,70,73,73,68,68,68,78,78,78,75,72,72,72,69,69,69,66,66,66,63,63,63,63,60,60,60,54,54,54,48,42,42,42,39,36,36,30,30,30,30,30,27,27,27,27,27,27,27,27,27,27,27,24,18],"card_choices":[{"not_picked":[],"picked":"BloodyBrimstone","floor":0.0},{"not_picked":["Bomb","hexamod:ShieldOfDarkness"],"picked":"hexamod:GhostOfSpirePast","floor":0.0},{"not_picked":["hexamod:NightmareStrike","hexamod:BurningTouch"],"picked":"hexamod:ShieldOfDarkness","floor":2.0},{"not_picked":["hexamod:SearingWound","hexamod:ThermalTransfer"],"picked":"Bomb","floor":3.0},{"not_picked":["hexamod:ExtraCrispy","hexamod:InspiringFlames"],"picked":"hexamod:BurningTouch","floor":4.0},{"not_picked":["hexamod:SpectralSpark","hexamod:RadiantFlame"],"picked":"hexamod:EtherealExpedition","floor":6.0},{"not_picked":["hexamod:ThermalTransfer","hexamod:SpectersWail"],"picked":"hexamod:SwordOfDarkness","floor":10.0},{"not_picked":["Bomb","hexamod:BurningTouch"],"picked":"hexamod:WildfireWeapon","floor":12.0},{"not_picked":["hexamod:SwordOfDarkness","hexamod:ThirdSeal"],"picked":"hexamod:BacktrackSmack","floor":13.0},{"not_picked":["hexamod:SoulSteal","hexamod:EmpoweredFlame"],"picked":"hexamod:ThermalTransfer","floor":14.0},{"not_picked":["hexamod:GhostLash","hexamod:HeatCrush"],"picked":"hexamod:InspiringFlames","floor":15.0},{"not_picked":["hexamod:VolcanoVisage","hexamod:EmpoweringStance"],"picked":"hexamod:TimeOfNeed","floor":16.0},{"not_picked":["hexamod:ThermalTransfer+1","hexamod:HauntingEcho"],"picked":"hexamod:Toasty","floor":19.0},{"not_picked":["hexamod:AdvancingGuard+1","hexamod:InspiringFlames","hexamod:NightmareStrike"],"picked":"SKIP","floor":20.0},{"not_picked":["hexamod:GhostLash","hexamod:HauntingEcho","hexamod:RainOfEmbers"],"picked":"SKIP","floor":21.0},{"not_picked":["hexamod:Hexaguard","hexamod:NightmareStrike"],"picked":"hexamod:ShieldOfDarkness+1","floor":22.0},{"not_picked":["hexamod:Haunt","hexamod:HeatMetal+1"],"picked":"hexamod:ThirdSeal","floor":26.0},{"not_picked":[],"picked":"J.A.X.","floor":29.0},{"not_picked":["hexamod:SoulSteal","hexamod:HeatCrush"],"picked":"hexamod:BurningTouch","floor":29.0},{"not_picked":["hexamod:Again+1","hexamod:RetreatToShadows"],"picked":"hexamod:GhostflameBarrier","floor":31.0},{"not_picked":["hexamod:NightmareStrike","hexamod:GhostOfSpirePresent"],"picked":"hexamod:BurningTouch","floor":31.0},{"not_picked":["hexamod:FourthSeal","hexamod:NightmareGuise"],"picked":"hexamod:ShieldOfDarkness","floor":32.0},{"not_picked":["hexamod:Toasty","hexamod:WildfireWeapon"],"picked":"hexamod:FifthSeal","floor":33.0},{"not_picked":[],"picked":"hexamod:Again+1","floor":36.0},{"not_picked":[],"picked":"hexamod:GhostOfSpireFuture+1","floor":37.0},{"not_picked":[],"picked":"hexamod:FastForward+1","floor":38.0},{"not_picked":[],"picked":"hexamod:Firestarter+1","floor":39.0},{"not_picked":[],"picked":"hexamod:Firestarter","floor":39.0},{"not_picked":[],"picked":"hexamod:ThirdSeal","floor":36.0},{"not_picked":["hexamod:SpectralSpark+1"],"picked":"SKIP","floor":36.0},{"not_picked":[],"picked":"hexamod:SpectersWail","floor":37.0},{"not_picked":[],"picked":"hexamod:SixthSeal","floor":37.0},{"not_picked":[],"picked":"hexamod:CatchUp+1","floor":37.0},{"not_picked":[],"picked":"hexamod:HauntingEcho+1","floor":38.0},{"not_picked":["hexamod:FirstSeal"],"picked":"SKIP","floor":38.0},{"not_picked":[],"picked":"expansioncontent:DonusPower","floor":46},{"not_picked":[],"picked":"hexamod:RetreatToShadows+1","floor":49},{"not_picked":[],"picked":"hexamod:FourthSeal","floor":49},{"not_picked":["hexamod:FourthSeal"],"picked":"SKIP","floor":49}],"player_experience":183659,"relics_obtained":[{"floor":3.0,"key":"UnicornStump"},{"floor":6.0,"key":"Mastiff:ReiMu"},{"floor":12.0,"key":"Bronze Scales"},{"floor":24.0,"key":"Bottled Flame"},{"floor":26.0,"key":"GodSword1"},{"floor":29.0,"key":"MutagenicStrength"},{"floor":31.0,"key":"hexamod:InflammatoryLetter"},{"floor":39.0,"key":"Cursed Key"},{"floor":41,"key":"GuppysTail"}],"event_choices":[{"damage_healed":24.0,"max_hp_gain":0.0,"max_hp_loss":0.0,"gold_gain":0.0,"event_name":"Big Fish","player_choice":"Banana","floor":5.0,"gold_loss":0.0,"damage_taken":0.0}],"is_beta":false,"boss_relics":[{"not_picked":["SacredBark","hexamod:IceCube"],"picked":"Astrolabe"},{"not_picked":[]},{"not_picked":["Coffee Dripper","Fusion Hammer"],"picked":"Busted Crown"},{"not_picked":[]}],"items_purged_floors":[],"is_endless":false,"potions_floor_spawned":[2,12,13,19,26,32,33,38,38],"ascension_level":2}}