{"host":"52ffv6k934cb8aj3","time":1609115943,"event":{"mods":["AchievementEnabler","BaseMod","Bestiary","Colored Map","Colored Powertips","DeckTracker","Highlight Path","Keyboard Shortcuts","Minty Spire (QoL Compilation)","Rare Cards Sparkle","Relic Sorter"],"gold_per_floor":[115,126,26,37,50,50,84,84,84,84,103,132,132,158,158,158,158],"floor_reached":16,"playtime":586,"items_purged":["Strike_B"],"score":138,"play_id":"33cc315c-e8d7-409e-83ca-dac2685012b2","local_time":"20201227183903","is_ascension_mode":true,"campfire_choices":[{"data":"Zap","floor":6,"key":"SMITH"},{"data":"Dualcast","floor":8,"key":"SMITH"},{"data":"Leap","floor":10,"key":"SMITH"},{"floor":15,"key":"REST"}],"circlet_count":0,"master_deck":["Strike_B","Strike_B","Strike_B","Defend_B","Defend_B","Defend_B","Defend_B","Zap+1","Dualcast+1","Cold Snap","Coolheaded","Leap+1","Chill","FTL","Beam Cell","Fission","Injury","Gash"],"relics":["Cracked Core","HornCleat","Peace Pipe","The Courier","Golden Idol","Odd Mushroom"],"acts_visited":["Exordium"],"potions_floor_usage":[14,14,16],"damage_taken":[{"damage":1,"enemies":"Cultist","floor":1,"turns":4},{"damage":5,"enemies":"Jaw Worm","floor":2,"turns":3},{"damage":3,"enemies":"2 Louse","floor":4,"turns":2},{"damage":0,"enemies":"Exordium Wildlife","floor":5,"turns":4},{"damage":29,"enemies":"Gremlin Nob","floor":7,"turns":5},{"damage":12,"enemies":"Lots of Slimes","floor":11,"turns":4},{"damage":4,"enemies":"Lagavulin","floor":12,"turns":9},{"damage":0,"enemies":"The Mushroom Lair","floor":14,"turns":4},{"damage":57,"enemies":"Hexaghost","floor":16,"turns":16}],"seed_played":"-4273712124045684216","potions_obtained":[{"floor":1,"key":"SkillPotion"},{"floor":5,"key":"BlessingOfTheForge"},{"floor":14,"key":"SteroidPotion"}],"is_trial":false,"path_per_floor":["M","M","$","M","M","R","E","R","T","R","M","E","?","?","R","B"],"character_chosen":"DEFECT","items_purchased":["Leap"],"campfire_rested":1,"item_purchase_floors":[3],"current_hp_per_floor":[81,76,76,73,73,73,44,44,44,44,32,28,28,28,52,0,0],"gold":158,"neow_bonus":"TEN_PERCENT_HP_BONUS","is_daily":false,"chose_seed":false,"campfire_upgraded":3,"win_rate":0.0,"timestamp":1609115943,"path_taken":["M","M","?","M","M","R","E","R","T","R","M","E","?","?","R","BOSS"],"items_purchased_type":["Card"],"build_version":"2020-12-22","purchased_purges":1,"victory":false,"max_hp_per_floor":[82,82,82,82,82,82,82,82,82,82,82,82,82,82,82,82,82],"card_choices":[{"not_picked":["Recycle","Reinforced Body"],"picked":"Cold Snap","floor":1},{"not_picked":["Redo","Cold Snap"],"picked":"Coolheaded","floor":2},{"not_picked":["Skim","Stack"],"picked":"Chill","floor":4},{"not_picked":["Stack","Consume"],"picked":"FTL","floor":5},{"not_picked":["Reinforced Body","Coolheaded","Leap"],"picked":"SKIP","floor":7},{"not_picked":["Steam","Darkness"],"picked":"Beam Cell","floor":11},{"not_picked":["Compile Driver","Force Field"],"picked":"Fission","floor":12},{"not_picked":["FTL","Sweeping Beam"],"picked":"Gash","floor":14}],"player_experience":597562,"relics_obtained":[{"floor":7,"key":"Peace Pipe"},{"floor":9,"key":"The Courier"},{"floor":12,"key":"HornCleat"},{"floor":14,"key":"Odd Mushroom"}],"event_choices":[{"damage_healed":0,"gold_gain":0,"player_choice":"Take Wound","damage_taken":0,"relics_obtained":["Golden Idol"],"max_hp_gain":0,"max_hp_loss":0,"event_name":"Golden Idol","floor":13,"gold_loss":0,"cards_obtained":["Injury"]},{"damage_healed":0,"gold_gain":0,"player_choice":"Fought Mushrooms","damage_taken":0,"max_hp_gain":0,"max_hp_loss":0,"event_name":"Mushrooms","floor":14,"gold_loss":0}],"is_beta":false,"boss_relics":[],"items_purged_floors":[3],"is_endless":false,"potions_floor_spawned":[1,5,14],"killed_by":"Hexaghost","ascension_level":5}}