{"host":"cjhtzh7tp54jdfyv","time":1609190256,"event":{"mods":["AchievementEnabler","BaseMod","Colored Map","Colored Powertips","Curses Come First","DeckTracker","Filter the Spire","Hermit","Minty Spire (QoL Compilation)","RNG Fix","Relic Sorter","Relic Stats","StSLib","The Cursed","The Disciple","The Marked","UnlockEverythingMod","Waifu the Spire","ojb\u0027s Better Paths Mod","ojb\u0027s Info Mod"],"gold_per_floor":[111,11,29,40,55,55,89,89,89,116,131,146,159,189,189,263,263,275,275,290,290,303,333,351,367,391,423,433,463,475,491,491,491,491],"floor_reached":33,"playtime":1633,"items_purged":[],"score":770,"play_id":"45dc8f50-e4cd-438f-ba14-75fedf24cf31","local_time":"20201228161736","is_ascension_mode":true,"campfire_choices":[{"data":"TheCursedMod:CursedMace","floor":6.0,"key":"SMITH"},{"data":"TheCursedMod:FleshFromBone","floor":15.0,"key":"SMITH"},{"data":"TheCursedMod:TacticalStrike","floor":32,"key":"SMITH"}],"circlet_count":0,"master_deck":["AscendersBane","TheCursedMod:Strike_TheCursed+1","TheCursedMod:Strike_TheCursed","TheCursedMod:Strike_TheCursed","TheCursedMod:Strike_TheCursed","TheCursedMod:Defend_TheCursed","TheCursedMod:Defend_TheCursed","TheCursedMod:Defend_TheCursed","TheCursedMod:Defend_TheCursed","TheCursedMod:CursedWand","TheCursedMod:CleanUpWorkshop","TheCursedMod:Dregs","TheCursedMod:FuryStrike","TheCursedMod:FuryStrike+1","TheCursedMod:VitalStrike","TheCursedMod:TacticalStrike+1","TheCursedMod:CursedMace+1","TheCursedMod:SurpriseAttack","TheCursedMod:TroublousMinions","TheCursedMod:SoulReap","TheCursedMod:FleshFromBone+1","TheCursedMod:SurpriseAttack","TheCursedMod:CursedShiv","TheCursedMod:SmokeScreen"],"relics":["Busted Crown","Whetstone","Bag of Marbles","PreservedInsect","Vajra","Black Star","MutagenicStrength","Meat on the Bone","Bag of Preparation","Omamori","Dream Catcher","Potion Belt","Pocketwatch","Blue Candle"],"acts_visited":["Exordium","TheCity"],"potions_floor_usage":[33,33,33,33],"damage_taken":[{"damage":6.0,"enemies":"Cultist","floor":1.0,"turns":4.0},{"damage":0.0,"enemies":"2 Louse","floor":3.0,"turns":2.0},{"damage":2.0,"enemies":"Jaw Worm","floor":4.0,"turns":3.0},{"damage":9.0,"enemies":"Lots of Slimes","floor":5.0,"turns":3.0},{"damage":7.0,"enemies":"Lagavulin","floor":7.0,"turns":5.0},{"damage":10.0,"enemies":"3 Sentries","floor":10.0,"turns":4.0},{"damage":0.0,"enemies":"Looter","floor":11.0,"turns":1.0},{"damage":1.0,"enemies":"Large Slime","floor":12.0,"turns":2.0},{"damage":0.0,"enemies":"Exordium Wildlife","floor":13.0,"turns":2.0},{"damage":0.0,"enemies":"Gremlin Nob","floor":14.0,"turns":2.0},{"damage":36.0,"enemies":"The Guardian","floor":16.0,"turns":12.0},{"damage":30.0,"enemies":"2 Thieves","floor":18.0,"turns":3.0},{"damage":3.0,"enemies":"Spheric Guardian","floor":20.0,"turns":3.0},{"damage":11.0,"enemies":"Snake Plant","floor":22.0,"turns":2.0},{"damage":0.0,"enemies":"Gremlin Leader","floor":23.0,"turns":2.0},{"damage":1,"enemies":"3 Cultists","floor":24,"turns":3},{"damage":22,"enemies":"Sentry and Sphere","floor":25,"turns":4},{"damage":11,"enemies":"Book of Stabbing","floor":27,"turns":2},{"damage":0,"enemies":"Centurion and Healer","floor":28,"turns":2},{"damage":3,"enemies":"Slavers","floor":29,"turns":3},{"damage":0,"enemies":"Shelled Parasite and Fungi","floor":30,"turns":3},{"damage":0,"enemies":"Snecko","floor":31,"turns":3},{"damage":87,"enemies":"Automaton","floor":33,"turns":6}],"seed_played":"-8171954751462089509","potions_obtained":[{"floor":3.0,"key":"Ancient Potion"},{"floor":4.0,"key":"LiquidBronze"},{"floor":7.0,"key":"Weak Potion"},{"floor":10.0,"key":"SteroidPotion"},{"floor":20.0,"key":"LiquidMemories"},{"floor":23.0,"key":"Weak Potion"},{"floor":27,"key":"GamblersBrew"},{"floor":28,"key":"DuplicationPotion"},{"floor":31,"key":"Block Potion"}],"is_trial":false,"path_per_floor":["M","$","M","M","M","R","E","?","T","E","M","M","M","E","R","B",null,"M","?","M","?","M","E","M","M","T","E","M","E","M","M","R","B"],"character_chosen":"THE_CURSED","items_purchased":["TheCursedMod:FuryStrike","TheCursedMod:VitalStrike"],"campfire_rested":0,"item_purchase_floors":[2,2],"current_hp_per_floor":[58,58,58,56,47,47,40,40,40,30,30,29,29,36,36,9,56,35,35,32,32,21,21,38,37,37,38,38,47,60,71,71,0,0],"gold":491,"neow_bonus":"BOSS_RELIC","is_daily":false,"chose_seed":false,"campfire_upgraded":3,"win_rate":0.0,"timestamp":1609190256,"path_taken":["M","$","M","M","M","R","E","?","T","E","M","M","M","E","R","BOSS","M","?","M","?","?","E","M","M","T","E","M","E","M","M","R","BOSS"],"items_purchased_type":["Card","Card"],"build_version":"2020-12-22","purchased_purges":0,"victory":false,"max_hp_per_floor":[71,71,71,71,71,71,71,71,71,71,71,71,71,71,71,71,71,71,71,71,71,71,71,71,71,71,71,71,71,71,71,71,71,71],"relic_stats":{"Dream Catcher":0,"Busted Crown":44,"counters":[23,76],"Blue Candle":[4],"PreservedInsect":152,"Black Star":3,"Bag of Preparation":[16],"Whetstone":["TheCursedMod:FuryStrike","TheCursedMod:Strike_TheCursed"],"obtain_stats":[{"Potion Belt":27,"TheCursedMod:BlackMagic101":0,"Blue Candle":29,"Vajra":14,"PreservedInsect":10,"Bag of Preparation":23,"Omamori":26,"Whetstone":7,"Dream Catcher":27,"Busted Crown":0,"MutagenicStrength":19,"Bag of Marbles":8,"Black Star":17,"Meat on the Bone":23,"Pocketwatch":29},{"Potion Belt":18,"TheCursedMod:BlackMagic101":0,"Blue Candle":20,"Vajra":10,"PreservedInsect":6,"Bag of Preparation":15,"Omamori":17,"Whetstone":5,"Dream Catcher":18,"Busted Crown":0,"MutagenicStrength":12,"Bag of Marbles":5,"Black Star":11,"Meat on the Bone":15,"Pocketwatch":20},{"Potion Belt":59,"TheCursedMod:BlackMagic101":0,"Blue Candle":64,"Vajra":28,"PreservedInsect":21,"Bag of Preparation":50,"Omamori":57,"Whetstone":17,"Dream Catcher":59,"Busted Crown":0,"MutagenicStrength":43,"Bag of Marbles":17,"Black Star":40,"Meat on the Bone":50,"Pocketwatch":64}],"Meat on the Bone":48,"Pocketwatch":[12]},"card_choices":[{"not_picked":[],"picked":"TheCursedMod:FuryStrike","floor":1.0},{"not_picked":[],"picked":"TheCursedMod:TacticalStrike","floor":3.0},{"not_picked":[],"picked":"TheCursedMod:CursedMace","floor":4.0},{"not_picked":[],"picked":"TheCursedMod:SurpriseAttack","floor":5.0},{"not_picked":["TheCursedMod:CircleOfCorruption"],"picked":"SKIP","floor":7.0},{"not_picked":["TheCursedMod:CircleOfCorruption"],"picked":"SKIP","floor":10.0},{"not_picked":[],"picked":"TheCursedMod:TroublousMinions","floor":11.0},{"not_picked":["TheCursedMod:EmpowerCircles"],"picked":"SKIP","floor":12.0},{"not_picked":[],"picked":"TheCursedMod:SoulReap","floor":13.0},{"not_picked":[],"picked":"TheCursedMod:FleshFromBone","floor":14.0},{"not_picked":["TheCursedMod:VitalStrike"],"picked":"SKIP","floor":18.0},{"not_picked":[],"picked":"TheCursedMod:SurpriseAttack","floor":20.0},{"not_picked":[],"picked":"TheCursedMod:CursedShiv","floor":22.0},{"not_picked":["TheCursedMod:CircleOfFlame"],"picked":"SKIP","floor":23.0},{"not_picked":["TheCursedMod:StingEye"],"picked":"SKIP","floor":24},{"not_picked":["TheCursedMod:Hemoplague+1"],"picked":"SKIP","floor":25},{"not_picked":["TheCursedMod:Stretching"],"picked":"SKIP","floor":27},{"not_picked":[],"picked":"TheCursedMod:SmokeScreen","floor":28},{"not_picked":["TheCursedMod:ReleasedKnowledge+1"],"picked":"SKIP","floor":29},{"not_picked":["TheCursedMod:ShockAndAwe"],"picked":"SKIP","floor":30},{"not_picked":["TheCursedMod:CircleOfFocus"],"picked":"SKIP","floor":31}],"player_experience":4481390,"relics_obtained":[{"floor":7.0,"key":"Whetstone"},{"floor":10.0,"key":"PreservedInsect"},{"floor":14.0,"key":"Vajra"},{"floor":23.0,"key":"Meat on the Bone"},{"floor":23.0,"key":"Bag of Preparation"},{"floor":26,"key":"Omamori"},{"floor":27,"key":"Dream Catcher"},{"floor":27,"key":"Potion Belt"},{"floor":29,"key":"Pocketwatch"},{"floor":29,"key":"Blue Candle"}],"event_choices":[{"damage_healed":0.0,"max_hp_gain":0.0,"max_hp_loss":0.0,"gold_gain":0.0,"event_name":"Big Fish","player_choice":"Box","floor":8.0,"gold_loss":0.0,"damage_taken":0.0,"relics_obtained":["Bag of Marbles"],"cards_obtained":["Regret"]},{"damage_healed":0.0,"max_hp_gain":0.0,"max_hp_loss":0.0,"gold_gain":0.0,"event_name":"Drug Dealer","player_choice":"Inject Mutagens","floor":19.0,"gold_loss":0.0,"damage_taken":0.0,"relics_obtained":["MutagenicStrength"]},{"cards_removed":["Regret"],"damage_healed":0.0,"max_hp_gain":0.0,"max_hp_loss":0.0,"gold_gain":0.0,"event_name":"Purifier","player_choice":"Purged","floor":21.0,"gold_loss":0.0,"damage_taken":0.0}],"is_beta":false,"boss_relics":[{"not_picked":["Philosopher\u0027s Stone","SacredBark"],"picked":"Black Star"}],"items_purged_floors":[],"is_endless":false,"potions_floor_spawned":[3,4,7,10,11,20,23,27,28,31],"killed_by":"Automaton","ascension_level":20}}