{"host":"873t0y8ybyo38pfq","time":1609121103,"event":{"mods":["BaseMod","Bestiary","Colored Map","Colored Powertips","Highlight Path","Minty Spire (QoL Compilation)","Quick Restart","RNG Fix","Rare Cards Sparkle","Relic Stats","StSLib"],"gold_per_floor":[110,53,53,72,83,83,112,112,112,67,95,20,351,364,364,441,441,441,441,42,42,42,42,42,42,42,42,42,42],"floor_reached":28,"playtime":1125,"items_purged":["Strike_G","Decay"],"score":468,"play_id":"54bf0e03-5c20-4564-b944-f90d4108eaca","local_time":"20201227210503","is_ascension_mode":true,"campfire_choices":[{"data":"Bouncing Flask","floor":6.0,"key":"SMITH"},{"data":"Crippling Poison","floor":8.0,"key":"SMITH"},{"floor":15.0,"key":"REST"},{"data":"Catalyst","floor":23.0,"key":"SMITH"},{"data":"Night Terror","floor":25.0,"key":"SMITH"}],"circlet_count":0,"master_deck":["AscendersBane","Strike_G","Strike_G","Strike_G","Defend_G","Defend_G","Defend_G","Defend_G","Defend_G","Survivor","Neutralize","PiercingWail","Bouncing Flask+1","Crippling Poison+1","Caltrops","Acrobatics","Catalyst+1","Outmaneuver","Deflect","Acrobatics","Night Terror+1","Thinking Ahead","Predator","Necronomicurse"],"relics":["Ring of the Snake","NeowsBlessing","Centennial Puzzle","Frozen Egg 2","Ancient Tea Set","Old Coin","Ectoplasm","Membership Card","Toy Ornithopter","Necronomicon"],"acts_visited":["Exordium","TheCity"],"potions_floor_usage":[28,28],"damage_taken":[{"damage":0.0,"enemies":"Jaw Worm","floor":1.0,"turns":1.0},{"damage":0.0,"enemies":"Small Slimes","floor":4.0,"turns":1.0},{"damage":0.0,"enemies":"2 Louse","floor":5.0,"turns":1.0},{"damage":10.0,"enemies":"Lagavulin","floor":7.0,"turns":5.0},{"damage":30.0,"enemies":"Gremlin Nob","floor":11.0,"turns":4.0},{"damage":11.0,"enemies":"3 Sentries","floor":13.0,"turns":7.0},{"damage":2.0,"enemies":"Exordium Wildlife","floor":14.0,"turns":4.0},{"damage":11.0,"enemies":"Hexaghost","floor":16.0,"turns":8.0},{"damage":27.0,"enemies":"Chosen","floor":18.0,"turns":5.0},{"damage":7.0,"enemies":"Shell Parasite","floor":21.0,"turns":4.0},{"damage":7.0,"enemies":"Snake Plant","floor":22.0,"turns":4.0},{"damage":29,"enemies":"Slavers","floor":28,"turns":1}],"seed_played":"-8053234687437599628","potions_obtained":[{"floor":1.0,"key":"Poison Potion"},{"floor":16.0,"key":"EntropicBrew"},{"floor":18.0,"key":"CunningPotion"},{"floor":22.0,"key":"Regen Potion"}],"is_trial":false,"path_per_floor":["M","$","?","M","M","R","E","R","T","$","E","$","E","M","R","B",null,"M","?","$","M","M","R","?","R","T","?","E"],"character_chosen":"THE_SILENT","items_purchased":["Fire Potion","Catalyst","Membership Card","Toy Ornithopter","Thinking Ahead"],"campfire_rested":1,"item_purchase_floors":[2,10,20,20,20],"current_hp_per_floor":[59,59,59,59,59,59,49,49,49,49,19,19,8,6,25,14,53,26,26,26,24,17,17,30,30,30,9,0,0],"gold":42,"neow_bonus":"THREE_ENEMY_KILL","is_daily":false,"chose_seed":false,"campfire_upgraded":4,"win_rate":0.0,"timestamp":1609121103,"path_taken":["M","$","?","?","M","R","E","R","T","$","E","$","E","M","R","BOSS","M","?","$","?","M","R","?","R","T","?","E"],"items_purchased_type":["Potion","Card","Relic","Relic","Card"],"build_version":"2020-12-22","purchased_purges":2,"victory":false,"max_hp_per_floor":[66,66,66,66,66,66,66,66,66,66,66,66,66,66,66,66,66,66,66,66,66,66,66,66,66,66,66,66,66],"relic_stats":{"Centennial Puzzle":[24],"counters":[12,45],"Ectoplasm":94,"Necronomicon":[0],"obtain_stats":[{"Centennial Puzzle":7,"NeowsBlessing":0,"Ectoplasm":17,"Necronomicon":27,"Membership Card":20,"Frozen Egg 2":9,"Ancient Tea Set":11,"Toy Ornithopter":20,"Ring of the Snake":0,"Old Coin":13},{"Centennial Puzzle":4,"NeowsBlessing":0,"Ectoplasm":8,"Necronomicon":11,"Membership Card":9,"Frozen Egg 2":4,"Ancient Tea Set":5,"Toy Ornithopter":9,"Ring of the Snake":0,"Old Coin":6},{"Centennial Puzzle":8,"NeowsBlessing":0,"Ectoplasm":31,"Necronomicon":44,"Membership Card":36,"Frozen Egg 2":8,"Ancient Tea Set":12,"Toy Ornithopter":36,"Ring of the Snake":0,"Old Coin":19}],"Toy Ornithopter":15,"Ring of the Snake":[24]},"card_choices":[{"not_picked":["Flechettes","Poisoned Stab"],"picked":"PiercingWail","floor":1.0},{"not_picked":["Sucker Punch","Expertise"],"picked":"Crippling Poison","floor":4.0},{"not_picked":["Underhanded Strike","Expertise"],"picked":"Caltrops","floor":5.0},{"not_picked":["Dash","Choke"],"picked":"Acrobatics","floor":7.0},{"not_picked":["Sucker Punch","Backstab"],"picked":"Outmaneuver","floor":11.0},{"not_picked":["Flying Knee","Eviscerate"],"picked":"Deflect","floor":13.0},{"not_picked":["Glass Knife","Infinite Blades+1"],"picked":"Acrobatics","floor":14.0},{"not_picked":["Glass Knife","Envenom+1"],"picked":"Night Terror","floor":16.0},{"not_picked":["Quick Slash","Blade Dance","Expertise"],"picked":"SKIP","floor":18.0},{"not_picked":["Dagger Spray","Deadly Poison"],"picked":"Predator","floor":21.0},{"not_picked":["Cloak And Dagger","Flying Knee","Finisher"],"picked":"SKIP","floor":22.0}],"player_experience":1371049,"relics_obtained":[{"floor":7.0,"key":"Centennial Puzzle"},{"floor":9.0,"key":"Frozen Egg 2"},{"floor":11.0,"key":"Ancient Tea Set"},{"floor":13.0,"key":"Old Coin"},{"floor":27,"key":"Necronomicon"}],"event_choices":[{"damage_healed":0.0,"max_hp_gain":0.0,"max_hp_loss":0.0,"gold_gain":0.0,"cards_transformed":["Strike_G"],"event_name":"Living Wall","player_choice":"Change","floor":3.0,"gold_loss":0.0,"damage_taken":0.0,"cards_obtained":["Bouncing Flask"]},{"damage_healed":0.0,"max_hp_gain":0.0,"max_hp_loss":0.0,"gold_gain":0.0,"event_name":"Forgotten Altar","player_choice":"Smashed Altar","floor":19.0,"gold_loss":0.0,"damage_taken":0.0,"cards_obtained":["Decay"]},{"damage_healed":13.0,"max_hp_gain":0.0,"max_hp_loss":0.0,"gold_gain":0.0,"event_name":"The Library","player_choice":"Heal","floor":24.0,"gold_loss":0.0,"damage_taken":0.0},{"damage_healed":0,"gold_gain":0,"player_choice":"Obtained Book","damage_taken":21,"max_hp_gain":0,"max_hp_loss":0,"event_name":"Cursed Tome","floor":27,"gold_loss":0}],"is_beta":false,"boss_relics":[{"not_picked":["Tiny House","Ring of the Serpent"],"picked":"Ectoplasm"}],"items_purged_floors":[12,20],"is_endless":false,"potions_floor_spawned":[1,16,18,22],"killed_by":"Slavers","ascension_level":20}}