{"host":"tyfpg4h531zkrrpn","time":1609191780,"event":{"mods":["Act Like it!","Arknights The Spire","BaseMod","CapriCore","Card Filter","Colored Map","Minty Spire (QoL Compilation)","MostiFishMod","Permanent Neow","Quick Restart","Relic Filter","StSLib","Waifu the Spire"],"gold_per_floor":[119,194,6,24,24,49,63,88,111,145,164,164,190,210,210,313,313,332,247,258,258,63,95,106,205,231,32,32,58,58,58,58,155,155,173,185,185,185,70,97,97,131,158,169,182,198,22,22,22,22,22,22,22,55,55],"floor_reached":56,"playtime":5150,"items_purged":["ats:Strike C+1"],"score":1446,"play_id":"96badf7f-cc67-4774-a551-a20aadd48b66","local_time":"20201228134300","is_ascension_mode":false,"campfire_choices":[{"data":"ats:Disruption Kick","floor":15,"key":"SMITH"},{"data":"ats:Thorns","floor":28,"key":"SMITH"},{"floor":30,"key":"RECALL"},{"data":"ats:Defend Order","floor":32,"key":"SMITH"},{"data":"ats:Echo Reverb","floor":41,"key":"SMITH"},{"data":"ats:Burning Ground","floor":49,"key":"SMITH"},{"data":"MostiFishMod:ButterFly","floor":52,"key":"SMITH"}],"circlet_count":0,"master_deck":["ats:Strike S+1","ats:Strike V+1","ats:Armor Crushing Shot+1","ats:Defend+1","ats:Defend+1","ats:Defend+1","ats:Defend+1","ats:Emotion Absorption+1","ats:Red Shift+1","ats:Mental Burst+1","ats:Apocalypse+1","ats:Disruption Kick+1","ats:Ignite+1","ats:Volcano+1","ats:Soul Absorption+1","ats:Calcification+1","ats:Flame Of Heaven+1","ats:Composite Medical Shells+1","ats:Thorns+1","MostiFishMod:ButterFly","ats:Echo Reverb+1","ats:Burning Ground+1","ats:Encircling Forest+1","ats:Part Time Job+1","MostiFishMod:ButterFly+1","ats:Disruption Kick"],"relics":["ats:Sanity","DaveBox","DianPoetry","SynthV:TestCard","Membership Card","War Paint","ats:Originium","ImprovedEquipment","ats:Originium","Juzu Bracelet","PreservedInsect","ats:Originium","ats:Lavender","ats:Emergency Defibrillator","ats:Omniscience","ats:Industrial Water Cannon","Oddly Smooth Stone","ats:Cure","Bronze Scales","Bag of Marbles","Bag of Preparation","Letter Opener","ats:Hidden Killer","FeatherPendant","Happy Flower","Smiling Mask","ats:Ability Aura","ats:Spiritual Recovery","Potion Belt","Turnip"],"acts_visited":["Exordium","TheCity","TheBeyond","TheEnding"],"potions_floor_usage":[55],"damage_taken":[{"damage":1,"enemies":"Jaw Worm","floor":1,"turns":2},{"damage":7,"enemies":"2 Louse","floor":4,"turns":2},{"damage":13,"enemies":"Lagavulin","floor":6,"turns":5},{"damage":1,"enemies":"Cultist","floor":7,"turns":3},{"damage":28,"enemies":"Gremlin Nob","floor":8,"turns":4},{"damage":11,"enemies":"3 Sentries","floor":10,"turns":6},{"damage":4,"enemies":"3 Louse","floor":11,"turns":4},{"damage":14,"enemies":"Gremlin Nob","floor":13,"turns":4},{"damage":0,"enemies":"2 Fungi Beasts","floor":14,"turns":3},{"damage":2,"enemies":"Slime Boss","floor":16,"turns":6},{"damage":0,"enemies":"Shell Parasite","floor":18,"turns":4},{"damage":0,"enemies":"Chosen","floor":20,"turns":5},{"damage":0,"enemies":"Gremlin Leader","floor":23,"turns":6},{"damage":0,"enemies":"3 Cultists","floor":24,"turns":5},{"damage":0,"enemies":"Book of Stabbing","floor":29,"turns":4},{"damage":0,"enemies":"Champ","floor":33,"turns":10},{"damage":0,"enemies":"3 Darklings","floor":35,"turns":2},{"damage":0,"enemies":"3 Shapes","floor":36,"turns":5},{"damage":0,"enemies":"Reptomancer","floor":40,"turns":2},{"damage":0,"enemies":"Giant Head","floor":42,"turns":4},{"damage":0,"enemies":"Spire Growth","floor":44,"turns":1},{"damage":0,"enemies":"3 Darklings","floor":45,"turns":3},{"damage":0,"enemies":"4 Shapes","floor":46,"turns":3},{"damage":7,"enemies":"Awakened One","floor":50,"turns":5},{"damage":0,"enemies":"Shield and Spear","floor":54,"turns":3},{"damage":52,"enemies":"The Heart","floor":55,"turns":5}],"seed_played":"-7846526937365683203","potions_obtained":[{"floor":4,"key":"Energy Potion"},{"floor":6,"key":"SmokeBomb"},{"floor":11,"key":"FearPotion"},{"floor":13,"key":"Explosive Potion"}],"is_trial":false,"path_per_floor":["M","?","$","M","?","E","M","E","T","E","M","T","E","M","R","B",null,"M","?","M","?","$","E","M","?","T","$","R","E","R","?","R","B",null,"M","M","?","?","$","E","R","E","T","M","M","M","$","?","R","B",null,"R","$","E","B",null],"character_chosen":"DOCTOR_CLASS","items_purchased":["Membership Card","ats:Mental Burst","ats:Flame Of Heaven","Oddly Smooth Stone","ats:Cure","Bag of Preparation","Letter Opener","Happy Flower","MostiFishMod:ButterFly","Potion Belt","Energy Potion","ats:Emergency Sanity Potion"],"campfire_rested":0,"item_purchase_floors":[3,3,22,22,22,27,27,39,47,47,47,47],"current_hp_per_floor":[71,60,60,53,41,40,43,23,23,28,35,35,24,31,31,43,72,72,72,72,72,72,72,72,72,72,72,72,72,72,72,72,72,72,72,72,72,72,72,72,72,72,72,72,72,72,72,68,68,61,68,68,68,68,68],"gold":55,"neow_bonus":"THREE_CARDS","is_daily":false,"chose_seed":false,"campfire_upgraded":6,"win_rate":0.0,"timestamp":1609191780,"path_taken":["M","?","$","M","?","E","M","E","T","E","M","?","E","M","R","BOSS","M","?","M","?","$","E","M","?","T","?","R","E","R","?","R","BOSS","M","M","?","?","?","E","R","E","T","M","M","M","$","?","R","BOSS","R","$","E","BOSS"],"items_purchased_type":["Relic","Card","Card","Relic","Relic","Relic","Relic","Relic","Card","Relic","Potion","Potion"],"build_version":"2020-12-22","purchased_purges":1,"victory":true,"max_hp_per_floor":[72,72,72,72,72,72,72,72,72,72,72,72,72,72,72,72,72,72,72,72,72,72,72,72,72,72,72,72,72,72,72,72,72,72,72,72,72,72,72,72,72,72,72,72,72,72,72,68,68,68,68,68,68,68,68],"card_choices":[{"not_picked":["ats:Leaping Hammer","ats:Apocalypse"],"picked":"ats:Red Shift","floor":0},{"not_picked":["ats:Shell Defense","ats:Hammer On","ats:Leaping Hammer"],"picked":"SKIP","floor":1},{"not_picked":["ats:Hammer On","ats:Powerful Strike","ats:Shadow Assault","ats:Counter Healing Mode"],"picked":"ats:Apocalypse","floor":4},{"not_picked":["ats:Explosion Area Strengthen","ats:Leaping Hammer","ats:Powerful Strike","ats:Rapid Magazine","ats:Spore Proliferation"],"picked":"SKIP","floor":6},{"not_picked":["ats:Charging Defense","ats:Magnetic Hammer","ats:Very Hot Blade","ats:Hammer On"],"picked":"ats:Disruption Kick","floor":7},{"not_picked":["ats:Apocalypse","ats:Healing Drone","ats:Part Time Job","ats:Powerful Strike"],"picked":"ats:Defend Order","floor":8},{"not_picked":["ats:Poison Spread","ats:Spore Proliferation","ats:Directed Diagnosis","ats:Ignite","ats:Revitalization"],"picked":"SKIP","floor":10},{"not_picked":["ats:Defend Order","ats:Demon Strength","ats:Flexible Camouflage","ats:Healing Strengthening","ats:LN2 Cannon"],"picked":"SKIP","floor":11},{"not_picked":["ats:Sunburst","ats:Explosion Area Strengthen","ats:Collapsing Strike","ats:Poison Spread"],"picked":"ats:Ignite","floor":13},{"not_picked":["ats:Durian","ats:Directed Diagnosis","ats:Flexible Camouflage","ats:Apocalypse","ats:Cat Scratch"],"picked":"SKIP","floor":14},{"not_picked":["ats:Calcification","ats:Rat Pack","ats:Dogmatic Field","ats:Soul Rend"],"picked":"ats:Volcano","floor":16},{"not_picked":["ats:Assault Order","ats:Shell Defense","ats:Ignite","ats:Soul Absorption","ats:Explosion Area Strengthen"],"picked":"SKIP","floor":18},{"not_picked":["ats:Counter Healing Mode","ats:Curse Doll","ats:Flexible Camouflage+1","ats:Hammer On"],"picked":"ats:Soul Absorption+1","floor":20},{"not_picked":["ats:Defend Order","ats:Consecutive Shot Auto","ats:Thermite Blade","ats:Counter Healing Mode+1"],"picked":"ats:Composite Medical Shells+1","floor":23},{"not_picked":["ats:Hammer On","ats:Leaping Hammer","ats:Soul Rend","ats:Cat Scratch"],"picked":"ats:Thorns","floor":24},{"not_picked":["ats:Steam Pump","ats:Curse Doll","ats:Cat Scratch","ats:Hook Shot","ats:Childhood Dance+1"],"picked":"SKIP","floor":29},{"not_picked":["ats:Assault Order","ats:Demon Strength","ats:Automatic Cover+1","ats:Curse Doll+1","ats:Explosion Area Strengthen"],"picked":"SKIP","floor":35},{"not_picked":["ats:Childhood Dance+1","ats:Ignite+1","ats:Curse Doll","ats:Assault Order+1","ats:Demon Strength+1"],"picked":"SKIP","floor":36},{"not_picked":["MostiFishMod:SupremeArchaeology","Madness","Chrysalis","Bandage Up"],"picked":"MostiFishMod:ButterFly","floor":38},{"not_picked":["ats:Poison Spread+1","ats:Hammer On+1","ats:Assault Order","ats:Part Time Job"],"picked":"ats:Echo Reverb","floor":40},{"not_picked":["ats:Shell Defense","ats:Song Of Battle","ats:Poison Spread","ats:Apocalypse+1"],"picked":"ats:Burning Ground","floor":42},{"not_picked":["ats:Overload","ats:Healing Strengthening","ats:Collapsing Strike","ats:Apocalypse+1"],"picked":"ats:Encircling Forest+1","floor":44},{"not_picked":["ats:Assault Order+1","ats:Leaping Hammer","ats:Magnetic Hammer+1","ats:Red Shift","ats:Soul Rend"],"picked":"SKIP","floor":45},{"not_picked":["ats:Powerful Strike","ats:Curse Doll+1","ats:Rapid Magazine+1","ats:Charging Defense"],"picked":"ats:Part Time Job+1","floor":46},{"not_picked":["ats:Flexible Camouflage","ats:Neurotoxin","ats:Ignite+1","ats:Automatic Cover+1"],"picked":"ats:Disruption Kick","floor":54}],"player_experience":553875,"relics_obtained":[{"floor":1,"key":"SynthV:TestCard"},{"floor":6,"key":"ats:Originium"},{"floor":6,"key":"ImprovedEquipment"},{"floor":8,"key":"ats:Originium"},{"floor":8,"key":"Juzu Bracelet"},{"floor":9,"key":"PreservedInsect"},{"floor":10,"key":"ats:Originium"},{"floor":10,"key":"ats:Lavender"},{"floor":13,"key":"ats:Emergency Defibrillator"},{"floor":23,"key":"Bronze Scales"},{"floor":26,"key":"Bag of Marbles"},{"floor":29,"key":"ats:Hidden Killer"},{"floor":40,"key":"Smiling Mask"},{"floor":42,"key":"ats:Ability Aura"},{"floor":43,"key":"ats:Spiritual Recovery"},{"floor":54,"key":"Turnip"}],"event_choices":[{"damage_healed":0,"gold_gain":75,"player_choice":"Gather Gold","damage_taken":11,"max_hp_gain":0,"max_hp_loss":0,"event_name":"World of Goop","floor":2,"gold_loss":0},{"damage_healed":0,"gold_gain":0,"player_choice":"Success","damage_taken":12,"relics_obtained":["War Paint"],"max_hp_gain":0,"max_hp_loss":0,"event_name":"Scrap Ooze","floor":5,"gold_loss":0},{"damage_healed":0,"gold_gain":0,"player_choice":"Obtained Relic","damage_taken":0,"relics_obtained":["ats:Industrial Water Cannon"],"max_hp_gain":0,"max_hp_loss":0,"event_name":"Addict","floor":19,"gold_loss":85},{"damage_healed":0,"gold_gain":0,"player_choice":"Read","damage_taken":0,"max_hp_gain":0,"max_hp_loss":0,"event_name":"The Library","floor":21,"gold_loss":0,"cards_obtained":["ats:Calcification"]},{"damage_healed":0,"gold_gain":99,"player_choice":"Stole From Cult","damage_taken":0,"max_hp_gain":0,"max_hp_loss":0,"event_name":"Nest","floor":25,"gold_loss":0},{"damage_healed":0,"gold_gain":0,"player_choice":"Ignored","damage_taken":0,"max_hp_gain":0,"max_hp_loss":0,"event_name":"The Mausoleum","floor":31,"gold_loss":0},{"cards_removed":["ats:Strike G"],"damage_healed":0,"gold_gain":0,"player_choice":"Removed Attack","damage_taken":0,"max_hp_gain":0,"max_hp_loss":0,"event_name":"Falling","floor":37,"gold_loss":0},{"damage_healed":0,"gold_gain":0,"player_choice":"Memory 1","damage_taken":0,"max_hp_gain":0,"max_hp_loss":0,"event_name":"SensoryStone","floor":38,"gold_loss":0},{"damage_healed":0,"gold_gain":0,"player_choice":"Max HP","damage_taken":0,"max_hp_gain":0,"max_hp_loss":4,"event_name":"Winding Halls","floor":48,"gold_loss":0}],"is_beta":false,"boss_relics":[{"not_picked":["MostiFishMod:Hod","TimeKeys"],"picked":"ats:Omniscience"},{"not_picked":["Busted Crown","NightmareShop"],"picked":"FeatherPendant"}],"items_purged_floors":[39],"is_endless":false,"potions_floor_spawned":[4,6,11,13,16,18,24,29,36,40,46],"ascension_level":0}}