{"host":"7nu0fnckee4tlfez","time":1609155486,"event":{"mods":["2.2 Compatiblity","AchievementEnabler","Astrologer","BaseMod","CapriCore","Colored Map","Downfall","Hermit","Lobotomy","Marisa£¨Ùöéë¡¡Øª×âÞÞ£©","Minty Spire (QoL Compilation)","Quick Restart","StSLib","SuperFastMode","The Cursed","The Hierophant","The Immortal"],"gold_per_floor":[99,99,99,99,133,133,133,144,69,102,119,119,137,156,166,271,271,271,289,309,309,324,409,409,509,509,536,148,85,105,105,117,221,221,146,160,160,186,186,216,292,217,49,81,99,113,129,139,153,153,153],"floor_reached":52,"playtime":2581,"items_purged":["Guardian:Defend_Guardian"],"score":849,"play_id":"70da189d-ed29-4e97-b349-98e5b6735553","local_time":"20201228203806","is_ascension_mode":false,"campfire_choices":[{"data":"Guardian:CurlUp","floor":1.0,"key":"SMITH"},{"floor":4.0,"key":"RECALL"},{"data":"Guardian:ChargeCore","floor":9.0,"key":"SMITH"},{"data":"Guardian:EvasiveProtocol","floor":18.0,"key":"SMITH"},{"data":"Guardian:ArmoredProtocol","floor":21.0,"key":"SMITH"},{"data":"Guardian:WeakpointTargeting","floor":35.0,"key":"SMITH"},{"data":"Guardian:EvasiveProtocol","floor":42.0,"key":"SMITH"}],"circlet_count":0,"master_deck":["Guardian:Strike_Guardian","Guardian:Strike_Guardian","Guardian:Defend_Guardian","Guardian:Defend_Guardian","Guardian:Defend_Guardian","Guardian:CurlUp+1","Guardian:TwinSlam","Guardian:ChargeCore+1","Guardian:PiercingHide","Guardian:Planning","Guardian:PrimingBeam+1","Guardian:EvasiveProtocol+1","Guardian:MultiBeam+1","Guardian:ChargeCore+1","Guardian:StasisField","Guardian:ArmoredProtocol+1","Guardian:TemporalStrike+1","Guardian:ExploitGems","Guardian:PrimingBeam+1","Guardian:WeakpointTargeting+1","Guardian:DonusPower+1","Guardian:WeakpointTargeting+1","Guardian:EvasiveProtocol+1","Guardian:BronzeArmor+1","Guardian:Clone","Guardian:ArmoredProtocol+1"],"relics":["Guardian:ModeShifter","downfall:HeartsMalice","Toy Ornithopter","Molten Egg 2","downfall:HeartBlessingRed","Torii","Regal Pillow","Coffee Dripper","Eternal Feather","Pear","Bronze Scales","Toolbox","Philosopher\u0027s Stone","downfall:HeartBlessingGreen","Pantograph","StoneCalendar","downfall:HeartBlessingBlue","Anchor","Mummified Hand"],"acts_visited":["Exordium","TheCity","TheBeyond"],"potions_floor_usage":[],"damage_taken":[{"damage":0.0,"enemies":"Lagavulin","floor":5.0,"turns":1.0},{"damage":0.0,"enemies":"Jaw Worm","floor":6.0,"turns":1.0},{"damage":2.0,"enemies":"2 Louse","floor":8.0,"turns":1.0},{"damage":10.0,"enemies":"3 Sentries","floor":10.0,"turns":10.0},{"damage":0.0,"enemies":"Small Slimes","floor":11.0,"turns":2.0},{"damage":0.0,"enemies":"Blue Slaver","floor":13.0,"turns":3.0},{"damage":7.0,"enemies":"Red Slaver","floor":14.0,"turns":5.0},{"damage":0.0,"enemies":"3 Louse","floor":15.0,"turns":3.0},{"damage":28.0,"enemies":"downfall:CharBossWatcher","floor":16.0,"turns":8.0},{"damage":2.0,"enemies":"Chosen","floor":19.0,"turns":3.0},{"damage":6.0,"enemies":"Snake Plant","floor":20.0,"turns":5.0},{"damage":2.0,"enemies":"Cultist and Chosen","floor":22.0,"turns":5.0},{"damage":0.0,"enemies":"3 Cultists","floor":26.0,"turns":1.0},{"damage":17.0,"enemies":"Gremlin Leader","floor":27.0,"turns":6.0},{"damage":0.0,"enemies":"downfall:FleeingMerchant","floor":28.0,"turns":4.0},{"damage":0.0,"enemies":"downfall:FleeingMerchant","floor":29.0,"turns":4.0},{"damage":0.0,"enemies":"Snake Plant","floor":30.0,"turns":3.0},{"damage":0.0,"enemies":"Sentry and Sphere","floor":32.0,"turns":3.0},{"damage":3.0,"enemies":"downfall:CharBossIronclad","floor":33.0,"turns":7.0},{"damage":0.0,"enemies":"Orb Walker","floor":36.0,"turns":3.0},{"damage":0.0,"enemies":"Giant Head","floor":38.0,"turns":8.0},{"damage":15.0,"enemies":"Nemesis","floor":40.0,"turns":5.0},{"damage":0.0,"enemies":"downfall:FleeingMerchant","floor":43.0,"turns":4.0},{"damage":11.0,"enemies":"Reptomancer","floor":44.0,"turns":5.0},{"damage":1.0,"enemies":"3 Darklings","floor":45.0,"turns":5.0},{"damage":8.0,"enemies":"Spire Growth","floor":46.0,"turns":4.0},{"damage":1.0,"enemies":"Maw","floor":47.0,"turns":7.0},{"damage":7.0,"enemies":"Jaw Worm Horde","floor":48.0,"turns":4.0},{"damage":0.0,"enemies":"3 Darklings","floor":49.0,"turns":2.0},{"damage":30,"enemies":"downfall:CharBossSilent","floor":50,"turns":9}],"seed_played":"8608577475601245596","potions_obtained":[{"floor":11.0,"key":"Dexterity Potion"},{"floor":13.0,"key":"hexamod:EctoCoolerPotion"},{"floor":16.0,"key":"SmokeBomb"},{"floor":19.0,"key":"FearPotion"},{"floor":30.0,"key":"EssenceOfSteel"},{"floor":31.0,"key":"CultistPotion"},{"floor":33.0,"key":"GamblersBrew"},{"floor":40.0,"key":"Dexterity Potion"},{"floor":47.0,"key":"Fire Potion"}],"is_trial":false,"path_per_floor":["R","?","?","R","E","M","T","M","R","E","M","?","M","M","M","B",null,"R","M","M","R","M","?","T","?","M","E","$","$","M","?","M","B",null,"R","M","?","E","?","E","T","R","$","E","M","M","M","M","M","B",null,null],"character_chosen":"GUARDIAN","items_purchased":["Bronze Scales","Toolbox","Guardian:Gem_Red","Anchor"],"campfire_rested":0,"item_purchase_floors":[28,28,29,43],"current_hp_per_floor":[80,80,80,80,80,80,80,78,78,68,68,61,61,54,54,26,80,80,78,72,72,70,54,54,54,59,52,52,52,52,52,52,59,90,90,90,90,90,90,75,75,97,97,86,85,77,76,69,69,64,64],"gold":153,"neow_bonus":"THREE_ENEMY_KILL","is_daily":false,"chose_seed":false,"campfire_upgraded":6,"win_rate":0.0,"timestamp":1609155486,"path_taken":["R","?","?","R","E","M","T","M","R","E","M","?","M","M","M","BOSS","R","M","M","R","M","?","T","?","?","E","?","$","M","?","M","BOSS","R","M","?","E","?","E","T","R","$","E","?","M","M","?","M","BOSS"],"items_purchased_type":["Relic","Relic","Card","Relic"],"build_version":"2020-12-22","purchased_purges":1,"victory":true,"max_hp_per_floor":[80,80,80,80,80,80,80,80,80,80,80,80,80,80,80,80,80,80,80,80,80,80,80,80,80,80,90,90,90,90,90,90,90,90,90,90,90,90,90,90,90,100,100,100,100,100,100,100,100,100,100],"card_choices":[{"not_picked":["Guardian:RefractedBeam","Guardian:PolyBeam"],"picked":"Guardian:ChargeCore","floor":5.0},{"not_picked":["Guardian:Gem_Red","Guardian:Gem_Cyan"],"picked":"Guardian:PiercingHide","floor":6.0},{"not_picked":["Guardian:PrimingBeam+1","Guardian:ChargeUp"],"picked":"Guardian:Planning","floor":8.0},{"not_picked":["Guardian:RefractedBeam+1","Guardian:ConstructionForm"],"picked":"Guardian:PrimingBeam+1","floor":10.0},{"not_picked":["Guardian:TemporalShield","Guardian:Gem_Cyan"],"picked":"Guardian:Gem_Green","floor":11.0},{"not_picked":["Guardian:ShieldSpikes","Guardian:Suspension"],"picked":"Guardian:EvasiveProtocol","floor":13.0},{"not_picked":["Guardian:WalkerClaw+1","Guardian:Incinerate+1"],"picked":"Guardian:MultiBeam+1","floor":14.0},{"not_picked":["Guardian:Gem_Crimson","Guardian:Incinerate+1"],"picked":"Guardian:ChargeCore+1","floor":15.0},{"not_picked":["Guardian:FastForward","Guardian:SphericShield"],"picked":"Guardian:StasisField","floor":16.0},{"not_picked":["Guardian:ShieldSpikes","Guardian:PiercingHide"],"picked":"Guardian:Gem_Green","floor":19.0},{"not_picked":["Guardian:Gem_Cyan","Guardian:Emergency"],"picked":"Guardian:ArmoredProtocol","floor":20.0},{"not_picked":["Guardian:ChargeCore+1","Guardian:PrismaticBeam+1"],"picked":"Guardian:TemporalStrike+1","floor":22.0},{"not_picked":["Guardian:Gem_Green","Guardian:RefractedBeam+1"],"picked":"Guardian:ExploitGems","floor":27.0},{"not_picked":["Guardian:PrismaticBarrier","Guardian:Incinerate+1"],"picked":"Guardian:PrimingBeam+1","floor":30.0},{"not_picked":["Guardian:ChargeCore+1","Guardian:ArmoredProtocol"],"picked":"Guardian:Gem_Green","floor":32.0},{"not_picked":["Guardian:Gem_Synthetic","Guardian:FastForward"],"picked":"Guardian:WeakpointTargeting","floor":33.0},{"not_picked":["Guardian:Gem_Green","Guardian:TemporalShield"],"picked":"Guardian:DonusPower+1","floor":36.0},{"not_picked":["Guardian:ShieldCharger+1","Guardian:PiercingHide+1"],"picked":"Guardian:Gem_Red","floor":38.0},{"not_picked":["Guardian:EvasiveProtocol","Guardian:Gem_Red","Guardian:ExploitGems"],"picked":"SKIP","floor":40.0},{"not_picked":["Guardian:Gem_Red","Guardian:ExploitGems"],"picked":"Guardian:EvasiveProtocol","floor":40.0},{"not_picked":["Guardian:Recover","Guardian:ShieldCharger"],"picked":"Guardian:BronzeArmor+1","floor":44.0},{"not_picked":["Guardian:FloatingOrbs","Guardian:Planning","Guardian:Gem_Cyan"],"picked":"SKIP","floor":45.0},{"not_picked":["Guardian:ShieldSpikes","Guardian:Gem_Red"],"picked":"Guardian:Clone","floor":46.0},{"not_picked":["Guardian:SentryBeam+1","Guardian:Gem_Red"],"picked":"Guardian:ArmoredProtocol+1","floor":47.0},{"not_picked":["Guardian:TimeBomb","Guardian:WalkerClaw+1","Guardian:Gem_Fragmented"],"picked":"SKIP","floor":48.0},{"not_picked":["Guardian:Gem_Blue","Guardian:Reroute+1","Guardian:Suspension"],"picked":"SKIP","floor":49.0}],"player_experience":77601,"relics_obtained":[{"floor":5.0,"key":"Toy Ornithopter"},{"floor":7.0,"key":"Molten Egg 2"},{"floor":10.0,"key":"Torii"},{"floor":24.0,"key":"Eternal Feather"},{"floor":27.0,"key":"Pear"},{"floor":38.0,"key":"Pantograph"},{"floor":40.0,"key":"StoneCalendar"},{"floor":44.0,"key":"Mummified Hand"}],"event_choices":[{"cards_removed":["Guardian:Strike_Guardian"],"damage_healed":0.0,"max_hp_gain":0.0,"max_hp_loss":0.0,"gold_gain":0.0,"event_name":"The Cleric","player_choice":"Card Removal","floor":2.0,"gold_loss":0.0,"damage_taken":0.0},{"damage_healed":0.0,"max_hp_gain":0.0,"max_hp_loss":0.0,"gold_gain":0.0,"event_name":"Scrap Ooze","player_choice":"Success","floor":12.0,"gold_loss":0.0,"damage_taken":7.0,"relics_obtained":["Regal Pillow"]},{"damage_healed":0.0,"max_hp_gain":0.0,"max_hp_loss":0.0,"gold_gain":0.0,"event_name":"Duplicator","player_choice":"Copied","floor":39.0,"gold_loss":0.0,"damage_taken":0.0,"cards_obtained":["Guardian:WeakpointTargeting"]}],"is_beta":false,"boss_relics":[{"not_picked":["Cursed Key","Tiny House"],"picked":"Coffee Dripper"},{"not_picked":["Runic Pyramid","SlaversCollar"],"picked":"Philosopher\u0027s Stone"}],"items_purged_floors":[28],"is_endless":false,"potions_floor_spawned":[11,13,16,19,20,30,33,40,47,49],"ascension_level":0}}