{"host":"ln38befi3ugo1bsw","time":1609141197,"event":{"mods":["BaseMod","BetterRewards","Colored Map","Colored Powertips","Downfall","Hermit","Jorbs\u0027s Wanderer Trilogy","Lobotomy","Minty Spire (QoL Compilation)","READ ME - Guardian Mod","READ ME - Snecko Mod","StSLib","SuperFastMode","The Cursed","The Disciple","The Hierophant","The Servant 0.9.4"],"gold_per_floor":[113,113,132,143,143,172,183,183,209,175,73,73,101,116,116,221,221,233,233,248,77,96,121,87,87,158,158,175,192,192,219,219,320,320,330,330,330,330,330,330,357,357,357,371,399,412,28,41,41,41,41],"floor_reached":50,"playtime":4350,"items_purged":["Pain","Slimebound:Icky"],"score":572,"play_id":"1c999a2a-3d82-429c-9a70-0c765684aaa6","local_time":"20201228023957","is_ascension_mode":false,"campfire_choices":[{"floor":12,"key":"REST"},{"floor":15,"key":"REST"},{"floor":25,"key":"REST"},{"data":"Noxious Fumes","floor":27,"key":"SMITH"},{"floor":30,"key":"REST"},{"data":"Catalyst","floor":32,"key":"SMITH"},{"data":"Crippling Poison","floor":40,"key":"SMITH"},{"floor":42,"key":"REST"},{"data":"Noxious Fumes","floor":49,"key":"SMITH"}],"circlet_count":0,"master_deck":["Strike_G+1","Strike_G","Strike_G+1","Strike_G","Defend_G","Defend_G","Defend_G","Defend_G","Survivor","Neutralize","Well Laid Plans","Tactician","Distraction+1","Noxious Fumes+1","Infinite Blades","Cloak And Dagger","Dagger Throw","Crippling Poison+1","Catalyst+1","Slice","Tools of the Trade","PiercingWail+1","Dagger Spray","Poisoned Stab","Blade Dance","Outmaneuver","Acrobatics","Noxious Fumes+1","Calculated Gamble","Tactician","Storm of Steel","Well Laid Plans+1","expansioncontent:AwakenDeath","Accuracy","Backstab","Endless Agony+1","Poisoned Stab+1","Slice+1"],"relics":["Ring of the Snake","Regal Pillow","WarpedTongs","Whetstone","MawBank","Toy Ornithopter","Busted Crown","Spirit Poop","Vajra","Gremlin Horn","Lantern","Black Star","MealTicket","Blood Vial","Sundial","Bag of Preparation","Anchor","Molten Egg 2","Lee\u0027s Waffle"],"acts_visited":["Exordium","TheCity","TheBeyond"],"potions_floor_usage":[6,22,23,23,29,33,35,45,46,50],"damage_taken":[{"damage":0,"enemies":"Small Slimes","floor":1,"turns":4},{"damage":11,"enemies":"Cultist","floor":3,"turns":7},{"damage":5,"enemies":"2 Louse","floor":4,"turns":4},{"damage":20,"enemies":"Lagavulin","floor":6,"turns":7},{"damage":16,"enemies":"Gremlin Gang","floor":7,"turns":5},{"damage":35,"enemies":"Gremlin Nob","floor":13,"turns":5},{"damage":2,"enemies":"Large Slime","floor":14,"turns":5},{"damage":30,"enemies":"Hexaghost","floor":16,"turns":9},{"damage":16,"enemies":"2 Thieves","floor":18,"turns":5},{"damage":23,"enemies":"Chosen","floor":20,"turns":7},{"damage":14,"enemies":"Snecko","floor":22,"turns":5},{"damage":14,"enemies":"Book of Stabbing","floor":23,"turns":6},{"damage":10,"enemies":"Sentry and Sphere","floor":28,"turns":5},{"damage":6,"enemies":"Centurion and Healer","floor":29,"turns":6},{"damage":16,"enemies":"Gremlin Leader","floor":31,"turns":5},{"damage":29,"enemies":"Champ","floor":33,"turns":8},{"damage":5,"enemies":"Orb Walker","floor":35,"turns":4},{"damage":36,"enemies":"Nemesis","floor":41,"turns":5},{"damage":7,"enemies":"3 Shapes","floor":44,"turns":6},{"damage":39,"enemies":"Reptomancer","floor":45,"turns":5},{"damage":17,"enemies":"3 Darklings","floor":46,"turns":4},{"damage":8,"enemies":"Jaw Worm Horde","floor":48,"turns":3},{"damage":78,"enemies":"Awakened One","floor":50,"turns":4}],"seed_played":"9055751554662798066","potions_obtained":[{"floor":3,"key":"Explosive Potion"},{"floor":4,"key":"BlessingOfTheForge"},{"floor":6,"key":"champ:CounterPotion"},{"floor":7,"key":"sneckomod:MuddlingPotion"},{"floor":23,"key":"ColorlessPotion"},{"floor":28,"key":"EssenceOfSteel"},{"floor":33,"key":"PowerPotion"},{"floor":35,"key":"Energy Potion"},{"floor":41,"key":"Weak Potion"},{"floor":48,"key":"Dexterity Potion"}],"is_trial":false,"path_per_floor":["M","?","M","M","?","E","M","?","T","?","$","R","E","M","R","B",null,"M","?","M","$","M","E","$","R","T","R","M","M","R","E","R","B",null,"M","?","?","?","?","R","E","R","T","M","E","M","$","M","R","B"],"character_chosen":"THE_SILENT","items_purchased":["Crippling Poison","Poisoned Stab","Blade Dance","Noxious Fumes","Molten Egg 2","Lee\u0027s Waffle"],"campfire_rested":5,"item_purchase_floors":[11,21,21,24,47,47],"current_hp_per_floor":[70,70,59,54,54,34,18,18,18,18,18,54,19,17,53,23,70,54,54,31,31,22,18,18,54,54,54,44,43,70,54,54,30,70,70,70,70,70,70,70,34,70,70,63,31,21,77,69,69,0,0],"gold":41,"neow_bonus":"TRANSFORM_TWO_CARDS","is_daily":false,"chose_seed":false,"campfire_upgraded":4,"win_rate":0.0,"timestamp":1609141197,"path_taken":["M","?","M","M","?","E","?","?","T","?","$","R","E","M","R","BOSS","M","?","?","$","M","E","$","R","T","R","M","M","R","E","R","BOSS","M","?","?","?","?","R","E","R","T","M","E","M","$","M","R","BOSS"],"items_purchased_type":["Card","Card","Card","Card","Relic","Relic"],"build_version":"2020-12-22","purchased_purges":2,"victory":false,"max_hp_per_floor":[70,70,70,70,70,70,70,70,70,70,70,70,70,70,70,70,70,70,70,70,70,70,70,70,70,70,70,70,70,70,70,70,70,70,70,70,70,70,70,70,70,70,70,70,70,70,77,77,77,77,77],"card_choices":[{"not_picked":["Slice","Acrobatics"],"picked":"Distraction","floor":1},{"not_picked":["Prepared","Acrobatics"],"picked":"Noxious Fumes","floor":3},{"not_picked":["Calculated Gamble","Underhanded Strike"],"picked":"Infinite Blades","floor":4},{"not_picked":["Leg Sweep","A Thousand Cuts"],"picked":"Cloak And Dagger","floor":6},{"not_picked":["Well Laid Plans","Sucker Punch"],"picked":"Dagger Throw","floor":7},{"not_picked":["Blade Dance","Underhanded Strike"],"picked":"Catalyst","floor":13},{"not_picked":["Calculated Gamble","Quick Slash"],"picked":"Slice","floor":14},{"not_picked":["Bullet Time","Phantasmal Killer"],"picked":"Tools of the Trade","floor":16},{"not_picked":[],"picked":"PiercingWail+1","floor":18},{"not_picked":[],"picked":"Dagger Spray","floor":20},{"not_picked":[],"picked":"Outmaneuver","floor":22},{"not_picked":[],"picked":"Acrobatics","floor":23},{"not_picked":[],"picked":"Calculated Gamble","floor":28},{"not_picked":[],"picked":"PiercingWail","floor":29},{"not_picked":[],"picked":"Tactician","floor":31},{"not_picked":[],"picked":"Storm of Steel","floor":33},{"not_picked":[],"picked":"Well Laid Plans+1","floor":35},{"not_picked":[],"picked":"expansioncontent:AwakenDeath","floor":38},{"not_picked":[],"picked":"Accuracy","floor":41},{"not_picked":[],"picked":"Backstab","floor":44},{"not_picked":[],"picked":"Endless Agony+1","floor":45},{"not_picked":[],"picked":"Poisoned Stab+1","floor":46},{"not_picked":[],"picked":"Slice+1","floor":48}],"player_experience":58462,"relics_obtained":[{"floor":6,"key":"Whetstone"},{"floor":9,"key":"MawBank"},{"floor":13,"key":"Toy Ornithopter"},{"floor":23,"key":"Vajra"},{"floor":26,"key":"Gremlin Horn"},{"floor":31,"key":"Lantern"},{"floor":41,"key":"MealTicket"},{"floor":41,"key":"Blood Vial"},{"floor":43,"key":"Sundial"},{"floor":45,"key":"Bag of Preparation"},{"floor":45,"key":"Anchor"}],"event_choices":[{"damage_healed":0,"gold_gain":0,"player_choice":"Box","damage_taken":0,"relics_obtained":["Regal Pillow"],"max_hp_gain":0,"max_hp_loss":0,"event_name":"Big Fish","floor":2,"gold_loss":0,"cards_obtained":["Regret"]},{"damage_healed":0,"gold_gain":0,"player_choice":"Rummage","damage_taken":0,"relics_obtained":["WarpedTongs"],"max_hp_gain":0,"max_hp_loss":0,"event_name":"Accursed Blacksmith","floor":5,"gold_loss":0,"cards_obtained":["Pain"]},{"damage_healed":0,"gold_gain":0,"player_choice":"Grow","damage_taken":0,"max_hp_gain":0,"max_hp_loss":0,"event_name":"Living Wall","floor":8,"gold_loss":0,"cards_upgraded":["Distraction"]},{"damage_healed":0,"gold_gain":0,"player_choice":"Left Gold","damage_taken":0,"max_hp_gain":0,"max_hp_loss":0,"event_name":"World of Goop","floor":10,"gold_loss":46},{"cards_removed":["Regret"],"damage_healed":0,"gold_gain":0,"player_choice":"Offered Curse","damage_taken":0,"relics_obtained":["Spirit Poop"],"max_hp_gain":0,"max_hp_loss":0,"event_name":"Bonfire Elementals","floor":19,"gold_loss":0},{"damage_healed":0,"gold_gain":0,"player_choice":"Ignored","damage_taken":0,"max_hp_gain":0,"max_hp_loss":0,"event_name":"Tomb of Lord Red Mask","floor":36,"gold_loss":0},{"damage_healed":0,"gold_gain":0,"player_choice":"Ignored","damage_taken":0,"max_hp_gain":0,"max_hp_loss":0,"event_name":"Mysterious Sphere","floor":37,"gold_loss":0},{"damage_healed":0,"gold_gain":0,"player_choice":"Memory 1","damage_taken":0,"max_hp_gain":0,"max_hp_loss":0,"event_name":"SensoryStone","floor":38,"gold_loss":0},{"cards_removed":["PiercingWail"],"damage_healed":0,"gold_gain":0,"player_choice":"Purged","damage_taken":0,"max_hp_gain":0,"max_hp_loss":0,"event_name":"Purifier","floor":39,"gold_loss":0}],"is_beta":false,"boss_relics":[{"not_picked":["SacredBark","Fusion Hammer"],"picked":"Busted Crown"},{"not_picked":["Coffee Dripper","SlaversCollar"],"picked":"Black Star"}],"items_purged_floors":[11,21],"is_endless":false,"potions_floor_spawned":[3,4,6,7,18,23,28,33,35,41,48],"killed_by":"Awakened One","ascension_level":0}}