{"host":"wy4vwr4x0uqk666t","time":1609134292,"event":{"mods":["Aspiration","BaseMod","BetterRewards","Curses Come First","Defuse TimeMaze Blight","Downfall","Hubris","Infinite Spire","Jorbs\u0027s Wanderer Trilogy","Kalas","Minty Spire (QoL Compilation)","READ ME - Guardian Mod","Replay The Spire","StSLib","The Cursed","The Elementalist","The Jungle","The Runesmith","The Servant 0.9.4","The Spell Scribe"],"gold_per_floor":[118,129,143,143,143,169,169,181,205,220,251,3,3,3],"floor_reached":13,"playtime":683,"items_purged":[],"score":109,"play_id":"38c68665-a3cc-4bf6-a699-03f0080ba975","local_time":"20201228064452","is_ascension_mode":true,"campfire_choices":[{"floor":7,"key":"REST"}],"circlet_count":0,"master_deck":["Strike_G","Strike_G","Strike_G","Strike_G","Strike_G","Defend_G","Defend_G","Defend_G","Defend_G","Survivor","Neutralize","Bouncing Flask","Concentrate","Outmaneuver","Concentrate+1","Regret","Catalyst","Dagger Spray","Backflip","Cloak And Dagger"],"relics":["Ring of the Snake","aspiration:Nostalgia","Runesmith:BrokenRuby","White Beast Statue","Sundial","Centennial Puzzle","hubris:BottledRain","Replay:Bottled Flurry"],"acts_visited":["Exordium"],"potions_floor_usage":[11,11],"damage_taken":[{"damage":0,"enemies":"Jaw Worm","floor":1,"turns":5},{"damage":4,"enemies":"Small Slimes","floor":2,"turns":3},{"damage":0,"enemies":"Cultist","floor":3,"turns":4},{"damage":28,"enemies":"3 Sentries","floor":6,"turns":10},{"damage":7,"enemies":"2 Fungi Beasts","floor":8,"turns":4},{"damage":16,"enemies":"Blue Slaver","floor":10,"turns":4},{"damage":21,"enemies":"Lagavulin","floor":11,"turns":7},{"damage":15,"enemies":"3 Sentries","floor":13,"turns":3}],"seed_played":"-3304352354759439550","potions_obtained":[{"floor":2,"key":"Dexterity Potion"},{"floor":6,"key":"GamblersBrew"},{"floor":8,"key":"Poison Potion"},{"floor":10,"key":"CultistPotion"},{"floor":11,"key":"BlessingOfTheForge"}],"is_trial":false,"path_per_floor":["M","M","M","?","?","E","R","M","T","M","E","$","E"],"character_chosen":"THE_SILENT","items_purchased":["Replay:Bottled Flurry"],"campfire_rested":1,"item_purchase_floors":[12],"current_hp_per_floor":[70,66,66,66,66,38,59,52,52,36,15,15,0,0],"gold":3,"neow_bonus":"NOSTALGIA","is_daily":false,"chose_seed":false,"campfire_upgraded":0,"win_rate":0.0,"timestamp":1609134292,"path_taken":["M","M","M","?","?","E","R","M","T","M","E","?","E"],"items_purchased_type":["Relic"],"build_version":"2020-12-22","purchased_purges":0,"victory":false,"max_hp_per_floor":[70,70,70,70,70,70,70,70,70,70,70,70,70,70],"card_choices":[{"not_picked":["Outmaneuver","Dash"],"picked":"Bouncing Flask","floor":1},{"not_picked":["Deflect","Dagger Spray"],"picked":"Concentrate","floor":2},{"not_picked":["Dagger Spray","Tools of the Trade"],"picked":"Outmaneuver","floor":3},{"not_picked":["Toxin Wave","Burst"],"picked":"Catalyst","floor":6},{"not_picked":["Finisher","Outmaneuver"],"picked":"Dagger Spray","floor":8},{"not_picked":["Well Laid Plans","Sucker Punch"],"picked":"Backflip","floor":10},{"not_picked":["Underhanded Strike","Outmaneuver"],"picked":"Cloak And Dagger","floor":11}],"player_experience":3708752,"relics_obtained":[{"floor":6,"key":"Sundial"},{"floor":9,"key":"Centennial Puzzle"},{"floor":11,"key":"hubris:BottledRain"}],"event_choices":[{"damage_healed":0,"gold_gain":0,"player_choice":"Box","damage_taken":0,"relics_obtained":["White Beast Statue"],"max_hp_gain":0,"max_hp_loss":0,"event_name":"Big Fish","floor":5,"gold_loss":0,"cards_obtained":["Regret"]}],"is_beta":false,"boss_relics":[],"items_purged_floors":[],"is_endless":false,"potions_floor_spawned":[2,6,8,10,11],"killed_by":"3 Sentries","ascension_level":3}}