{"host":"gjj8cpt329rt31is","time":1609198259,"event":{"mods":["BaseMod","BetterRewards","Colored Map","Hubris","Minty Spire (QoL Compilation)","Replay The Spire","StSLib"],"gold_per_floor":[114,114,79,79,92,92,125,125,148,182,193,205,205,128,128,224,224,239,249,95,109,120,149,169,189,239,239,239,254,1,31,31,128,128,145,199,199,216,116,148,166,115,115,115,125,137,12,39,60,72],"floor_reached":51,"playtime":2855,"items_purged":["BasicCrystalCard","Strike_B","hubris:Ukulele"],"score":1015,"play_id":"773b05c2-fa19-4109-87f5-595bb2c7e6c1","local_time":"20201228173059","daily_mods":["Vintage","Heirloom"],"is_ascension_mode":true,"campfire_choices":[{"data":"Zap","floor":6,"key":"SMITH"},{"data":"Electrodynamics","floor":8,"key":"SMITH"},{"data":"FIFO Queue","floor":15,"key":"SMITH"},{"data":"Capacitor","floor":49,"key":"SMITH"}],"circlet_count":0,"master_deck":["Strike_B","Strike_B","Defend_B","Defend_B","Defend_B","Defend_B","Zap+1","Dualcast","Tempest","Electrodynamics+1","Loop+1","FIFO Queue+1","Buffer","Replay:Hysterical Blindness","hubris:Wrath","hubris:Despair","Loop+1","hubris:Ukulele+1","Storm+1","Echo Form+1","Storm+1","Capacitor+1","Redo+1","Redo","Loop+1"],"relics":["FrozenCore","replay:Trail_Library","Durian","Mirror","MealTicket","Oddly Smooth Stone","ReplayTheSpireMod:TigerMarble","hubris:TinFlute","Ornamental Fan","Pondfish Scales","Replay:Ancient Bell","Art of War","ReplayTheSpireMod:Shallot","Thread and Needle","hubris:SoftwareUpdate","Blue Doll","DataDisk","Juzu Bracelet","Lantern","Centennial Puzzle","Gambling Chip","Bottled Tornado","PreservedInsect","Golden Egg","Chemical X","Matryoshka","Replay:Bottled Steam","hubris:MedicalManual","hubris:Towel","Replay:Bottled Eggs","hubris:BallOfYels","Replay:Antivirus Software","Kunai","Potion Belt","Blood Vial","Replay:Kaleidoscope","CeramicFish","Bag of Marbles","MawBank"],"acts_visited":["Exordium","TheCity","TheBeyond"],"potions_floor_usage":[10,16,21,33,36,41,50,50],"damage_taken":[{"damage":9,"enemies":"2 Louse","floor":1,"turns":3},{"damage":0,"enemies":"Cultist","floor":5,"turns":4},{"damage":45,"enemies":"3 Sentries","floor":7,"turns":8},{"damage":13,"enemies":"Lagavulin","floor":10,"turns":4},{"damage":0,"enemies":"Jaw Worm","floor":11,"turns":3},{"damage":0,"enemies":"2 Fungi Beasts","floor":12,"turns":1},{"damage":0,"enemies":"Slime Boss","floor":16,"turns":6},{"damage":9,"enemies":"3 Byrds","floor":18,"turns":3},{"damage":11,"enemies":"2 Thieves","floor":19,"turns":3},{"damage":8,"enemies":"Snake Plant","floor":21,"turns":5},{"damage":20,"enemies":"Centurion and Healer","floor":22,"turns":5},{"damage":2,"enemies":"Slavers","floor":23,"turns":3},{"damage":0,"enemies":"Snecko","floor":24,"turns":3},{"damage":3,"enemies":"Snake Plant","floor":25,"turns":5},{"damage":5,"enemies":"Centurion and Healer","floor":29,"turns":3},{"damage":17,"enemies":"Book of Stabbing","floor":31,"turns":4},{"damage":20,"enemies":"Collector","floor":33,"turns":6},{"damage":2,"enemies":"Orb Walker","floor":35,"turns":3},{"damage":29,"enemies":"2 Orb Walkers","floor":36,"turns":3},{"damage":0,"enemies":"3 Shapes","floor":38,"turns":1},{"damage":0,"enemies":"R_Hoarder","floor":40,"turns":5},{"damage":11,"enemies":"Jaw Worm Horde","floor":41,"turns":5},{"damage":0,"enemies":"Sphere and 2 Shapes","floor":45,"turns":1},{"damage":0,"enemies":"Maw","floor":46,"turns":4},{"damage":32,"enemies":"Time Eater","floor":50,"turns":6}],"seed_played":"-6259812612559511591","potions_obtained":[{"floor":1,"key":"Weak Potion"},{"floor":5,"key":"Dexterity Potion"},{"floor":12,"key":"SkillPotion"},{"floor":18,"key":"SkillPotion"},{"floor":22,"key":"SteroidPotion"},{"floor":23,"key":"CultistPotion"},{"floor":29,"key":"Regen Potion"},{"floor":36,"key":"DuplicationPotion"},{"floor":41,"key":"SkillPotion"},{"floor":46,"key":"Reflective Coating"}],"is_trial":true,"path_per_floor":["M","?","$","?","M","R","E","R","T","E","M","M","?","$","R","B",null,"M","M","$","M","M","E","M","M","T","?","?","M","$","E","R_BF","B",null,"M","?","?","M","$","E","M","$","T","T","M","M","$","T","R","B",null],"character_chosen":"DEFECT","items_purchased":["Tempest","FIFO Queue","DataDisk","hubris:Ukulele","Chemical X","Redo"],"campfire_rested":0,"item_purchase_floors":[3,14,20,30,30,42],"current_hp_per_floor":[71,71,71,71,71,71,26,26,26,13,13,13,13,28,28,28,67,58,47,62,54,34,32,32,29,29,29,29,24,39,22,46,26,67,65,45,45,45,60,60,49,64,64,64,66,68,80,80,80,48],"gold":84,"neow_bonus":"","is_daily":false,"chose_seed":false,"campfire_upgraded":4,"win_rate":0.0,"timestamp":1609198259,"path_taken":["M","?","$","?","M","R","E","R","T","E","?","M","?","$","R","BOSS","M","M","$","M","M","E","M","M","T","?","?","M","$","E","R_BF","BOSS","M","?","?","M","$","E","M","?","T","?","M","M","$","?","R","BOSS"],"items_purchased_type":["Card","Card","Relic","Card","Relic","Card"],"build_version":"2020-12-22","purchased_purges":3,"victory":true,"max_hp_per_floor":[80,80,80,80,80,80,80,80,80,80,80,80,80,80,80,80,80,80,80,80,80,80,80,80,80,80,80,80,80,80,80,80,80,80,80,80,80,80,80,80,80,80,80,80,80,80,80,80,80,80],"card_choices":[{"not_picked":["Capacitor","Streamline"],"picked":"Electrodynamics","floor":7},{"not_picked":["Barrage","Stack","ReplaySort"],"picked":"SKIP","floor":10},{"not_picked":["Meteor Strike","Echo Form"],"picked":"Buffer","floor":16},{"not_picked":["CurseOfTheBell","Parasite"],"picked":"Replay:Hysterical Blindness","floor":17},{"not_picked":["hubris:Sloth","Hallucinations"],"picked":"hubris:Wrath","floor":17},{"not_picked":["hubris:Greed","hubris:Envy"],"picked":"hubris:Despair","floor":17},{"not_picked":["Compile Driver+1","Rebound+1"],"picked":"BasicCrystalCard","floor":23},{"not_picked":["BootSequence","Chill"],"picked":"Storm","floor":31},{"not_picked":["Rainbow","Fission"],"picked":"Echo Form","floor":33},{"not_picked":["Sunder+1","Tempest"],"picked":"Storm+1","floor":36},{"not_picked":["Storm+1","Force Field+1"],"picked":"Capacitor","floor":40}],"player_experience":286075,"relics_obtained":[{"floor":1,"key":"Mirror"},{"floor":5,"key":"MealTicket"},{"floor":7,"key":"Oddly Smooth Stone"},{"floor":9,"key":"ReplayTheSpireMod:TigerMarble"},{"floor":10,"key":"hubris:TinFlute"},{"floor":11,"key":"Ornamental Fan"},{"floor":12,"key":"Pondfish Scales"},{"floor":18,"key":"hubris:SoftwareUpdate"},{"floor":19,"key":"Blue Doll"},{"floor":21,"key":"Juzu Bracelet"},{"floor":22,"key":"Lantern"},{"floor":23,"key":"Centennial Puzzle"},{"floor":24,"key":"Gambling Chip"},{"floor":25,"key":"Bottled Tornado"},{"floor":26,"key":"PreservedInsect"},{"floor":29,"key":"Golden Egg"},{"floor":31,"key":"Matryoshka"},{"floor":35,"key":"Replay:Bottled Steam"},{"floor":36,"key":"hubris:MedicalManual"},{"floor":38,"key":"Replay:Bottled Eggs"},{"floor":40,"key":"hubris:BallOfYels"},{"floor":41,"key":"Replay:Antivirus Software"},{"floor":43,"key":"Kunai"},{"floor":43,"key":"Potion Belt"},{"floor":44,"key":"Blood Vial"},{"floor":44,"key":"Replay:Kaleidoscope"},{"floor":45,"key":"CeramicFish"},{"floor":46,"key":"Bag of Marbles"},{"floor":48,"key":"MawBank"}],"event_choices":[{"damage_healed":0,"gold_gain":0,"player_choice":"Ignored","damage_taken":0,"max_hp_gain":0,"max_hp_loss":0,"event_name":"Golden Idol","floor":2,"gold_loss":0},{"cards_removed":["Strike_B"],"damage_healed":0,"gold_gain":0,"player_choice":"Offered Basic","damage_taken":0,"max_hp_gain":0,"max_hp_loss":0,"event_name":"Bonfire Elementals","floor":4,"gold_loss":0},{"damage_healed":0,"gold_gain":0,"player_choice":"Upgraded","damage_taken":0,"max_hp_gain":0,"max_hp_loss":0,"event_name":"Upgrade Shrine","floor":27,"gold_loss":0,"cards_upgraded":["Redo"]},{"damage_healed":0,"gold_gain":0,"player_choice":"Ignored","damage_taken":0,"max_hp_gain":0,"max_hp_loss":0,"event_name":"Cursed Tome","floor":28,"gold_loss":0},{"damage_healed":0,"gold_gain":0,"player_choice":"Fight","damage_taken":0,"max_hp_gain":0,"max_hp_loss":0,"event_name":"Mysterious Sphere","floor":36,"gold_loss":0}],"is_beta":false,"boss_relics":[{"not_picked":["Replay:Drink Me","Painkiller Herb"],"picked":"Replay:Ancient Bell"},{"not_picked":["Replay:Bandana","ReplayTheSpireMod:Lightbulb"],"picked":"Art of War"},{"not_picked":["hubris:SphereOfDissonance","hubris:Metronome"],"picked":"ReplayTheSpireMod:Shallot"},{"not_picked":["Replay:Arrowhead","hubris:Potato"],"picked":"Thread and Needle"},{"not_picked":["ReplayTheSpireMod:DimensionalGlitch","hubris:CrackedHourglass"],"picked":"FrozenCore"}],"items_purged_floors":[30,39,47],"is_endless":false,"potions_floor_spawned":[1,5,12,18,22,23,25,29,31,36,41,46],"ascension_level":5}}