{"host":"baymyijz6sxaqj5s","time":1609160335,"event":{"mods":["AchievementEnabler","BaseMod","Colored Map","Colored Powertips","DeckTracker","Highlight Path","KOR Keyword Fix","Keyboard Shortcuts","Minty Spire (QoL Compilation)","Quick Restart","StSLib","SuperFastMode"],"gold_per_floor":[119,134,149,149,163,163,177,177,226,245,256,273,286,286,286,390,390,401,401,418,429,441,441,454,473,473,433,453,473,473,490,490,490,490],"floor_reached":33,"playtime":1420,"items_purged":[],"score":251,"play_id":"dd9c1ff3-3480-47a2-bdac-ede331bc364a","local_time":"20201228215855","is_ascension_mode":false,"campfire_choices":[{"data":"Double Energy","floor":6,"key":"SMITH"},{"data":"Dualcast","floor":8,"key":"SMITH"},{"floor":15,"key":"REST"},{"floor":23,"key":"REST"},{"floor":30,"key":"REST"},{"data":"Auto Shields","floor":32,"key":"SMITH"}],"circlet_count":0,"master_deck":["Strike_B","Strike_B","Strike_B","Strike_B+1","Defend_B","Defend_B","Defend_B+1","Defend_B","Zap","Dualcast+1","Compile Driver","Double Energy+1","Coolheaded","Electrodynamics","Defragment","Sweeping Beam+1","Conserve Battery","Self Repair","Multi-Cast","Redo+1","Necronomicurse","Leap+1","Cold Snap","Ball Lightning","Auto Shields+1","Redo+1"],"relics":["Cracked Core","Orichalcum","Sozu","Necronomicon","FossilizedHelix"],"acts_visited":["Exordium","TheCity"],"potions_floor_usage":[10,11,11,12,21,21,21],"damage_taken":[{"damage":1,"enemies":"Jaw Worm","floor":1,"turns":4},{"damage":3,"enemies":"2 Louse","floor":2,"turns":3},{"damage":1,"enemies":"Cultist","floor":3,"turns":3},{"damage":10,"enemies":"2 Fungi Beasts","floor":5,"turns":3},{"damage":8,"enemies":"Red Slaver","floor":7,"turns":4},{"damage":3,"enemies":"Blue Slaver","floor":10,"turns":3},{"damage":0,"enemies":"Exordium Wildlife","floor":11,"turns":2},{"damage":0,"enemies":"Exordium Thugs","floor":12,"turns":3},{"damage":4,"enemies":"Blue Slaver","floor":13,"turns":3},{"damage":32,"enemies":"Slime Boss","floor":16,"turns":9},{"damage":3,"enemies":"Spheric Guardian","floor":18,"turns":3},{"damage":10,"enemies":"Chosen","floor":20,"turns":5},{"damage":27,"enemies":"3 Cultists","floor":21,"turns":6},{"damage":0,"enemies":"Snecko","floor":22,"turns":5},{"damage":33,"enemies":"Snake Plant","floor":24,"turns":10},{"damage":7,"enemies":"Centurion and Healer","floor":25,"turns":5},{"damage":0,"enemies":"Chosen and Byrds","floor":28,"turns":4},{"damage":0,"enemies":"3 Cultists","floor":29,"turns":4},{"damage":12,"enemies":"Shelled Parasite and Fungi","floor":31,"turns":7},{"damage":104,"enemies":"Champ","floor":33,"turns":18}],"seed_played":"-570850166422356915","potions_obtained":[{"floor":3,"key":"ColorlessPotion"},{"floor":7,"key":"EssenceOfSteel"},{"floor":10,"key":"EntropicBrew"},{"floor":12,"key":"LiquidBronze"},{"floor":16,"key":"EntropicBrew"}],"is_trial":false,"path_per_floor":["M","M","M","?","M","R","M","R","T","M","M","M","M","?","R","B",null,"M","?","M","M","M","R","M","M","T","?","M","M","R","M","R","B"],"character_chosen":"DEFECT","items_purchased":[],"campfire_rested":3,"item_purchase_floors":[],"current_hp_per_floor":[81,78,77,77,67,67,59,59,59,56,56,56,52,36,60,35,82,82,66,63,43,50,74,48,48,48,48,55,62,82,77,77,0,0],"gold":490,"neow_bonus":"TEN_PERCENT_HP_BONUS","is_daily":false,"chose_seed":false,"campfire_upgraded":3,"win_rate":0.0,"timestamp":1609160335,"path_taken":["M","M","M","?","M","R","M","R","T","M","M","M","M","?","R","BOSS","M","?","M","M","M","R","M","M","T","?","?","M","R","M","R","BOSS"],"items_purchased_type":[],"build_version":"2020-12-22","purchased_purges":0,"victory":false,"max_hp_per_floor":[82,82,82,82,82,82,82,82,82,82,82,82,82,82,82,82,82,82,82,82,82,82,82,82,82,82,82,82,82,82,82,82,82,82],"card_choices":[{"not_picked":["Sunder","Gash"],"picked":"Compile Driver","floor":1},{"not_picked":["Gash","Skim"],"picked":"Double Energy","floor":2},{"not_picked":["Barrage","Double Energy"],"picked":"Coolheaded","floor":3},{"not_picked":["Gash","Heatsinks"],"picked":"Electrodynamics","floor":5},{"not_picked":["Heatsinks","Chaos"],"picked":"Defragment","floor":7},{"not_picked":["Beam Cell","Compile Driver"],"picked":"Sweeping Beam","floor":10},{"not_picked":["Steam","Streamline"],"picked":"Conserve Battery","floor":11},{"not_picked":["Consume","Turbo","Hello World"],"picked":"SKIP","floor":12},{"not_picked":["Scrape","Steam Power"],"picked":"Self Repair","floor":13},{"not_picked":["All For One","Reboot"],"picked":"Multi-Cast","floor":16},{"not_picked":["Gash","Auto Shields"],"picked":"Redo","floor":18},{"not_picked":["Darkness","Fusion"],"picked":"Leap+1","floor":20},{"not_picked":["Conserve Battery","Stack"],"picked":"Cold Snap","floor":21},{"not_picked":["BootSequence+1","Coolheaded","Hologram"],"picked":"SKIP","floor":22},{"not_picked":["Turbo","White Noise"],"picked":"Ball Lightning","floor":24},{"not_picked":["Ball Lightning","Turbo"],"picked":"Auto Shields","floor":25},{"not_picked":["Scrape","Tempest","Hologram"],"picked":"SKIP","floor":28},{"not_picked":["Creative AI","Static Discharge"],"picked":"Redo+1","floor":29},{"not_picked":["Hologram","Beam Cell","Ball Lightning"],"picked":"SKIP","floor":31}],"player_experience":282406,"relics_obtained":[{"floor":9,"key":"Orichalcum"},{"floor":19,"key":"Necronomicon"},{"floor":26,"key":"FossilizedHelix"}],"event_choices":[{"damage_healed":0,"gold_gain":0,"player_choice":"Ignored","damage_taken":0,"max_hp_gain":0,"max_hp_loss":0,"event_name":"Golden Idol","floor":4,"gold_loss":0},{"damage_healed":0,"gold_gain":0,"player_choice":"Entered Light","damage_taken":16,"max_hp_gain":0,"max_hp_loss":0,"event_name":"Shining Light","floor":14,"gold_loss":0,"cards_upgraded":["Sweeping Beam","Strike_B"]},{"damage_healed":0,"gold_gain":0,"player_choice":"Obtained Book","damage_taken":16,"max_hp_gain":0,"max_hp_loss":0,"event_name":"Cursed Tome","floor":19,"gold_loss":0},{"damage_healed":0,"gold_gain":0,"player_choice":"Upgraded Two","damage_taken":0,"max_hp_gain":0,"max_hp_loss":0,"event_name":"Designer","floor":27,"gold_loss":40,"cards_upgraded":["Defend_B","Redo"]}],"is_beta":false,"boss_relics":[{"not_picked":["Busted Crown","Snecko Eye"],"picked":"Sozu"}],"items_purged_floors":[],"is_endless":false,"potions_floor_spawned":[3,7,10,12,16,20,21,24,25],"killed_by":"Champ","ascension_level":0}}