{"host":"Nexxot","time":1609162479,"event":{"mods":["AchievementEnabler","BaseMod","Colored Map","Downfall","Highlight Path","Jorbs\u0027s Wanderer Trilogy","Minty Spire (QoL Compilation)","Relic Stats","StSLib"],"gold_per_floor":[0,20,33,33,33,68,68,103,103,203,128,143,160,191,205,305,305,230,247,261,261,272,306,306,231,231,88,117,117,127,157,168,269,269,269,283,283,300,318,318,318,318,353,367,401,418,418,443,456,456],"floor_reached":51,"playtime":2552,"items_purged":["Slimebound:Tackle"],"score":971,"play_id":"e5c7b134-7967-4527-8d33-f6d16373bfa7","local_time":"20201228143439","is_ascension_mode":true,"campfire_choices":[{"data":"Apotheosis","floor":1,"key":"SMITH"},{"floor":9,"key":"RECALL"},{"data":"Slimebound:BestDefense","floor":11,"key":"SMITH"},{"data":"Slimebound:HauntingLick","floor":18,"key":"SMITH"},{"data":"Slimebound:FirmFortitude","floor":25,"key":"SMITH"},{"data":"Slimebound:LeadByExample","floor":35,"key":"SMITH"},{"data":"Slimebound:LeechEnergy","floor":40,"key":"SMITH"},{"data":"Slimebound:TagTeam","floor":42,"key":"SMITH"},{"floor":47,"key":"REST"}],"circlet_count":0,"master_deck":["Slimebound:Split+1","Slimebound:CorrosiveSpit","Apotheosis+1","Slimebound:Nibble","Slimebound:BestDefense+1","Slimebound:FinishingTackle","Slimebound:ComboTackle","Slimebound:LivingWall","Slimebound:PressTheAttack","Slimebound:HauntingLick+1","Slimebound:ViciousTackle","Slimebound:FirmFortitude+1","Slimebound:OozeBath","Slimebound:SplitMire+1","Slimebound:ForwardTackle+1","Slimebound:Tackle+1","Slimebound:Tackle+1","Slimebound:Tackle+1","Slimebound:SlimeBrawl+1","Necronomicurse","Slimebound:GoopSpray+1","Slimebound:FinishingTackle","Slimebound:RejuvenatingLick+1","Slimebound:LeadByExample+1","Slimebound:MassFeed+1","Slimebound:LeechEnergy+1","Slimebound:FirmFortitude","Slimebound:SlimeSpikes+1","Slimebound:TagTeam+1","Slimebound:SlimeBarrage+1","Slimebound:HungryTackle+1","Slimebound:SplitAcid+1","Slimebound:Recycling","Slimebound:Gluttony+1"],"relics":["Slimebound:AbsorbEndCombat","Anchor","Bronze Scales","PreservedInsect","Potion Belt","downfall:HeartBlessingRed","Blood Vial","Slimebound:TarBlob","downfall:HeartBlessingGreen","Slimebound:MaxSlimesRelic","downfall:HeartBlessingBlue","Necronomicon","Ornamental Fan","StrikeDummy","Pandora\u0027s Box","Regal Pillow","War Paint","Singing Bowl","Letter Opener"],"acts_visited":["Exordium","TheCity","TheBeyond"],"potions_floor_usage":[6,14,14,14,16,16,16,22,23,48,50,50],"damage_taken":[{"damage":4,"enemies":"2 Louse","floor":2,"turns":2},{"damage":8,"enemies":"Jaw Worm","floor":3,"turns":3},{"damage":8,"enemies":"3 Sentries","floor":6,"turns":8},{"damage":20,"enemies":"Gremlin Nob","floor":8,"turns":4},{"damage":7,"enemies":"downfall:LadyInBlue","floor":10,"turns":6},{"damage":8,"enemies":"Cultist","floor":12,"turns":3},{"damage":8,"enemies":"Blue Slaver","floor":13,"turns":2},{"damage":14,"enemies":"3 Sentries","floor":14,"turns":3},{"damage":17,"enemies":"Exordium Wildlife","floor":15,"turns":3},{"damage":27,"enemies":"downfall:Ironclad","floor":16,"turns":6},{"damage":15,"enemies":"Spheric Guardian","floor":19,"turns":4},{"damage":12,"enemies":"Centurion and Healer","floor":20,"turns":4},{"damage":14,"enemies":"Snecko","floor":22,"turns":4},{"damage":27,"enemies":"Gremlin Leader","floor":23,"turns":4},{"damage":12,"enemies":"downfall:FleeingMerchant","floor":27,"turns":4},{"damage":7,"enemies":"Slavers","floor":28,"turns":3},{"damage":6,"enemies":"Cultist and Chosen","floor":30,"turns":3},{"damage":13,"enemies":"Book of Stabbing","floor":31,"turns":3},{"damage":7,"enemies":"Chosen and Byrds","floor":32,"turns":4},{"damage":51,"enemies":"downfall:Silent","floor":33,"turns":5},{"damage":6,"enemies":"3 Darklings","floor":36,"turns":4},{"damage":22,"enemies":"3 Shapes","floor":38,"turns":4},{"damage":12,"enemies":"3 Darklings","floor":39,"turns":2},{"damage":29,"enemies":"Giant Head","floor":43,"turns":6},{"damage":41,"enemies":"4 Shapes","floor":44,"turns":4},{"damage":43,"enemies":"Nemesis","floor":45,"turns":3},{"damage":21,"enemies":"Spire Growth","floor":46,"turns":4},{"damage":58,"enemies":"Reptomancer","floor":48,"turns":3},{"damage":26,"enemies":"3 Darklings","floor":49,"turns":3},{"damage":54,"enemies":"downfall:Watcher","floor":50,"turns":5}],"seed_played":"-7229232141392259030","potions_obtained":[{"floor":3,"key":"DistilledChaos"},{"floor":8,"key":"Explosive Potion"},{"floor":10,"key":"Regen Potion"},{"floor":10,"key":"Explosive Potion"},{"floor":10,"key":"SneckoOil"},{"floor":13,"key":"SkillPotion"},{"floor":15,"key":"SkillPotion"},{"floor":20,"key":"hexamod:EctoCoolerPotion"},{"floor":22,"key":"Weak Potion"},{"floor":28,"key":"Slimebound:SlimedPotion"},{"floor":30,"key":"Explosive Potion"},{"floor":33,"key":"EntropicBrew"},{"floor":38,"key":"SteroidPotion"},{"floor":45,"key":"Strength Potion"},{"floor":46,"key":"Slimebound:SlimyTonguePotion"},{"floor":48,"key":"LiquidMemories"},{"floor":49,"key":"Strength Potion"}],"is_trial":false,"path_per_floor":["R","M","M","?","?","E","T","E","R","?","R","M","M","E","M","B",null,"R","M","M","?","M","E","T","R","?","$","E","?","M","E","M","B",null,"R","M","?","M","M","R","T","R","E","M","E","M","R","E","M","B",null],"character_chosen":"SLIMEBOUND","items_purchased":["Slimebound:FinishingTackle"],"campfire_rested":1,"item_purchase_floors":[27],"current_hp_per_floor":[60,60,60,60,60,60,60,50,50,60,60,60,60,56,47,53,60,60,52,60,60,50,47,47,57,41,55,70,70,70,65,70,48,70,70,74,74,80,86,86,86,86,77,64,41,50,95,73,77,75],"gold":456,"neow_bonus":"RANDOM_COLORLESS_2","is_daily":false,"chose_seed":false,"campfire_upgraded":7,"win_rate":0.0,"timestamp":1609162479,"path_taken":["R","M","M","?","?","E","T","E","R","?","R","M","M","E","M","BOSS","R","M","M","?","M","E","T","R","?","?","E","?","M","E","M","BOSS","R","M","?","M","M","R","T","R","E","M","E","?","R","E","M","BOSS"],"items_purchased_type":["Card"],"build_version":"2020-12-18","purchased_purges":1,"victory":true,"max_hp_per_floor":[60,60,60,60,60,60,60,60,60,60,60,60,60,60,60,60,60,60,60,60,60,60,60,60,70,70,70,70,70,70,70,70,70,70,70,74,74,82,86,86,86,86,90,98,98,100,100,102,104,104],"relic_stats":{"Blood Vial":28,"Regal Pillow":15,"Singing Bowl":6,"counters":[30,115],"Ornamental Fan":[44],"Bronze Scales":[253],"Pandora\u0027s Box":["Slimebound:LeechEnergy","Slimebound:FirmFortitude","Slimebound:SlimeSpikes","Slimebound:TagTeam"],"PreservedInsect":519,"Necronomicon":[32],"Letter Opener":[25],"War Paint":["Slimebound:SlimeSpikes","Slimebound:Split"],"obtain_stats":[{"Potion Belt":10,"Regal Pillow":41,"downfall:HeartBlessingRed":11,"Singing Bowl":45,"downfall:HeartBlessingGreen":18,"PreservedInsect":8,"Letter Opener":48,"War Paint":43,"Slimebound:TarBlob":17,"Blood Vial":14,"Anchor":6,"Slimebound:MaxSlimesRelic":23,"downfall:HeartBlessingBlue":25,"Ornamental Fan":28,"Bronze Scales":7,"Pandora\u0027s Box":34,"Slimebound:AbsorbEndCombat":0,"Necronomicon":26,"StrikeDummy":31},{"Potion Belt":5,"Regal Pillow":23,"downfall:HeartBlessingRed":5,"Singing Bowl":26,"downfall:HeartBlessingGreen":10,"PreservedInsect":4,"Letter Opener":28,"War Paint":24,"Slimebound:TarBlob":10,"Blood Vial":8,"Anchor":3,"Slimebound:MaxSlimesRelic":14,"downfall:HeartBlessingBlue":14,"Ornamental Fan":16,"Bronze Scales":3,"Pandora\u0027s Box":20,"Slimebound:AbsorbEndCombat":0,"Necronomicon":14,"StrikeDummy":18},{"Potion Belt":23,"Regal Pillow":87,"downfall:HeartBlessingRed":23,"Singing Bowl":100,"downfall:HeartBlessingGreen":40,"PreservedInsect":17,"Letter Opener":107,"War Paint":93,"Slimebound:TarBlob":40,"Blood Vial":31,"Anchor":13,"Slimebound:MaxSlimesRelic":56,"downfall:HeartBlessingBlue":56,"Ornamental Fan":63,"Bronze Scales":13,"Pandora\u0027s Box":77,"Slimebound:AbsorbEndCombat":0,"Necronomicon":56,"StrikeDummy":69}]},"card_choices":[{"not_picked":["Mayhem","Transmutation"],"picked":"Apotheosis","floor":0},{"not_picked":["Slimebound:TongueLash","Slimebound:LeechEnergy"],"picked":"Slimebound:Nibble","floor":2},{"not_picked":["Slimebound:GoopSpray","Slimebound:SplitAcid"],"picked":"Slimebound:BestDefense","floor":3},{"not_picked":["Slimebound:LeechingTouch","Slimebound:ForwardTackle"],"picked":"Slimebound:FinishingTackle","floor":6},{"not_picked":["Slimebound:GrowthPunch","Slimebound:SplitAcid"],"picked":"Slimebound:ComboTackle","floor":8},{"not_picked":["Slimebound:LeechEnergy","Slimebound:SlimeSpikes"],"picked":"Slimebound:LivingWall","floor":10},{"not_picked":["Slimebound:Schlurp","Slimebound:ComboTackle"],"picked":"Slimebound:PressTheAttack","floor":12},{"not_picked":["Slimebound:SamplingLick","Slimebound:Prepare"],"picked":"Slimebound:HauntingLick","floor":13},{"not_picked":["Slimebound:SplitAcid","Slimebound:DuplicatedForm"],"picked":"Slimebound:ViciousTackle","floor":14},{"not_picked":["Slimebound:Grow","Slimebound:LivingWall"],"picked":"Slimebound:FirmFortitude","floor":15},{"not_picked":["Slimebound:MassRepurpose","Slimebound:Overexert"],"picked":"Slimebound:OozeBath","floor":16},{"not_picked":["Slimebound:BestDefense","Slimebound:TongueLash+1"],"picked":"Slimebound:SplitMire+1","floor":19},{"not_picked":["Slimebound:SplitLeeching","Slimebound:SlimeSpikes"],"picked":"Slimebound:ForwardTackle+1","floor":20},{"not_picked":["Slimebound:TongueLash+1","Slimebound:FirmFortitude"],"picked":"Slimebound:SlimeBrawl+1","floor":22},{"not_picked":["Slimebound:Schlurp+1","Slimebound:SplitAcid","Slimebound:ProtectTheBoss"],"picked":"SKIP","floor":23},{"not_picked":["Slimebound:Grow","Slimebound:SlimeSpikes+1"],"picked":"Slimebound:GoopSpray+1","floor":27},{"not_picked":["Slimebound:Chomp","Slimebound:GrowthPunch"],"picked":"Slimebound:RejuvenatingLick+1","floor":28},{"not_picked":["Slimebound:ItLooksTasty","Slimebound:SplitLeeching","Slimebound:FinishingTackle"],"picked":"SKIP","floor":30},{"not_picked":["Slimebound:FinishingTackle","Slimebound:SplitAcid","Slimebound:SlimeSpikes"],"picked":"SKIP","floor":31},{"not_picked":["Slimebound:Overexert","Slimebound:GoopSpray+1"],"picked":"Slimebound:LeadByExample","floor":32},{"not_picked":["Slimebound:DouseInSlime","Slimebound:Darklings"],"picked":"Slimebound:MassFeed","floor":33},{"not_picked":["Slimebound:FinishingTackle","Slimebound:SplitAcid"],"picked":"Slimebound:SlimeBarrage+1","floor":36},{"not_picked":["Slimebound:Schlurp","Slimebound:GoopSpray"],"picked":"Slimebound:HungryTackle+1","floor":38},{"not_picked":["Slimebound:LeechEnergy+1","Slimebound:RollThrough","Slimebound:Repurpose"],"picked":"SKIP","floor":39},{"not_picked":["Slimebound:GrowthPunch+1","Slimebound:LeechingTouch"],"picked":"Slimebound:SplitAcid+1","floor":43},{"not_picked":["Slimebound:SamplingLick+1","Slimebound:RejuvenatingLick"],"picked":"Slimebound:Recycling","floor":44},{"not_picked":["Slimebound:SplitBruiser","Slimebound:LeechEnergy+1"],"picked":"Slimebound:Gluttony+1","floor":45},{"not_picked":["Slimebound:Recollect","Slimebound:FinishingTackle+1","Slimebound:PressTheAttack"],"picked":"Singing Bowl","floor":46},{"not_picked":["Slimebound:SplitMire","Slimebound:Grow+1","Slimebound:ComboTackle+1"],"picked":"Singing Bowl","floor":48},{"not_picked":["Slimebound:SplitBruiser+1","Slimebound:ComboTackle","Slimebound:Chomp+1"],"picked":"Singing Bowl","floor":49}],"player_experience":345641,"relics_obtained":[{"floor":6,"key":"Anchor"},{"floor":7,"key":"Bronze Scales"},{"floor":8,"key":"PreservedInsect"},{"floor":10,"key":"Potion Belt"},{"floor":14,"key":"Blood Vial"},{"floor":23,"key":"Slimebound:MaxSlimesRelic"},{"floor":26,"key":"Necronomicon"},{"floor":28,"key":"Ornamental Fan"},{"floor":31,"key":"StrikeDummy"},{"floor":41,"key":"Regal Pillow"},{"floor":43,"key":"War Paint"},{"floor":45,"key":"Singing Bowl"},{"floor":48,"key":"Letter Opener"}],"event_choices":[{"damage_healed":0,"gold_gain":0,"player_choice":"Ignored","damage_taken":0,"max_hp_gain":0,"max_hp_loss":0,"event_name":"Vampires","floor":29,"gold_loss":0},{"damage_healed":0,"gold_gain":0,"player_choice":"Forge","damage_taken":0,"max_hp_gain":0,"max_hp_loss":0,"event_name":"Accursed Blacksmith","floor":37,"gold_loss":0,"cards_upgraded":["Slimebound:MassFeed"]}],"is_beta":true,"boss_relics":[{"not_picked":["Philosopher\u0027s Stone","downfall:Hecktoplasm"],"picked":"Slimebound:TarBlob"},{"not_picked":["Snecko Eye","Empty Cage"],"picked":"Pandora\u0027s Box"}],"items_purged_floors":[27],"is_endless":false,"potions_floor_spawned":[3,8,13,15,20,22,28,30,33,38,45,46,48,49],"ascension_level":2}}