{"host":"7nu0fnckee4tlfez","time":1609142181,"event":{"mods":["2.2 Compatiblity","AchievementEnabler","Astrologer","BaseMod","CapriCore","Colored Map","Downfall","Hermit","Lobotomy","Marisa£¨Ùöéë¡¡Øª×âÞÞ£©","Minty Spire (QoL Compilation)","Quick Restart","StSLib","SuperFastMode","The Cursed","The Hierophant","The Immortal"],"gold_per_floor":[99,99,99,99,132,132,203,203,236,236,70,87,87,1,18,115,115,115,134,134,134,146,246,246,246,272,47,66,66,84,84,94,189,189,189,189,26,61,74,74,74,74,92,92,106,106,21,32,49,49,49],"floor_reached":52,"playtime":2801,"items_purged":[],"score":754,"play_id":"24a76fa6-4147-44d0-a365-04a3bd3b2dca","local_time":"20201228165621","is_ascension_mode":false,"campfire_choices":[{"data":"Slimebound:Split","floor":1.0,"key":"SMITH"},{"data":"Slimebound:CorrosiveSpit","floor":3.0,"key":"SMITH"},{"data":"Slimebound:SplitBruiser","floor":6.0,"key":"SMITH"},{"data":"Slimebound:Strike_Slimebound","floor":10.0,"key":"PURGE"},{"data":"Slimebound:MassRepurpose","floor":18.0,"key":"PURGE"},{"data":"Slimebound:FirmFortitude","floor":21.0,"key":"PURGE"},{"floor":25.0,"key":"RECALL"},{"data":"Slimebound:MinionMaster","floor":27.0,"key":"SMITH"},{"data":"Slimebound:MassFeed","floor":35.0,"key":"PURGE"},{"data":"Slimebound:PrepareCrush","floor":40.0,"key":"PURGE"},{"data":"Slimebound:HauntingLick","floor":42.0,"key":"SMITH"},{"data":"Slimebound:SlimeTap","floor":44.0,"key":"SMITH"}],"circlet_count":0,"master_deck":["Slimebound:Tackle","Slimebound:Defend_Slimebound","Slimebound:Defend_Slimebound","Slimebound:Defend_Slimebound+1","Slimebound:Split+1","Slimebound:CorrosiveSpit+1","Slimebound:SplitBruiser+1","Slimebound:Repurpose","Slimebound:Nibble","Slimebound:FinishingTackle","Slimebound:LeechEnergy","Slimebound:SlimeSpikes","Slimebound:Schlurp","Slimebound:SlimeTap+1","Slimebound:HauntingLick+1","Slimebound:MinionMaster+1","Slimebound:ComboTackle+1","Slimebound:SlimeBrawl+1","Slimebound:SplitMire+1","Slimebound:HauntingLick+1","Slimebound:Schlurp+1","Slimebound:HauntingLick","Slimebound:SlimeBarrage"],"relics":["Slimebound:AbsorbEndCombat","downfall:HeartsMalice","downfall:ShatteredFragment","Slimebound:ScrapOozeRelic","InkBottle","Orrery","SlaversCollar","Happy Flower","Nunchaku","downfall:HeartBlessingBlue","downfall:HeartBlessingGreen","downfall:HeartBlessingRed","MutagenicStrength","Busted Crown","Lee\u0027s Waffle","War Paint","Kunai"],"acts_visited":["Exordium","TheCity","TheBeyond"],"potions_floor_usage":[50],"damage_taken":[{"damage":0.0,"enemies":"Cultist","floor":2.0,"turns":1.0},{"damage":0.0,"enemies":"3 Sentries","floor":5.0,"turns":1.0},{"damage":28.0,"enemies":"Lagavulin","floor":9.0,"turns":4.0},{"damage":12.0,"enemies":"downfall:FleeingMerchant","floor":11.0,"turns":4.0},{"damage":4.0,"enemies":"Jaw Worm","floor":12.0,"turns":1.0},{"damage":14.0,"enemies":"downfall:FleeingMerchant","floor":14.0,"turns":4.0},{"damage":7.0,"enemies":"Small Slimes","floor":15.0,"turns":2.0},{"damage":9.0,"enemies":"downfall:CharBossWatcher","floor":16.0,"turns":4.0},{"damage":30.0,"enemies":"Spheric Guardian","floor":19.0,"turns":4.0},{"damage":11.0,"enemies":"3 Byrds","floor":22.0,"turns":3.0},{"damage":4.0,"enemies":"3 Byrds","floor":23.0,"turns":2.0},{"damage":45.0,"enemies":"Gremlin Leader","floor":26.0,"turns":4.0},{"damage":22.0,"enemies":"Cultist and Chosen","floor":28.0,"turns":3.0},{"damage":22.0,"enemies":"Centurion and Healer","floor":30.0,"turns":2.0},{"damage":16.0,"enemies":"Snecko","floor":32.0,"turns":2.0},{"damage":39.0,"enemies":"downfall:CharBossSilent","floor":33.0,"turns":5.0},{"damage":28.0,"enemies":"downfall:FleeingMerchant","floor":37.0,"turns":4.0},{"damage":56.0,"enemies":"Nemesis","floor":38.0,"turns":4.0},{"damage":29.0,"enemies":"3 Darklings","floor":39.0,"turns":2.0},{"damage":12.0,"enemies":"Orb Walker","floor":43.0,"turns":2.0},{"damage":16.0,"enemies":"3 Darklings","floor":45.0,"turns":3.0},{"damage":6,"enemies":"downfall:FleeingMerchant","floor":47,"turns":4},{"damage":11,"enemies":"Writhing Mass","floor":48,"turns":2},{"damage":12,"enemies":"Transient","floor":49,"turns":5},{"damage":35,"enemies":"downfall:CharBossDefect","floor":50,"turns":4}],"seed_played":"-3608568019844143854","potions_obtained":[{"floor":9.0,"key":"Dexterity Potion"},{"floor":12.0,"key":"SkillPotion"},{"floor":19.0,"key":"Energy Potion"},{"floor":23.0,"key":"Fire Potion"},{"floor":32.0,"key":"EntropicBrew"},{"floor":33.0,"key":"PowerPotion"}],"is_trial":false,"path_per_floor":["R","M","R","?","E","R","T","?","E","R","$","M","?","$","M","B",null,"R","M","?","R","M","?","T","R","E","R","M","?","M","?","M","B",null,"R","?","$","E","M","R","T","R","M","R","M","?","$","M","M","B",null,null],"character_chosen":"SLIMEBOUND","items_purchased":["Orrery","Slimebound:SlimeTap","Lee\u0027s Waffle","Slimebound:SlimeBarrage"],"campfire_rested":0,"item_purchase_floors":[11,14,37,47],"current_hp_per_floor":[60,60,60,42,42,42,42,42,32,32,44,48,48,60,59,60,60,60,44,44,44,47,49,49,49,28,38,42,42,46,46,52,51,70,70,70,77,43,44,44,44,44,48,48,62,62,60,65,73,77,77],"gold":49,"neow_bonus":"THREE_ENEMY_KILL","is_daily":false,"chose_seed":false,"campfire_upgraded":6,"win_rate":0.0,"timestamp":1609142181,"path_taken":["R","M","R","?","E","R","T","?","E","R","?","?","?","$","M","BOSS","R","M","?","R","M","?","T","R","E","R","M","?","M","?","M","BOSS","R","?","?","E","?","R","T","R","M","R","M","?","$","M","M","BOSS"],"items_purchased_type":["Relic","Card","Relic","Card"],"build_version":"2020-12-22","purchased_purges":0,"victory":true,"max_hp_per_floor":[60,60,60,60,60,60,60,60,60,60,60,60,60,60,60,60,60,60,60,60,60,60,60,60,60,60,70,70,70,70,70,70,70,70,70,70,77,77,77,77,77,77,77,77,77,77,77,77,77,77,77],"card_choices":[{"not_picked":["Slimebound:LeechingTouch","Slimebound:Gluttony"],"picked":"Slimebound:SplitBruiser","floor":2.0},{"not_picked":["Slimebound:AcidTongue","Slimebound:SamplingLick"],"picked":"Slimebound:Repurpose","floor":5.0},{"not_picked":["Slimebound:SplitBruiser","Slimebound:Gluttony"],"picked":"Slimebound:Nibble","floor":9.0},{"not_picked":["Slimebound:LeechingTouch","Slimebound:SplitLeeching"],"picked":"Slimebound:FirmFortitude","floor":11.0},{"not_picked":["Slimebound:GoopSpray","Slimebound:ItLooksTasty"],"picked":"Slimebound:FinishingTackle","floor":11.0},{"not_picked":["Slimebound:Gluttony","Slimebound:PressTheAttack"],"picked":"Slimebound:LeechEnergy","floor":11.0},{"not_picked":["Slimebound:ViciousTackle","Slimebound:SlimeBarrage"],"picked":"Slimebound:SlimeSpikes","floor":11.0},{"not_picked":["Slimebound:ComboTackle","Slimebound:SlimeTap"],"picked":"Slimebound:MassRepurpose","floor":11.0},{"not_picked":["Slimebound:ViciousTackle","Slimebound:GrowthPunch"],"picked":"Slimebound:Schlurp","floor":12.0},{"not_picked":["Slimebound:RollThrough","Slimebound:FinishingTackle"],"picked":"Slimebound:HauntingLick","floor":15.0},{"not_picked":["Slimebound:Teamwork","Slimebound:MassRepurpose"],"picked":"Slimebound:MinionMaster","floor":16.0},{"not_picked":["Slimebound:Prepare","Slimebound:FlameTackle"],"picked":"Slimebound:ComboTackle+1","floor":19.0},{"not_picked":["Slimebound:GoopTackle","Slimebound:SplitBruiser+1","Slimebound:PressTheAttack+1"],"picked":"SKIP","floor":22.0},{"not_picked":["Slimebound:PrepareCrush","Slimebound:WasteNot"],"picked":"Slimebound:SlimeBrawl+1","floor":23.0},{"not_picked":["Slimebound:ViciousTackle","Slimebound:MegaLick"],"picked":"Slimebound:SplitMire","floor":26.0},{"not_picked":["Slimebound:RollThrough","Slimebound:PressTheAttack+1","Slimebound:GrowthPunch+1"],"picked":"SKIP","floor":28.0},{"not_picked":["Slimebound:SplitLeeching","Slimebound:ItLooksTasty"],"picked":"Slimebound:HauntingLick+1","floor":30.0},{"not_picked":["Slimebound:FinishingTackle","Slimebound:Schlurp","Slimebound:ViciousTackle"],"picked":"SKIP","floor":32.0},{"not_picked":["Slimebound:DouseInSlime","Slimebound:LeechLife"],"picked":"Slimebound:MassFeed","floor":33.0},{"not_picked":["Slimebound:GoopTackle"],"picked":"SKIP","floor":38.0},{"not_picked":[],"picked":"Slimebound:Schlurp+1","floor":39.0},{"not_picked":["Slimebound:Schlurp+1"],"picked":"SKIP","floor":43.0},{"not_picked":[],"picked":"Slimebound:HauntingLick","floor":45.0},{"not_picked":["Slimebound:GrowthPunch"],"picked":"SKIP","floor":48},{"not_picked":["Slimebound:SlimeSpikes"],"picked":"SKIP","floor":49}],"player_experience":68990,"relics_obtained":[{"floor":5.0,"key":"Bag of Preparation"},{"floor":7.0,"key":"Matryoshka"},{"floor":9.0,"key":"InkBottle"},{"floor":24.0,"key":"Happy Flower"},{"floor":26.0,"key":"Nunchaku"},{"floor":38.0,"key":"War Paint"},{"floor":41.0,"key":"Kunai"}],"event_choices":[{"cards_removed":["Slimebound:Strike_Slimebound"],"damage_healed":0.0,"max_hp_gain":0.0,"max_hp_loss":0.0,"gold_gain":0.0,"event_name":"The Cleric","player_choice":"Card Removal","floor":13.0,"gold_loss":0.0,"damage_taken":0.0},{"cards_removed":["Slimebound:Strike_Slimebound"],"damage_healed":0.0,"max_hp_gain":0.0,"max_hp_loss":0.0,"gold_gain":0.0,"event_name":"Back to Basics","player_choice":"Elegance","floor":20.0,"gold_loss":0.0,"damage_taken":0.0},{"damage_healed":0.0,"max_hp_gain":0.0,"max_hp_loss":0.0,"gold_gain":0.0,"event_name":"Vampires","player_choice":"Ignored","floor":29.0,"gold_loss":0.0,"damage_taken":0.0},{"damage_healed":0.0,"max_hp_gain":0.0,"max_hp_loss":0.0,"gold_gain":0.0,"event_name":"Drug Dealer","player_choice":"Inject Mutagens","floor":31.0,"gold_loss":0.0,"damage_taken":0.0,"relics_obtained":["MutagenicStrength"]},{"cards_removed":["Slimebound:Defend_Slimebound"],"damage_healed":0.0,"max_hp_gain":0.0,"max_hp_loss":0.0,"gold_gain":0.0,"event_name":"Purifier","player_choice":"Purged","floor":46.0,"gold_loss":0.0,"damage_taken":0.0}],"is_beta":false,"boss_relics":[{"not_picked":["Fusion Hammer","Black Star"],"picked":"SlaversCollar"},{"not_picked":["Pandora\u0027s Box","Slimebound:AbsorbEndCombatUpgraded"],"picked":"Busted Crown"}],"items_purged_floors":[],"is_endless":false,"potions_floor_spawned":[9,12,19,23,32,33,38,49],"ascension_level":0}}