{"host":"e87rn453naquue3h","time":1609119198,"event":{"mods":["AchievementEnabler","BaseMod","Downfall","Minty Spire (QoL Compilation)","StSLib"],"gold_per_floor":[99,111,128,66,66,66,119,149,164,164,193,210,210,227,239,342,342,342,362,377,377,389,389,389,424,424,455,473,484,409,1,19,132,132,132,144,29,47,62,91,116,131,131,166,179,209,209,227,237,237],"floor_reached":51,"playtime":10968,"items_purged":["hexamod:Strike","hexamod:SpectersWail"],"score":831,"play_id":"2e29eed0-7495-440e-b82b-b53bc22ad279","local_time":"20201227203318","is_ascension_mode":true,"campfire_choices":[{"data":"hexamod:Sear","floor":1.0,"key":"SMITH"},{"data":"hexamod:Incineration","floor":6.0,"key":"SMITH"},{"data":"hexamod:DynamicBlow","floor":10.0,"key":"SMITH"},{"data":"hexamod:HeatCrush","floor":13.0,"key":"SMITH"},{"data":"hexamod:EmpoweringStance","floor":18.0,"key":"SMITH"},{"floor":23.0,"key":"REST"},{"data":"RitualDagger","floor":30,"key":"SMITH"},{"data":"expansioncontent:Corrupt","floor":35,"key":"SMITH"},{"data":"hexamod:SkipABeat","floor":43,"key":"SMITH"},{"floor":47,"key":"DIG"}],"circlet_count":0,"master_deck":["hexamod:Strike+1","hexamod:Strike+1","hexamod:Strike+1","hexamod:Defend+1","hexamod:Defend+1","hexamod:Defend+1","hexamod:Sear+1","hexamod:Float+1","hexamod:HexaLevel+1","hexamod:Hexaguard","hexamod:Incineration+1","hexamod:EmpoweringStance+1","hexamod:Hexaguard+1","hexamod:HeatCrush+1","hexamod:DynamicBlow+1","hexamod:EmpoweredFlame+1","hexamod:SkipABeat+1","RitualDagger+1","hexamod:SkipABeat+1","expansioncontent:Corrupt+1","hexamod:CrushingStance+1","hexamod:SixthSeal","hexamod:TimeWarp+1","hexamod:CatchUp+1","hexamod:EtherealExpedition+1","hexamod:FourthSeal","hexamod:SkipABeat+1","hexamod:ExtraCrispy"],"relics":["hexamod:SpiritBrand","Art of War","Omamori","Unceasing Top","SlaversCollar","Pantograph","Bottled Flame","downfall:HeartBlessingBlue","DollysMirror","hexamod:TheBrokenSeal","Cursed Key","hexamod:TheBrokenSeal","Mercury Hourglass","Juzu Bracelet","CeramicFish","Shovel","Frozen Egg 2"],"acts_visited":["Exordium","TheCity","TheBeyond"],"potions_floor_usage":[27,32,33,38,50,50],"damage_taken":[{"damage":1.0,"enemies":"2 Louse","floor":2.0,"turns":3.0},{"damage":0.0,"enemies":"Cultist","floor":3.0,"turns":3.0},{"damage":0.0,"enemies":"downfall:FleeingMerchant","floor":4.0,"turns":4.0},{"damage":12.0,"enemies":"Lagavulin","floor":8.0,"turns":4.0},{"damage":6.0,"enemies":"Small Slimes","floor":9.0,"turns":3.0},{"damage":14.0,"enemies":"Gremlin Nob","floor":11.0,"turns":3.0},{"damage":0.0,"enemies":"2 Fungi Beasts","floor":12.0,"turns":3.0},{"damage":6.0,"enemies":"Red Slaver","floor":14.0,"turns":3.0},{"damage":0.0,"enemies":"3 Louse","floor":15.0,"turns":3.0},{"damage":27.0,"enemies":"downfall:Defect","floor":16.0,"turns":5.0},{"damage":0.0,"enemies":"Spheric Guardian","floor":19.0,"turns":3.0},{"damage":0.0,"enemies":"Shell Parasite","floor":20.0,"turns":3.0},{"damage":22.0,"enemies":"Sentry and Sphere","floor":22.0,"turns":6.0},{"damage":21.0,"enemies":"Gremlin Leader","floor":25.0,"turns":8.0},{"damage":4,"enemies":"Book of Stabbing","floor":27,"turns":5},{"damage":4,"enemies":"Cultist and Chosen","floor":28,"turns":5},{"damage":0,"enemies":"Snecko","floor":29,"turns":4},{"damage":0,"enemies":"downfall:FleeingMerchant","floor":31,"turns":4},{"damage":52,"enemies":"Chosen and Byrds","floor":32,"turns":10},{"damage":38,"enemies":"downfall:Watcher","floor":33,"turns":7},{"damage":13,"enemies":"3 Shapes","floor":36,"turns":5},{"damage":0,"enemies":"downfall:FleeingMerchant","floor":37,"turns":4},{"damage":6,"enemies":"3 Darklings","floor":38,"turns":5},{"damage":4,"enemies":"Jaw Worm Horde","floor":39,"turns":3},{"damage":15,"enemies":"Nemesis","floor":40,"turns":3},{"damage":8,"enemies":"4 Shapes","floor":42,"turns":3},{"damage":7,"enemies":"Giant Head","floor":44,"turns":6},{"damage":0,"enemies":"Transient","floor":45,"turns":5},{"damage":13,"enemies":"Nemesis","floor":46,"turns":3},{"damage":0,"enemies":"Jaw Worm Horde","floor":48,"turns":3},{"damage":1,"enemies":"4 Shapes","floor":49,"turns":3},{"damage":1,"enemies":"downfall:Ironclad","floor":50,"turns":4}],"seed_played":"-2236915665997373195","potions_obtained":[{"floor":3.0,"key":"Guardian:BlockOnCardUsePotion"},{"floor":9.0,"key":"Fire Potion"},{"floor":12.0,"key":"BlessingOfTheForge"},{"floor":14.0,"key":"SteroidPotion"},{"floor":22.0,"key":"Fire Potion"},{"floor":25.0,"key":"Weak Potion"},{"floor":27,"key":"LiquidBronze"},{"floor":28,"key":"SpeedPotion"},{"floor":32,"key":"Ancient Potion"},{"floor":36,"key":"SneckoOil"},{"floor":37,"key":"Fruit Juice"},{"floor":38,"key":"EssenceOfSteel"},{"floor":40,"key":"champ:CounterPotion"},{"floor":40,"key":"SpeedPotion"},{"floor":42,"key":"LiquidMemories"},{"floor":44,"key":"DuplicationPotion"}],"is_trial":false,"path_per_floor":["R","M","M","$","?","R","T","E","M","R","E","M","R","M","M","B",null,"R","M","M","?","M","R","T","E","?","E","M","M","R","$","M","B",null,"R","M","$","M","M","E","T","M","R","E","M","E","R","M","M","B",null],"character_chosen":"THE_SPIRIT","items_purchased":["hexamod:Hexaguard","DollysMirror","expansioncontent:Corrupt"],"campfire_rested":1,"item_purchase_floors":[4,31,31],"current_hp_per_floor":[63,62,62,62,55,55,55,50,51,51,44,51,51,45,52,25,63,63,63,63,57,35,53,53,39,39,42,45,45,55,62,42,29,83,83,70,77,98,94,79,79,71,71,64,64,51,51,51,50,74],"gold":237,"neow_bonus":"THREE_RARE_CARDS","is_daily":false,"chose_seed":false,"campfire_upgraded":8,"win_rate":0.0,"timestamp":1609119198,"path_taken":["R","M","M","$","?","R","T","E","M","R","E","M","R","M","M","BOSS","R","M","M","?","M","R","T","E","?","E","M","M","R","$","M","BOSS","R","M","$","M","M","E","T","M","R","E","M","E","R","M","M","BOSS"],"items_purchased_type":["Card","Relic","Card"],"build_version":"2020-12-22","purchased_purges":2,"victory":true,"max_hp_per_floor":[63,63,63,63,63,63,63,63,63,63,63,63,63,63,63,63,63,63,63,63,63,63,63,63,63,63,63,63,63,73,73,83,83,83,83,83,83,98,98,98,98,98,98,98,98,98,98,98,98,98],"card_choices":[{"not_picked":["hexamod:EmpoweringStance","hexamod:ParanormalForm"],"picked":"hexamod:HexaLevel","floor":0.0},{"not_picked":["hexamod:AdvancingGuard","hexamod:GhostShield"],"picked":"hexamod:Hexaguard","floor":2.0},{"not_picked":["hexamod:BacktrackSmack","hexamod:BurningTouch"],"picked":"hexamod:Incineration","floor":3.0},{"not_picked":["hexamod:BacktrackSmack","hexamod:FastForward"],"picked":"hexamod:EmpoweringStance","floor":4.0},{"not_picked":["hexamod:ThermalTransfer","hexamod:BurningTouch"],"picked":"hexamod:HeatCrush","floor":8.0},{"not_picked":["hexamod:RainOfEmbers","hexamod:ThermalTransfer"],"picked":"hexamod:DynamicBlow","floor":9.0},{"not_picked":["hexamod:GhostShield","hexamod:Firestarter"],"picked":"hexamod:SpectersWail","floor":11.0},{"not_picked":["hexamod:NightmareGuise","hexamod:GhostOfSpirePast","hexamod:GhostOfSpireFuture"],"picked":"SKIP","floor":12.0},{"not_picked":["hexamod:AdvancingGuard","hexamod:NightmareStrike"],"picked":"hexamod:EmpoweredFlame","floor":14.0},{"not_picked":["hexamod:GhostLash","hexamod:SwordOfDarkness","hexamod:AdvancingGuard"],"picked":"SKIP","floor":15.0},{"not_picked":["hexamod:ParanormalForm","hexamod:WildfireWeapon"],"picked":"hexamod:SixthSeal","floor":16.0},{"not_picked":["hexamod:PowerFromBeyond","hexamod:Hexaguard+1"],"picked":"hexamod:SkipABeat","floor":19.0},{"not_picked":["hexamod:GhostOfSpirePresent","hexamod:SpectralAdrenaline"],"picked":"hexamod:FourthSeal","floor":20.0},{"not_picked":["hexamod:GhostLash","hexamod:BurningTouch+1","hexamod:FirstSeal"],"picked":"SKIP","floor":22.0},{"not_picked":["hexamod:Haunt","hexamod:AdvancingGuard+1"],"picked":"hexamod:FifthSeal","floor":25.0},{"not_picked":["hexamod:ThirdSeal","hexamod:FourthSeal"],"picked":"hexamod:SecondSeal","floor":27},{"not_picked":["hexamod:FastForward","hexamod:ShieldOfDarkness"],"picked":"hexamod:ThirdSeal","floor":27},{"not_picked":["hexamod:InspiringFlames+1","hexamod:EtherealExpedition"],"picked":"hexamod:SkipABeat+1","floor":28},{"not_picked":["hexamod:FirstSeal","hexamod:ThirdSeal"],"picked":"hexamod:FourthSeal","floor":29},{"not_picked":["hexamod:BurningTouch+1","hexamod:GhostOfSpirePresent+1","hexamod:SpectersWail+1"],"picked":"SKIP","floor":29},{"not_picked":["hexamod:HauntingEcho+1","hexamod:Again+1","hexamod:NightmareStrike+1"],"picked":"SKIP","floor":29},{"not_picked":["hexamod:UnleashSpirits","hexamod:GhostLash"],"picked":"hexamod:SixthSeal","floor":31},{"not_picked":["hexamod:FirstSeal","hexamod:FourthSeal"],"picked":"hexamod:ThirdSeal","floor":31},{"not_picked":["hexamod:FastForward","hexamod:SwordOfDarkness","hexamod:HauntingEcho"],"picked":"SKIP","floor":31},{"not_picked":["hexamod:ThirdSeal","hexamod:FastForward"],"picked":"hexamod:CrushingStance","floor":32},{"not_picked":["hexamod:SixthSeal","hexamod:FourthSeal"],"picked":"hexamod:SecondSeal","floor":32},{"not_picked":["hexamod:ThirdSeal","hexamod:AdvancingGuard","hexamod:RadiantFlame"],"picked":"SKIP","floor":32},{"not_picked":["hexamod:FlamesFromBeyond","hexamod:GhostOfSpireFuture","hexamod:HeatMetal"],"picked":"SKIP","floor":32},{"not_picked":["hexamod:FourthSeal","hexamod:SecondSeal"],"picked":"hexamod:SixthSeal","floor":33},{"not_picked":["hexamod:ParanormalForm","hexamod:TurnItUp"],"picked":"hexamod:TimeWarp","floor":33},{"not_picked":["hexamod:GhostShield","hexamod:ThermalTransfer+1"],"picked":"hexamod:CatchUp+1","floor":36},{"not_picked":["hexamod:SixthSeal","hexamod:ThirdSeal"],"picked":"hexamod:FirstSeal","floor":36},{"not_picked":["hexamod:RainOfEmbers","hexamod:ThermalTransfer","hexamod:SwordOfDarkness+1"],"picked":"SKIP","floor":36},{"not_picked":["hexamod:NightmareStrike+1","hexamod:ThermalTransfer+1"],"picked":"hexamod:EtherealExpedition+1","floor":37},{"not_picked":["hexamod:SecondSeal","hexamod:SixthSeal"],"picked":"hexamod:FourthSeal","floor":37},{"not_picked":["hexamod:NightmareGuise+1","hexamod:Hexaguard","hexamod:InspiringFlames"],"picked":"SKIP","floor":37},{"not_picked":["hexamod:RainOfEmbers","hexamod:GhostShield+1","hexamod:UnleashSpirits"],"picked":"SKIP","floor":38},{"not_picked":["hexamod:Firestarter","hexamod:RetreatToShadows+1","hexamod:ChargedBarrage"],"picked":"SKIP","floor":38},{"not_picked":["hexamod:NightmareStrike","hexamod:ChargedBarrage","hexamod:InspiringFlames"],"picked":"SKIP","floor":39},{"not_picked":["hexamod:NightmareStrike+1","hexamod:SkipABeat","hexamod:NightmareGuise+1"],"picked":"SKIP","floor":40},{"not_picked":["hexamod:NightmareStrike","hexamod:AdvancingGuard"],"picked":"hexamod:SkipABeat","floor":42},{"not_picked":["hexamod:Haunt+1","hexamod:FifthSeal"],"picked":"hexamod:ExtraCrispy","floor":44},{"not_picked":["hexamod:NightmareStrike+1","hexamod:GhostOfSpirePresent","hexamod:HeatMetal+1"],"picked":"SKIP","floor":45},{"not_picked":["hexamod:NightmareGuise","hexamod:GhostflameBarrier+1","hexamod:ShieldOfDarkness"],"picked":"SKIP","floor":46},{"not_picked":["hexamod:Haunt+1","hexamod:RetreatToShadows","hexamod:SwordOfDarkness+1"],"picked":"SKIP","floor":48},{"not_picked":["hexamod:GhostShield+1","hexamod:NightmareStrike+1","hexamod:HeatShield"],"picked":"SKIP","floor":49}],"player_experience":2408974,"relics_obtained":[{"floor":7.0,"key":"Art of War"},{"floor":8.0,"key":"Omamori"},{"floor":11.0,"key":"Unceasing Top"},{"floor":25.0,"key":"Pantograph"},{"floor":27,"key":"Bottled Flame"},{"floor":40,"key":"Mercury Hourglass"},{"floor":41,"key":"Juzu Bracelet"},{"floor":44,"key":"CeramicFish"},{"floor":46,"key":"Shovel"},{"floor":47,"key":"Frozen Egg 2"}],"event_choices":[{"cards_removed":["hexamod:Defend"],"damage_healed":0.0,"max_hp_gain":0.0,"max_hp_loss":0.0,"gold_gain":0.0,"event_name":"Purifier","player_choice":"Purged","floor":26.0,"gold_loss":0.0,"damage_taken":0.0}],"is_beta":false,"boss_relics":[{"not_picked":["Velvet Choker","hexamod:IceCube"],"picked":"SlaversCollar"},{"not_picked":["SacredBark","Tiny House"],"picked":"Cursed Key"}],"items_purged_floors":[31,37],"is_endless":false,"potions_floor_spawned":[3,9,12,14,15,22,28,29,38,40,42,46],"ascension_level":1}}