{"host":"e4jlzdgap3yn3qj8","time":1609121691,"event":{"mods":["AchievementEnabler","BaseMod","Block Reminder","Colored Powertips","Curses Come First","Downfall","Highlight Path","Minty Spire (QoL Compilation)","Quick Restart","Random Character Button","Rare Cards Sparkle","StSLib"],"gold_per_floor":[99,119,132,150,195,210,280,205,224,224,99,99,49,82,98,200,200,150,170,183,183,15,15,15,48,61,121,134,201,251,269,287,389,389,389,389],"floor_reached":34,"playtime":2422,"items_purged":[],"score":428,"play_id":"6b0f7010-e726-4d5d-a5d9-5e32848a7dab","local_time":"20201227211451","is_ascension_mode":false,"campfire_choices":[{"floor":1.0,"key":"RECALL"},{"floor":8.0,"key":"REST"},{"floor":11.0,"key":"REST"},{"floor":13.0,"key":"REST"},{"data":"Slimebound:Split","floor":18.0,"key":"SMITH"}],"circlet_count":0,"master_deck":["Slimebound:Strike_Slimebound","Slimebound:Strike_Slimebound","Slimebound:Tackle","Slimebound:Defend_Slimebound","Slimebound:Defend_Slimebound","Slimebound:Defend_Slimebound","Slimebound:Defend_Slimebound","Slimebound:Split+1","Slimebound:CorrosiveSpit","Slimebound:SamplingLick","Slimebound:FinishingTackle","Slimebound:GrowthPunch","Slimebound:SplitLeeching","Slimebound:Schlurp","Slimebound:Schlurp","Slimebound:SlimeSpikes","Slimebound:LeechLife","CurseOfTheBell","Slimebound:SplitAcid","Slimebound:ForwardTackle","Slimebound:SlimeSpikes+1","Slimebound:GoopSpray","Slimebound:MinionMaster","Slimebound:Prepare","Slimebound:LeechingTouch","Slimebound:RejuvenatingLick+1","Slimebound:MassRepurpose"],"relics":["Slimebound:AbsorbEndCombat","Bottled Lightning","downfall:HeartBlessingBlue","Slimebound:GreedOozeRelic","downfall:HeartBlessingRed","Darkstone Periapt","Calling Bell","Smiling Mask","Meat on the Bone","Mango","Strange Spoon","SsserpentHead","Mercury Hourglass","Nunchaku"],"acts_visited":["Exordium","TheCity"],"potions_floor_usage":[],"damage_taken":[{"damage":21.0,"enemies":"Cultist","floor":2.0,"turns":6.0},{"damage":5.0,"enemies":"Small Slimes","floor":3.0,"turns":3.0},{"damage":16.0,"enemies":"2 Louse","floor":4.0,"turns":3.0},{"damage":29.0,"enemies":"Exordium Wildlife","floor":6.0,"turns":5.0},{"damage":27.0,"enemies":"Gremlin Gang","floor":9.0,"turns":6.0},{"damage":27.0,"enemies":"Gremlin Nob","floor":14.0,"turns":4.0},{"damage":18.0,"enemies":"Lots of Slimes","floor":15.0,"turns":4.0},{"damage":39.0,"enemies":"downfall:Ironclad","floor":16.0,"turns":9.0},{"damage":26.0,"enemies":"3 Byrds","floor":19.0,"turns":5.0},{"damage":23.0,"enemies":"Spheric Guardian","floor":20.0,"turns":4.0},{"damage":12.0,"enemies":"downfall:FleeingMerchant","floor":22.0,"turns":4.0},{"damage":77.0,"enemies":"Slavers","floor":25.0,"turns":4.0},{"damage":16.0,"enemies":"Chosen and Byrds","floor":26.0,"turns":4.0},{"damage":44.0,"enemies":"Shelled Parasite and Fungi","floor":27.0,"turns":6.0},{"damage":25.0,"enemies":"Centurion and Healer","floor":28.0,"turns":8.0},{"damage":23.0,"enemies":"3 Cultists","floor":29.0,"turns":5.0},{"damage":17.0,"enemies":"Snake Plant","floor":31.0,"turns":3.0},{"damage":21.0,"enemies":"Snecko","floor":32.0,"turns":5.0},{"damage":59.0,"enemies":"downfall:Defect","floor":33.0,"turns":9.0}],"seed_played":"-7584537069712924361","potions_obtained":[{"floor":3.0,"key":"Ancient Potion"},{"floor":4.0,"key":"Ancient Potion"},{"floor":15.0,"key":"Slimebound:SpawnSlimePotion"},{"floor":19.0,"key":"BlessingOfTheForge"},{"floor":26.0,"key":"SteroidPotion"},{"floor":27.0,"key":"Regen Potion"},{"floor":28.0,"key":"Slimebound:SlimedPotion"},{"floor":29.0,"key":"FearPotion"},{"floor":32.0,"key":"Strength Potion"}],"is_trial":false,"path_per_floor":["R","M","M","M","T","M","T","R","M","?","R","?","R","E","M","B",null,"R","M","M","?","$","?","T","E","M","M","M","M","?","M","M","B",null],"character_chosen":"SLIMEBOUND","items_purchased":["Strange Spoon"],"campfire_rested":3,"item_purchase_floors":[22],"current_hp_per_floor":[66,53,56,44,44,25,25,57,42,42,64,64,76,60,54,35,96,96,82,73,73,77,77,77,36,44,30,51,68,68,90,89,66,66,66,66],"gold":389,"neow_bonus":"TEN_PERCENT_HP_BONUS","is_daily":false,"chose_seed":false,"campfire_upgraded":1,"win_rate":0.0,"timestamp":1609121691,"path_taken":["R","M","M","M","?","M","T","R","M","?","R","?","R","E","M","BOSS","R","M","M","?","$","?","T","E","M","?","M","?","?","M","M","BOSS"],"items_purchased_type":["Relic"],"build_version":"2020-12-22","purchased_purges":0,"victory":false,"max_hp_per_floor":[66,66,66,66,66,66,66,76,76,76,76,76,76,76,76,76,96,96,96,96,96,96,96,96,96,96,96,96,96,96,96,96,96,96,96,96],"card_choices":[{"not_picked":["Slimebound:SplitMire","Slimebound:Chomp"],"picked":"Slimebound:SamplingLick","floor":2.0},{"not_picked":["Slimebound:Dissolve","Slimebound:SplitMire"],"picked":"Slimebound:FinishingTackle","floor":3.0},{"not_picked":["Slimebound:FirmFortitude","Slimebound:LevelUp"],"picked":"Slimebound:GrowthPunch","floor":4.0},{"not_picked":["Slimebound:SlimeBrawl","Slimebound:SlimeBarrage"],"picked":"Slimebound:SplitLeeching","floor":6.0},{"not_picked":["Slimebound:PressTheAttack","Slimebound:GrowthPunch"],"picked":"Slimebound:Schlurp","floor":9.0},{"not_picked":["Slimebound:FinishingTackle","Slimebound:Grow"],"picked":"Slimebound:Schlurp","floor":14.0},{"not_picked":["Slimebound:LeechEnergy","Slimebound:RallyTheTroops"],"picked":"Slimebound:SlimeSpikes","floor":15.0},{"not_picked":["Slimebound:Overexert","Slimebound:WasteNot"],"picked":"Slimebound:LeechLife","floor":16.0},{"not_picked":["Slimebound:FinishingTackle","Slimebound:Schlurp+1","Slimebound:SplitLeeching"],"picked":"SKIP","floor":19.0},{"not_picked":["Slimebound:LeechEnergy+1","Slimebound:FlameTackle"],"picked":"Slimebound:SplitAcid","floor":20.0},{"not_picked":["Slimebound:GrowthPunch","Slimebound:Schlurp+1"],"picked":"Slimebound:ForwardTackle","floor":22.0},{"not_picked":["Slimebound:SplitBruiser+1","Slimebound:SamplingLick"],"picked":"Slimebound:SlimeSpikes+1","floor":25.0},{"not_picked":["Slimebound:SplitAcid+1","Slimebound:PressTheAttack"],"picked":"Slimebound:GoopSpray","floor":26.0},{"not_picked":["Slimebound:PressTheAttack","Slimebound:ViciousTackle","Slimebound:SplitBruiser"],"picked":"SKIP","floor":27.0},{"not_picked":["Slimebound:DisruptingSlam","Slimebound:LeechEnergy+1"],"picked":"Slimebound:MinionMaster","floor":28.0},{"not_picked":["Slimebound:SplitAcid","Slimebound:Schlurp"],"picked":"Slimebound:Prepare","floor":29.0},{"not_picked":["Slimebound:PressTheAttack+1","Slimebound:FormOfPuddle+1"],"picked":"Slimebound:LeechingTouch","floor":31.0},{"not_picked":["Slimebound:ForwardTackle","Slimebound:RollThrough+1"],"picked":"Slimebound:RejuvenatingLick+1","floor":32.0},{"not_picked":["Slimebound:SlimeSlap","Slimebound:RallyTheTroops"],"picked":"Slimebound:MassRepurpose","floor":33.0}],"player_experience":30881,"relics_obtained":[{"floor":7.0,"key":"Bottled Lightning"},{"floor":14.0,"key":"Darkstone Periapt"},{"floor":17.0,"key":"Smiling Mask"},{"floor":17.0,"key":"Meat on the Bone"},{"floor":17.0,"key":"Mango"},{"floor":24.0,"key":"Mercury Hourglass"},{"floor":25.0,"key":"Nunchaku"}],"event_choices":[{"damage_healed":0.0,"max_hp_gain":0.0,"max_hp_loss":0.0,"gold_gain":0.0,"event_name":"Ghosts","player_choice":"Ignored","floor":21.0,"gold_loss":0.0,"damage_taken":0.0},{"damage_healed":0.0,"max_hp_gain":0.0,"max_hp_loss":0.0,"gold_gain":0.0,"event_name":"FaceTrader","player_choice":"Trade","floor":23.0,"gold_loss":0.0,"damage_taken":0.0,"relics_obtained":["SsserpentHead"]},{"cards_removed":["Slimebound:Strike_Slimebound"],"damage_healed":0.0,"max_hp_gain":0.0,"max_hp_loss":0.0,"gold_gain":0.0,"event_name":"Wheel of Change","player_choice":"Card Removal","floor":30.0,"gold_loss":0.0,"damage_taken":0.0}],"is_beta":false,"boss_relics":[{"not_picked":["Busted Crown","Astrolabe"],"picked":"Calling Bell"}],"items_purged_floors":[],"is_endless":false,"potions_floor_spawned":[3,4,15,19,26,27,28,29,32],"ascension_level":0}}