{"host":"grli52lbdph2722t","time":1609185280,"event":{"mods":["AchievementEnabler","BaseMod","Downfall","Minty Spire (QoL Compilation)","Quick Restart","StSLib"],"gold_per_floor":[99,99,99,99,99,134,185,200,219,246,246,246,246,78,92,92,92,92],"floor_reached":16,"playtime":480,"items_purged":["champ:Strike"],"score":197,"play_id":"ce101ac3-b30f-4313-bb3c-a7369cb5868e","local_time":"20201228205440","is_ascension_mode":true,"campfire_choices":[{"data":"champ:Taunt","floor":1,"key":"SMITH"},{"floor":11,"key":"REST"},{"data":"champ:RecklessLeap","floor":13,"key":"SMITH"}],"circlet_count":0,"master_deck":["AscendersBane","champ:Strike","champ:Defend","champ:Defend","champ:Defend","champ:Defend","champ:Execute","champ:Taunt+1","champ:FocusedGladiator","champ:EnragedBash","champ:DefensiveShout","champ:Duel","champ:RecklessLeap+1","champ:Balance","champ:DefensiveStyle","champ:IronFortress","champ:FalseCounter"],"relics":["champ:ChampionCrown","downfall:HeartsMalice","downfall:ShatteredFragment","champ:DefensiveTrainingManual","Akabeko","Toy Ornithopter"],"acts_visited":["Exordium"],"potions_floor_usage":[10,16,16],"damage_taken":[{"damage":0,"enemies":"Cultist","floor":2,"turns":1},{"damage":0,"enemies":"Small Slimes","floor":4,"turns":1},{"damage":0,"enemies":"3 Sentries","floor":6,"turns":1},{"damage":3,"enemies":"2 Louse","floor":8,"turns":2},{"damage":6,"enemies":"Red Slaver","floor":9,"turns":4},{"damage":47,"enemies":"Lagavulin","floor":10,"turns":6},{"damage":24,"enemies":"downfall:FleeingMerchant","floor":14,"turns":4},{"damage":0,"enemies":"3 Louse","floor":15,"turns":3},{"damage":68,"enemies":"downfall:Ironclad","floor":16,"turns":5}],"seed_played":"-2102643944218451711","potions_obtained":[{"floor":6,"key":"Dexterity Potion"},{"floor":8,"key":"SkillPotion"},{"floor":9,"key":"sneckomod:MuddlingPotion"}],"is_trial":false,"path_per_floor":["R","M","?","M","?","E","T","M","M","E","R","?","R","$","M","B"],"character_chosen":"THE_CHAMP","items_purchased":["champ:IronFortress"],"campfire_rested":1,"item_purchase_floors":[14],"current_hp_per_floor":[81,81,54,54,54,54,54,53,49,28,55,55,55,55,55,0,0,0],"gold":92,"neow_bonus":"THREE_ENEMY_KILL","is_daily":false,"chose_seed":false,"campfire_upgraded":2,"win_rate":0.0,"timestamp":1609185280,"path_taken":["R","M","?","M","?","E","T","M","?","E","R","?","R","$","M","BOSS"],"items_purchased_type":["Card"],"build_version":"2020-12-22","purchased_purges":1,"victory":false,"max_hp_per_floor":[90,90,90,90,90,90,90,90,90,90,90,90,90,90,90,90,90,90],"card_choices":[{"not_picked":["champ:Riposte","champ:Lariat"],"picked":"champ:FocusedGladiator","floor":2},{"not_picked":["champ:SkillfulDodge","champ:DefensiveShout","champ:FightOn"],"picked":"SKIP","floor":4},{"not_picked":["champ:RisingSlash","champ:HeavySlash"],"picked":"champ:DefensiveShout","floor":6},{"not_picked":["champ:ArenaPreparation","champ:GutPunch"],"picked":"champ:Duel","floor":8},{"not_picked":["champ:Lariat","champ:Backstep"],"picked":"champ:RecklessLeap","floor":9},{"not_picked":["champ:FocusedBerserking","champ:GutPunch"],"picked":"champ:Balance","floor":10},{"not_picked":["champ:Duel","champ:FlashCut"],"picked":"champ:DefensiveStyle","floor":14},{"not_picked":["champ:StanceDance","champ:PerfectedStrike"],"picked":"champ:FalseCounter","floor":15}],"player_experience":4897303,"relics_obtained":[{"floor":6,"key":"champ:DefensiveTrainingManual"},{"floor":7,"key":"Akabeko"},{"floor":10,"key":"Toy Ornithopter"}],"event_choices":[{"damage_healed":0,"gold_gain":0,"cards_transformed":["champ:Strike"],"player_choice":"Transformed","damage_taken":0,"max_hp_gain":0,"max_hp_loss":0,"event_name":"Transmorgrifier","floor":5,"gold_loss":0,"cards_obtained":["champ:EnragedBash"]},{"cards_removed":["champ:Strike"],"damage_healed":0,"gold_gain":0,"player_choice":"Purged","damage_taken":0,"max_hp_gain":0,"max_hp_loss":0,"event_name":"Purifier","floor":12,"gold_loss":0}],"is_beta":false,"boss_relics":[],"items_purged_floors":[14],"is_endless":false,"potions_floor_spawned":[6,8,9],"killed_by":"downfall:Ironclad","ascension_level":10}}