{"host":"9s40qwdfo6o6xlx0","time":1609129642,"event":{"mods":["ATMod(°¢èªMod)","BaseMod","Highlight Path","Minty Spire (QoL Compilation)","Replay The Spire","StSLib"],"gold_per_floor":[117,392,406,406,419,419,446,541,564,575,593,28,47,47,47,47,47],"floor_reached":16,"playtime":815,"items_purged":["Regret"],"score":102,"play_id":"b510fbbe-292c-45c9-8602-237d955d617c","local_time":"20201228122722","is_ascension_mode":false,"campfire_choices":[{"data":"Loop","floor":6,"key":"SMITH"}],"circlet_count":0,"master_deck":["Strike_B","Strike_B","Strike_B","Defend_B","Defend_B","Defend_B","Defend_B","Zap","Dualcast","Replay:Sssssssssstrike","Self Repair","Loop+1","Conserve Battery+1","Coolheaded","ReplayTheSpireMod:Splinters","Pot Of Greed","Pot Of Greed","Panic Button","AT_DarkMatter","Coolheaded","Turbo","Aggregate","FIFO Queue","Streamline","Pot Of Greed","Beam Cell","Redo"],"relics":["Cracked Core","AT_ATBox","Boot","Regal Pillow","Grinning Jar","Bag of Marbles","Snack Pack"],"acts_visited":["Exordium"],"potions_floor_usage":[16,16],"damage_taken":[{"damage":7,"enemies":"2 Louse","floor":1,"turns":2},{"damage":3,"enemies":"Cultist","floor":3,"turns":3},{"damage":2,"enemies":"Small Slimes","floor":5,"turns":3},{"damage":30,"enemies":"3 Sentries","floor":7,"turns":6},{"damage":8,"enemies":"2 Fungi Beasts","floor":10,"turns":4},{"damage":17,"enemies":"Large Slime","floor":11,"turns":3},{"damage":12,"enemies":"3 Louse","floor":13,"turns":3},{"damage":64,"enemies":"Fading Forest","floor":16,"turns":11}],"seed_played":"-2049019206761373394","potions_obtained":[{"floor":3,"key":"LiquidBronze"},{"floor":5,"key":"Fire Potion"},{"floor":13,"key":"SkillPotion"}],"is_trial":false,"path_per_floor":["M","?","M","?","M","R","E","?","T","M","M","$","M","?","R","B"],"character_chosen":"DEFECT","items_purchased":["Snack Pack","Aggregate","FIFO Queue","Streamline","Beam Cell"],"campfire_rested":0,"item_purchase_floors":[12,12,12,12,12],"current_hp_per_floor":[68,68,72,47,52,52,29,29,29,28,18,18,13,13,50,0,0],"gold":47,"neow_bonus":"RANDOM_COLORLESS","is_daily":false,"chose_seed":false,"campfire_upgraded":1,"win_rate":0.0,"timestamp":1609129642,"path_taken":["M","?","?","?","M","R","E","?","T","M","M","$","M","?","R","BOSS"],"items_purchased_type":["Relic","Card","Card","Card","Card"],"build_version":"2020-12-22","purchased_purges":1,"victory":false,"max_hp_per_floor":[75,75,75,75,75,75,75,75,75,75,75,75,75,75,75,75,75],"card_choices":[{"not_picked":["AT_PowerWithin","Mind Blast"],"picked":"Replay:Sssssssssstrike","floor":0},{"not_picked":["Go for the Eyes","ReplayTheSpireMod:Repulse"],"picked":"Self Repair","floor":1},{"not_picked":["Cold Snap","BasicCrystalCard"],"picked":"Loop","floor":3},{"not_picked":["ReplayTheSpireMod:Repulse","BootSequence"],"picked":"Conserve Battery","floor":5},{"not_picked":["Redo","Undo"],"picked":"Coolheaded","floor":7},{"not_picked":["ReplayTheSpireMod:GoodbyeWorld","Stack"],"picked":"Panic Button","floor":8},{"not_picked":["Leap","Steam Power"],"picked":"AT_DarkMatter","floor":8},{"not_picked":["AT_HeatAcrobatics","Redo"],"picked":"Coolheaded","floor":10},{"not_picked":["AT_HeatAcrobatics","Conserve Battery"],"picked":"Turbo","floor":11},{"not_picked":["Lockon","Compile Driver"],"picked":"Redo","floor":13}],"player_experience":31243,"relics_obtained":[{"floor":7,"key":"Regal Pillow"},{"floor":8,"key":"Grinning Jar"},{"floor":9,"key":"Bag of Marbles"}],"event_choices":[{"damage_healed":0,"gold_gain":275,"player_choice":"Desecrate","damage_taken":0,"max_hp_gain":0,"max_hp_loss":0,"event_name":"Golden Shrine","floor":2,"gold_loss":0,"cards_obtained":["Regret"]},{"damage_healed":0,"gold_gain":0,"player_choice":"Success","damage_taken":25,"relics_obtained":["Boot"],"max_hp_gain":0,"max_hp_loss":0,"event_name":"Scrap Ooze","floor":4,"gold_loss":0},{"cards_removed":["Strike_B"],"damage_healed":0,"gold_gain":0,"player_choice":"Purged","damage_taken":0,"max_hp_gain":0,"max_hp_loss":0,"event_name":"Purifier","floor":14,"gold_loss":0}],"is_beta":false,"boss_relics":[],"items_purged_floors":[12],"is_endless":false,"potions_floor_spawned":[3,5,13],"killed_by":"Fading Forest","ascension_level":0}}