{"host":"dd2mx3pm3ovi0t1n","time":1609117085,"event":{"mods":["2.2 Compatiblity","AchievementEnabler","Aspiration","BaseMod","Beaked The Cultist","Better Altar","Better Match","Better Note","Better Sensory Stone","Better Skull","Better Third Choice","BetterRewards","Colored Map","Colored Powertips","Conspire","Defuse TimeMaze Blight","Downfall","Energized Spire","Friendly Minions","GifTheSpireLib","Halation","Highlight Path","HololiveMod","Hubris","Infinite Spire","Jedi Mod","Minty Spire (QoL Compilation)","Permanent Neow","Quick Restart","Replay The Spire","Shop Mod","Spicy Shops","Spikes Relics","StSLib","Stuff the Spire","TestMod","The Construct","The Disciple","Wandering Minibosses","vexMod","????"],"gold_per_floor":[119,139,3,14,14,14,24,54,79,109,109,121,121,132,57,57,57],"floor_reached":16,"playtime":860,"items_purged":["Defend_R"],"score":144,"play_id":"ae092bce-d0b8-4514-acb8-e8e980cbb8aa","local_time":"20201227165805","is_ascension_mode":true,"campfire_choices":[{"data":"Havoc","floor":6.0,"key":"SMITH"},{"data":"HalloweenModCandy","floor":11,"key":"SMITH"}],"circlet_count":0,"master_deck":["Strike_R","Strike_R","Strike_R","Strike_R","Strike_R","Defend_R","Defend_R","Defend_R","Bash","HalloweenModGhostCostume","HalloweenModCandy+1","Havoc+1","HalloweenModGhostCostume","HalloweenModCandy+1","HalloweenModTrick"],"relics":["Burning Blood","testmod-TestBox","HalloweenModHalloween","Blue Candle","aspiration:Nostalgia","m_GuardianBlood","Pocketwatch","Centennial Puzzle","Pen Nib","RetroEgg","Charon\u0027s Ashes"],"acts_visited":["Exordium"],"potions_floor_usage":[8,10,12],"damage_taken":[{"damage":8.0,"enemies":"2 Louse","floor":1.0,"turns":4.0},{"damage":10.0,"enemies":"Cultist","floor":2.0,"turns":4.0},{"damage":11.0,"enemies":"Jaw Worm","floor":4.0,"turns":3.0},{"damage":47,"enemies":"Lots of Slimes","floor":7,"turns":5},{"damage":15,"enemies":"3 Sentries","floor":8,"turns":4},{"damage":43,"enemies":"Lagavulin","floor":10,"turns":6},{"damage":8,"enemies":"Gremlin Gang","floor":12,"turns":4},{"damage":17,"enemies":"Exordium Thugs","floor":14,"turns":3},{"damage":99,"enemies":"Fading Forest","floor":16,"turns":9}],"seed_played":"-1995144869475309782","potions_obtained":[{"floor":2.0,"key":"Swift Potion"},{"floor":4.0,"key":"SneckoOil"},{"floor":10,"key":"Fire Potion"}],"is_trial":false,"path_per_floor":["M","M","$","M","?","R","M","E","T","E","R","M","T","M","R","B"],"character_chosen":"IRONCLAD","items_purchased":["Havoc","Charon\u0027s Ashes"],"campfire_rested":0,"item_purchase_floors":[3,15],"current_hp_per_floor":[80,80,80,80,80,80,56,69,69,50,50,62,62,77,77,0,0],"gold":57,"neow_bonus":"NOSTALGIA","is_daily":false,"chose_seed":false,"campfire_upgraded":2,"win_rate":0.0,"timestamp":1609117085,"path_taken":["M","M","$","M","?","R","M","E","T","E","R","?","?","?","R","BOSS"],"items_purchased_type":["Card","Relic"],"build_version":"2020-12-22","purchased_purges":1,"victory":false,"max_hp_per_floor":[80,80,80,80,80,80,80,80,80,80,80,80,80,80,80,80,80],"card_choices":[{"not_picked":["HalloweenModCandy","HalloweenModTrick"],"picked":"HalloweenModGhostCostume","floor":1.0},{"not_picked":["HalloweenModTrick","HalloweenModGhostCostume"],"picked":"HalloweenModCandy","floor":2.0},{"not_picked":["HalloweenModCandy","HalloweenModTrick"],"picked":"HalloweenModGhostCostume","floor":4.0},{"not_picked":["HalloweenModTrick","HalloweenModGhostCostume"],"picked":"HalloweenModCandy","floor":7},{"not_picked":["HalloweenModGhostCostume","HalloweenModCandy"],"picked":"HalloweenModTrick","floor":8},{"not_picked":["HalloweenModTrick","HalloweenModGhostCostume","HalloweenModCandy"],"picked":"SKIP","floor":10},{"not_picked":["HalloweenModGhostCostume","HalloweenModCandy","HalloweenModTrick"],"picked":"SKIP","floor":12},{"not_picked":["HalloweenModGhostCostume","HalloweenModCandy","HalloweenModTrick"],"picked":"SKIP","floor":14}],"player_experience":450416,"relics_obtained":[{"floor":8,"key":"Pocketwatch"},{"floor":9,"key":"Centennial Puzzle"},{"floor":10,"key":"Pen Nib"},{"floor":13,"key":"RetroEgg"}],"event_choices":[{"damage_healed":0.0,"max_hp_gain":0.0,"max_hp_loss":0.0,"gold_gain":0.0,"event_name":"Accursed Blacksmith","player_choice":"Forge","floor":5.0,"gold_loss":0.0,"damage_taken":0.0,"cards_upgraded":["HalloweenModCandy"]}],"is_beta":false,"boss_relics":[],"items_purged_floors":[3],"is_endless":false,"potions_floor_spawned":[2,4,10],"killed_by":"Fading Forest","ascension_level":1}}