{"host":"k0kjm4m87pwj4phr","time":1609139871,"event":{"mods":["Arknights The Spire","BaseMod","Colored Map","Colored Powertips","Minty Spire (QoL Compilation)","Permanent Neow","Quick Restart","Relic Stats","StSLib"],"gold_per_floor":[133,223,258,289,358,387,134,84,126,169,169,169,169,169],"floor_reached":13,"playtime":390,"items_purged":["Writhe"],"score":83,"play_id":"fdfb5c80-878e-4b16-b967-c69ac176c16f","local_time":"20201228151751","is_ascension_mode":false,"campfire_choices":[],"circlet_count":0,"master_deck":["ats:Strike C","ats:Strike G","ats:Strike S","ats:Strike V","ats:Armor Crushing Shot","ats:Defend+1","ats:Defend+1","ats:Defend","ats:Emotion Absorption","ats:Poison Spread","ats:Demon Strength","ats:Thorns","Apotheosis+1","ats:Rat Pack"],"relics":["ats:Sanity","ats:Gyao","Anchor","ats:Originium","War Paint"],"acts_visited":["Exordium"],"potions_floor_usage":[10,13],"damage_taken":[{"damage":2,"enemies":"Small Slimes","floor":1,"turns":4},{"damage":11,"enemies":"Jaw Worm","floor":3,"turns":5},{"damage":1,"enemies":"Cultist","floor":4,"turns":3},{"damage":22,"enemies":"Exordium Thugs","floor":6,"turns":4},{"damage":20,"enemies":"3 Sentries","floor":10,"turns":6},{"damage":12,"enemies":"Gremlin Nob","floor":13,"turns":3}],"seed_played":"4190382051791518140","potions_obtained":[{"floor":1,"key":"BlessingOfTheForge"},{"floor":3,"key":"Fire Potion"},{"floor":10,"key":"Dexterity Potion"}],"is_trial":false,"path_per_floor":["M","?","M","M","T","M","$","?","T","E","?","?","E"],"character_chosen":"DOCTOR_CLASS","items_purchased":["Apotheosis"],"campfire_rested":0,"item_purchase_floors":[7],"current_hp_per_floor":[70,59,48,47,47,25,25,25,25,5,5,5,0,0],"gold":169,"neow_bonus":"ONE_RARE_RELIC","is_daily":false,"chose_seed":false,"campfire_upgraded":0,"win_rate":0.0,"timestamp":1609139871,"path_taken":["M","?","M","M","?","?","$","?","T","E","?","?","E"],"items_purchased_type":["Card"],"build_version":"2020-12-22","purchased_purges":1,"victory":false,"max_hp_per_floor":[72,72,72,72,72,72,72,72,72,72,72,72,72,72],"relic_stats":{"counters":[6,25],"War Paint":["ats:Defend","ats:Defend"],"obtain_stats":[{"Anchor":9,"ats:Originium":10,"ats:Sanity":0,"War Paint":10,"ats:Gyao":0},{"Anchor":4,"ats:Originium":5,"ats:Sanity":0,"War Paint":5,"ats:Gyao":0},{"Anchor":16,"ats:Originium":22,"ats:Sanity":0,"War Paint":22,"ats:Gyao":0}]},"card_choices":[{"not_picked":["ats:Mental Burst","ats:Assault Order","ats:Flexible Camouflage"],"picked":"SKIP","floor":1},{"not_picked":["ats:Healing Strengthening","ats:Flexible Camouflage"],"picked":"ats:Poison Spread","floor":3},{"not_picked":["ats:Thorns","ats:Childhood Dance"],"picked":"ats:Demon Strength","floor":4},{"not_picked":["ats:Support Order","ats:LN2 Cannon"],"picked":"ats:Thorns","floor":6},{"not_picked":["ats:Flexible Camouflage","ats:Curse Doll"],"picked":"ats:Rat Pack","floor":10}],"player_experience":435968,"relics_obtained":[{"floor":9,"key":"Anchor"},{"floor":10,"key":"ats:Originium"},{"floor":10,"key":"War Paint"}],"event_choices":[{"damage_healed":0,"gold_gain":75,"player_choice":"Gather Gold","damage_taken":11,"max_hp_gain":0,"max_hp_loss":0,"event_name":"World of Goop","floor":2,"gold_loss":0},{"cards_removed":["ats:Defend"],"damage_healed":0,"gold_gain":0,"player_choice":"Card Removal","damage_taken":0,"max_hp_gain":0,"max_hp_loss":0,"event_name":"The Cleric","floor":8,"gold_loss":50},{"damage_healed":0,"gold_gain":0,"player_choice":"Grow","damage_taken":0,"max_hp_gain":0,"max_hp_loss":0,"event_name":"Living Wall","floor":11,"gold_loss":0,"cards_upgraded":["Apotheosis"]},{"damage_healed":0,"gold_gain":0,"player_choice":"Ignored","damage_taken":0,"max_hp_gain":0,"max_hp_loss":0,"event_name":"Liars Game","floor":12,"gold_loss":0}],"is_beta":false,"boss_relics":[],"items_purged_floors":[7],"is_endless":false,"potions_floor_spawned":[1,3,10],"killed_by":"Gremlin Nob","ascension_level":0}}