{"host":"d1ko3fbbyfpftrlc","time":1609178234,"event":{"mods":["AchievementEnabler","BaseMod","Curses Come First","Minty Spire (QoL Compilation)","Replay The Spire","StSLib"],"gold_per_floor":[366,541,541,557,507,507,525,539,616,616,34,49,49,68,68,68,68],"floor_reached":16,"playtime":553,"items_purged":["Doubt"],"score":92,"play_id":"ebee6a23-4e35-4b7c-84e3-3e009054d819","local_time":"20201229005714","is_ascension_mode":false,"campfire_choices":[{"data":"Brutality","floor":6,"key":"SMITH"},{"data":"Run Through","floor":10,"key":"SMITH"},{"data":"ReplayTheSpireMod:LeadingStrike","floor":13,"key":"SMITH"},{"data":"Seeing Red","floor":15,"key":"SMITH"}],"circlet_count":0,"master_deck":["Strike_R","Strike_R","Strike_R","Strike_R","Strike_R","Defend_R","Defend_R","Defend_R","Defend_R","Flex","Brutality+1","Seeing Red+1","Run Through+1","Heavy Blade","Midas Touch+1","ReplayTheSpireMod:Muscle Training+1","ReplayTheSpireMod:LeadingStrike+1","Havoc+1"],"relics":["Burning Blood","Eternal Feather","Toxic Egg 2"],"acts_visited":["Exordium"],"potions_floor_usage":[16,16,16],"damage_taken":[{"damage":5,"enemies":"Jaw Worm","floor":1,"turns":4},{"damage":2,"enemies":"2 Louse","floor":4,"turns":3},{"damage":7,"enemies":"Cultist","floor":7,"turns":4},{"damage":19,"enemies":"Blue Slaver","floor":8,"turns":4},{"damage":3,"enemies":"Exordium Wildlife","floor":12,"turns":3},{"damage":23,"enemies":"Looter","floor":14,"turns":3},{"damage":67,"enemies":"The Guardian","floor":16,"turns":7}],"seed_played":"8235772702203878754","potions_obtained":[{"floor":1,"key":"Weak Potion"},{"floor":8,"key":"Toxic Potion"},{"floor":12,"key":"LifebloodPotion"}],"is_trial":false,"path_per_floor":["M","?","?","M","?","R","M","M","T","R","$","M","R","M","R","B"],"character_chosen":"IRONCLAD","items_purchased":["Toxic Egg 2","Midas Touch+1","ReplayTheSpireMod:Muscle Training+1"],"campfire_rested":0,"item_purchase_floors":[11,11,11],"current_hp_per_floor":[72,72,72,72,72,72,71,58,58,67,67,70,72,55,64,0,0],"gold":68,"neow_bonus":"TWO_FIFTY_GOLD","is_daily":false,"chose_seed":false,"campfire_upgraded":4,"win_rate":0.0,"timestamp":1609178234,"path_taken":["M","?","?","?","?","R","M","M","T","R","?","M","R","M","R","BOSS"],"items_purchased_type":["Relic","Card","Card"],"build_version":"2020-12-22","purchased_purges":1,"victory":false,"max_hp_per_floor":[72,72,72,72,72,72,72,72,72,72,72,72,72,72,72,72,72],"card_choices":[{"not_picked":["Reckless Charge","Heavy Blade"],"picked":"Flex","floor":1},{"not_picked":["Flex","Thunderclap"],"picked":"Seeing Red","floor":4},{"not_picked":["Dark Embrace","Clash"],"picked":"Run Through","floor":7},{"not_picked":["Pommel Strike","Armaments"],"picked":"Heavy Blade","floor":8},{"not_picked":["Perfected Strike","Iron Wave"],"picked":"ReplayTheSpireMod:LeadingStrike","floor":12},{"not_picked":["Run Through","Immolate"],"picked":"Havoc+1","floor":14}],"player_experience":32328,"relics_obtained":[{"floor":9,"key":"Eternal Feather"}],"event_choices":[{"damage_healed":0,"gold_gain":175,"player_choice":"AGREE","damage_taken":0,"max_hp_gain":0,"max_hp_loss":0,"event_name":"Liars Game","floor":2,"gold_loss":0,"cards_obtained":["Doubt"]},{"damage_healed":0,"gold_gain":0,"player_choice":"1 cards matched","damage_taken":0,"max_hp_gain":0,"max_hp_loss":0,"event_name":"Match and Keep!","floor":3,"gold_loss":0,"cards_obtained":["Brutality"]},{"cards_removed":["Bash"],"damage_healed":0,"gold_gain":0,"player_choice":"Card Removal","damage_taken":0,"max_hp_gain":0,"max_hp_loss":0,"event_name":"The Cleric","floor":5,"gold_loss":50}],"is_beta":false,"boss_relics":[],"items_purged_floors":[11],"is_endless":false,"potions_floor_spawned":[1,8,12],"killed_by":"The Guardian","ascension_level":0}}