{"host":"jgyoyy5iuhtvyvtg","time":1609149999,"event":{"mods":["2.2 Compatiblity","BaseMod","Challenge The Spire","Colored Map","Conspire","Downfall","Hermit","Highlight Path","Infinite Spire","Lobotomy","LobotomyExtend","Minty Spire (QoL Compilation)","Quick Restart","Replay The Spire","Spikes Relics","StSLib","The Construct","The Disciple","The Jungle","Yuri Mod"],"gold_per_floor":[116,116,116,207,217,217,60,60,60,60,80,80,90,120,120,215,215,230,249,249,261,274,274,304,315,341,355,355,505,524,550,550,650,650,670,686,686,686,370,370,370,370,370,395,430,430,456,470,470,470,470],"floor_reached":52,"playtime":1812,"items_purged":["hermit:Strike_Hermit","hermit:Strike_Hermit","hermit:Strike_Hermit"],"score":1247,"play_id":"6496071f-6eae-4717-82ca-c04c9b9ac4b0","local_time":"20201228020639","is_ascension_mode":true,"campfire_choices":[{"data":"infinitespire:SevenWalls","floor":6,"key":"SMITH"},{"data":"hermit:Quickdraw","floor":8,"key":"SMITH"},{"data":"hermit:Quickdraw","floor":12,"key":"SMITH"},{"data":"hermit:WideOpen","floor":15,"key":"SMITH"},{"data":"infinitespire:SevenWalls","floor":23,"key":"SMITH"},{"data":"hermit:FromBeyond","floor":28,"key":"SMITH"},{"data":"hermit:FlashPowder","floor":32,"key":"SMITH"},{"data":"BlessedFruit","floor":40,"key":"SMITH"},{"data":"hermit:Adapt","floor":46,"key":"SMITH"},{"data":"hermit:Adapt","floor":49,"key":"SMITH"}],"circlet_count":0,"master_deck":["AscendersBane","hermit:Strike_Hermit","hermit:Defend_Hermit","hermit:Defend_Hermit","hermit:Defend_Hermit","hermit:Defend_Hermit","hermit:Snapshot","hermit:Covet","hermit:Quickdraw+1","ReplayTheSpireMod:Faulty Equipment","Pain","infinitespire:SevenWalls+1","hermit:Quickdraw+1","hermit:FromBeyond+1","hermit:Malice","hermit:WideOpen+1","hermit:Horror","hermit:Dissolve","hermit:FlashPowder+1","hermit:SprayPray+1","infinitespire:SevenWalls+1","hermit:Manifest+1","hermit:FatalDesire","hermit:FlashPowder+1","hermit:Brawl","hermit:Adapt+1","hermit:Dive+1","BlessedFruit+1","BlessedFruit","hermit:Adapt+1","expansioncontent:CaCaw","expansioncontent:CaCaw","hermit:Spite","hermit:SprayPray+1"],"relics":["hermit:Momento","LetterFromLob","Nunchaku","Sling","Guardian:PocketSentry","infinitespire:CursedDice","hermit:BartenderGlass","RetroEgg","Blood Vial","Happy Flower","Omamori","conspire:SpecialSausage","hermit:ClaspedLocket","HeavenlyBonsai","Bird Faced Urn","infinitespire:Eraser","Potion Belt","conspire:Flyswatter","Replay:Baseball"],"acts_visited":["Exordium","Exordium","TheBeyond"],"potions_floor_usage":[18,18,19,21,21,22,24,24,25,30,30,31,31,33,33,47,48,50,50,50,50,50],"damage_taken":[{"damage":1,"enemies":"Cultist","floor":1,"turns":3},{"damage":0,"enemies":"2 Louse","floor":5,"turns":2},{"damage":0,"enemies":"Small Slimes","floor":11,"turns":2},{"damage":0,"enemies":"2 Fungi Beasts","floor":13,"turns":2},{"damage":5,"enemies":"Lagavulin","floor":14,"turns":7},{"damage":7,"enemies":"Hexaghost","floor":16,"turns":9},{"damage":0,"enemies":"Shell Parasite","floor":18,"turns":4},{"damage":0,"enemies":"theJungle:GiantWrat","floor":19,"turns":4},{"damage":25,"enemies":"Snake Plant","floor":21,"turns":4},{"damage":0,"enemies":"theJungle:Lyon","floor":22,"turns":4},{"damage":0,"enemies":"theJungle:MamaSnecko","floor":24,"turns":4},{"damage":0,"enemies":"theJungle:SlimyTreeVines","floor":25,"turns":5},{"damage":0,"enemies":"theJungle:2_Snecko_Cultists","floor":27,"turns":4},{"damage":0,"enemies":"theJungle:JungleHuntersEncounter","floor":30,"turns":4},{"damage":10,"enemies":"theJungle:Cassacara","floor":31,"turns":5},{"damage":0,"enemies":"theJungle:QueenSpyder","floor":33,"turns":9},{"damage":0,"enemies":"Orb Walker","floor":35,"turns":4},{"damage":0,"enemies":"3 Shapes","floor":36,"turns":5},{"damage":0,"enemies":"Nemesis","floor":45,"turns":9},{"damage":1,"enemies":"R_Hoarder","floor":47,"turns":7},{"damage":13,"enemies":"Maw","floor":48,"turns":9},{"damage":22,"enemies":"Time Eater","floor":50,"turns":10}],"seed_played":"3502636883474784498","potions_obtained":[{"floor":0,"key":"Swift Potion"},{"floor":0,"key":"Toxic Potion"},{"floor":0,"key":"Ancient Potion"},{"floor":21,"key":"FearPotion"}],"is_trial":false,"path_per_floor":["M","?","?","?","M","R","$","R","T","E","M","R","M","E","R","B",null,"M","M","AVR","M","M","R","E","M","T","M","R","?","M","E","R","B",null,"M","M","AVR","T","$","R","?","?","T","T","E","R","E","M","R","B",null,null],"character_chosen":"HERMIT","items_purchased":["Sling","hermit:Adapt","expansioncontent:CaCaw"],"campfire_rested":0,"item_purchase_floors":[7,39,39],"current_hp_per_floor":[67,67,67,67,67,67,67,67,67,67,67,67,67,62,62,55,70,70,70,70,57,57,57,57,65,65,67,67,67,69,61,61,63,72,74,75,75,75,75,75,75,75,75,75,78,78,80,75,75,68,68],"gold":470,"neow_bonus":"THREE_SMALL_POTIONS","is_daily":false,"chose_seed":false,"campfire_upgraded":10,"win_rate":0.0,"timestamp":1609149999,"path_taken":["M","?","?","?","M","R","$","R","T","E","M","R","M","E","R","BOSS","M","M","AVR","M","M","R","E","M","T","?","R","?","M","E","R","BOSS","M","M","AVR","?","$","R","?","?","T","?","E","R","E","M","R","BOSS"],"items_purchased_type":["Relic","Card","Card"],"build_version":"2020-12-22","purchased_purges":3,"victory":true,"max_hp_per_floor":[75,75,75,75,75,75,75,75,75,75,75,75,75,75,75,75,75,75,75,75,75,75,75,75,75,75,75,75,75,75,75,75,75,75,75,75,75,75,75,75,75,75,75,75,78,78,81,84,84,87,87],"card_choices":[{"not_picked":["hermit:BodyArmor","hermit:Dive"],"picked":"hermit:Quickdraw","floor":1},{"not_picked":["ReplayTheSpireMod:Book of Names","infinitespire:Collect"],"picked":"infinitespire:SevenWalls","floor":3},{"not_picked":["hermit:FullyLoaded","hermit:CursedWeapon"],"picked":"hermit:Quickdraw","floor":4},{"not_picked":["hermit:LuckOfTheDraw","hermit:Dive"],"picked":"hermit:FromBeyond","floor":4},{"not_picked":["hermit:Manifest","hermit:FullyLoaded"],"picked":"hermit:Malice","floor":5},{"not_picked":["hermit:Desperado","hermit:NoHoldsBarred","hermit:GhostlyPresence"],"picked":"SKIP","floor":11},{"not_picked":["hermit:Desperado","hermit:SprayPray"],"picked":"hermit:WideOpen","floor":13},{"not_picked":["hermit:Quickdraw","hermit:BodyArmor"],"picked":"hermit:Horror","floor":14},{"not_picked":["hermit:RoundhouseKick","hermit:HeroicBravado"],"picked":"hermit:Dissolve","floor":16},{"not_picked":["hermit:SprayPray","hermit:LoneWolf"],"picked":"hermit:FlashPowder+1","floor":18},{"not_picked":["hermit:BodyArmor","hermit:Showdown"],"picked":"hermit:SprayPray+1","floor":19},{"not_picked":["hermit:WideOpen","hermit:Virtue"],"picked":"hermit:Manifest+1","floor":21},{"not_picked":["hermit:ItchyTrigger","hermit:GhostlyPresence"],"picked":"hermit:FatalDesire","floor":22},{"not_picked":["hermit:TakeAim+1","hermit:Deadeye"],"picked":"hermit:FlashPowder","floor":24},{"not_picked":["hermit:TakeCover+1","hermit:Dive","hermit:HoleUp"],"picked":"SKIP","floor":25},{"not_picked":["hermit:CalledShot+1","hermit:LowProfile","hermit:HighCaliber"],"picked":"SKIP","floor":27},{"not_picked":["hermit:Quickdraw","hermit:Glare","hermit:HighCaliber+1"],"picked":"SKIP","floor":30},{"not_picked":["hermit:Cheat","hermit:Snipe"],"picked":"hermit:Brawl","floor":31},{"not_picked":["hermit:RoundhouseKick","hermit:OverwhelmingPower"],"picked":"hermit:Adapt","floor":33},{"not_picked":["hermit:CursedWeapon","hermit:Virtue+1","hermit:Roulette"],"picked":"SKIP","floor":35},{"not_picked":["hermit:Deadeye+1","hermit:Virtue+1"],"picked":"hermit:Dive+1","floor":36},{"not_picked":["Replay:BasicMightCard","Panacea"],"picked":"expansioncontent:CaCaw","floor":42},{"not_picked":["hermit:Enervate+1","hermit:Roulette+1"],"picked":"hermit:Spite","floor":45},{"not_picked":["hermit:Roughhouse","hermit:Snipe+1","hermit:HoleUp"],"picked":"SKIP","floor":47},{"not_picked":["hermit:HighCaliber+1","hermit:Dive"],"picked":"hermit:SprayPray+1","floor":48}],"player_experience":3191023,"relics_obtained":[{"floor":1,"key":"LetterFromLob"},{"floor":4,"key":"Nunchaku"},{"floor":9,"key":"Guardian:PocketSentry"},{"floor":14,"key":"infinitespire:CursedDice"},{"floor":24,"key":"Blood Vial"},{"floor":26,"key":"Happy Flower"},{"floor":31,"key":"Omamori"},{"floor":38,"key":"Bird Faced Urn"},{"floor":43,"key":"infinitespire:Eraser"},{"floor":44,"key":"Potion Belt"},{"floor":45,"key":"conspire:Flyswatter"},{"floor":47,"key":"Replay:Baseball"}],"event_choices":[{"damage_healed":0,"gold_gain":0,"player_choice":"Leave","damage_taken":0,"max_hp_gain":0,"max_hp_loss":0,"event_name":"conspire:Investor","floor":41,"gold_loss":0},{"damage_healed":0,"gold_gain":0,"player_choice":"Memory 1","damage_taken":0,"max_hp_gain":0,"max_hp_loss":0,"event_name":"SensoryStone","floor":42,"gold_loss":0}],"is_beta":false,"boss_relics":[{"not_picked":["hermit:DentedPlate","Velvet Choker"],"picked":"hermit:BartenderGlass"},{"not_picked":["infinitespire:Cupcake","Replay:Wanted Poster"],"picked":"conspire:SpecialSausage"}],"items_purged_floors":[20,37,39],"is_endless":false,"potions_floor_spawned":[1,13,21,24,27,33,35],"ascension_level":10}}