{"host":"i6h98ln524gxv8ri","time":1609150781,"event":{"mods":["ATMod(阿瑾Mod)","Act Like it!","BaseMod","Downfall","Minty Spire (QoL Compilation)","Quick Restart","Shop Mod","StSLib","Uncapped","【功能Mod】Neow奖励","【功能Mod】精心准备","残留之物"],"gold_per_floor":[111,124,124,124,199,199,226,236,262,290,290,300,300,318,318,423,423,442,442,163,438,450,482,498,537,537,576,586,501,701,728,728,834,834,847,857,532,544,559,586,604,623,632,632,673,691,717,717,717,717],"floor_reached":51,"playtime":2797,"items_purged":["Regret"],"score":981,"play_id":"4aad392b-2dd2-42e6-b1ed-74181bcf6b01","local_time":"20201228181941","is_ascension_mode":false,"campfire_choices":[{"data":"AT_EmpoweredMortalDraw","floor":6,"key":"SMITH"},{"data":"PlaceholderMod:FinalSpray","floor":11,"key":"SMITH"},{"data":"PlaceholderMod:QualitativeChange","floor":13,"key":"SMITH"},{"data":"PlaceholderMod:Stable","floor":15,"key":"SMITH"},{"data":"PlaceholderMod:DiffusionPoison","floor":32,"key":"SMITH"},{"data":"PlaceholderMod:SelfCoupling","floor":44,"key":"SMITH"},{"data":"PlaceholderMod:PoisonExcitation","floor":49,"key":"SMITH"}],"circlet_count":0,"master_deck":["PlaceholderMod:Crystal","PlaceholderMod:PoisonWhip","AT_EmpoweredMortalDraw+1","PlaceholderMod:SpinBlade","PlaceholderMod:MultipleOxi","PlaceholderMod:ThreeBenzyolStart","PlaceholderMod:SelfCoupling+1","PlaceholderMod:ChainPoly","PlaceholderMod:SelectReaction","PlaceholderMod:FinalSpray+1","PlaceholderMod:AbsorbTouch","PlaceholderMod:Eat","PlaceholderMod:QualitativeChange+1","PlaceholderMod:Sweep","PlaceholderMod:CorePoison","PlaceholderMod:ParasiteChange+1","PlaceholderMod:SpinBlade","PlaceholderMod:SelectReaction","PlaceholderMod:ProliferateStrike+1","PlaceholderMod:EnergyAbsorb","PlaceholderMod:Colorful","PlaceholderMod:ChainPoly+1","PlaceholderMod:Hard","PlaceholderMod:AttackAsDefend","PlaceholderMod:Stable+1","PlaceholderMod:DiffusionPoison+1","PlaceholderMod:ComplexForm+1","PlaceholderMod:ContinueSpray+1","PlaceholderMod:PoisonAbsorb","PlaceholderMod:CycleAttack+1","PlaceholderMod:ReactionCatalyze","sneckomod:Bewildered","PlaceholderMod:DiffusionChemical+1","PlaceholderMod:PoisonExcitation+1"],"relics":["Pandora\u0027s Box","Black Star","War Paint","Matryoshka","Vajra","AT_ArcaneBoots","Lizard Tail","Bag of Marbles","Runic Pyramid","MerchantsRug","AT_ChloranthyRing","Lantern","Ancient Tea Set","CeramicFish","AT_BladeRuinedKing","Whetstone","Thread and Needle","AT_BellowingDragoncrestRing","Cursed Key","Pen Nib","Bird Faced Urn","AT_DeathDance","White Beast Statue","The Courier","Akabeko"],"acts_visited":["Exordium","TheCity","TheBeyond"],"potions_floor_usage":[16,16,17,23,25,28,33,50,50,50,50,50],"damage_taken":[{"damage":0,"enemies":"2 Louse","floor":1,"turns":2},{"damage":3,"enemies":"Jaw Worm","floor":2,"turns":3},{"damage":0,"enemies":"3 Sentries","floor":7,"turns":1},{"damage":0,"enemies":"Small Slimes","floor":8,"turns":2},{"damage":0,"enemies":"Lagavulin","floor":10,"turns":2},{"damage":8,"enemies":"Gremlin Gang","floor":12,"turns":2},{"damage":0,"enemies":"Large Slime","floor":14,"turns":3},{"damage":0,"enemies":"Slime Boss","floor":16,"turns":4},{"damage":0,"enemies":"Spheric Guardian","floor":18,"turns":2},{"damage":0,"enemies":"3 Byrds","floor":22,"turns":1},{"damage":2,"enemies":"Book of Stabbing","floor":23,"turns":2},{"damage":0,"enemies":"Centurion and Healer","floor":24,"turns":3},{"damage":22,"enemies":"Slavers","floor":25,"turns":2},{"damage":7,"enemies":"Book of Stabbing","floor":27,"turns":2},{"damage":8,"enemies":"3 Cultists","floor":28,"turns":3},{"damage":0,"enemies":"Cultist and Chosen","floor":31,"turns":3},{"damage":21,"enemies":"Champ","floor":33,"turns":5},{"damage":0,"enemies":"3 Shapes","floor":35,"turns":1},{"damage":0,"enemies":"3 Darklings","floor":36,"turns":1},{"damage":11,"enemies":"Spire Growth","floor":38,"turns":2},{"damage":0,"enemies":"Transient","floor":39,"turns":4},{"damage":13,"enemies":"Nemesis","floor":40,"turns":3},{"damage":0,"enemies":"3 Darklings","floor":41,"turns":1},{"damage":0,"enemies":"Jaw Worm Horde","floor":42,"turns":3},{"damage":0,"enemies":"Reptomancer","floor":45,"turns":2},{"damage":0,"enemies":"Spire Growth","floor":46,"turns":2},{"damage":0,"enemies":"3 Darklings","floor":47,"turns":2},{"damage":10,"enemies":"Time Eater","floor":50,"turns":3}],"seed_played":"-4262372403410364022","potions_obtained":[{"floor":1,"key":"CultistPotion"},{"floor":8,"key":"EntropicBrew"},{"floor":10,"key":"PlaceholderMod:PlaceholderPotion"},{"floor":22,"key":"BlessingOfTheForge"},{"floor":24,"key":"BlessingOfTheForge"},{"floor":35,"key":"SpeedPotion"},{"floor":45,"key":"PlaceholderMod:PlaceholderPotion"},{"floor":47,"key":"hexamod:EctoCoolerPotion"}],"is_trial":false,"path_per_floor":["M","M","?","$","?","R","E","M","T","E","R","M","R","M","R","B",null,"M","?","$","?","M","E","M","E","T","E","M","?","?","M","R","B",null,"M","M","$","M","M","E","M","M","T","R","E","M","M","?","R","B",null],"character_chosen":"THE_PLACEHOLDER","items_purchased":["PlaceholderMod:DiffusionPoison","MerchantsRug","EntropicBrew","Pen Nib"],"campfire_rested":0,"item_purchase_floors":[20,20,37,37],"current_hp_per_floor":[78,75,75,75,64,64,64,64,64,64,64,56,56,60,60,64,78,78,63,63,63,63,61,65,43,43,44,36,36,36,40,40,23,83,83,83,83,72,76,67,69,71,71,71,75,79,83,83,83,73],"gold":717,"neow_bonus":"BOSS_RELIC","is_daily":false,"chose_seed":false,"campfire_upgraded":7,"win_rate":0.0,"timestamp":1609150781,"path_taken":["M","M","?","$","?","R","E","M","T","E","R","M","R","?","R","BOSS","M","?","$","?","?","E","M","E","T","E","M","?","?","M","R","BOSS","M","M","$","M","?","E","M","M","T","R","E","M","M","?","R","BOSS"],"items_purchased_type":["Card","Relic","Potion","Relic"],"build_version":"2020-12-22","purchased_purges":1,"victory":true,"max_hp_per_floor":[78,78,78,78,78,78,78,78,78,78,78,78,78,78,78,78,78,78,83,83,83,83,83,83,83,83,83,83,83,83,83,83,83,83,83,83,83,83,83,83,83,83,83,83,83,83,83,83,83,83],"card_choices":[{"not_picked":["PlaceholderMod:ConsolidateHit","PlaceholderMod:StressReaction"],"picked":"PlaceholderMod:Hard","floor":1},{"not_picked":["PlaceholderMod:AngryAttack","PlaceholderMod:Package","PlaceholderMod:HealingAttack"],"picked":"SKIP","floor":2},{"not_picked":["PlaceholderMod:SevereHeat","PlaceholderMod:Sweep","PlaceholderMod:Assimilation"],"picked":"SKIP","floor":7},{"not_picked":["PlaceholderMod:Polyp","PlaceholderMod:HealingAttack","PlaceholderMod:PoisonExcitation"],"picked":"SKIP","floor":8},{"not_picked":["PlaceholderMod:UnpureUse","PlaceholderMod:PericyclicReaction","PlaceholderMod:HighConcentration"],"picked":"SKIP","floor":10},{"not_picked":["PlaceholderMod:DirectingGroup","PlaceholderMod:Hyperplasia"],"picked":"PlaceholderMod:AttackAsDefend","floor":12},{"not_picked":["PlaceholderMod:CycleAttack","PlaceholderMod:AngryAttack"],"picked":"PlaceholderMod:Stable","floor":14},{"not_picked":["PlaceholderMod:Internalization+1","PlaceholderMod:Polyp","PlaceholderMod:HardStrike"],"picked":"SKIP","floor":18},{"not_picked":["PlaceholderMod:EvolutionSpray","PlaceholderMod:ParasiteChange+1","PlaceholderMod:ProliferateStrike+1"],"picked":"SKIP","floor":22},{"not_picked":["PlaceholderMod:RadicalHit","PlaceholderMod:HardStrike"],"picked":"PlaceholderMod:ComplexForm+1","floor":23},{"not_picked":["PlaceholderMod:Polyp+1","PlaceholderMod:BlastSpray","PlaceholderMod:HardStrike"],"picked":"SKIP","floor":24},{"not_picked":["PlaceholderMod:AngryAttack","PlaceholderMod:HardStrike"],"picked":"PlaceholderMod:ContinueSpray","floor":25},{"not_picked":["PlaceholderMod:HornyBlast","PlaceholderMod:ChainPoly"],"picked":"PlaceholderMod:PoisonAbsorb","floor":27},{"not_picked":["PlaceholderMod:InnerStable","PlaceholderMod:ParasiteChange","PlaceholderMod:AttackAsDefend"],"picked":"SKIP","floor":28},{"not_picked":["PlaceholderMod:Corrosion","PlaceholderMod:Turn+1"],"picked":"PlaceholderMod:CycleAttack+1","floor":31},{"not_picked":["PlaceholderMod:Activation","PlaceholderMod:Eat"],"picked":"PlaceholderMod:ReactionCatalyze","floor":33},{"not_picked":["PlaceholderMod:PoisonBlast","PlaceholderMod:SevereHeat+1","PlaceholderMod:SprayAttack+1"],"picked":"SKIP","floor":35},{"not_picked":["PlaceholderMod:OHStrongAttack","PlaceholderMod:Turn","PlaceholderMod:HornyBlast"],"picked":"SKIP","floor":36},{"not_picked":["PlaceholderMod:AngryAttack+1","PlaceholderMod:Corrosion+1","PlaceholderMod:MultipleOxi"],"picked":"SKIP","floor":38},{"not_picked":["PlaceholderMod:NearChange+1","PlaceholderMod:Sweep+1","PlaceholderMod:PoisonAbsorb+1"],"picked":"SKIP","floor":39},{"not_picked":["PlaceholderMod:SubstitutionNucleophilic1+1","PlaceholderMod:Eat","PlaceholderMod:OHStrongAttack+1"],"picked":"SKIP","floor":40},{"not_picked":["PlaceholderMod:ComplexForm","PlaceholderMod:HardStinger","PlaceholderMod:ParasiteChange"],"picked":"SKIP","floor":41},{"not_picked":["PlaceholderMod:StrongAcid+1","PlaceholderMod:SprayAttack","PlaceholderMod:DirectingGroup+1"],"picked":"SKIP","floor":42},{"not_picked":["PlaceholderMod:SprayAttack","PlaceholderMod:RadicalHit+1"],"picked":"PlaceholderMod:DiffusionChemical+1","floor":45},{"not_picked":["PlaceholderMod:SubstitutionNucleophilic1","PlaceholderMod:ParasiteChange+1","PlaceholderMod:SprayAttack"],"picked":"SKIP","floor":46},{"not_picked":["PlaceholderMod:ProliferateStrike","PlaceholderMod:PoisonAbsorb"],"picked":"PlaceholderMod:PoisonExcitation","floor":47}],"player_experience":50824,"relics_obtained":[{"floor":7,"key":"War Paint"},{"floor":7,"key":"Matryoshka"},{"floor":9,"key":"Vajra"},{"floor":9,"key":"AT_SpeedBoots"},{"floor":10,"key":"Lizard Tail"},{"floor":10,"key":"Bag of Marbles"},{"floor":23,"key":"AT_ChloranthyRing"},{"floor":23,"key":"Lantern"},{"floor":25,"key":"Ancient Tea Set"},{"floor":25,"key":"CeramicFish"},{"floor":26,"key":"AT_BladeRuinedKing"},{"floor":27,"key":"Whetstone"},{"floor":27,"key":"Thread and Needle"},{"floor":40,"key":"Bird Faced Urn"},{"floor":40,"key":"AT_DeathDance"},{"floor":43,"key":"White Beast Statue"},{"floor":45,"key":"The Courier"},{"floor":45,"key":"Akabeko"}],"event_choices":[{"damage_healed":0,"gold_gain":0,"player_choice":"Leave","damage_taken":0,"max_hp_gain":0,"max_hp_loss":0,"event_name":"The Cleric","floor":3,"gold_loss":0},{"damage_healed":0,"gold_gain":75,"player_choice":"Gather Gold","damage_taken":11,"max_hp_gain":0,"max_hp_loss":0,"event_name":"World of Goop","floor":5,"gold_loss":0},{"damage_healed":0,"gold_gain":0,"player_choice":"Shed Blood","damage_taken":20,"max_hp_gain":5,"max_hp_loss":0,"event_name":"Forgotten Altar","floor":19,"gold_loss":0},{"damage_healed":0,"gold_gain":275,"player_choice":"Desecrate","damage_taken":0,"max_hp_gain":0,"max_hp_loss":0,"event_name":"Golden Shrine","floor":21,"gold_loss":0,"cards_obtained":["Regret"]},{"damage_healed":0,"gold_gain":0,"player_choice":"Obtained Relic","damage_taken":0,"relics_obtained":["AT_BellowingDragoncrestRing"],"max_hp_gain":0,"max_hp_loss":0,"event_name":"Addict","floor":29,"gold_loss":85},{"damage_healed":0,"gold_gain":200,"player_choice":"Gold","damage_taken":0,"max_hp_gain":0,"max_hp_loss":0,"event_name":"Wheel of Change","floor":30,"gold_loss":0},{"cards_removed":["PlaceholderMod:HornyBlast"],"damage_healed":0,"gold_gain":0,"player_choice":"Removed Attack","damage_taken":0,"max_hp_gain":0,"max_hp_loss":0,"event_name":"Falling","floor":48,"gold_loss":0}],"is_beta":false,"boss_relics":[{"not_picked":["Astrolabe","Tiny House"],"picked":"Runic Pyramid"},{"not_picked":["Coffee Dripper","Velvet Choker"],"picked":"Cursed Key"}],"items_purged_floors":[37],"is_endless":false,"potions_floor_spawned":[1,8,10,18,22,24,35,45,46,47],"ascension_level":0}}