{"host":"hdafziggwnbzqpcb","time":1609138289,"event":{"mods":["BaseMod","Better Vampires","Colored Map","Colored Powertips","Curses Come First","Duelist Mod","GifTheSpireLib","Hero for Fun","Minty Spire (QoL Compilation)","Quick Restart","Rare Cards Sparkle","Relic Stats","Spicy Shops","StSLib","The Bug Knight","The Cursed","The Marked","The Senshi","The Wild Card","TheHero"],"gold_per_floor":[118,118,68,34,53,53,128,128,198,210,210,65,140,158,158,256,256,275,130,163,186,206,237,249,249,273,273,305,305,3,19,19,121,121,134,134,153,163,73,73,108,124,124,124,139,156,173,202,202,202,202,202,9,36,36,36],"floor_reached":55,"playtime":4110,"items_purged":[],"score":780,"play_id":"46e172ad-0931-4f32-a161-d5fd43a5f4ff","local_time":"20201227225129","daily_mods":["SealedDeck","Heirloom"],"is_ascension_mode":false,"campfire_choices":[{"data":"theSenshi:MoonCrisisMakeUp","floor":6.0,"key":"SMITH"},{"data":"theSenshi:MoonCrystalPowerMakeUp","floor":8.0,"key":"SMITH"},{"data":"theSenshi:MoonTiaraMagic","floor":11.0,"key":"SMITH"},{"data":"theSenshi:LateForSchool","floor":15.0,"key":"SMITH"},{"data":"theSenshi:MoonPrincessHalation","floor":27.0,"key":"SMITH"},{"data":"theSenshi:MoonCrystalPowerMakeUp","floor":29.0,"key":"SMITH"},{"data":"theSenshi:JupitersPower","floor":32.0,"key":"SMITH"},{"data":"theSenshi:LateForSchool","floor":40.0,"key":"SMITH"},{"floor":44.0,"key":"RECALL"},{"floor":49.0,"key":"REST"},{"data":"theSenshi:LateForSchool","floor":52.0,"key":"SMITH"}],"circlet_count":0,"master_deck":["theSenshi:SailorMercuryAssists+1","theSenshi:Overload+1","theSenshi:MoonPunch+1","theSenshi:RainbowMoonHeartAche+1","theSenshi:MoonPunch+1","theSenshi:KlutzyLuck","theSenshi:MoonTiaraMagic+1","theSenshi:LateForSchool+1","theSenshi:MoonCrystalPowerMakeUp+1","theSenshi:MoonCrisisMakeUp+1","theSenshi:JupitersPower+1","theSenshi:SteeledNerves+1","theSenshi:MoonPrincessHalation+1","theSenshi:MoonCrystalPowerMakeUp+1","theSenshi:LateForSchool+1","theSenshi:LateForSchool+1","theSenshi:MoonCrisisMakeUp","theSenshi:TallSilhouette+1"],"relics":["theSenshi:TransformationBroochRelic","theSenshi:EternalTiareRelic","Whetstone","Black Star","Omamori","Red Mask","War Paint","White Beast Statue","Oddly Smooth Stone","Bronze Scales","Toy Ornithopter","Art of War","Membership Card","theSenshi:TiaraRelic","theSenshi:ChokerRelic","Centennial Puzzle","MealTicket","theSenshi:RoseRelic","Akabeko","Mummified Hand","Kunai","HollowMod:PaleOreRelic","Vajra"],"acts_visited":["Exordium","TheCity","TheBeyond","TheEnding"],"potions_floor_usage":[54,55,55,55],"damage_taken":[{"damage":0.0,"enemies":"Jaw Worm","floor":1.0,"turns":3.0},{"damage":0.0,"enemies":"Small Slimes","floor":5.0,"turns":3.0},{"damage":1.0,"enemies":"2 Louse","floor":10.0,"turns":3.0},{"damage":7.0,"enemies":"Gremlin Gang","floor":14.0,"turns":3.0},{"damage":0.0,"enemies":"Slime Boss","floor":16.0,"turns":8.0},{"damage":6.0,"enemies":"2 Thieves","floor":18.0,"turns":3.0},{"damage":1.0,"enemies":"Masked Bandits","floor":20.0,"turns":3.0},{"damage":0.0,"enemies":"Shell Parasite","floor":22.0,"turns":3.0},{"damage":27.0,"enemies":"Gremlin Leader","floor":23.0,"turns":5.0},{"damage":0.0,"enemies":"Centurion and Healer","floor":24.0,"turns":3.0},{"damage":12.0,"enemies":"Book of Stabbing","floor":28.0,"turns":4.0},{"damage":0.0,"enemies":"Cultist and Chosen","floor":31.0,"turns":4.0},{"damage":12.0,"enemies":"Champ","floor":33.0,"turns":7.0},{"damage":14.0,"enemies":"3 Darklings","floor":35.0,"turns":5.0},{"damage":0.0,"enemies":"Orb Walker","floor":37.0,"turns":3.0},{"damage":0.0,"enemies":"Maw","floor":38.0,"turns":5.0},{"damage":22.0,"enemies":"Nemesis","floor":41.0,"turns":5.0},{"damage":17.0,"enemies":"3 Darklings","floor":42.0,"turns":4.0},{"damage":0.0,"enemies":"Spire Growth","floor":45.0,"turns":2.0},{"damage":30.0,"enemies":"4 Shapes","floor":46.0,"turns":7.0},{"damage":2.0,"enemies":"Sphere and 2 Shapes","floor":47.0,"turns":4.0},{"damage":25.0,"enemies":"Reptomancer","floor":48.0,"turns":3.0},{"damage":1.0,"enemies":"Awakened One","floor":50.0,"turns":3.0},{"damage":30,"enemies":"Shield and Spear","floor":54,"turns":3},{"damage":67,"enemies":"The Heart","floor":55,"turns":5}],"seed_played":"1353078837888871404","potions_obtained":[{"floor":5.0,"key":"Explosive Potion"},{"floor":10.0,"key":"DuplicationPotion"},{"floor":14.0,"key":"LiquidMemories"},{"floor":16.0,"key":"EssenceOfSteel"},{"floor":20.0,"key":"ColorlessPotion"},{"floor":24.0,"key":"Regen Potion"},{"floor":28.0,"key":"EssenceOfSteel"},{"floor":31.0,"key":"Regen Potion"},{"floor":33.0,"key":"LiquidBronze"},{"floor":35.0,"key":"Explosive Potion"},{"floor":37.0,"key":"Regen Potion"},{"floor":38.0,"key":"Fire Potion"},{"floor":41.0,"key":"Regen Potion"},{"floor":42.0,"key":"ColorlessPotion"},{"floor":45.0,"key":"SteroidPotion"},{"floor":46.0,"key":"SkillPotion"},{"floor":47.0,"key":"BlessingOfTheForge"},{"floor":48.0,"key":"Regen Potion"},{"floor":54,"key":"BlessingOfTheForge"}],"is_trial":true,"path_per_floor":["M","?","?","$","M","R","?","R","T","M","R","$","?","M","R","B",null,"M","$","?","T","M","E","M","$","T","R","E","R","$","M","R","B",null,"M","?","M","M","?","R","E","M","T","R","M","M","M","E","R","B",null,"R","$","E","B"],"character_chosen":"THE_SENSHI","items_purchased":["theSenshi:MoonCrystalPowerMakeUp","Whetstone","Omamori","Membership Card","theSenshi:TiaraRelic","theSenshi:ChokerRelic","theSenshi:MoonCrisisMakeUp","Kunai","Strength Potion","Weak Potion"],"campfire_rested":1,"item_purchase_floors":[4,12,19,30,30,30,53,53,53,53],"current_hp_per_floor":[75,75,75,75,75,75,68,68,68,67,67,67,56,49,49,49,75,69,69,68,68,68,41,41,41,41,41,41,41,41,41,41,49,75,61,61,66,75,75,75,53,58,58,58,58,45,53,28,50,63,75,75,75,45,0,0],"gold":36,"neow_bonus":"","is_daily":false,"chose_seed":false,"campfire_upgraded":9,"win_rate":0.0,"timestamp":1609138289,"path_taken":["M","?","?","$","M","R","?","R","T","?","R","?","?","M","R","BOSS","M","$","?","?","M","E","?","$","T","R","E","R","$","M","R","BOSS","M","?","M","?","?","R","E","M","T","R","M","?","M","E","R","BOSS","R","$","E","BOSS"],"items_purchased_type":["Card","Relic","Relic","Relic","Relic","Relic","Card","Relic","Potion","Potion"],"build_version":"2020-12-22","purchased_purges":0,"victory":false,"max_hp_per_floor":[75,75,75,75,75,75,75,75,75,75,75,75,75,75,75,75,75,75,75,75,75,75,75,75,75,75,75,75,75,75,75,75,75,75,75,75,75,75,75,75,75,75,75,75,75,75,75,75,75,75,75,75,75,75,75,75],"relic_stats":{"Centennial Puzzle":[21],"counters":[25,101],"Mummified Hand":[39],"Bronze Scales":[178],"MealTicket":0,"Black Star":5,"Art of War":[7],"Whetstone":["theSenshi:MoonPunch","theSenshi:MoonPunch"],"Kunai":[5],"War Paint":["theSenshi:Overload","theSenshi:SailorMercuryAssists"],"obtain_stats":[{"Oddly Smooth Stone":23,"Vajra":54,"Omamori":19,"Whetstone":12,"War Paint":21,"theSenshi:ChokerRelic":30,"White Beast Statue":23,"theSenshi:TiaraRelic":30,"Akabeko":48,"Centennial Puzzle":41,"theSenshi:TransformationBroochRelic":0,"Mummified Hand":48,"Bronze Scales":26,"theSenshi:RoseRelic":43,"MealTicket":41,"Black Star":17,"Red Mask":20,"Art of War":28,"Membership Card":30,"Kunai":53,"HollowMod:PaleOreRelic":54,"theSenshi:EternalTiareRelic":0,"Toy Ornithopter":28},{"Oddly Smooth Stone":9,"Vajra":24,"Omamori":6,"Whetstone":3,"War Paint":7,"theSenshi:ChokerRelic":11,"White Beast Statue":9,"theSenshi:TiaraRelic":11,"Akabeko":22,"Centennial Puzzle":17,"theSenshi:TransformationBroochRelic":0,"Mummified Hand":22,"Bronze Scales":10,"theSenshi:RoseRelic":18,"MealTicket":17,"Black Star":5,"Red Mask":7,"Art of War":11,"Membership Card":11,"Kunai":23,"HollowMod:PaleOreRelic":24,"theSenshi:EternalTiareRelic":0,"Toy Ornithopter":11},{"Oddly Smooth Stone":34,"Vajra":96,"Omamori":23,"Whetstone":9,"War Paint":26,"theSenshi:ChokerRelic":41,"White Beast Statue":34,"theSenshi:TiaraRelic":41,"Akabeko":90,"Centennial Puzzle":70,"theSenshi:TransformationBroochRelic":0,"Mummified Hand":90,"Bronze Scales":37,"theSenshi:RoseRelic":74,"MealTicket":70,"Black Star":20,"Red Mask":26,"Art of War":41,"Membership Card":41,"Kunai":93,"HollowMod:PaleOreRelic":96,"theSenshi:EternalTiareRelic":0,"Toy Ornithopter":41}],"Toy Ornithopter":60},"card_choices":[{"not_picked":["theSenshi:SailorJupiterAssists","theSenshi:LateForSchool","theSenshi:SailorChibiMoonAssists"],"picked":"SKIP","floor":1.0},{"not_picked":["theSenshi:LunasBite","theSenshi:MoonlightKnight"],"picked":"theSenshi:MoonCrisisMakeUp","floor":5.0},{"not_picked":["theSenshi:SchoolBag","theSenshi:SailorNeptuneAssists","theSenshi:SailorV"],"picked":"SKIP","floor":10.0},{"not_picked":["theSenshi:SailorMercuryAssists","theSenshi:EncouragingSpeech","theSenshi:SupersonicWaves"],"picked":"SKIP","floor":14.0},{"not_picked":["theSenshi:GlimpseOfThePast","theSenshi:WarriorOfTheMoon"],"picked":"theSenshi:JupitersPower","floor":16.0},{"not_picked":["theSenshi:SailorVenusAssists","theSenshi:MoonPower+1","theSenshi:SupersonicWaves+1"],"picked":"SKIP","floor":18.0},{"not_picked":["theSenshi:Sidestep","theSenshi:MoonTiaraMagic+1"],"picked":"theSenshi:SteeledNerves","floor":20.0},{"not_picked":["theSenshi:InTheNickOfTime+1","theSenshi:LateForSchool","theSenshi:MoonsReflection"],"picked":"SKIP","floor":22.0},{"not_picked":["theSenshi:LateForSchool","theSenshi:MoonTiaraMagic"],"picked":"theSenshi:MoonPrincessHalation","floor":23.0},{"not_picked":["theSenshi:TuxedoSmokingBomber","theSenshi:MoonlightKnight","theSenshi:SailorStarFighterAssists"],"picked":"SKIP","floor":24.0},{"not_picked":["theSenshi:ChibiMoonsLove","theSenshi:MoonTiaraMagic+1"],"picked":"theSenshi:MoonCrystalPowerMakeUp","floor":28.0},{"not_picked":["theSenshi:MoonPrincessHalation","theSenshi:SailorVenusAssists","theSenshi:SailorJupiterAssists+1"],"picked":"SKIP","floor":31.0},{"not_picked":["theSenshi:NeptunesGrace","theSenshi:MoonlightKnight","theSenshi:SteeledNerves"],"picked":"SKIP","floor":35.0},{"not_picked":["theSenshi:MoonsReflection+1","theSenshi:SailorMarsAssists+1"],"picked":"theSenshi:LateForSchool","floor":37.0},{"not_picked":["theSenshi:UranusStrength","theSenshi:MoonTiaraMagic+1","theSenshi:KlutzyLuck"],"picked":"SKIP","floor":38.0},{"not_picked":["theSenshi:SailorStarFighterAssists+1","theSenshi:SailorVenusAssists+1","theSenshi:MoonTwilightFlash+1"],"picked":"SKIP","floor":41.0},{"not_picked":["theSenshi:EncouragingSpeech+1","theSenshi:SupersonicWaves","theSenshi:VenusGlamour"],"picked":"SKIP","floor":42.0},{"not_picked":["theSenshi:ChibiMoonsLove","theSenshi:SailorVenusAssists","theSenshi:Sidestep"],"picked":"SKIP","floor":45.0},{"not_picked":["theSenshi:MoonKick","theSenshi:SailorMercuryAssists+1"],"picked":"theSenshi:LateForSchool","floor":46.0},{"not_picked":["theSenshi:SupersonicWaves","theSenshi:OdangoHead+1","theSenshi:MoonKick"],"picked":"SKIP","floor":47.0},{"not_picked":["theSenshi:TuxedoMaskAssists+1","theSenshi:IWillPunishYou","theSenshi:SailorVenusAssists"],"picked":"SKIP","floor":48.0},{"not_picked":["theSenshi:MoonPower","theSenshi:SailorStarFighterAssists+1"],"picked":"theSenshi:TallSilhouette+1","floor":54}],"player_experience":661184,"relics_obtained":[{"floor":20.0,"key":"Red Mask"},{"floor":21.0,"key":"War Paint"},{"floor":23.0,"key":"White Beast Statue"},{"floor":23.0,"key":"Oddly Smooth Stone"},{"floor":26.0,"key":"Bronze Scales"},{"floor":28.0,"key":"Toy Ornithopter"},{"floor":28.0,"key":"Art of War"},{"floor":41.0,"key":"Centennial Puzzle"},{"floor":41.0,"key":"MealTicket"},{"floor":43.0,"key":"theSenshi:RoseRelic"},{"floor":48.0,"key":"Akabeko"},{"floor":48.0,"key":"Mummified Hand"},{"floor":54,"key":"HollowMod:PaleOreRelic"},{"floor":54,"key":"Vajra"}],"event_choices":[{"damage_healed":0.0,"max_hp_gain":0.0,"max_hp_loss":0.0,"gold_gain":0.0,"event_name":"Living Wall","player_choice":"Grow","floor":2.0,"gold_loss":0.0,"damage_taken":0.0,"cards_upgraded":["theSenshi:RainbowMoonHeartAche"]},{"cards_removed":["theSenshi:MoonPunch"],"damage_healed":0.0,"max_hp_gain":0.0,"max_hp_loss":0.0,"gold_gain":0.0,"event_name":"The Cleric","player_choice":"Card Removal","floor":3.0,"gold_loss":50.0,"damage_taken":0.0},{"damage_healed":0.0,"max_hp_gain":0.0,"max_hp_loss":0.0,"gold_gain":75.0,"event_name":"FaceTrader","player_choice":"Touch","floor":7.0,"gold_loss":0.0,"damage_taken":7.0},{"damage_healed":0.0,"max_hp_gain":0.0,"max_hp_loss":0.0,"gold_gain":75.0,"event_name":"World of Goop","player_choice":"Gather Gold","floor":13.0,"gold_loss":0.0,"damage_taken":11.0},{"damage_healed":0.0,"max_hp_gain":0.0,"max_hp_loss":0.0,"gold_gain":0.0,"event_name":"Masked Bandits","player_choice":"Fought Bandits","floor":20.0,"gold_loss":0.0,"damage_taken":0.0},{"damage_healed":0.0,"max_hp_gain":0.0,"max_hp_loss":0.0,"gold_gain":0.0,"event_name":"Transmorgrifier","player_choice":"Ignored","floor":36.0,"gold_loss":0.0,"damage_taken":0.0},{"cards_removed":["theSenshi:SailorMercuryAssists"],"damage_healed":0.0,"max_hp_gain":0.0,"max_hp_loss":0.0,"gold_gain":0.0,"event_name":"Designer","player_choice":"Upgrade and Remove","floor":39.0,"gold_loss":90.0,"damage_taken":0.0,"cards_upgraded":["theSenshi:SteeledNerves"]}],"is_beta":false,"boss_relics":[{"not_picked":["SacredBark","Fusion Hammer"],"picked":"Black Star"},{"not_picked":["Cursed Key","Snecko Eye","Astrolabe"]}],"items_purged_floors":[],"is_endless":false,"potions_floor_spawned":[5,10,14,16,20,24,28,31,33,35,37,38,41,42,45,46,47,48,54],"killed_by":"The Heart","ascension_level":0}}