{"host":"vcrofm1hbk0ziuql","time":1609136745,"event":{"mods":["2.2 Compatiblity","BaseMod","Colored Map","DeckTracker","Googly Eyes","Highlight Path","Minty Spire (QoL Compilation)","StSLib"],"gold_per_floor":[110,57,73,93,116,116,146,146,215,233,248,259,35,55,55,150,150,164,182,182,195,195,195,195,195],"floor_reached":24,"playtime":773,"items_purged":["Strike_B"],"score":200,"play_id":"a2ed03c3-244d-4baa-8025-475642628de2","local_time":"20201228062545","is_ascension_mode":false,"campfire_choices":[{"data":"Zap","floor":6,"key":"SMITH"},{"data":"Go for the Eyes","floor":8,"key":"SMITH"},{"data":"Tempest","floor":15,"key":"SMITH"},{"data":"Auto Shields","floor":23,"key":"SMITH"}],"circlet_count":0,"master_deck":["Strike_B","Strike_B","Defend_B","Defend_B","Defend_B","Defend_B","Zap+1","Dualcast","Go for the Eyes+1","Melter","Gash","Defragment+1","Gash","Loop+1","Tempest+1","Self Repair+1","Buffer+1","Auto Shields+1","Steam Power+1"],"relics":["Cracked Core","NeowsBlessing","Cables","Frozen Egg 2","Pantograph","Runic Capacitor","Inserter","GremlinMask"],"acts_visited":["Exordium","TheCity"],"potions_floor_usage":[11,16,16,16],"damage_taken":[{"damage":0,"enemies":"Small Slimes","floor":1,"turns":1},{"damage":0,"enemies":"Cultist","floor":3,"turns":1},{"damage":0,"enemies":"2 Louse","floor":4,"turns":1},{"damage":17,"enemies":"3 Sentries","floor":7,"turns":6},{"damage":0,"enemies":"Large Slime","floor":10,"turns":4},{"damage":5,"enemies":"Lots of Slimes","floor":11,"turns":3},{"damage":8,"enemies":"2 Fungi Beasts","floor":12,"turns":3},{"damage":6,"enemies":"Exordium Thugs","floor":14,"turns":3},{"damage":29,"enemies":"Hexaghost","floor":16,"turns":6},{"damage":28,"enemies":"3 Byrds","floor":18,"turns":5},{"damage":10,"enemies":"Spheric Guardian","floor":19,"turns":4},{"damage":14,"enemies":"Cultist and Chosen","floor":21,"turns":5},{"damage":63,"enemies":"Gremlin Leader","floor":24,"turns":4}],"seed_played":"-1993887497156351665","potions_obtained":[{"floor":7,"key":"Energy Potion"},{"floor":11,"key":"Strength Potion"},{"floor":12,"key":"Regen Potion"},{"floor":14,"key":"ColorlessPotion"},{"floor":21,"key":"BlessingOfTheForge"}],"is_trial":false,"path_per_floor":["M","?","M","M","T","R","E","R","T","M","M","M","$","M","R","B",null,"M","M","?","M","?","R","E"],"character_chosen":"DEFECT","items_purchased":["Runic Capacitor"],"campfire_rested":0,"item_purchase_floors":[13],"current_hp_per_floor":[75,75,75,75,75,75,58,58,58,58,53,45,45,39,39,59,75,57,57,57,53,53,53,0,0],"gold":195,"neow_bonus":"THREE_ENEMY_KILL","is_daily":false,"chose_seed":false,"campfire_upgraded":4,"win_rate":0.0,"timestamp":1609136745,"path_taken":["M","?","?","M","?","R","E","R","T","M","M","M","$","M","R","BOSS","M","M","?","M","?","R","E"],"items_purchased_type":["Relic"],"build_version":"2020-12-22","purchased_purges":1,"victory":false,"max_hp_per_floor":[75,75,75,75,75,75,75,75,75,75,75,75,75,75,75,75,75,75,75,75,75,75,75,75,75],"card_choices":[{"not_picked":["Rebound","Reinforced Body"],"picked":"Go for the Eyes","floor":1},{"not_picked":["Capacitor","Rebound"],"picked":"Melter","floor":3},{"not_picked":["Redo","Biased Cognition"],"picked":"Gash","floor":4},{"not_picked":["Ball Lightning","Reprogram"],"picked":"Defragment+1","floor":7},{"not_picked":["Coolheaded","Cold Snap"],"picked":"Gash","floor":10},{"not_picked":["Leap","Sweeping Beam"],"picked":"Loop+1","floor":11},{"not_picked":["Compile Driver","Redo"],"picked":"Tempest","floor":12},{"not_picked":["Sweeping Beam","Aggregate"],"picked":"Self Repair+1","floor":14},{"not_picked":["Amplify","Machine Learning+1"],"picked":"Buffer+1","floor":16},{"not_picked":["Auto Shields","Glacier","Barrage"],"picked":"SKIP","floor":18},{"not_picked":["Skim","Beam Cell"],"picked":"Auto Shields","floor":19},{"not_picked":["Rebound","Melter"],"picked":"Steam Power+1","floor":21}],"player_experience":544298,"relics_obtained":[{"floor":7,"key":"Frozen Egg 2"},{"floor":9,"key":"Pantograph"}],"event_choices":[{"damage_healed":0,"gold_gain":0,"player_choice":"Paid Gold","damage_taken":0,"relics_obtained":["Cables"],"max_hp_gain":0,"max_hp_loss":0,"event_name":"WeMeetAgain","floor":2,"gold_loss":53},{"cards_removed":["Strike_B"],"damage_healed":0,"gold_gain":0,"player_choice":"Elegance","damage_taken":0,"max_hp_gain":0,"max_hp_loss":0,"event_name":"Back to Basics","floor":20,"gold_loss":0},{"damage_healed":0,"gold_gain":0,"player_choice":"Trade","damage_taken":0,"relics_obtained":["GremlinMask"],"max_hp_gain":0,"max_hp_loss":0,"event_name":"FaceTrader","floor":22,"gold_loss":0}],"is_beta":false,"boss_relics":[{"not_picked":["Tiny House","Busted Crown"],"picked":"Inserter"}],"items_purged_floors":[13],"is_endless":false,"potions_floor_spawned":[7,11,12,14,21],"killed_by":"Gremlin Leader","ascension_level":0}}