{"host":"9blctju11f5snuyr","time":1609139674,"event":{"mods":["2.2 Compatiblity","A Magickal Journey","AchievementEnabler","BaseMod","BetterRewards","Colored Map","Colored Powertips","Highlight Path","Minty Spire (QoL Compilation)","Quick Restart","Rare Cards Sparkle","Shop Mod","Spicy Shops","StSLib","Synergy Search","The Servant 0.9.4"],"gold_per_floor":[154,154,329,42,77,132,172,227,227,227,252,147,177,212,212,312,312,352,367,402,81,81,81,116,146,146,161,161,115,115,15,15,115,115,150,165,6,0,0,0,0,0,0,30,45,95,3,18,18,38],"floor_reached":51,"playtime":1583,"items_purged":["Doubt","Defend_G","Apotheosis","Strike_G+1","Dark Shackles"],"score":841,"play_id":"1f76ed9f-b518-4210-ac95-74a373a6de5f","local_time":"20201227231434","daily_mods":["Allstar","Colorless Cards","Night Terrors"],"is_ascension_mode":false,"campfire_choices":[{"floor":15,"key":"REST"},{"floor":23,"key":"REST"},{"floor":32,"key":"REST"},{"data":"Accuracy","floor":40,"key":"SMITH"},{"floor":42,"key":"REST"},{"data":"Finisher","floor":49,"key":"SMITH"}],"circlet_count":0,"master_deck":["Strike_G+1","Strike_G+1","Strike_G+1","Strike_G+1","Defend_G+1","Defend_G+1","Defend_G+1","Defend_G+1","Survivor","Neutralize","HandOfGreed","Impatience","Backstab","Backflip","Blade Dance","Slice","Accuracy+1","Finisher+1","Deflect","Sucker Punch+1","Slice","Cloak And Dagger","Flash of Steel","Footwork+1","Infinite Blades","Swift Strike+1","Slice","Cloak And Dagger+1","Blade Dance"],"relics":["Ring of the Snake","MerchantsRug","Pear","Dream Catcher","The Courier","Gremlin Horn","SlaversCollar","Vajra","Ninja Scroll","Bag of Marbles","Bottled Lightning","WristBlade","Red Mask","Mercury Hourglass","Anchor","Smiling Mask","Akabeko"],"acts_visited":["Exordium","TheCity","TheBeyond"],"potions_floor_usage":[8,16,27,33,44,44,44,48,50],"damage_taken":[{"damage":1,"enemies":"Small Slimes","floor":1,"turns":4},{"damage":0,"enemies":"2 Louse","floor":5,"turns":1},{"damage":20,"enemies":"Gremlin Nob","floor":6,"turns":5},{"damage":0,"enemies":"Jaw Worm","floor":7,"turns":3},{"damage":17,"enemies":"3 Sentries","floor":8,"turns":6},{"damage":11,"enemies":"Gremlin Nob","floor":13,"turns":3},{"damage":0,"enemies":"Exordium Wildlife","floor":14,"turns":3},{"damage":35,"enemies":"Slime Boss","floor":16,"turns":6},{"damage":28,"enemies":"2 Thieves","floor":18,"turns":4},{"damage":0,"enemies":"Shell Parasite","floor":19,"turns":4},{"damage":14,"enemies":"Shelled Parasite and Fungi","floor":20,"turns":6},{"damage":0,"enemies":"3 Cultists","floor":24,"turns":5},{"damage":18,"enemies":"Book of Stabbing","floor":25,"turns":3},{"damage":0,"enemies":"Centurion and Healer","floor":27,"turns":1},{"damage":14,"enemies":"Collector","floor":33,"turns":6},{"damage":0,"enemies":"3 Shapes","floor":35,"turns":2},{"damage":0,"enemies":"3 Darklings","floor":36,"turns":1},{"damage":0,"enemies":"2 Orb Walkers","floor":39,"turns":1},{"damage":0,"enemies":"Giant Head","floor":44,"turns":1},{"damage":0,"enemies":"Maw","floor":45,"turns":4},{"damage":0,"enemies":"Nemesis","floor":46,"turns":1},{"damage":0,"enemies":"Spire Growth","floor":48,"turns":1},{"damage":61,"enemies":"Awakened One","floor":50,"turns":9}],"seed_played":"3313543068594885719","potions_obtained":[{"floor":5,"key":"DuplicationPotion"},{"floor":7,"key":"ColorlessPotion"},{"floor":13,"key":"PowerPotion"},{"floor":20,"key":"EssenceOfSteel"},{"floor":25,"key":"AttackPotion"},{"floor":27,"key":"CunningPotion"},{"floor":41,"key":"DistilledChaos"},{"floor":41,"key":"Weak Potion"},{"floor":41,"key":"FearPotion"},{"floor":45,"key":"EssenceOfSteel"},{"floor":46,"key":"SpeedPotion"},{"floor":48,"key":"Fruit Juice"}],"is_trial":false,"path_per_floor":["M","?","?","$","M","E","M","E","T","?","T","$","E","M","R","B",null,"M","M","M","$","?","R","M","E","T","M","?","$","?","$","R","B",null,"M","M","$","?","?","R","?","R","T","E","M","E","$","M","R","B",null],"character_chosen":"THE_SILENT","items_purchased":["Backflip","PrismaticShard","MerchantsRug","Accuracy","Slice","Vajra","Ninja Scroll","Infinite Blades","Slice","Akabeko"],"campfire_rested":4,"item_purchase_floors":[4,4,4,12,21,21,21,29,37,47],"current_hp_per_floor":[69,69,69,69,69,59,59,42,42,26,26,26,15,15,75,40,75,47,47,33,33,33,70,70,52,52,52,52,52,36,36,65,51,65,65,65,65,65,65,65,65,60,60,60,60,60,60,65,65,4],"gold":38,"neow_bonus":"","is_daily":true,"chose_seed":false,"campfire_upgraded":2,"win_rate":0.0,"timestamp":1609139674,"path_taken":["M","?","?","$","?","E","M","E","T","?","?","$","E","M","R","BOSS","M","M","M","$","?","R","M","E","T","M","?","$","?","?","R","BOSS","M","M","$","?","?","R","?","R","T","E","M","E","$","M","R","BOSS"],"items_purchased_type":["Card","Relic","Relic","Card","Card","Relic","Relic","Card","Card","Relic"],"build_version":"2020-12-22","purchased_purges":5,"victory":true,"max_hp_per_floor":[70,70,70,70,70,80,80,80,80,80,80,80,80,80,75,75,75,75,75,75,75,75,70,70,70,70,70,70,70,70,70,65,65,65,65,65,65,65,65,65,65,60,60,60,60,60,60,65,65,65],"card_choices":[{"not_picked":["Underhanded Strike","Deadly Poison"],"picked":"Backstab","floor":1},{"not_picked":["Madness","PiercingWail","PanicButton"],"picked":"SKIP","floor":5},{"not_picked":["Poisoned Stab","Dramatic Entrance"],"picked":"Blade Dance","floor":6},{"not_picked":["Deep Breath","Enlightenment","Underhanded Strike"],"picked":"SKIP","floor":7},{"not_picked":["Venomology","Finesse"],"picked":"Slice","floor":8},{"not_picked":["Masterful Stab","Poisoned Stab"],"picked":"Finisher","floor":13},{"not_picked":["Prepared","Tactician"],"picked":"Deflect","floor":14},{"not_picked":["Reflex","Underhanded Strike"],"picked":"Sucker Punch+1","floor":18},{"not_picked":["Dagger Throw","Quick Slash","Noxious Fumes"],"picked":"SKIP","floor":19},{"not_picked":["Underhanded Strike","Finesse","Thinking Ahead"],"picked":"SKIP","floor":20},{"not_picked":["Sucker Punch+1","Dark Shackles"],"picked":"Cloak And Dagger","floor":23},{"not_picked":["Quick Slash","Dagger Throw"],"picked":"Flash of Steel","floor":24},{"not_picked":["Enlightenment","PiercingWail","Prepared"],"picked":"SKIP","floor":25},{"not_picked":["Poisoned Stab+1","Quick Slash"],"picked":"Footwork+1","floor":27},{"not_picked":["Bane","Underhanded Strike+1","Mind Blast+1"],"picked":"SKIP","floor":35},{"not_picked":["Escape Plan+1","Dash+1"],"picked":"Swift Strike+1","floor":36},{"not_picked":["Dagger Spray+1","Concentrate"],"picked":"Cloak And Dagger+1","floor":39},{"not_picked":["Dagger Spray","PiercingWail","Outmaneuver"],"picked":"SKIP","floor":44},{"not_picked":["Envenom","Poisoned Stab+1","Dagger Spray+1"],"picked":"SKIP","floor":45},{"not_picked":["Well Laid Plans+1","Bane+1","Sucker Punch"],"picked":"SKIP","floor":46},{"not_picked":["Reflex","Mind Blast+1"],"picked":"Blade Dance","floor":48}],"player_experience":187494,"relics_obtained":[{"floor":6,"key":"Pear"},{"floor":8,"key":"Dream Catcher"},{"floor":9,"key":"The Courier"},{"floor":11,"key":"Potion Belt"},{"floor":13,"key":"Gremlin Horn"},{"floor":25,"key":"Bag of Marbles"},{"floor":26,"key":"Bottled Lightning"},{"floor":39,"key":"Dead Branch"},{"floor":43,"key":"Mercury Hourglass"},{"floor":44,"key":"Anchor"},{"floor":46,"key":"Smiling Mask"}],"event_choices":[{"cards_removed":["Chrysalis"],"damage_healed":0,"gold_gain":0,"player_choice":"Forget","damage_taken":0,"max_hp_gain":0,"max_hp_loss":0,"event_name":"Living Wall","floor":2,"gold_loss":0},{"damage_healed":0,"gold_gain":175,"player_choice":"AGREE","damage_taken":0,"max_hp_gain":0,"max_hp_loss":0,"event_name":"Liars Game","floor":3,"gold_loss":0,"cards_obtained":["Doubt"]},{"damage_healed":0,"gold_gain":0,"player_choice":"Entered Light","damage_taken":16,"max_hp_gain":0,"max_hp_loss":0,"event_name":"Shining Light","floor":10,"gold_loss":0,"cards_upgraded":["Defend_G","Strike_G"]},{"damage_healed":0,"gold_gain":0,"player_choice":"Ignored","damage_taken":0,"max_hp_gain":0,"max_hp_loss":0,"event_name":"Ghosts","floor":22,"gold_loss":0},{"damage_healed":0,"gold_gain":0,"player_choice":"Simplicity","damage_taken":0,"max_hp_gain":0,"max_hp_loss":0,"event_name":"Back to Basics","floor":28,"gold_loss":0,"cards_upgraded":["Strike_G","Strike_G","Strike_G","Strike_G","Defend_G","Defend_G","Defend_G"]},{"damage_healed":0,"gold_gain":0,"player_choice":"Obtained Book","damage_taken":16,"max_hp_gain":0,"max_hp_loss":0,"event_name":"Cursed Tome","floor":30,"gold_loss":0},{"damage_healed":0,"gold_gain":0,"player_choice":"Paid","damage_taken":0,"relics_obtained":["Red Mask"],"max_hp_gain":0,"max_hp_loss":0,"event_name":"Tomb of Lord Red Mask","floor":38,"gold_loss":6},{"damage_healed":0,"gold_gain":0,"player_choice":"Fight","damage_taken":0,"max_hp_gain":0,"max_hp_loss":0,"event_name":"Mysterious Sphere","floor":39,"gold_loss":0},{"damage_healed":0,"gold_gain":0,"player_choice":"Got Potions","damage_taken":0,"max_hp_gain":0,"max_hp_loss":0,"event_name":"Lab","floor":41,"gold_loss":0}],"is_beta":false,"boss_relics":[{"not_picked":["Philosopher\u0027s Stone","Runic Dome"],"picked":"SlaversCollar"},{"not_picked":["Empty Cage","Ring of the Serpent"],"picked":"WristBlade"}],"items_purged_floors":[4,21,31,37,47],"is_endless":false,"potions_floor_spawned":[5,7,13,20,25,27,45,46,48],"ascension_level":0}}