{"host":"j3hagc6u6cazrqfv","time":1609176642,"event":{"mods":["AchievementEnabler","Arknights The Spire","BaseMod","DeckTracker","Minty Spire (QoL Compilation)","Rare Cards Sparkle","StSLib"],"gold_per_floor":[116,131,188,188,188,216,241,273,299,327,360,395,425,450,450,527,527,545,574,627,639,669,709,753,796,808,848,891,933,977,1023,1035,1124,1136,1167,1104,1104,1104,1123,1153,1179,1211,1211,1240,1240,1274,1301,1335,1335,1335],"floor_reached":51,"playtime":780,"items_purged":["ats:Volcano"],"score":3859,"play_id":"1580c977-e5fe-4d29-b7a5-5238cfbe23e3","local_time":"20201229023042","daily_mods":["Flight","DeadlyEvents","Elite Swarm"],"is_ascension_mode":true,"campfire_choices":[{"floor":15,"key":"REST"},{"floor":32,"key":"REST"},{"floor":49,"key":"REST"}],"circlet_count":0,"master_deck":["Grand Finale+1"],"relics":["Unceasing Top","ats:Originium","ats:Hidden Killer","ats:Originium","Akabeko","ats:Originium","Dream Catcher","Omamori","ats:Originium","War Paint","Toy Ornithopter","Meat on the Bone","Bag of Preparation","Du-Vu Doll","Busted Crown","Red Mask","MawBank","Happy Flower","Singing Bowl","Potion Belt","Ancient Tea Set","Ginger","Lizard Tail","PreservedInsect","Frozen Egg 2","TungstenRod","Runic Dome","Blue Candle","White Beast Statue","StoneCalendar","ats:Emergency Defibrillator","CeramicFish","The Courier","ats:Rhine Circuitry","Dead Branch","Bottled Flame"],"acts_visited":["Exordium","TheCity","TheBeyond"],"potions_floor_usage":[50,50],"damage_taken":[{"damage":0,"enemies":"2 Louse","floor":1,"turns":1},{"damage":0,"enemies":"Small Slimes","floor":2,"turns":1},{"damage":0,"enemies":"Gremlin Nob","floor":6,"turns":1},{"damage":0,"enemies":"3 Sentries","floor":7,"turns":1},{"damage":0,"enemies":"Lagavulin","floor":8,"turns":1},{"damage":0,"enemies":"Gremlin Nob","floor":10,"turns":1},{"damage":0,"enemies":"3 Sentries","floor":11,"turns":1},{"damage":0,"enemies":"Lagavulin","floor":12,"turns":1},{"damage":0,"enemies":"3 Sentries","floor":13,"turns":1},{"damage":0,"enemies":"Gremlin Nob","floor":14,"turns":1},{"damage":0,"enemies":"Hexaghost","floor":16,"turns":1},{"damage":0,"enemies":"3 Byrds","floor":18,"turns":1},{"damage":0,"enemies":"Masked Bandits","floor":19,"turns":1},{"damage":0,"enemies":"2 Thieves","floor":22,"turns":1},{"damage":0,"enemies":"Gremlin Leader","floor":23,"turns":1},{"damage":0,"enemies":"Book of Stabbing","floor":24,"turns":1},{"damage":0,"enemies":"Gremlin Leader","floor":25,"turns":1},{"damage":0,"enemies":"Slavers","floor":27,"turns":1},{"damage":0,"enemies":"Gremlin Leader","floor":28,"turns":1},{"damage":0,"enemies":"Slavers","floor":29,"turns":1},{"damage":0,"enemies":"Gremlin Leader","floor":30,"turns":1},{"damage":0,"enemies":"Slavers","floor":31,"turns":1},{"damage":0,"enemies":"Champ","floor":33,"turns":1},{"damage":6,"enemies":"3 Shapes","floor":35,"turns":1},{"damage":0,"enemies":"Orb Walker","floor":39,"turns":1},{"damage":0,"enemies":"Giant Head","floor":40,"turns":1},{"damage":0,"enemies":"Nemesis","floor":41,"turns":1},{"damage":0,"enemies":"Giant Head","floor":42,"turns":1},{"damage":0,"enemies":"Nemesis","floor":44,"turns":1},{"damage":0,"enemies":"Giant Head","floor":46,"turns":1},{"damage":0,"enemies":"Reptomancer","floor":47,"turns":1},{"damage":0,"enemies":"Giant Head","floor":48,"turns":1},{"damage":0,"enemies":"Awakened One","floor":50,"turns":2}],"seed_played":"634775015792321524","potions_obtained":[{"floor":16,"key":"PowerPotion"},{"floor":18,"key":"Fire Potion"},{"floor":44,"key":"Explosive Potion"},{"floor":46,"key":"FairyPotion"}],"is_trial":true,"path_per_floor":["M","M","?","?","?","E","E","E","T","E","E","E","E","E","R","B",null,"M","?","T","?","M","E","E","E","T","E","E","E","E","E","R","B",null,"M","$","$","?","M","E","E","E","T","E","T","E","E","E","R","B",null],"character_chosen":"DOCTOR_CLASS","items_purchased":[],"campfire_rested":3,"item_purchase_floors":[],"current_hp_per_floor":[65,65,65,70,70,70,70,70,70,70,70,70,70,70,77,77,77,77,77,77,77,77,77,79,81,81,83,85,87,89,91,93,93,93,89,89,89,89,91,93,95,97,97,99,99,101,103,105,113,113],"gold":1335,"neow_bonus":"","is_daily":false,"chose_seed":false,"campfire_upgraded":0,"win_rate":0.0,"timestamp":1609176642,"path_taken":["M","M","?","?","?","E","E","E","T","E","E","E","E","?","R","BOSS","M","?","?","?","?","E","E","E","T","E","E","E","E","?","R","BOSS","M","$","$","?","?","E","E","E","T","E","?","E","E","E","R","BOSS"],"items_purchased_type":[],"build_version":"2020-12-22","purchased_purges":1,"victory":true,"max_hp_per_floor":[72,72,72,77,77,77,77,77,77,77,77,77,77,77,77,77,77,77,77,77,77,77,77,79,81,81,83,85,87,89,91,93,93,93,95,95,95,95,97,99,101,103,103,105,105,107,109,111,113,113],"card_choices":[{"not_picked":["ats:Apocalypse","ats:Curse Doll","ats:Cat Scratch"],"picked":"SKIP","floor":1},{"not_picked":["ats:Closed Bolt Burst Fire","ats:Encircling Forest","ats:Blood Oath"],"picked":"SKIP","floor":2},{"not_picked":["ats:True Silver Slash","ats:Ambush","ats:Dogmatic Field"],"picked":"SKIP","floor":6},{"not_picked":["ats:Dogmatic Field","ats:Roar Of Ursus","ats:Nebulous Foxfire"],"picked":"SKIP","floor":7},{"not_picked":["ats:Soul Rend","ats:Dogmatic Field","ats:Wolf Pack"],"picked":"SKIP","floor":8},{"not_picked":["ats:Nebulous Foxfire","ats:Roar Of Ursus","ats:Calcification"],"picked":"SKIP","floor":10},{"not_picked":["ats:Disruption Kick","ats:Dogmatic Field","ats:Shadow Assault"],"picked":"SKIP","floor":11},{"not_picked":["ats:Rat Pack","ats:Calcification","ats:Shadow Assault"],"picked":"SKIP","floor":12},{"not_picked":["ats:Volcano","ats:Nebulous Foxfire","ats:Durian"],"picked":"SKIP","floor":13},{"not_picked":["ats:Shadow Assault","ats:Calcification","ats:Rat Pack"],"picked":"SKIP","floor":14},{"not_picked":["ats:Poison Spread"],"picked":"SKIP","floor":18},{"not_picked":["ats:Leaping Hammer"],"picked":"SKIP","floor":22},{"not_picked":["ats:Wolf Pack"],"picked":"SKIP","floor":23},{"not_picked":["ats:Nebulous Foxfire"],"picked":"Singing Bowl","floor":24},{"not_picked":["ats:Rat Pack"],"picked":"Singing Bowl","floor":25},{"not_picked":["ats:Volcano"],"picked":"Singing Bowl","floor":27},{"not_picked":["ats:Shadow Assault"],"picked":"Singing Bowl","floor":28},{"not_picked":["ats:Wolf Pack"],"picked":"Singing Bowl","floor":29},{"not_picked":["ats:Rat Pack"],"picked":"Singing Bowl","floor":30},{"not_picked":["ats:Roar Of Ursus+1"],"picked":"Singing Bowl","floor":31},{"not_picked":["ats:Flexible Camouflage"],"picked":"Singing Bowl","floor":32},{"not_picked":[],"picked":"ats:Volcano","floor":33},{"not_picked":["ats:Powerful Strike"],"picked":"Singing Bowl","floor":35},{"not_picked":["ats:Cat Scratch+1"],"picked":"Singing Bowl","floor":39},{"not_picked":["ats:Shadow Assault"],"picked":"Singing Bowl","floor":40},{"not_picked":["ats:Ambush+1"],"picked":"Singing Bowl","floor":41},{"not_picked":["ats:Fractured Body"],"picked":"Singing Bowl","floor":42},{"not_picked":["ats:Wolf Pack"],"picked":"Singing Bowl","floor":44},{"not_picked":["ats:Echo Reverb"],"picked":"Singing Bowl","floor":46},{"not_picked":["ats:Calcification"],"picked":"Singing Bowl","floor":47},{"not_picked":["ats:Wolf Pack"],"picked":"Singing Bowl","floor":48},{"not_picked":["ats:Poison Spread"],"picked":"Singing Bowl","floor":49}],"player_experience":3690,"relics_obtained":[{"floor":6,"key":"ats:Originium"},{"floor":6,"key":"ats:Hidden Killer"},{"floor":7,"key":"ats:Originium"},{"floor":7,"key":"Akabeko"},{"floor":8,"key":"ats:Originium"},{"floor":8,"key":"Dream Catcher"},{"floor":9,"key":"Omamori"},{"floor":10,"key":"ats:Originium"},{"floor":10,"key":"War Paint"},{"floor":11,"key":"Toy Ornithopter"},{"floor":12,"key":"Meat on the Bone"},{"floor":13,"key":"Bag of Preparation"},{"floor":14,"key":"Du-Vu Doll"},{"floor":19,"key":"Red Mask"},{"floor":20,"key":"MawBank"},{"floor":23,"key":"Happy Flower"},{"floor":24,"key":"Singing Bowl"},{"floor":25,"key":"Potion Belt"},{"floor":26,"key":"Ancient Tea Set"},{"floor":27,"key":"Ginger"},{"floor":28,"key":"Lizard Tail"},{"floor":29,"key":"PreservedInsect"},{"floor":30,"key":"Frozen Egg 2"},{"floor":31,"key":"TungstenRod"},{"floor":40,"key":"Blue Candle"},{"floor":41,"key":"White Beast Statue"},{"floor":42,"key":"StoneCalendar"},{"floor":43,"key":"ats:Emergency Defibrillator"},{"floor":44,"key":"CeramicFish"},{"floor":45,"key":"The Courier"},{"floor":46,"key":"ats:Rhine Circuitry"},{"floor":47,"key":"Dead Branch"},{"floor":48,"key":"Bottled Flame"}],"event_choices":[{"damage_healed":0,"gold_gain":57,"player_choice":"Gained Gold","damage_taken":0,"max_hp_gain":0,"max_hp_loss":0,"event_name":"Golden Wing","floor":3,"gold_loss":0},{"damage_healed":0,"gold_gain":0,"player_choice":"Donut","damage_taken":0,"max_hp_gain":5,"max_hp_loss":0,"event_name":"Big Fish","floor":4,"gold_loss":0},{"cards_removed":["Grand Finale"],"damage_healed":0,"gold_gain":0,"player_choice":"Forget","damage_taken":0,"max_hp_gain":0,"max_hp_loss":0,"event_name":"Living Wall","floor":5,"gold_loss":0},{"damage_healed":0,"gold_gain":0,"player_choice":"Fought Bandits","damage_taken":0,"max_hp_gain":0,"max_hp_loss":0,"event_name":"Masked Bandits","floor":19,"gold_loss":0},{"damage_healed":0,"gold_gain":0,"player_choice":"Ignored","damage_taken":0,"max_hp_gain":0,"max_hp_loss":0,"event_name":"Cursed Tome","floor":21,"gold_loss":0},{"damage_healed":0,"gold_gain":0,"player_choice":"0 cards matched","damage_taken":0,"max_hp_gain":0,"max_hp_loss":0,"event_name":"Match and Keep!","floor":38,"gold_loss":0,"cards_obtained":[]}],"is_beta":false,"boss_relics":[{"not_picked":["Philosopher\u0027s Stone","Cursed Key"],"picked":"Busted Crown"},{"not_picked":["Velvet Choker","Tiny House"],"picked":"Runic Dome"}],"items_purged_floors":[36],"is_endless":false,"potions_floor_spawned":[6,7,8,10,13,16,18,25,27,30,35,42,44,46,47,48],"ascension_level":20}}