{"host":"s6mlqkqtr3ey2mm2","time":1609199557,"event":{"mods":["2.2 Compatiblity","AchievementEnabler","Aspiration","BaseMod","Beaked The Cultist","Better Note","BetterRewards","Challenge The Spire","Colored Map","Colored Powertips","Conspire","Curses Come First","Downfall","Emptier Cage","Energized Spire","GifTheSpireLib","Halation","Hermit","Hubris","Infinite Spire","Ironclad Rager","Marked Mod","Minty Spire (QoL Compilation)","Quick Restart","RatMod","Replay The Spire","Retaliation","Shade Mod","Somnambulant","Spicy Shops","StSLib","Stuff the Spire","The Blue Laboratory","The Construct","The Druid","The IronCluck","The Marked","The Mystic","The Necromancer","The Poker Player","The Runesmith","The Valiant","vexMod"],"gold_per_floor":[115,129,149,149,149,149,175,175,175,28,28,44,44,44,44,44,44],"floor_reached":16,"playtime":725,"items_purged":[],"score":98,"play_id":"a32a8715-5620-421c-8bc6-258c2efd69a6","local_time":"20201228185237","is_ascension_mode":false,"campfire_choices":[{"data":"Negative_Energy_Mist","floor":6,"key":"SMITH"},{"floor":15,"key":"DIG"}],"circlet_count":0,"master_deck":["Toxic_Smoke_Screen+1","Strike_W","Strike_W","Strike_W","Defend_W+1","Defend_W+1","Defend_W","Defend_W","Negative_Energy_Arrows","Bone_Wall","Grasp_Heart","Negative_Energy_Sphere","Negative_Energy_Mist+1","Summon_Undead+1","Bone_Bullets","Pain"],"relics":["Vampire_Amulet","War Paint","hubris:Icosahedron","Bottled Lightning","Cauldron","hubris:CuriousFeather","WarpedTongs","beaked:ShinyBauble"],"acts_visited":["Exordium"],"potions_floor_usage":[],"damage_taken":[{"damage":0,"enemies":"2 Louse","floor":1,"turns":3},{"damage":0,"enemies":"Small Slimes","floor":2,"turns":2},{"damage":0,"enemies":"Cultist","floor":3,"turns":4},{"damage":33,"enemies":"Lagavulin","floor":7,"turns":6},{"damage":2,"enemies":"Looter","floor":12,"turns":3},{"damage":3,"enemies":"The Guardian","floor":16,"turns":2}],"seed_played":"3746869233375266347","potions_obtained":[{"floor":10,"key":"AttackPotion"},{"floor":10,"key":"Flashbang"},{"floor":10,"key":"Fire Potion"}],"is_trial":false,"path_per_floor":["M","M","M","?","?","R","E","?","T","$","?","M","?","?","R_BF","B"],"character_chosen":"NECROMANCER","items_purchased":["Cauldron","hubris:CuriousFeather"],"campfire_rested":0,"item_purchase_floors":[10,10],"current_hp_per_floor":[75,75,75,75,75,75,53,53,53,53,53,62,62,62,62,62,62],"gold":44,"neow_bonus":"ONE_RANDOM_RARE_CARD","is_daily":false,"chose_seed":false,"campfire_upgraded":1,"win_rate":0.0,"timestamp":1609199557,"path_taken":["M","M","M","?","?","R","E","?","T","$","?","?","?","?","R_BF","BOSS"],"items_purchased_type":["Relic","Relic"],"build_version":"2020-12-22","purchased_purges":0,"victory":false,"max_hp_per_floor":[75,75,75,75,75,75,75,75,75,75,75,75,75,75,75,75,75],"card_choices":[{"not_picked":["Consume_Illness","Bone_Spikes"],"picked":"Negative_Energy_Sphere","floor":1},{"not_picked":["Consume_Illness","Blood_Curse"],"picked":"Negative_Energy_Mist","floor":2},{"not_picked":["Epidemic","Blood_Is_Power"],"picked":"Summon_Undead","floor":3},{"not_picked":["Siphon_Strength","Skeleton_Dragon","Toxic_Smoke_Screen"],"picked":"SKIP","floor":7},{"not_picked":["Negative_Energy_Mist","Blood_Whip"],"picked":"Bone_Bullets","floor":12}],"player_experience":41009,"relics_obtained":[{"floor":7,"key":"War Paint"},{"floor":9,"key":"Bottled Lightning"},{"floor":15,"key":"beaked:ShinyBauble"}],"event_choices":[{"damage_healed":0,"gold_gain":0,"player_choice":"Grow","damage_taken":0,"max_hp_gain":0,"max_hp_loss":0,"event_name":"Living Wall","floor":4,"gold_loss":0,"cards_upgraded":["Summon_Undead"]},{"damage_healed":0,"gold_gain":0,"player_choice":"Ignored","damage_taken":0,"max_hp_gain":0,"max_hp_loss":0,"event_name":"betterNote:BetterNote","floor":11,"gold_loss":0,"cards_obtained":["conspire:DoublingDagger"]},{"damage_healed":0,"gold_gain":0,"player_choice":"Rummage","damage_taken":0,"relics_obtained":["WarpedTongs"],"max_hp_gain":0,"max_hp_loss":0,"event_name":"Accursed Blacksmith","floor":14,"gold_loss":0,"cards_obtained":["Pain"]}],"is_beta":false,"boss_relics":[],"items_purged_floors":[],"is_endless":false,"potions_floor_spawned":[3],"killed_by":"The Guardian","ascension_level":0}}