{"host":"i0m9g0siyue4991n","time":1609126593,"event":{"mods":["ATMod(阿瑾Mod)","Act Like it!","BaseMod","BetterRewards","CapriCore","Challenge The Spire","Custom Start","Decade(王小明)","Friendly Minions","Gensokyo","Minty Spire (QoL Compilation)","Quick Restart","Reimu（博丽灵梦）","RumiaBox-露米娅的神秘盒子","StSLib","The Animator","The Immortal","TheWitcher"],"gold_per_floor":[125,147,72,102,130,130,164,164,245,245,245,294,294,290,290,394,394,426,96,96,121,154,199,225,244,244,244,144,144,167,217,217,303,303,314,314,348,348,325,325,344,344,344,559,559,35,78,78,78,88,88,88,88,99,68],"floor_reached":56,"playtime":2115,"items_purged":["SnafuTest:DefaultCommonAttack","SnafuTest:DefaultCommonAttack+1","SnafuTest:BountyHunt+1"],"score":1705,"play_id":"317c2b20-1854-4b2a-b1e5-7b458441b13f","local_time":"20201228113633","is_ascension_mode":true,"campfire_choices":[{"data":"AT_FamilyPortrait","floor":6,"key":"SMITH"},{"data":"SnafuTest:LeadingCharge","floor":8,"key":"SMITH"},{"data":"SnafuTest:SpellBitingFrost","floor":10,"key":"SMITH"},{"data":"SnafuTest:BountyHunt","floor":13,"key":"SMITH"},{"data":"SnafuTest:SignQuen","floor":15,"key":"SMITH"},{"data":"SnafuTest:Decapitate","floor":27,"key":"SMITH"},{"data":"SnafuTest:DefaultCommonSkill","floor":29,"key":"SMITH"},{"data":"SnafuTest:PayAlchemyMaster","floor":32,"key":"SMITH"},{"data":"AT_FamilyPortrait","floor":40,"key":"SMITH"},{"floor":42,"key":"RECALL"},{"data":"SnafuTest:Awake","floor":45,"key":"SMITH"},{"floor":49,"key":"REST"},{"data":"Madness","floor":52,"key":"SMITH"}],"circlet_count":0,"master_deck":["SnafuTest:DefaultCommonAttack+1","SnafuTest:DefaultCommonSkill+1","SnafuTest:DefaultCommonSkill+1","SnafuTest:SignQuen+1","AT_FamilyPortrait+1","SnafuTest:SpellBitingFrost+1","SnafuTest:LeadingCharge+1","SnafuTest:PowerContactIsContract+1","SnafuTest:Decapitate+1","SnafuTest:PowerAlwaysAWay+1","SnafuTest:PayAlchemyMaster+1","SnafuTest:Awake+1","SnafuTest:PowerProbingFeint+1","AT_FamilyPortrait+1","SnafuTest:AncestralRitual+1","AT_FamilyPortrait+1","Madness+1","Madness"],"relics":["SnafuTest:UnstableMutagenRelic","AT_ATBox","Frozen Egg 2","Lizard Tail","AT_TrinityForce","Potion Belt","Pen Nib","Mango","SacredBark","SnafuTest:AxiiRelic","GodSword1","AT_TimeSand","DollysMirror","AT_ArchangelStaff","Art of War","Bronze Scales"],"acts_visited":["Exordium","TheCity","TheBeyond","TheEnding"],"potions_floor_usage":[22,23,39,39,41,44,44,54,55,55,55,55,55,55,55,55,55,55,55,55,55,55,55,55,55],"damage_taken":[{"damage":0,"enemies":"Jaw Worm","floor":1,"turns":4},{"damage":0,"enemies":"2 Louse","floor":2,"turns":2},{"damage":0,"enemies":"Cultist","floor":4,"turns":3},{"damage":6,"enemies":"Looter","floor":5,"turns":3},{"damage":7,"enemies":"3 Louse","floor":7,"turns":2},{"damage":13,"enemies":"Gremlin Nob","floor":12,"turns":3},{"damage":0,"enemies":"Large Slime","floor":14,"turns":3},{"damage":25,"enemies":"The Guardian","floor":16,"turns":13},{"damage":0,"enemies":"2 Thieves","floor":18,"turns":2},{"damage":0,"enemies":"Spheric Guardian","floor":21,"turns":3},{"damage":1,"enemies":"Shelled Parasite and Fungi","floor":22,"turns":6},{"damage":0,"enemies":"Book of Stabbing","floor":23,"turns":2},{"damage":10,"enemies":"Centurion and Healer","floor":24,"turns":4},{"damage":2,"enemies":"Cultist and Chosen","floor":25,"turns":4},{"damage":0,"enemies":"Snake Plant","floor":30,"turns":2},{"damage":0,"enemies":"Slavers","floor":31,"turns":3},{"damage":0,"enemies":"Champ","floor":33,"turns":6},{"damage":8,"enemies":"3 Shapes","floor":35,"turns":1},{"damage":5,"enemies":"3 Darklings","floor":37,"turns":6},{"damage":8,"enemies":"Writhing Mass","floor":39,"turns":3},{"damage":6,"enemies":"Giant Head","floor":41,"turns":1},{"damage":16,"enemies":"Nemesis","floor":44,"turns":3},{"damage":0,"enemies":"Reptomancer","floor":47,"turns":5},{"damage":0,"enemies":"Time Eater","floor":50,"turns":4},{"damage":43,"enemies":"Shield and Spear","floor":54,"turns":5},{"damage":6,"enemies":"The Heart","floor":55,"turns":5}],"seed_played":"7628693225764018796","potions_obtained":[{"floor":4,"key":"Energy Potion"},{"floor":5,"key":"BlessingOfTheForge"},{"floor":12,"key":"EssenceOfSteel"},{"floor":16,"key":"Fire Potion"},{"floor":22,"key":"FearPotion"},{"floor":24,"key":"Fire Potion"},{"floor":31,"key":"SteroidPotion"},{"floor":39,"key":"DistilledChaos"},{"floor":41,"key":"Swift Potion"}],"is_trial":false,"path_per_floor":["M","M","$","M","M","R","M","R","T","R","?","E","R","M","R","B",null,"M","$","?","M","M","E","M","M","T","R","$","R","M","E","R","B",null,"M","?","M","?","M","R","E","R","T","E","R","$","E","?","R","B",null,"R","$","E","B",null],"character_chosen":"THE_WITCHER","items_purchased":["SnafuTest:LeadingCharge","Potion Belt","EntropicBrew","EntropicBrew","DollysMirror","AT_ArchangelStaff"],"campfire_rested":1,"item_purchase_floors":[3,19,19,46,46,46],"current_hp_per_floor":[75,75,75,75,69,69,62,62,62,62,47,34,34,34,34,9,75,75,75,75,75,74,75,65,70,70,70,70,70,70,84,84,84,89,81,81,76,76,68,68,62,62,62,46,46,46,46,35,61,61,89,89,89,89,83],"gold":68,"neow_bonus":"RANDOM_COLORLESS","is_daily":false,"chose_seed":false,"campfire_upgraded":11,"win_rate":0.0,"timestamp":1609126593,"path_taken":["M","M","$","M","M","R","M","R","T","R","?","E","R","M","R","BOSS","M","$","?","M","M","E","M","?","T","R","$","R","M","E","R","BOSS","M","?","M","?","M","R","E","R","T","E","R","$","E","?","R","BOSS","R","$","E","BOSS"],"items_purchased_type":["Card","Relic","Potion","Potion","Relic","Relic"],"build_version":"2020-12-22","purchased_purges":3,"victory":true,"max_hp_per_floor":[75,75,75,75,75,75,75,75,75,75,75,75,75,75,75,75,75,75,75,75,75,75,75,75,75,75,75,75,75,75,89,89,89,89,89,89,89,89,89,89,89,89,89,89,89,89,89,89,89,89,89,89,89,89,89],"card_choices":[{"not_picked":["SnafuTest:HermitsErudition","SnafuTest:BombDimeritium"],"picked":"SnafuTest:SpellBitingFrost","floor":1},{"not_picked":["SnafuTest:ShieldUp","SnafuTest:PowerCounterAttack","SnafuTest:Portal"],"picked":"SKIP","floor":2},{"not_picked":["SnafuTest:SpellBlindFury","SnafuTest:MCSuccubusSeduction","SnafuTest:SpellChainLightning"],"picked":"SKIP","floor":4},{"not_picked":["SnafuTest:PowerCounterAttack","SnafuTest:MCFeignDeath","SnafuTest:SpellTortoise"],"picked":"SKIP","floor":5},{"not_picked":["SnafuTest:DesperateRemediation","SnafuTest:MCFeignDeath","SnafuTest:Kick"],"picked":"SKIP","floor":7},{"not_picked":["SnafuTest:WeddingDance","SnafuTest:HermitsErudition"],"picked":"SnafuTest:PaySmithWorkshop","floor":12},{"not_picked":["SnafuTest:Kick","SnafuTest:Meditation","SnafuTest:SpellBitingFrost"],"picked":"SKIP","floor":14},{"not_picked":["SnafuTest:PowerBloodLust+1","SnafuTest:BoxingChampion"],"picked":"SnafuTest:PowerContactIsContract+1","floor":16},{"not_picked":["SnafuTest:PowerCounterAttack+1","SnafuTest:RecklessBlow","SnafuTest:ArmoredSortie"],"picked":"SKIP","floor":18},{"not_picked":["SnafuTest:NoPass","SnafuTest:BombDevilsPuffball+1","SnafuTest:ScholarsIntrigue"],"picked":"SKIP","floor":21},{"not_picked":["SnafuTest:FlashingEvasion","SnafuTest:BombSamum"],"picked":"SnafuTest:SweetHome","floor":22},{"not_picked":["SnafuTest:MCSongOfPeace","SnafuTest:Offering"],"picked":"SnafuTest:Decapitate","floor":23},{"not_picked":["SnafuTest:SpellHellfire+1","SnafuTest:FlashingEvasion+1","SnafuTest:RecklessBlow+1"],"picked":"SKIP","floor":24},{"not_picked":["SnafuTest:ScholarsIntrigue","SnafuTest:BattleCry+1","SnafuTest:SignIgni"],"picked":"SKIP","floor":25},{"not_picked":["SnafuTest:BombDevilsPuffball","SnafuTest:MCSongOfPeace"],"picked":"SnafuTest:PowerAlwaysAWay+1","floor":30},{"not_picked":["SnafuTest:SpellTortoise","SnafuTest:MCSuccubusSeduction+1"],"picked":"SnafuTest:PayAlchemyMaster","floor":31},{"not_picked":["SnafuTest:AssassinOfKings","SnafuTest:PowerBloodLust+1"],"picked":"SnafuTest:Awake","floor":33},{"not_picked":["SnafuTest:PowerCounterAttack+1","SnafuTest:NoPass+1"],"picked":"SnafuTest:PowerProbingFeint+1","floor":35},{"not_picked":["SnafuTest:Offering","SnafuTest:NoPass+1","SnafuTest:BombNorthernWind+1"],"picked":"SKIP","floor":37},{"not_picked":["Master of Strategy","Impatience"],"picked":"AT_FamilyPortrait","floor":38},{"not_picked":["SnafuTest:SpellTelekinesis","SnafuTest:SpellChainLightning","SnafuTest:SpellDispellingPush+1"],"picked":"SKIP","floor":39},{"not_picked":["SnafuTest:PowerMartialMagical+1","SnafuTest:BombNorthernWind","SnafuTest:PowerVainGlory+1"],"picked":"SKIP","floor":41},{"not_picked":["SnafuTest:HermitsErudition+1","SnafuTest:PayArmorSmith"],"picked":"SnafuTest:AncestralRitual+1","floor":44},{"not_picked":["SnafuTest:Decapitate","SnafuTest:PowerProbingFeint+1","SnafuTest:FlashingRaid"],"picked":"SKIP","floor":47},{"not_picked":["SnafuTest:MCFeignDeath","SnafuTest:SpellBlindFury+1","SnafuTest:MCMockAndRun+1"],"picked":"SKIP","floor":54}],"player_experience":605030,"relics_obtained":[{"floor":9,"key":"Frozen Egg 2"},{"floor":12,"key":"Lizard Tail"},{"floor":23,"key":"Pen Nib"},{"floor":31,"key":"Mango"},{"floor":41,"key":"SnafuTest:AxiiRelic"},{"floor":43,"key":"GodSword1"},{"floor":44,"key":"AT_TimeSand"},{"floor":47,"key":"Art of War"},{"floor":54,"key":"Bronze Scales"}],"event_choices":[{"damage_healed":0,"gold_gain":0,"player_choice":"Entered Light","damage_taken":15,"max_hp_gain":0,"max_hp_loss":0,"event_name":"Shining Light","floor":11,"gold_loss":0,"cards_upgraded":["SnafuTest:DefaultCommonAttack","SnafuTest:DefaultCommonAttack"]},{"cards_removed":["SnafuTest:DefaultCommonSkill"],"damage_healed":0,"gold_gain":0,"player_choice":"Offered Basic","damage_taken":0,"max_hp_gain":0,"max_hp_loss":0,"event_name":"Bonfire Elementals","floor":20,"gold_loss":0},{"damage_healed":0,"gold_gain":0,"player_choice":"Ignored","damage_taken":0,"max_hp_gain":0,"max_hp_loss":0,"event_name":"Tomb of Lord Red Mask","floor":36,"gold_loss":0},{"damage_healed":0,"gold_gain":0,"player_choice":"Memory 1","damage_taken":0,"max_hp_gain":0,"max_hp_loss":0,"event_name":"SensoryStone","floor":38,"gold_loss":0},{"damage_healed":0,"gold_gain":0,"player_choice":"Embrace Madness","damage_taken":11,"max_hp_gain":0,"max_hp_loss":0,"event_name":"Winding Halls","floor":48,"gold_loss":0,"cards_obtained":["Madness","Madness"]}],"is_beta":false,"boss_relics":[{"not_picked":["Snecko Eye","Tiny House"],"picked":"AT_TrinityForce"},{"not_picked":["Runic Dome","SlaversCollar"],"picked":"SacredBark"}],"items_purged_floors":[19,28,46],"is_endless":false,"potions_floor_spawned":[4,5,12,16,18,22,24,31,39,41],"ascension_level":3}}