{"host":"raai0vtvcfkt8csp","time":1609120346,"event":{"mods":["2.2 Compatiblity","AchievementEnabler","BaseMod","Block Reminder","DeckTracker","Defective Defect","GifTheSpireLib","Minty Spire (QoL Compilation)","Quick Restart","Random Character Button","Rare Cards Sparkle","StSLib","Unceasing Turn Reminder"],"gold_per_floor":[112,15,15,15,15,15,46,46,46,46,57,76,107,122,122,220,220,238,255,267,285,285,314,314,314,361,394,420,520,540,570,570,673,673,684,644,70,88,88,121,196,230,303,330,349,364,278,294,294,294,294,294,42,70,70,70],"floor_reached":55,"playtime":2767,"items_purged":[],"score":938,"play_id":"833fb7f0-a2b7-4e36-a61c-0fa4dd6b2954","local_time":"20201228025226","is_ascension_mode":true,"campfire_choices":[{"data":"Bash","floor":6,"key":"SMITH"},{"data":"Anger","floor":15,"key":"SMITH"},{"data":"Demon Form","floor":25,"key":"SMITH"},{"data":"Hemokinesis","floor":32,"key":"SMITH"},{"floor":49,"key":"RECALL"},{"data":"Impervious","floor":52,"key":"SMITH"}],"circlet_count":0,"master_deck":["Strike_R+1","Strike_R+1","Strike_R+1","Strike_R+1","Strike_R+1","Defend_R+1","Defend_R+1","Defend_R+1","Defend_R+1","Bash+1","Shrug It Off","Evolve+1","Twin Strike","Flex","Iron Wave+1","Reaper+1","Anger+1","Demon Form+1","Intimidate+1","Hemokinesis+1","Immolate","Thunderclap","Impervious+1","Injury","Iron Wave+1","Shockwave+1","Rage+1","Barricade+1","Flame Barrier","Flame Barrier+1","Blood for Blood+1","Writhe","Pommel Strike+1","Doubt","Impervious","Rage","Heavy Blade+1","Dramatic Entrance+1","Parasite","Metallicize+1","Apotheosis","Entrench","Pummel+1"],"relics":["Black Blood","NeowsBlessing","Vajra","Happy Flower","White Beast Statue","Cursed Key","Gremlin Horn","Whetstone","Red Mask","Bottled Lightning","Mercury Hourglass","Molten Egg 2","Pear","Mummified Hand","Darkstone Periapt","HornCleat","Kunai","StrikeDummy","Nunchaku"],"acts_visited":["Exordium","TheCity","TheBeyond","TheEnding"],"potions_floor_usage":[16,18,18,20,21,21,23,28,31,42,46,54,55,55,55],"damage_taken":[{"damage":0,"enemies":"Small Slimes","floor":1,"turns":1},{"damage":0,"enemies":"3 Sentries","floor":7,"turns":2},{"damage":0,"enemies":"Jaw Worm","floor":11,"turns":1},{"damage":0,"enemies":"2 Louse","floor":12,"turns":3},{"damage":26,"enemies":"Lagavulin","floor":13,"turns":7},{"damage":3,"enemies":"Red Slaver","floor":14,"turns":5},{"damage":23,"enemies":"Slime Boss","floor":16,"turns":8},{"damage":5,"enemies":"3 Byrds","floor":18,"turns":6},{"damage":0,"enemies":"Chosen","floor":19,"turns":4},{"damage":27,"enemies":"Shelled Parasite and Fungi","floor":20,"turns":5},{"damage":16,"enemies":"3 Cultists","floor":21,"turns":5},{"damage":33,"enemies":"Gremlin Leader","floor":23,"turns":5},{"damage":43,"enemies":"Masked Bandits","floor":27,"turns":4},{"damage":7,"enemies":"Book of Stabbing","floor":28,"turns":5},{"damage":4,"enemies":"Snake Plant","floor":30,"turns":5},{"damage":24,"enemies":"Slavers","floor":31,"turns":4},{"damage":19,"enemies":"Automaton","floor":33,"turns":8},{"damage":3,"enemies":"3 Darklings","floor":35,"turns":3},{"damage":2,"enemies":"3 Shapes","floor":38,"turns":3},{"damage":71,"enemies":"Nemesis","floor":40,"turns":9},{"damage":118,"enemies":"Giant Head","floor":42,"turns":12},{"damage":30,"enemies":"Reptomancer","floor":44,"turns":7},{"damage":2,"enemies":"Sphere and 2 Shapes","floor":45,"turns":4},{"damage":7,"enemies":"4 Shapes","floor":46,"turns":6},{"damage":2,"enemies":"Writhing Mass","floor":48,"turns":10},{"damage":65,"enemies":"Donu and Deca","floor":50,"turns":9},{"damage":56,"enemies":"Shield and Spear","floor":54,"turns":9},{"damage":92,"enemies":"The Heart","floor":55,"turns":8}],"seed_played":"5964829730890194726","potions_obtained":[{"floor":11,"key":"Swift Potion"},{"floor":12,"key":"PowerPotion"},{"floor":13,"key":"DistilledChaos"},{"floor":16,"key":"DuplicationPotion"},{"floor":18,"key":"Explosive Potion"},{"floor":19,"key":"FairyPotion"},{"floor":20,"key":"Fire Potion"},{"floor":21,"key":"BlessingOfTheForge"},{"floor":23,"key":"Energy Potion"},{"floor":27,"key":"Block Potion"},{"floor":28,"key":"SkillPotion"},{"floor":31,"key":"BlessingOfTheForge"},{"floor":42,"key":"Ancient Potion"},{"floor":44,"key":"Explosive Potion"},{"floor":46,"key":"ElixirPotion"},{"floor":54,"key":"Block Potion"}],"is_trial":false,"path_per_floor":["M","$","?","?","$","R","E","?","T","?","M","M","E","M","R","B",null,"M","M","M","M","?","E","?","R","T","?","E","?","M","E","R","B",null,"M","?","$","M","?","E","T","E","T","E","M","M","$","M","R","B",null,"R","$","E","B"],"character_chosen":"IRONCLAD","items_purchased":["Evolve","Twin Strike","Molten Egg 2","Pear","Flame Barrier","Dramatic Entrance+1","Apotheosis","Entrench"],"campfire_rested":0,"item_purchase_floors":[2,2,37,37,37,47,53,53],"current_hp_per_floor":[80,80,85,73,73,73,79,79,79,79,85,85,65,68,68,68,85,85,85,64,54,54,27,55,55,55,45,56,56,67,85,85,79,85,85,85,95,95,95,63,63,25,31,34,44,49,49,83,83,42,107,107,107,91,0,0],"gold":70,"neow_bonus":"THREE_ENEMY_KILL","is_daily":false,"chose_seed":false,"campfire_upgraded":5,"win_rate":0.0,"timestamp":1609120346,"path_taken":["M","$","?","?","$","R","E","?","T","?","M","?","E","M","R","BOSS","M","M","M","M","?","E","?","R","T","?","E","?","?","E","R","BOSS","M","?","?","M","?","E","?","E","T","E","M","?","$","M","R","BOSS","R","$","E","BOSS"],"items_purchased_type":["Card","Card","Relic","Relic","Card","Card","Card","Card"],"build_version":"2020-12-22","purchased_purges":0,"victory":false,"max_hp_per_floor":[80,80,85,85,85,85,85,85,85,85,85,85,85,85,85,85,85,85,85,85,85,85,85,85,85,85,85,85,85,85,85,85,85,85,85,85,95,95,95,95,95,95,101,101,101,101,101,107,107,107,107,107,107,107,107,107],"card_choices":[{"not_picked":["Wild Strike","Clothesline"],"picked":"Shrug It Off","floor":1},{"not_picked":["Body Slam","Warcry"],"picked":"Impervious","floor":7},{"not_picked":["Sword Boomerang","Dark Embrace"],"picked":"Flex","floor":11},{"not_picked":["Perfected Strike","True Grit"],"picked":"Iron Wave","floor":12},{"not_picked":["Wild Strike","True Grit"],"picked":"Reaper","floor":13},{"not_picked":["Warcry","Rage"],"picked":"Anger","floor":14},{"not_picked":["Limit Break","Fiend Fire"],"picked":"Demon Form","floor":16},{"not_picked":["Body Slam+1","Cleave+1"],"picked":"Intimidate+1","floor":18},{"not_picked":["Flex","Warcry"],"picked":"Hemokinesis","floor":19},{"not_picked":["Rupture+1","Clash"],"picked":"Immolate","floor":20},{"not_picked":["Clash","Reckless Charge+1"],"picked":"Thunderclap","floor":21},{"not_picked":["Hemokinesis","Havoc+1"],"picked":"Impervious","floor":23},{"not_picked":["Cleave","Body Slam"],"picked":"Iron Wave+1","floor":27},{"not_picked":["Havoc+1","Dark Embrace"],"picked":"Shockwave+1","floor":28},{"not_picked":["Warcry","Clash","Dark Embrace"],"picked":"SKIP","floor":30},{"not_picked":["Rampage","Shockwave"],"picked":"Rage+1","floor":31},{"not_picked":["Juggernaut","Reaper"],"picked":"Barricade","floor":33},{"not_picked":["Pommel Strike+1","Clash","Rampage+1"],"picked":"SKIP","floor":35},{"not_picked":["Anger+1","Pommel Strike+1"],"picked":"Flame Barrier+1","floor":38},{"not_picked":["Havoc+1","Flame Barrier"],"picked":"Blood for Blood+1","floor":40},{"not_picked":["Warcry+1","Bloodletting+1"],"picked":"Pommel Strike+1","floor":42},{"not_picked":["Whirlwind+1","Reckless Charge+1"],"picked":"Impervious","floor":44},{"not_picked":["Shrug It Off","Flame Barrier+1"],"picked":"Rage","floor":45},{"not_picked":["Clothesline+1","Clash+1"],"picked":"Heavy Blade+1","floor":46},{"not_picked":["Armaments","Clash+1"],"picked":"Metallicize+1","floor":48},{"not_picked":["Iron Wave+1","Clash+1"],"picked":"Pummel+1","floor":54}],"player_experience":473170,"relics_obtained":[{"floor":7,"key":"Happy Flower"},{"floor":13,"key":"White Beast Statue"},{"floor":23,"key":"Gremlin Horn"},{"floor":26,"key":"Whetstone"},{"floor":27,"key":"Red Mask"},{"floor":28,"key":"Bottled Lightning"},{"floor":31,"key":"Mercury Hourglass"},{"floor":40,"key":"Mummified Hand"},{"floor":41,"key":"Darkstone Periapt"},{"floor":42,"key":"HornCleat"},{"floor":43,"key":"Kunai"},{"floor":44,"key":"StrikeDummy"},{"floor":54,"key":"Nunchaku"}],"event_choices":[{"damage_healed":0,"gold_gain":0,"player_choice":"Donut","damage_taken":0,"max_hp_gain":5,"max_hp_loss":0,"event_name":"Big Fish","floor":3,"gold_loss":0},{"damage_healed":0,"gold_gain":0,"player_choice":"Success","damage_taken":12,"relics_obtained":["Vajra"],"max_hp_gain":0,"max_hp_loss":0,"event_name":"Scrap Ooze","floor":4,"gold_loss":0},{"damage_healed":0,"gold_gain":0,"player_choice":"Ignored","damage_taken":0,"max_hp_gain":0,"max_hp_loss":0,"event_name":"Liars Game","floor":8,"gold_loss":0},{"damage_healed":0,"gold_gain":0,"player_choice":"Leave","damage_taken":0,"max_hp_gain":0,"max_hp_loss":0,"event_name":"The Cleric","floor":10,"gold_loss":0},{"damage_healed":0,"gold_gain":0,"player_choice":"Simplicity","damage_taken":0,"max_hp_gain":0,"max_hp_loss":0,"event_name":"Back to Basics","floor":22,"gold_loss":0,"cards_upgraded":["Strike_R","Strike_R","Strike_R","Strike_R","Strike_R","Defend_R","Defend_R","Defend_R","Defend_R"]},{"damage_healed":28,"gold_gain":0,"player_choice":"Heal","damage_taken":0,"max_hp_gain":0,"max_hp_loss":0,"event_name":"The Library","floor":24,"gold_loss":0},{"damage_healed":0,"gold_gain":0,"player_choice":"Fought Bandits","damage_taken":0,"max_hp_gain":0,"max_hp_loss":0,"event_name":"Masked Bandits","floor":27,"gold_loss":0},{"damage_healed":0,"gold_gain":100,"player_choice":"Pray","damage_taken":0,"max_hp_gain":0,"max_hp_loss":0,"event_name":"Golden Shrine","floor":29,"gold_loss":0},{"damage_healed":0,"gold_gain":0,"player_choice":"Upgraded Two","damage_taken":0,"max_hp_gain":0,"max_hp_loss":0,"event_name":"Designer","floor":36,"gold_loss":40,"cards_upgraded":["Evolve","Barricade"]},{"cards_removed":["Impervious"],"damage_healed":0,"gold_gain":0,"player_choice":"Removed Skill","damage_taken":0,"max_hp_gain":0,"max_hp_loss":0,"event_name":"Falling","floor":39,"gold_loss":0}],"is_beta":false,"boss_relics":[{"not_picked":["Tiny House","Sozu"],"picked":"Cursed Key"},{"not_picked":["Velvet Choker","Runic Dome"],"picked":"Black Blood"}],"items_purged_floors":[],"is_endless":false,"potions_floor_spawned":[11,12,13,14,16,18,19,20,21,23,27,28,30,31,33,35,38,40,42,44,45,46,48,54],"killed_by":"The Heart","ascension_level":1}}