{"host":"2cyf8dghbnnkmltz","time":1609120647,"event":{"mods":["BaseMod","Downfall","Hermit","Minty Spire (QoL Compilation)","StSLib","The Servant 0.9.4"],"gold_per_floor":[18,37,37,37,56,83,83,83,83,8,8,27,27,42,42,42,42],"floor_reached":16,"playtime":615,"items_purged":["Strike_R"],"score":200,"play_id":"3dd5675d-bb25-4905-acae-6afcb963aad7","local_time":"20201228095727","is_ascension_mode":true,"campfire_choices":[{"data":"Offering","floor":7,"key":"SMITH"},{"data":"Burning Pact","floor":11,"key":"SMITH"},{"data":"Disarm","floor":13,"key":"SMITH"},{"floor":15,"key":"REST"}],"circlet_count":0,"master_deck":["AscendersBane","Strike_R","Strike_R","Defend_R","Defend_R","Defend_R","Defend_R","Bash","Offering+1","Inflame","Reaper","Burning Pact+1","Disarm+1","Fiend Fire"],"relics":["Burning Blood","Peace Pipe","Incense Burner"],"acts_visited":["Exordium"],"potions_floor_usage":[6,8,14,16],"damage_taken":[{"damage":1.0,"enemies":"2 Louse","floor":1.0,"turns":3.0},{"damage":13.0,"enemies":"Small Slimes","floor":2.0,"turns":3.0},{"damage":1.0,"enemies":"Cultist","floor":5.0,"turns":3.0},{"damage":71,"enemies":"3 Sentries","floor":6,"turns":16},{"damage":21,"enemies":"2 Fungi Beasts","floor":12,"turns":6},{"damage":24,"enemies":"Exordium Thugs","floor":14,"turns":7},{"damage":42,"enemies":"The Guardian","floor":16,"turns":14}],"seed_played":"-2137200133866636253","potions_obtained":[{"floor":2.0,"key":"Block Potion"},{"floor":8,"key":"Block Potion"},{"floor":8,"key":"Fruit Juice"},{"floor":12,"key":"champ:CounterPotion"},{"floor":14,"key":"Energy Potion"}],"is_trial":false,"path_per_floor":["M","M","?","?","M","E","R","?","T","$","R","M","R","M","R","B"],"character_chosen":"IRONCLAD","items_purchased":[],"campfire_rested":1,"item_purchase_floors":[],"current_hp_per_floor":[73,66,59,59,64,17,17,22,22,22,22,19,19,10,34,0,0],"gold":42,"neow_bonus":"THREE_RARE_CARDS","is_daily":false,"chose_seed":false,"campfire_upgraded":3,"win_rate":0.0,"timestamp":1609120647,"path_taken":["M","M","?","?","?","E","R","?","T","?","R","M","R","M","R","BOSS"],"items_purchased_type":[],"build_version":"2020-12-22","purchased_purges":1,"victory":false,"max_hp_per_floor":[75,75,75,75,75,75,75,80,80,80,80,80,80,80,80,80,80],"card_choices":[{"not_picked":["Corruption","Exhume"],"picked":"Offering","floor":0.0},{"not_picked":["Twin Strike","Whirlwind","True Grit"],"picked":"SKIP","floor":1.0},{"not_picked":["Entrench","Wild Strike"],"picked":"Inflame","floor":2.0},{"not_picked":["Headbutt","Iron Wave","Thunderclap"],"picked":"SKIP","floor":5.0},{"not_picked":["Infernal Blade","Clash"],"picked":"Burning Pact","floor":6},{"not_picked":["Warcry","Havoc"],"picked":"Disarm","floor":12},{"not_picked":["Body Slam","Entrench"],"picked":"Fiend Fire","floor":14}],"player_experience":1120426,"relics_obtained":[{"floor":6,"key":"Peace Pipe"},{"floor":9,"key":"Incense Burner"}],"event_choices":[{"cards_removed":["Strike_R"],"damage_healed":0.0,"max_hp_gain":0.0,"max_hp_loss":0.0,"gold_gain":0.0,"event_name":"Golden Wing","player_choice":"Card Removal","floor":3.0,"gold_loss":0.0,"damage_taken":7.0},{"damage_healed":0.0,"max_hp_gain":0.0,"max_hp_loss":0.0,"gold_gain":0.0,"cards_transformed":["Strike_R"],"event_name":"Transmorgrifier","player_choice":"Transformed","floor":4.0,"gold_loss":0.0,"damage_taken":0.0,"cards_obtained":["Reaper"]},{"damage_healed":0,"gold_gain":0,"player_choice":"Got Potions","damage_taken":0,"max_hp_gain":0,"max_hp_loss":0,"event_name":"Lab","floor":8,"gold_loss":0}],"is_beta":false,"boss_relics":[],"items_purged_floors":[10],"is_endless":false,"potions_floor_spawned":[2,12,14],"killed_by":"The Guardian","ascension_level":20}}