{"host":"rxpu8tqu58sn7qk5","time":1609157261,"event":{"mods":["BaseMod","Colored Map","Colored Powertips","Downfall","Hubris","Minty Spire (QoL Compilation)","Replay The Spire","StSLib"],"gold_per_floor":[116,116,116,126,126,152,152,162,185,185,204,51,65,84,84,84,84],"floor_reached":16,"playtime":998,"items_purged":[],"score":127,"play_id":"733da083-2d75-43aa-92ef-fefad7b8aefa","local_time":"20201228070741","is_ascension_mode":false,"campfire_choices":[{"data":"Infinite Blades","floor":10.0,"key":"SMITH"},{"data":"Venomology","floor":15,"key":"SMITH"}],"circlet_count":0,"master_deck":["Strike_G","Strike_G","Strike_G","Strike_G","Defend_G","Defend_G","Defend_G","Defend_G","Defend_G","Survivor","Neutralize","Infinite Blades+1","Tactician","Skewer","Venomology+1","Dodge and Roll","Outmaneuver","Dash"],"relics":["Ring of the Snake","NeowsBlessing","White Beast Statue","hubris:AncientText","Oddly Smooth Stone","Regal Pillow","Lantern"],"acts_visited":["Exordium"],"potions_floor_usage":[11,11,13,14,14,16,16,16,16],"damage_taken":[{"damage":0.0,"enemies":"2 Louse","floor":1.0,"turns":1.0},{"damage":0.0,"enemies":"Cultist","floor":4.0,"turns":1.0},{"damage":0.0,"enemies":"Gremlin Nob","floor":6.0,"turns":1.0},{"damage":0.0,"enemies":"Jaw Worm","floor":8.0,"turns":4.0},{"damage":0,"enemies":"Exordium Thugs","floor":11,"turns":5},{"damage":0,"enemies":"3 Louse","floor":13,"turns":4},{"damage":0,"enemies":"2 Fungi Beasts","floor":14,"turns":3},{"damage":85,"enemies":"Hexaghost","floor":16,"turns":16}],"seed_played":"-619804173919777427","potions_obtained":[{"floor":1.0,"key":"AttackPotion"},{"floor":6.0,"key":"Weak Potion"},{"floor":8.0,"key":"FearPotion"},{"floor":11,"key":"FearPotion"},{"floor":13,"key":"Adrenaline Potion"},{"floor":14,"key":"Regen Potion"}],"is_trial":false,"path_per_floor":["M","$","?","M","T","E","T","M","T","R","M","$","M","M","R","B"],"character_chosen":"THE_SILENT","items_purchased":["Lantern"],"campfire_rested":0,"item_purchase_floors":[12],"current_hp_per_floor":[70,70,70,70,70,70,70,70,70,70,70,70,70,70,70,0,0],"gold":84,"neow_bonus":"THREE_ENEMY_KILL","is_daily":false,"chose_seed":false,"campfire_upgraded":2,"win_rate":0.0,"timestamp":1609157261,"path_taken":["M","$","?","?","?","E","?","M","T","R","M","$","M","M","R","BOSS"],"items_purchased_type":["Relic"],"build_version":"2020-12-22","purchased_purges":0,"victory":false,"max_hp_per_floor":[70,70,70,70,70,70,70,70,70,70,70,70,70,70,70,70,70],"card_choices":[{"not_picked":["Well Laid Plans","Backflip"],"picked":"Infinite Blades","floor":1.0},{"not_picked":["Sucker Punch","Deflect"],"picked":"Skewer","floor":4.0},{"not_picked":["hubris:SlightOfHand","Adrenaline"],"picked":"Venomology","floor":6.0},{"not_picked":["Underhanded Strike","Tactician"],"picked":"Dodge and Roll","floor":8.0},{"not_picked":["Backflip","Quick Slash"],"picked":"Outmaneuver","floor":11},{"not_picked":["ReplayTheSpireMod:Tripwire","Wraith Form v2","Choke"],"picked":"SKIP","floor":13},{"not_picked":["hubris:SlightOfHand","Skewer"],"picked":"Dash","floor":14}],"player_experience":113636,"relics_obtained":[{"floor":5.0,"key":"White Beast Statue"},{"floor":6.0,"key":"hubris:AncientText"},{"floor":7.0,"key":"Oddly Smooth Stone"},{"floor":9.0,"key":"Regal Pillow"}],"event_choices":[{"damage_healed":0.0,"max_hp_gain":0.0,"max_hp_loss":0.0,"gold_gain":0.0,"cards_transformed":["Strike_G"],"event_name":"Transmorgrifier","player_choice":"Transformed","floor":3.0,"gold_loss":0.0,"damage_taken":0.0,"cards_obtained":["Tactician"]}],"is_beta":false,"boss_relics":[],"items_purged_floors":[],"is_endless":false,"potions_floor_spawned":[1,6,8,11,13,14],"killed_by":"Hexaghost","ascension_level":0}}