{"host":"rmsq46plbpwfbxcc","time":1609170498,"event":{"mods":["AchievementEnabler","BaseMod","Colored Map","DeckTracker","Minty Spire (QoL Compilation)","Permanent Neow","SuperFastMode"],"gold_per_floor":[119,119,134,134,151,151,166,166,166,166,191,191,218,13,13,85,135,146,146,28,44,62,62,74,108,187,53,53,71,71,86,86,157,157,176,191,191,57,71,71,84,116,416,416,416,416,416],"floor_reached":46,"playtime":1545,"items_purged":["Strike_G","Defend_G"],"score":912,"play_id":"43deaa8d-7b49-4b17-9021-7384c62409d6","local_time":"20201229004818","is_ascension_mode":true,"campfire_choices":[{"data":"Cloak And Dagger","floor":6.0,"key":"SMITH"},{"data":"Blade Dance","floor":8.0,"key":"SMITH"},{"data":"Venomology","floor":15.0,"key":"SMITH"},{"data":"Envenom","floor":23,"key":"SMITH"},{"data":"Blade Dance","floor":28,"key":"SMITH"},{"data":"Accuracy","floor":30,"key":"SMITH"},{"data":"Phantasmal Killer","floor":32,"key":"SMITH"},{"data":"Tactician","floor":40,"key":"SMITH"},{"data":"Escape Plan","floor":44,"key":"SMITH"}],"circlet_count":0,"master_deck":["AscendersBane","Strike_G","Defend_G","Defend_G","Defend_G+1","Survivor","Neutralize+1","Cloak And Dagger+1","Dagger Throw","PiercingWail","Blade Dance+1","Venomology+1","Accuracy+1","Phantasmal Killer+1","Blade Dance+1","Envenom+1","PiercingWail","Escape Plan+1","Tactician+1","Blade Dance+1"],"relics":["Coffee Dripper","Pantograph","Bottled Lightning","Oddly Smooth Stone","Membership Card","Tiny House","Snake Skull","Art of War","Shuriken","Potion Belt","Empty Cage","Ornamental Fan","Boot","Old Coin"],"acts_visited":["Exordium","TheCity","TheBeyond"],"potions_floor_usage":[21,22,24,24,24,25,29,29,31,33,36,37,39,39,41,41,42,42,46,46],"damage_taken":[{"damage":0.0,"enemies":"Jaw Worm","floor":1.0,"turns":5.0},{"damage":0.0,"enemies":"Cultist","floor":3.0,"turns":4.0},{"damage":1.0,"enemies":"2 Louse","floor":5.0,"turns":3.0},{"damage":0.0,"enemies":"Gremlin Gang","floor":7.0,"turns":7.0},{"damage":11.0,"enemies":"3 Sentries","floor":11.0,"turns":9.0},{"damage":25.0,"enemies":"Lagavulin","floor":13.0,"turns":9.0},{"damage":10.0,"enemies":"Hexaghost","floor":16.0,"turns":11.0},{"damage":12.0,"enemies":"Chosen","floor":18.0,"turns":4.0},{"damage":2,"enemies":"Shell Parasite","floor":21,"turns":3},{"damage":0,"enemies":"Centurion and Healer","floor":22,"turns":5},{"damage":10,"enemies":"Snecko","floor":24,"turns":5},{"damage":20,"enemies":"Book of Stabbing","floor":25,"turns":6},{"damage":6,"enemies":"Chosen and Byrds","floor":29,"turns":4},{"damage":7,"enemies":"Snake Plant","floor":31,"turns":3},{"damage":31,"enemies":"Collector","floor":33,"turns":8},{"damage":15,"enemies":"3 Shapes","floor":35,"turns":9},{"damage":0,"enemies":"Orb Walker","floor":36,"turns":3},{"damage":0,"enemies":"Spire Growth","floor":37,"turns":2},{"damage":1,"enemies":"4 Shapes","floor":39,"turns":3},{"damage":15,"enemies":"Sphere and 2 Shapes","floor":41,"turns":5},{"damage":18,"enemies":"Giant Head","floor":42,"turns":6},{"damage":9,"enemies":"Spire Growth","floor":46,"turns":3}],"seed_played":"-4401292186585976972","potions_obtained":[{"floor":3.0,"key":"GhostInAJar"},{"floor":5.0,"key":"DistilledChaos"},{"floor":16.0,"key":"PowerPotion"},{"floor":17.0,"key":"ColorlessPotion"},{"floor":21,"key":"Dexterity Potion"},{"floor":22,"key":"EntropicBrew"},{"floor":35,"key":"SmokeBomb"},{"floor":39,"key":"Dexterity Potion"},{"floor":42,"key":"GhostInAJar"}],"is_trial":false,"path_per_floor":["M","?","M","?","M","R","M","R","T","?","E","?","E","$","R","B",null,"M","?","$","M","M","R","M","E","T","$","R","M","R","M","R","B",null,"M","M","M","$","M","R","M","E","T","R","?","M"],"character_chosen":"THE_SILENT","items_purchased":["Membership Card","Accuracy","Snake Skull","Potion Belt","Ornamental Fan"],"campfire_rested":0,"item_purchase_floors":[14,14,20,27,38],"current_hp_per_floor":[59,59,59,59,58,58,58,58,58,58,47,47,22,22,22,37,64,52,52,52,50,50,50,40,20,20,20,20,14,14,7,7,1,54,39,39,39,39,38,38,23,5,5,5,5,0,0],"gold":416,"neow_bonus":"BOSS_RELIC","is_daily":false,"chose_seed":false,"campfire_upgraded":9,"win_rate":0.0,"timestamp":1609170498,"path_taken":["M","?","M","?","?","R","M","R","T","?","E","?","E","$","R","BOSS","M","?","$","M","M","R","M","E","T","$","R","M","R","M","R","BOSS","M","M","M","$","M","R","?","E","T","R","?","M"],"items_purchased_type":["Relic","Card","Relic","Relic","Relic"],"build_version":"2020-12-22","purchased_purges":2,"victory":false,"max_hp_per_floor":[66,66,66,66,66,66,66,66,66,66,66,66,66,66,66,66,71,71,71,71,71,71,71,71,71,71,71,71,71,71,71,71,71,71,71,71,71,71,71,71,71,71,71,71,71,71,71],"card_choices":[{"not_picked":["Slice","Dagger Spray"],"picked":"Cloak And Dagger","floor":1.0},{"not_picked":["Dodge and Roll","Sucker Punch"],"picked":"Dagger Throw","floor":3.0},{"not_picked":["Flying Knee","Quick Slash"],"picked":"PiercingWail","floor":5.0},{"not_picked":["Expertise","Backflip"],"picked":"Blade Dance","floor":7.0},{"not_picked":["Dodge and Roll","Cloak And Dagger"],"picked":"Venomology","floor":11.0},{"not_picked":["Calculated Gamble","Bane","Leg Sweep"],"picked":"SKIP","floor":13.0},{"not_picked":["Grand Finale","Tools of the Trade"],"picked":"Phantasmal Killer","floor":16.0},{"not_picked":["Deadly Poison","Backstab"],"picked":"Blade Dance","floor":17.0},{"not_picked":["Catalyst","Flying Knee","Underhanded Strike"],"picked":"SKIP","floor":18.0},{"not_picked":["Night Terror","Dodge and Roll"],"picked":"PiercingWail","floor":21},{"not_picked":["Caltrops","Prepared","Deflect"],"picked":"SKIP","floor":22},{"not_picked":["Dagger Throw","Deadly Poison","Outmaneuver"],"picked":"SKIP","floor":24},{"not_picked":["Blade Dance","Backflip"],"picked":"Escape Plan","floor":25},{"not_picked":["Corpse Explosion","Poisoned Stab","Blade Dance+1"],"picked":"SKIP","floor":29},{"not_picked":["Deadly Poison+1","Slice","Cloak And Dagger"],"picked":"SKIP","floor":31},{"not_picked":["Cloak And Dagger","Slice","Quick Slash"],"picked":"SKIP","floor":35},{"not_picked":["Slice","Bane","Dagger Spray+1"],"picked":"SKIP","floor":36},{"not_picked":["Dagger Spray","Eviscerate"],"picked":"Tactician","floor":39},{"not_picked":["Quick Slash+1","Flying Knee","Slice"],"picked":"SKIP","floor":41},{"not_picked":["Grand Finale","Crippling Poison"],"picked":"Blade Dance+1","floor":42}],"player_experience":1401399,"relics_obtained":[{"floor":9.0,"key":"Pantograph"},{"floor":11.0,"key":"Bottled Lightning"},{"floor":13.0,"key":"Oddly Smooth Stone"},{"floor":25,"key":"Art of War"},{"floor":26,"key":"Shuriken"},{"floor":42,"key":"Boot"},{"floor":43,"key":"Old Coin"}],"event_choices":[{"damage_healed":0.0,"max_hp_gain":0.0,"max_hp_loss":0.0,"gold_gain":0.0,"event_name":"Liars Game","player_choice":"Ignored","floor":2.0,"gold_loss":0.0,"damage_taken":0.0},{"damage_healed":0.0,"max_hp_gain":0.0,"max_hp_loss":0.0,"gold_gain":0.0,"event_name":"Upgrade Shrine","player_choice":"Upgraded","floor":4.0,"gold_loss":0.0,"damage_taken":0.0,"cards_upgraded":["Neutralize"]},{"damage_healed":0.0,"max_hp_gain":0.0,"max_hp_loss":0.0,"gold_gain":0.0,"event_name":"Shining Light","player_choice":"Ignored","floor":10.0,"gold_loss":0.0,"damage_taken":0.0},{"cards_removed":["Strike_G"],"damage_healed":0.0,"max_hp_gain":0.0,"max_hp_loss":0.0,"gold_gain":0.0,"event_name":"Living Wall","player_choice":"Forget","floor":12.0,"gold_loss":0.0,"damage_taken":0.0},{"damage_healed":0,"gold_gain":0,"player_choice":"1 cards matched","damage_taken":0,"max_hp_gain":0,"max_hp_loss":0,"event_name":"Match and Keep!","floor":19,"gold_loss":0,"cards_obtained":["Envenom"]},{"cards_removed":["Strike_G"],"damage_healed":0,"gold_gain":0,"player_choice":"Purged","damage_taken":0,"max_hp_gain":0,"max_hp_loss":0,"event_name":"Purifier","floor":45,"gold_loss":0}],"is_beta":false,"boss_relics":[{"not_picked":["Ectoplasm","Snecko Eye"],"picked":"Tiny House"},{"not_picked":["SlaversCollar","Runic Pyramid"],"picked":"Empty Cage"}],"items_purged_floors":[20,27],"is_endless":false,"potions_floor_spawned":[3,5,16,21,22,25,35,39,42],"killed_by":"Spire Growth","ascension_level":18}}