{"host":"szp1d6dso4pv7ddl","time":1609196032,"event":{"mods":["AchievementEnabler","Alarm Clock","BaseMod","Bestiary","Block Reminder","Colored Map","Colored Powertips","Curses Come First","Displayed Cursed Tome","Highlight Path","Minty Spire (QoL Compilation)","Permanent Neow","Quick Restart","Relic Sorter","Relic Stats","StSLib","Synergy Search"],"gold_per_floor":[112,112,128,58,58,58,58],"floor_reached":6,"playtime":387,"items_purged":[],"score":53,"play_id":"186d682f-5813-4806-b3e8-726f03772efc","local_time":"20201228145352","is_ascension_mode":true,"campfire_choices":[],"circlet_count":0,"master_deck":["AscendersBane","Strike_R","Strike_R","Strike_R","Strike_R","Strike_R","Defend_R","Defend_R","Defend_R","Bash","Cleave","Thunderclap","Fiend Fire","Madness","Fire Breathing"],"relics":["Runic Cube"],"acts_visited":["Exordium"],"potions_floor_usage":[],"damage_taken":[{"damage":6,"enemies":"Cultist","floor":1,"turns":4},{"damage":9,"enemies":"2 Louse","floor":3,"turns":2},{"damage":57,"enemies":"Lagavulin","floor":6,"turns":6}],"seed_played":"-1878052903544939841","potions_obtained":[{"floor":3,"key":"Strength Potion"}],"is_trial":false,"path_per_floor":["M","?","M","$","?","E"],"character_chosen":"IRONCLAD","items_purchased":["Fiend Fire"],"campfire_rested":0,"item_purchase_floors":[4],"current_hp_per_floor":[66,66,57,57,57,0,0],"gold":58,"neow_bonus":"BOSS_RELIC","is_daily":false,"chose_seed":false,"campfire_upgraded":0,"win_rate":0.0,"timestamp":1609196032,"path_taken":["M","?","?","$","?","E"],"items_purchased_type":["Card"],"build_version":"2020-12-22","purchased_purges":0,"victory":false,"max_hp_per_floor":[80,80,80,80,80,80,80],"relic_stats":{"counters":[3,12],"obtain_stats":[{"Burning Blood":0,"Runic Cube":0},{"Burning Blood":0,"Runic Cube":0},{"Burning Blood":0,"Runic Cube":0}],"Runic Cube":[6]},"card_choices":[{"not_picked":["Clothesline","Sword Boomerang"],"picked":"Cleave","floor":1},{"not_picked":["Dual Wield","Pommel Strike"],"picked":"Thunderclap","floor":3}],"player_experience":1057988,"relics_obtained":[],"event_choices":[{"cards_removed":["Defend_R"],"damage_healed":0,"gold_gain":0,"player_choice":"Purged","damage_taken":0,"max_hp_gain":0,"max_hp_loss":0,"event_name":"Purifier","floor":2,"gold_loss":0},{"damage_healed":0,"gold_gain":0,"player_choice":"2 cards matched","damage_taken":0,"max_hp_gain":0,"max_hp_loss":0,"event_name":"Match and Keep!","floor":5,"gold_loss":0,"cards_obtained":["Madness","Fire Breathing"]}],"is_beta":false,"boss_relics":[],"items_purged_floors":[],"is_endless":false,"potions_floor_spawned":[3],"killed_by":"Lagavulin","ascension_level":11}}