{"host":"7r6bd5ce6zscnmwq","time":1609176746,"event":{"mods":["BaseMod","Better Altar","Better Match","Better Note","Better Sensory Stone","Better Skull","Better Third Choice","Better Vampires","Block Reminder","Colored Powertips","Displayed Cursed Tome","Minty Spire (QoL Compilation)","Permanent Neow","Quick Restart","Shop Mod","Spicy Shops","StSLib","The Marked"],"gold_per_floor":[112,112,131,141,154,189,201,243,280,292,1,17,30,30,30,126,126,145,158,158,258,308,308,308,308,308,343,91,108,127,143,143,248,298,311,326,326,339,350,228,228,277,304,304,304,319,337,351,351,351,351,351,5,40,40,40],"floor_reached":55,"playtime":4511,"items_purged":["theMarked:Defend","theMarked:Strike","theMarked:Defend","theMarked:Strike"],"score":701,"play_id":"36f6aa19-5e5d-4e10-a043-5273ffc33730","local_time":"20201229023226","is_ascension_mode":false,"campfire_choices":[{"data":"theMarked:SoldierOfQuellstein","floor":7,"key":"SMITH"},{"data":"Dramatic Entrance","floor":10,"key":"SMITH"},{"data":"theMarked:Reabsorb","floor":15,"key":"SMITH"},{"data":"theMarked:Overcharge","floor":23,"key":"SMITH"},{"data":"theMarked:Overthink","floor":25,"key":"SMITH"},{"data":"theMarked:ContemptForTheProud","floor":32,"key":"SMITH"},{"floor":41,"key":"REST"},{"floor":45,"key":"RECALL"},{"floor":49,"key":"REST"},{"data":"theMarked:TakeOffHeels","floor":52,"key":"SMITH"}],"circlet_count":0,"master_deck":["theMarked:Strike","theMarked:Strike","theMarked:Strike","theMarked:Defend","theMarked:Defend","theMarked:SoldierOfQuellstein+1","Dramatic Entrance+1","theMarked:TunnelVision+1","theMarked:Overcharge+1","theMarked:TakeCover","theMarked:Overthink+1","theMarked:WastefulDefense","theMarked:Reabsorb+1","theMarked:Overthink+1","theMarked:TurnInvisible","theMarked:Polarize+1","theMarked:MagicAdept+1","theMarked:ContemptForTheProud+1","theMarked:TakeOffHeels+1","theMarked:PowerFlow","theMarked:TwofoldDefense+1"],"relics":["theMarked:ArtifactOfAir","Toy Ornithopter","Bronze Scales","Membership Card","Frozen Eye","Happy Flower","theMarked:Eyepatch","Medical Kit","Letter Opener","PreservedInsect","MerchantsRug","Bird Faced Urn","Blood Vial","Vajra","Lizard Tail","Centennial Puzzle"],"acts_visited":["Exordium","TheCity","TheBeyond","TheEnding"],"potions_floor_usage":[6,13,27,29,30,42,42,48,50,50,50,55,55,55],"damage_taken":[{"damage":0,"enemies":"2 Louse","floor":1,"turns":1},{"damage":0,"enemies":"Cultist","floor":3,"turns":2},{"damage":0,"enemies":"Small Slimes","floor":4,"turns":1},{"damage":5,"enemies":"Looter","floor":5,"turns":3},{"damage":2,"enemies":"3 Sentries","floor":6,"turns":6},{"damage":20,"enemies":"Gremlin Nob","floor":8,"turns":4},{"damage":0,"enemies":"2 Fungi Beasts","floor":12,"turns":1},{"damage":2,"enemies":"Large Slime","floor":13,"turns":3},{"damage":31,"enemies":"Slime Boss","floor":16,"turns":8},{"damage":0,"enemies":"Chosen","floor":18,"turns":4},{"damage":10,"enemies":"Shell Parasite","floor":19,"turns":3},{"damage":5,"enemies":"Gremlin Leader","floor":27,"turns":4},{"damage":0,"enemies":"Cultist and Chosen","floor":29,"turns":3},{"damage":0,"enemies":"Snake Plant","floor":30,"turns":3},{"damage":0,"enemies":"Snecko","floor":31,"turns":2},{"damage":30,"enemies":"Automaton","floor":33,"turns":6},{"damage":13,"enemies":"3 Shapes","floor":35,"turns":4},{"damage":12,"enemies":"3 Darklings","floor":36,"turns":3},{"damage":0,"enemies":"Maw","floor":38,"turns":5},{"damage":8,"enemies":"Transient","floor":39,"turns":5},{"damage":3,"enemies":"2 Orb Walkers","floor":42,"turns":4},{"damage":27,"enemies":"3 Darklings","floor":46,"turns":5},{"damage":21,"enemies":"Spire Growth","floor":47,"turns":4},{"damage":21,"enemies":"Writhing Mass","floor":48,"turns":3},{"damage":50,"enemies":"Time Eater","floor":50,"turns":7},{"damage":67,"enemies":"Shield and Spear","floor":54,"turns":6},{"damage":63,"enemies":"The Heart","floor":55,"turns":6}],"seed_played":"-5991353452036709377","potions_obtained":[{"floor":1,"key":"Regen Potion"},{"floor":3,"key":"SpeedPotion"},{"floor":4,"key":"Dexterity Potion"},{"floor":8,"key":"Explosive Potion"},{"floor":16,"key":"Fire Potion"},{"floor":19,"key":"Explosive Potion"},{"floor":27,"key":"DistilledChaos"},{"floor":29,"key":"Energy Potion"},{"floor":33,"key":"PowerPotion"},{"floor":34,"key":"ColorlessPotion"},{"floor":36,"key":"EssenceOfSteel"},{"floor":46,"key":"AttackPotion"},{"floor":47,"key":"Strength Potion"},{"floor":54,"key":"Ancient Potion"}],"is_trial":false,"path_per_floor":["M","?","M","M","M","E","R","E","T","R","$","M","M","?","R","B",null,"M","M","?","?","?","R","?","R","T","E","$","M","M","M","R","B",null,"M","M","?","M","M","$","R","?","T","?","R","M","M","M","R","B",null,"R","$","E","B"],"character_chosen":"THE_DEFAULT","items_purchased":["Membership Card","Frozen Eye","Happy Flower","Medical Kit","Letter Opener","PreservedInsect","MerchantsRug","Vajra","Ancient Potion","Lizard Tail"],"campfire_rested":2,"item_purchase_floors":[11,11,11,28,28,40,40,53,53,53],"current_hp_per_floor":[70,70,70,70,65,63,63,43,43,43,43,43,46,46,46,15,70,70,60,60,60,60,60,60,60,60,60,60,65,70,70,70,40,75,62,50,50,50,42,42,63,70,70,70,70,46,29,17,38,24,71,71,71,6,0,0],"gold":40,"neow_bonus":"RANDOM_COLORLESS","is_daily":false,"chose_seed":false,"campfire_upgraded":7,"win_rate":0.0,"timestamp":1609176746,"path_taken":["M","?","M","M","?","E","R","E","T","R","$","M","M","?","R","BOSS","M","M","?","?","?","R","?","R","T","E","$","M","M","M","R","BOSS","M","M","?","M","M","$","R","?","T","?","R","M","M","M","R","BOSS","R","$","E","BOSS"],"items_purchased_type":["Relic","Relic","Relic","Relic","Relic","Relic","Relic","Relic","Potion","Relic"],"build_version":"2020-12-22","purchased_purges":4,"victory":false,"max_hp_per_floor":[70,70,70,70,70,70,70,70,70,70,70,70,70,70,70,70,70,70,70,70,70,70,70,70,70,70,70,70,70,70,70,70,70,75,75,75,71,71,71,71,71,71,71,71,71,71,71,71,71,71,71,71,71,71,71,71],"card_choices":[{"not_picked":["Impatience","PanicButton"],"picked":"Dramatic Entrance","floor":0},{"not_picked":["theMarked:Indomitable","theMarked:RepellingDischarge"],"picked":"theMarked:TunnelVision","floor":1},{"not_picked":["theMarked:Improvise","theMarked:Convert"],"picked":"theMarked:Overcharge","floor":3},{"not_picked":["theMarked:Frustration","theMarked:RepellingDischarge"],"picked":"theMarked:TakeCover","floor":4},{"not_picked":["theMarked:ChainLightning","theMarked:Electrocute"],"picked":"theMarked:Overthink","floor":5},{"not_picked":["theMarked:Seal","theMarked:Improvise"],"picked":"theMarked:WastefulDefense","floor":6},{"not_picked":["theMarked:WastefulAttack","theMarked:TwofoldDefense","theMarked:Frustration"],"picked":"SKIP","floor":8},{"not_picked":["theMarked:Generate","theMarked:Overthink"],"picked":"theMarked:Reabsorb","floor":12},{"not_picked":["theMarked:SwordAndMagic","theMarked:Frustration","theMarked:TwofoldDefense"],"picked":"SKIP","floor":13},{"not_picked":["theMarked:BindingBlade","theMarked:Levitate"],"picked":"theMarked:TurnInvisible","floor":16},{"not_picked":["theMarked:MysticalArsenal","theMarked:RogueSparks"],"picked":"theMarked:Polarize+1","floor":18},{"not_picked":["theMarked:Electrocute","theMarked:ChainLightning"],"picked":"theMarked:MagicAdept","floor":19},{"not_picked":["theMarked:ElectricStrings","theMarked:WastefulAttack","theMarked:Electrocute"],"picked":"SKIP","floor":27},{"not_picked":["theMarked:Aftermath","theMarked:Improvise"],"picked":"theMarked:ContemptForTheProud","floor":29},{"not_picked":["theMarked:Parkour+1","theMarked:WastefulAttack+1","theMarked:WardOff"],"picked":"SKIP","floor":30},{"not_picked":["theMarked:WastefulDefense","theMarked:Improvise","theMarked:RepellingDischarge+1"],"picked":"SKIP","floor":31},{"not_picked":["theMarked:ThrowWeapon","theMarked:Levitate"],"picked":"theMarked:TakeOffHeels","floor":33},{"not_picked":["theMarked:ReduceFriction","theMarked:Overthink+1"],"picked":"theMarked:PowerFlow","floor":34},{"not_picked":["theMarked:Parkour","theMarked:ResourceFulStrike","theMarked:BanishingStrike+1"],"picked":"SKIP","floor":35},{"not_picked":["theMarked:WardOff+1","theMarked:EnhanceMovement+1","theMarked:ChainLightning+1"],"picked":"SKIP","floor":36},{"not_picked":["theMarked:SwordAndMagic+1","theMarked:PowerFlow+1","theMarked:ResourceFulStrike"],"picked":"SKIP","floor":38},{"not_picked":["theMarked:TakeOffHeels","theMarked:ElectricStrings"],"picked":"theMarked:TwofoldDefense+1","floor":39},{"not_picked":["theMarked:EmpowerWeapon+1","theMarked:Improvise+1","theMarked:WastefulAttack+1"],"picked":"SKIP","floor":46},{"not_picked":["theMarked:SwordAndMagic+1","theMarked:Panic","theMarked:DeterminationOfTheMarked+1"],"picked":"SKIP","floor":47},{"not_picked":["theMarked:Aftermath","theMarked:Reabsorb","theMarked:Overcharge"],"picked":"SKIP","floor":48},{"not_picked":["theMarked:WardOff","theMarked:HeightenedSenses","theMarked:RepellingDischarge+1"],"picked":"SKIP","floor":54}],"player_experience":603670,"relics_obtained":[{"floor":6,"key":"MawBank"},{"floor":8,"key":"Toy Ornithopter"},{"floor":9,"key":"Bronze Scales"},{"floor":27,"key":"Potion Belt"},{"floor":42,"key":"Bird Faced Urn"},{"floor":43,"key":"Blood Vial"},{"floor":54,"key":"Centennial Puzzle"}],"event_choices":[{"damage_healed":0,"gold_gain":0,"player_choice":"Full Heal","damage_taken":0,"max_hp_gain":0,"max_hp_loss":0,"event_name":"Wheel of Change","floor":2,"gold_loss":0},{"damage_healed":0,"gold_gain":1,"player_choice":"4","damage_taken":0,"max_hp_gain":0,"max_hp_loss":0,"event_name":"betterStone:BetterStone","floor":14,"gold_loss":0,"cards_obtained":["theMarked:Overthink"]},{"damage_healed":0,"gold_gain":0,"player_choice":"Upgraded","damage_taken":0,"max_hp_gain":0,"max_hp_loss":0,"event_name":"Upgrade Shrine","floor":20,"gold_loss":0,"cards_upgraded":["theMarked:MagicAdept"]},{"damage_healed":0,"gold_gain":100,"player_choice":"Pray","damage_taken":0,"max_hp_gain":0,"max_hp_loss":0,"event_name":"Golden Shrine","floor":21,"gold_loss":0},{"damage_healed":0,"gold_gain":100,"player_choice":"Bet on Murderer","damage_taken":0,"max_hp_gain":0,"max_hp_loss":0,"event_name":"The Joust","floor":22,"gold_loss":50},{"cards_removed":["theMarked:Overcharge"],"damage_healed":0,"gold_gain":0,"player_choice":"Give","damage_taken":0,"max_hp_gain":0,"max_hp_loss":0,"event_name":"betterNote:BetterNote","floor":24,"gold_loss":0,"cards_obtained":["None"]},{"damage_healed":0,"gold_gain":0,"player_choice":"Max HP","damage_taken":0,"max_hp_gain":0,"max_hp_loss":4,"event_name":"Winding Halls","floor":37,"gold_loss":0},{"damage_healed":0,"gold_gain":0,"player_choice":"Fight","damage_taken":0,"max_hp_gain":0,"max_hp_loss":0,"event_name":"Mysterious Sphere","floor":42,"gold_loss":0},{"damage_healed":0,"gold_gain":0,"player_choice":"Random: Orange","damage_taken":0,"max_hp_gain":0,"max_hp_loss":0,"event_name":"betterThird:BetterPortal","floor":44,"gold_loss":0},{"damage_healed":0,"gold_gain":0,"player_choice":"2","damage_taken":0,"max_hp_gain":0,"max_hp_loss":0,"event_name":"betterMatch:BetterMatch","floor":44,"gold_loss":0,"cards_obtained":[]}],"is_beta":false,"boss_relics":[{"not_picked":["Busted Crown","theMarked:BronzeBlade"],"picked":"theMarked:Eyepatch"},{"not_picked":["Philosopher\u0027s Stone","Fusion Hammer"],"picked":"Tiny House"}],"items_purged_floors":[11,28,40,53],"is_endless":false,"potions_floor_spawned":[1,3,4,8,12,16,19,27,29,33,36,46,47,54],"killed_by":"The Heart","ascension_level":0}}