{"host":"rmsq46plbpwfbxcc","time":1609162744,"event":{"mods":["AchievementEnabler","BaseMod","Colored Map","DeckTracker","Minty Spire (QoL Compilation)","Permanent Neow","SuperFastMode"],"gold_per_floor":[110,110,185,198,218,218,251,251,276,293,139,159,175,195,195,195,195],"floor_reached":16,"playtime":443,"items_purged":["Strike_G"],"score":198,"play_id":"824e705e-40c7-4750-9d83-408880973dd7","local_time":"20201228223904","is_ascension_mode":true,"campfire_choices":[{"data":"Cloak And Dagger","floor":6.0,"key":"SMITH"},{"data":"Dagger Throw","floor":8.0,"key":"SMITH"},{"data":"Envenom","floor":15.0,"key":"SMITH"}],"circlet_count":0,"master_deck":["AscendersBane","Strike_G","Strike_G","Strike_G","Strike_G","Defend_G","Defend_G","Defend_G","Defend_G","Defend_G","Survivor","Neutralize+1","Dagger Throw+1","Cloak And Dagger+1","Poisoned Stab","Bullet Time","Noxious Fumes","Envenom+1","PiercingWail"],"relics":["Coffee Dripper","Snake Skull","Bag of Preparation"],"acts_visited":["Exordium"],"potions_floor_usage":[],"damage_taken":[{"damage":5.0,"enemies":"2 Louse","floor":1.0,"turns":4.0},{"damage":3.0,"enemies":"Small Slimes","floor":4.0,"turns":4.0},{"damage":0.0,"enemies":"Jaw Worm","floor":5.0,"turns":3.0},{"damage":17.0,"enemies":"Gremlin Nob","floor":7.0,"turns":5.0},{"damage":0.0,"enemies":"3 Louse","floor":10.0,"turns":3.0},{"damage":1.0,"enemies":"Red Slaver","floor":12.0,"turns":4.0},{"damage":0.0,"enemies":"Looter","floor":13.0,"turns":3.0},{"damage":0.0,"enemies":"3 Louse","floor":14.0,"turns":4.0},{"damage":29,"enemies":"Slime Boss","floor":16,"turns":8}],"seed_played":"-8037864333453223882","potions_obtained":[{"floor":4.0,"key":"PowerPotion"},{"floor":5.0,"key":"Ancient Potion"},{"floor":7.0,"key":"Strength Potion"}],"is_trial":false,"path_per_floor":["M","?","?","M","M","R","E","R","T","M","$","M","M","M","R","B"],"character_chosen":"THE_SILENT","items_purchased":["Bullet Time"],"campfire_rested":0,"item_purchase_floors":[11],"current_hp_per_floor":[54,54,43,40,40,40,23,23,23,23,23,22,22,22,22,0,0],"gold":195,"neow_bonus":"BOSS_RELIC","is_daily":false,"chose_seed":false,"campfire_upgraded":3,"win_rate":0.0,"timestamp":1609162744,"path_taken":["M","?","?","M","M","R","E","R","T","M","$","M","M","M","R","BOSS"],"items_purchased_type":["Card"],"build_version":"2020-12-22","purchased_purges":1,"victory":false,"max_hp_per_floor":[66,66,66,66,66,66,66,66,66,66,66,66,66,66,66,66,66],"card_choices":[{"not_picked":["Bane","Escape Plan"],"picked":"Dagger Throw","floor":1.0},{"not_picked":["Sucker Punch","Caltrops","Flying Knee"],"picked":"SKIP","floor":4.0},{"not_picked":["Noxious Fumes","Reflex"],"picked":"Cloak And Dagger","floor":5.0},{"not_picked":["Backflip","Acrobatics"],"picked":"Poisoned Stab","floor":7.0},{"not_picked":["Quick Slash","Calculated Gamble","Prepared"],"picked":"SKIP","floor":10.0},{"not_picked":["Poisoned Stab","Choke"],"picked":"Noxious Fumes","floor":12.0},{"not_picked":["Eviscerate","Dagger Throw"],"picked":"Envenom","floor":13.0},{"not_picked":["Flying Knee","Underhanded Strike"],"picked":"PiercingWail","floor":14.0}],"player_experience":1400770,"relics_obtained":[{"floor":7.0,"key":"Snake Skull"},{"floor":9.0,"key":"Bag of Preparation"}],"event_choices":[{"damage_healed":0.0,"max_hp_gain":0.0,"max_hp_loss":0.0,"gold_gain":0.0,"event_name":"Living Wall","player_choice":"Grow","floor":2.0,"gold_loss":0.0,"damage_taken":0.0,"cards_upgraded":["Neutralize"]},{"damage_healed":0.0,"max_hp_gain":0.0,"max_hp_loss":0.0,"gold_gain":75.0,"event_name":"World of Goop","player_choice":"Gather Gold","floor":3.0,"gold_loss":0.0,"damage_taken":11.0}],"is_beta":false,"boss_relics":[],"items_purged_floors":[11],"is_endless":false,"potions_floor_spawned":[4,5,7],"killed_by":"Slime Boss","ascension_level":18}}