{"host":"wbjiqg83duq292na","time":1609123998,"event":{"mods":["BaseMod","Minty Spire (QoL Compilation)"],"gold_per_floor":[14,30,30,44,44,44,75,75,75,103,103,120,120,155,155,280,280,301,301,321,335,349,349,349,349,374,374,417,438,472,491,491,491,491],"floor_reached":33,"playtime":1809,"items_purged":[],"score":345,"play_id":"33602dcc-7b12-4433-930e-d8530a4556b5","local_time":"20201228005318","is_ascension_mode":true,"campfire_choices":[{"floor":6,"key":"RECALL"},{"floor":8,"key":"REST"},{"floor":15,"key":"REST"},{"floor":23,"key":"REST"},{"floor":25,"key":"REST"},{"data":"Self Repair","floor":27,"key":"SMITH"},{"floor":32,"key":"REST"}],"circlet_count":0,"master_deck":["Zap","Dualcast","Conserve Battery","Storm+1","Self Repair+1","Rebound","Doom and Gloom","Leap","Injury","Ball Lightning","Creative AI+1","Fusion","Undo","Core Surge","Static Discharge","Capacitor","Sweeping Beam","Hyperbeam","Sunder","Force Field","Beam Cell+1","Sunder+1","Gash","All For One","Barrage","Beam Cell+1"],"relics":["Cracked Core","Letter Opener","Lizard Tail","WingedGreaves","Golden Idol","Vajra","Pandora\u0027s Box","GremlinMask","Anchor","Sundial","PreservedInsect"],"acts_visited":["Exordium","TheCity"],"potions_floor_usage":[21,30,33,33],"damage_taken":[{"damage":0,"enemies":"Small Slimes","floor":1,"turns":3},{"damage":3,"enemies":"Cultist","floor":2,"turns":4},{"damage":0,"enemies":"2 Louse","floor":4,"turns":3},{"damage":47,"enemies":"Lagavulin","floor":7,"turns":8},{"damage":36,"enemies":"Gremlin Nob","floor":10,"turns":5},{"damage":18,"enemies":"Gremlin Gang","floor":12,"turns":4},{"damage":27,"enemies":"3 Sentries","floor":14,"turns":5},{"damage":30,"enemies":"Slime Boss","floor":16,"turns":6},{"damage":27,"enemies":"Shell Parasite","floor":18,"turns":6},{"damage":4,"enemies":"Chosen","floor":20,"turns":4},{"damage":51,"enemies":"Shelled Parasite and Fungi","floor":21,"turns":5},{"damage":14,"enemies":"Sentry and Sphere","floor":22,"turns":5},{"damage":33,"enemies":"Book of Stabbing","floor":28,"turns":4},{"damage":16,"enemies":"Centurion and Healer","floor":29,"turns":4},{"damage":86,"enemies":"Slavers","floor":30,"turns":5},{"damage":11,"enemies":"Cultist and Chosen","floor":31,"turns":5},{"damage":60,"enemies":"Automaton","floor":33,"turns":8}],"seed_played":"-2838583117125265973","potions_obtained":[{"floor":2,"key":"SpeedPotion"},{"floor":14,"key":"LiquidBronze"},{"floor":21,"key":"Fruit Juice"},{"floor":22,"key":"Strength Potion"},{"floor":30,"key":"FocusPotion"}],"is_trial":false,"path_per_floor":["M","M","?","M","$","R","E","R","T","E","?","M","?","E","R","B",null,"M","?","M","M","M","R","?","R","T","R","E","M","E","M","R","B"],"character_chosen":"DEFECT","items_purchased":[],"campfire_rested":5,"item_purchase_floors":[],"current_hp_per_floor":[89,86,86,86,86,86,46,72,72,43,43,32,32,12,38,15,89,62,62,65,26,19,47,47,75,75,75,52,36,21,20,48,0,0],"gold":491,"neow_bonus":"TWENTY_PERCENT_HP_BONUS","is_daily":false,"chose_seed":false,"campfire_upgraded":1,"win_rate":0.0,"timestamp":1609123998,"path_taken":["M","M","?","M","?","R","E","R","T","E","?","?","?","E","R","BOSS","M","?","M","?","M","R","?","R","T","R","E","?","E","?","R","BOSS"],"items_purchased_type":[],"build_version":"2020-12-22","purchased_purges":0,"victory":false,"max_hp_per_floor":[89,89,89,89,89,89,89,89,89,89,89,89,89,89,89,89,89,89,89,89,94,94,94,94,94,94,94,94,94,94,94,94,94,94],"card_choices":[{"not_picked":["Beam Cell","Darkness"],"picked":"Conserve Battery","floor":1},{"not_picked":["Stack","Aggregate"],"picked":"Storm","floor":2},{"not_picked":["Rip and Tear","Rebound"],"picked":"Self Repair","floor":4},{"not_picked":["Go for the Eyes","Coolheaded"],"picked":"Rebound","floor":7},{"not_picked":["Self Repair","Streamline"],"picked":"Doom and Gloom","floor":10},{"not_picked":["Lockon","Turbo"],"picked":"Leap","floor":12},{"not_picked":["Leap","Streamline"],"picked":"Ball Lightning","floor":14},{"not_picked":["Buffer","Fission"],"picked":"Creative AI","floor":16},{"not_picked":["Redo","Reinforced Body"],"picked":"Force Field","floor":18},{"not_picked":["Ball Lightning","Glacier"],"picked":"Beam Cell+1","floor":20},{"not_picked":["Force Field","Ball Lightning"],"picked":"Sunder+1","floor":21},{"not_picked":["Doom and Gloom","Steam"],"picked":"Gash","floor":22},{"not_picked":["Hologram","Reprogram"],"picked":"All For One","floor":28},{"not_picked":["Beam Cell","Coolheaded"],"picked":"Barrage","floor":29},{"not_picked":["Rebound","Rip and Tear"],"picked":"Beam Cell+1","floor":30},{"not_picked":["Rebound","Lockon","Leap"],"picked":"SKIP","floor":31}],"player_experience":237253,"relics_obtained":[{"floor":7,"key":"Letter Opener"},{"floor":10,"key":"Lizard Tail"},{"floor":14,"key":"Vajra"},{"floor":26,"key":"Anchor"},{"floor":28,"key":"Sundial"},{"floor":30,"key":"PreservedInsect"}],"event_choices":[{"damage_healed":0,"gold_gain":0,"player_choice":"Upgraded","damage_taken":0,"max_hp_gain":0,"max_hp_loss":0,"event_name":"Upgrade Shrine","floor":3,"gold_loss":0,"cards_upgraded":["Storm"]},{"damage_healed":0,"gold_gain":0,"player_choice":"Gave Potion","damage_taken":0,"relics_obtained":["WingedGreaves"],"max_hp_gain":0,"max_hp_loss":0,"event_name":"WeMeetAgain","floor":11,"gold_loss":0},{"damage_healed":0,"gold_gain":0,"player_choice":"Take Wound","damage_taken":0,"relics_obtained":["Golden Idol"],"max_hp_gain":0,"max_hp_loss":0,"event_name":"Golden Idol","floor":13,"gold_loss":0,"cards_obtained":["Injury"]},{"damage_healed":0,"gold_gain":0,"player_choice":"Upgraded","damage_taken":0,"max_hp_gain":0,"max_hp_loss":0,"event_name":"Upgrade Shrine","floor":19,"gold_loss":0,"cards_upgraded":["Creative AI"]},{"damage_healed":0,"gold_gain":0,"player_choice":"Trade","damage_taken":0,"relics_obtained":["GremlinMask"],"max_hp_gain":0,"max_hp_loss":0,"event_name":"FaceTrader","floor":24,"gold_loss":0}],"is_beta":false,"boss_relics":[{"not_picked":["Ectoplasm","Snecko Eye"],"picked":"Pandora\u0027s Box"}],"items_purged_floors":[],"is_endless":false,"potions_floor_spawned":[2,14,21,22,30],"killed_by":"Automaton","ascension_level":1}}