{"host":"eocn4tduyrehyy81","time":1609140181,"event":{"mods":["AchievementEnabler","BaseMod","BetterRewards","Custom Start","Minty Spire (QoL Compilation)","Replay The Spire","StSLib"],"gold_per_floor":[116,291,2,2,2,2,29,29,101,101,121,139,139,139,139,243,243,260,260,77,91,41,72,72,91,159,159,170,170,170,182,182,282,282,296,296,256,0,18,51,51,82,105,105,105,105,123,161,161,171,171],"floor_reached":50,"playtime":4562,"items_purged":[],"score":639,"play_id":"dfaaff5f-cd71-4231-8cd6-c6b7f0300337","local_time":"20201228012301","is_ascension_mode":false,"campfire_choices":[{"floor":6,"key":"REST"},{"floor":8,"key":"REST"},{"floor":10,"key":"REST"},{"data":"Noxious Fumes","floor":13,"key":"SMITH"},{"data":"Quick Slash","floor":15,"key":"SMITH"},{"data":"Pot Of Greed","floor":24,"key":"SMITH"},{"floor":30,"key":"REST"},{"data":"Survivor","floor":32,"key":"SMITH"},{"floor":41,"key":"REST"},{"floor":44,"key":"REST"},{"floor":46,"key":"REST"},{"floor":49,"key":"REST"}],"circlet_count":0,"master_deck":["Strike_G+1","Defend_G+1","Defend_G+1","Defend_G+1","Defend_G+1","Survivor+1","Neutralize","Outmaneuver","Doubt","Blade Dance","Dagger Spray","Noxious Fumes+1","Pot Of Greed","Pot Of Greed","Unload","Quick Slash+1","Atom Bomb+1","Replay:Poison Smokescreen+1","Replay:Bag of Tricks","Die Die Die","Deflect+1","Pot Of Greed+1","Flying Knee+1","Outmaneuver+1","Outmaneuver","PiercingWail","Dodge and Roll","ReplayTheSpireMod:From All Sides","Adrenaline","Quick Slash+1","Masterful Stab+1","Backflip+1","Pot Of Greed+1","Choke","Slice","Eviscerate","Outmaneuver+1","Prepared+1","Caltrops"],"relics":["Ring of the Snake","Pen Nib","Matryoshka","Orichalcum","Grinning Jar","ReplayTheSpireMod:Ninjato","Blood Vial","Replay:Bottled Steam","Replay:Bronze Core","Toolbox","Pet Ghost","Pantograph","Replay:PocketPolymizer","Ring of Chaos","HornCleat","Toxic Egg 2","Ninja Scroll","Replay:Bandana"],"acts_visited":["Exordium","TheCity","TheBeyond"],"potions_floor_usage":[7,16,23,23,23,40,50,50],"damage_taken":[{"damage":0,"enemies":"Jaw Worm","floor":1,"turns":6},{"damage":62,"enemies":"Lagavulin","floor":7,"turns":9},{"damage":0,"enemies":"2 Louse","floor":11,"turns":3},{"damage":0,"enemies":"Small Slimes","floor":12,"turns":3},{"damage":32,"enemies":"Hexaghost","floor":16,"turns":9},{"damage":2,"enemies":"Chosen","floor":18,"turns":3},{"damage":0,"enemies":"3 Byrds","floor":21,"turns":4},{"damage":0,"enemies":"Gremlin Leader","floor":23,"turns":5},{"damage":20,"enemies":"Snake Plant","floor":25,"turns":5},{"damage":0,"enemies":"Snecko","floor":28,"turns":3},{"damage":8,"enemies":"Shelled Parasite and Fungi","floor":31,"turns":8},{"damage":69,"enemies":"Automaton","floor":33,"turns":12},{"damage":0,"enemies":"Orb Walker","floor":35,"turns":1},{"damage":18,"enemies":"3 Darklings","floor":39,"turns":5},{"damage":45,"enemies":"Nemesis","floor":40,"turns":7},{"damage":14,"enemies":"R_Hoarder","floor":42,"turns":8},{"damage":0,"enemies":"Writhing Mass","floor":47,"turns":1},{"damage":24,"enemies":"Sphere and 2 Shapes","floor":48,"turns":4},{"damage":74,"enemies":"Awakened One","floor":50,"turns":8}],"seed_played":"-5342295196913560250","potions_obtained":[{"floor":1,"key":"ColorlessPotion"},{"floor":12,"key":"Block Potion"},{"floor":16,"key":"CunningPotion"},{"floor":18,"key":"Adrenaline Potion"},{"floor":21,"key":"Explosive Potion"},{"floor":28,"key":"Strength Potion"},{"floor":31,"key":"Cursed Concoction"},{"floor":33,"key":"SteroidPotion"},{"floor":39,"key":"Reflective Coating"},{"floor":40,"key":"Doom Potion"}],"is_trial":false,"path_per_floor":["M","?","$","?","?","R","E","R","T","R","M","M","R","T","R","B",null,"M","?","$","M","$","E","R","M","T","?","M","?","R","M","R","B",null,"M","?","?","$","M","E","R","E","T","R","?","R","M","M","R","B"],"character_chosen":"THE_SILENT","items_purchased":["Pen Nib","ReplayTheSpireMod:Scrap Shanks","Blade Dance","Dagger Spray","Toolbox","Deflect+1","Outmaneuver","HornCleat"],"campfire_rested":8,"item_purchase_floors":[3,3,3,3,20,20,22,38],"current_hp_per_floor":[77,77,77,70,63,77,15,38,38,61,61,61,61,61,61,31,77,75,75,75,77,77,77,77,57,57,57,59,59,77,69,69,8,77,77,73,73,73,55,12,33,21,21,42,42,63,65,43,64,0,0],"gold":171,"neow_bonus":"TEN_PERCENT_HP_BONUS","is_daily":false,"chose_seed":false,"campfire_upgraded":4,"win_rate":0.0,"timestamp":1609140181,"path_taken":["M","?","$","?","?","R","E","R","T","R","M","?","R","?","R","BOSS","M","?","$","M","$","E","R","M","T","?","M","?","R","?","R","BOSS","M","?","?","$","?","E","R","E","T","R","?","R","M","M","R","BOSS"],"items_purchased_type":["Relic","Card","Card","Card","Relic","Card","Card","Relic"],"build_version":"2020-12-22","purchased_purges":0,"victory":false,"max_hp_per_floor":[77,77,77,77,77,77,77,77,77,77,77,77,77,77,77,77,77,77,77,77,77,77,77,77,77,77,77,77,77,77,77,77,77,77,77,73,73,73,73,73,73,73,73,73,73,73,73,73,73,73,73],"card_choices":[{"not_picked":["Choke","Well Laid Plans"],"picked":"Outmaneuver","floor":1},{"not_picked":["Deflect","Sucker Punch"],"picked":"Noxious Fumes","floor":7},{"not_picked":["Calculated Gamble","ReplayTheSpireMod:Speed Training"],"picked":"Unload","floor":11},{"not_picked":["Hidden Blade","Acrobatics"],"picked":"Quick Slash","floor":12},{"not_picked":["Burst","Malaise"],"picked":"Atom Bomb","floor":16},{"not_picked":["Eviscerate","Dodge and Roll"],"picked":"Replay:Poison Smokescreen+1","floor":18},{"not_picked":["Dodge and Roll+1","Draining Mist"],"picked":"Flying Knee+1","floor":21},{"not_picked":["Well Laid Plans+1","Sucker Punch"],"picked":"Outmaneuver+1","floor":23},{"not_picked":["Underhanded Strike","Prepared"],"picked":"Outmaneuver","floor":25},{"not_picked":["Tools of the Trade","Choke+1"],"picked":"PiercingWail","floor":28},{"not_picked":["Choke","Deflect"],"picked":"Dash","floor":31},{"not_picked":["Tools of the Trade","Bullet Time"],"picked":"Adrenaline","floor":33},{"not_picked":["Acrobatics","Dodge and Roll+1"],"picked":"Quick Slash+1","floor":35},{"not_picked":["Expertise+1","Acrobatics"],"picked":"Masterful Stab+1","floor":39},{"not_picked":["All Out Attack","Underhanded Strike"],"picked":"Backflip+1","floor":40},{"not_picked":["Fluid Movement","Caltrops"],"picked":"Slice","floor":42},{"not_picked":["Riddle With Holes","Tactician+1"],"picked":"Outmaneuver+1","floor":47},{"not_picked":["Calculated Gamble+1","Sucker Punch"],"picked":"Prepared+1","floor":48}],"player_experience":4743,"relics_obtained":[{"floor":7,"key":"Orichalcum"},{"floor":9,"key":"Grinning Jar"},{"floor":9,"key":"ReplayTheSpireMod:Ninjato"},{"floor":14,"key":"Blood Vial"},{"floor":14,"key":"Replay:Bottled Steam"},{"floor":23,"key":"Pet Ghost"},{"floor":26,"key":"Pantograph"},{"floor":40,"key":"Toxic Egg 2"},{"floor":42,"key":"Ninja Scroll"},{"floor":43,"key":"Replay:Bandana"}],"event_choices":[{"damage_healed":0,"gold_gain":175,"player_choice":"AGREE","damage_taken":0,"max_hp_gain":0,"max_hp_loss":0,"event_name":"Liars Game","floor":2,"gold_loss":0,"cards_obtained":["Doubt"]},{"damage_healed":0,"gold_gain":0,"player_choice":"Success","damage_taken":7,"relics_obtained":["Matryoshka"],"max_hp_gain":0,"max_hp_loss":0,"event_name":"Scrap Ooze","floor":4,"gold_loss":0},{"cards_removed":["Defend_G"],"damage_healed":0,"gold_gain":0,"player_choice":"Card Removal","damage_taken":7,"max_hp_gain":0,"max_hp_loss":0,"event_name":"Golden Wing","floor":5,"gold_loss":0},{"damage_healed":0,"gold_gain":0,"cards_transformed":["Strike_G","ReplayTheSpireMod:Scrap Shanks"],"player_choice":"Became Test Subject","damage_taken":0,"max_hp_gain":0,"max_hp_loss":0,"event_name":"Drug Dealer","floor":19,"gold_loss":0,"cards_obtained":["Replay:Bag of Tricks","Die Die Die"]},{"damage_healed":0,"gold_gain":0,"player_choice":"Simplicity","damage_taken":0,"max_hp_gain":0,"max_hp_loss":0,"event_name":"Back to Basics","floor":27,"gold_loss":0,"cards_upgraded":["Strike_G","Strike_G","Strike_G","Strike_G","Defend_G","Defend_G","Defend_G","Defend_G"]},{"damage_healed":0,"gold_gain":0,"player_choice":"Gave Potion","damage_taken":0,"relics_obtained":["Replay:PocketPolymizer"],"max_hp_gain":0,"max_hp_loss":0,"event_name":"WeMeetAgain","floor":29,"gold_loss":0},{"damage_healed":0,"gold_gain":0,"player_choice":"Max HP","damage_taken":0,"max_hp_gain":0,"max_hp_loss":4,"event_name":"Winding Halls","floor":36,"gold_loss":0},{"damage_healed":0,"gold_gain":0,"player_choice":"Upgrade","damage_taken":0,"max_hp_gain":0,"max_hp_loss":0,"event_name":"Designer","floor":37,"gold_loss":40,"cards_upgraded":["Atom Bomb"]},{"damage_healed":0,"gold_gain":0,"player_choice":"Ignored","damage_taken":0,"max_hp_gain":0,"max_hp_loss":0,"event_name":"Mysterious Sphere","floor":45,"gold_loss":0}],"is_beta":false,"boss_relics":[{"not_picked":["Fusion Hammer","ReplayTheSpireMod:DimensionalGlitch"],"picked":"Replay:Bronze Core"},{"not_picked":["Runic Dome","Snecko Eye"],"picked":"Ring of Chaos"}],"items_purged_floors":[],"is_endless":false,"potions_floor_spawned":[1,12,16,18,21,28,31,33,39,40],"killed_by":"Awakened One","ascension_level":0}}