{"host":"kag8mfq4or8nkqb2","time":1609122192,"event":{"mods":["2.2 Compatiblity","BaseMod","Downfall","Minty Spire (QoL Compilation)","StSLib"],"gold_per_floor":[99,99,99,99,99,133,133,153,253,23,56,68,68,68,87,87,87,87],"floor_reached":16,"playtime":2493,"items_purged":[],"score":210,"play_id":"47145878-bd22-4dff-80c9-0e2957e995a4","local_time":"20201228022312","is_ascension_mode":true,"campfire_choices":[{"data":"Slimebound:Split","floor":1,"key":"SMITH"},{"data":"Slimebound:TagTeam","floor":13,"key":"SMITH"}],"circlet_count":0,"master_deck":["AscendersBane","Slimebound:Strike_Slimebound","Slimebound:Strike_Slimebound+1","Slimebound:Strike_Slimebound","Slimebound:Tackle+1","Slimebound:Defend_Slimebound","Slimebound:Defend_Slimebound+1","Slimebound:Defend_Slimebound","Slimebound:Defend_Slimebound","Slimebound:Split+1","Slimebound:CorrosiveSpit","Slimebound:Equalize","Slimebound:Schlurp","Slimebound:DisruptingSlam","Slimebound:TagTeam+1","Slimebound:SplitSpecialist","Slimebound:SplitSpecialist"],"relics":["Slimebound:AbsorbEndCombat","downfall:HeartsMalice","Slimebound:SlimedTailRelic","Meat on the Bone","sneckomod:BlankCard","Art of War"],"acts_visited":["Exordium"],"potions_floor_usage":[16],"damage_taken":[{"damage":0,"enemies":"Cultist","floor":2,"turns":1},{"damage":0,"enemies":"Jaw Worm","floor":4,"turns":1},{"damage":0,"enemies":"Lagavulin","floor":6,"turns":1},{"damage":18,"enemies":"2 Louse","floor":8,"turns":4},{"damage":18,"enemies":"downfall:FleeingMerchant","floor":10,"turns":4},{"damage":26,"enemies":"Gremlin Nob","floor":11,"turns":4},{"damage":5,"enemies":"Blue Slaver","floor":12,"turns":3},{"damage":11,"enemies":"Exordium Wildlife","floor":15,"turns":2},{"damage":73,"enemies":"downfall:Defect","floor":16,"turns":6}],"seed_played":"3733910910278518031","potions_obtained":[{"floor":8,"key":"BlessingOfTheForge"},{"floor":11,"key":"hexamod:EctoCoolerPotion"},{"floor":15,"key":"PowerPotion"}],"is_trial":false,"path_per_floor":["R","M","?","M","?","E","T","M","?","$","E","M","R","?","M","B"],"character_chosen":"SLIMEBOUND","items_purchased":["Slimebound:SplitSpecialist","sneckomod:BlankCard"],"campfire_rested":0,"item_purchase_floors":[10,10],"current_hp_per_floor":[54,54,54,54,54,54,54,48,48,50,50,49,49,49,50,0,0,0],"gold":87,"neow_bonus":"THREE_ENEMY_KILL","is_daily":false,"chose_seed":false,"campfire_upgraded":2,"win_rate":0.0,"timestamp":1609122192,"path_taken":["R","M","?","M","?","E","T","M","?","?","E","?","R","?","M","BOSS"],"items_purchased_type":["Card","Relic"],"build_version":"2020-12-22","purchased_purges":0,"victory":false,"max_hp_per_floor":[60,60,60,60,60,60,60,60,60,60,60,60,60,60,60,60,60,60],"card_choices":[{"not_picked":["Slimebound:SlimeBarrage","Slimebound:LeechingTouch"],"picked":"Slimebound:Equalize","floor":2},{"not_picked":["Slimebound:GoopSpray","Slimebound:FlameTackle"],"picked":"Slimebound:Schlurp","floor":4},{"not_picked":["Slimebound:SplitAcid","Slimebound:RollThrough","Slimebound:ProtectTheBoss"],"picked":"SKIP","floor":6},{"not_picked":["Slimebound:ItLooksTasty","Slimebound:Dissolve"],"picked":"Slimebound:DisruptingSlam","floor":8},{"not_picked":["Slimebound:PressTheAttack","Slimebound:GrowthPunch"],"picked":"Slimebound:TagTeam","floor":10},{"not_picked":["Slimebound:FirmFortitude","Slimebound:SplitLeeching","Slimebound:RollThrough"],"picked":"SKIP","floor":11},{"not_picked":["Slimebound:LeechEnergy","Slimebound:SplitAcid","Slimebound:FinishingTackle"],"picked":"SKIP","floor":12},{"not_picked":["Slimebound:AcidTongue","Slimebound:LeadByExample"],"picked":"Slimebound:SplitSpecialist","floor":15}],"player_experience":1055360,"relics_obtained":[{"floor":6,"key":"Slimebound:SlimedTailRelic"},{"floor":7,"key":"Meat on the Bone"},{"floor":11,"key":"Art of War"}],"event_choices":[{"cards_removed":["Regret"],"damage_healed":0,"gold_gain":0,"player_choice":"Forget","damage_taken":0,"max_hp_gain":0,"max_hp_loss":0,"event_name":"Living Wall","floor":5,"gold_loss":0}],"is_beta":false,"boss_relics":[],"items_purged_floors":[],"is_endless":false,"potions_floor_spawned":[8,11,15],"killed_by":"downfall:Defect","ascension_level":12}}