{"host":"zjc1tzo4ovig5lll","time":1609179688,"event":{"mods":["AchievementEnabler","Aspiration","BaseMod","Beaked The Cultist","Better Altar","Better Match","Better Note","Better Sensory Stone","Colored Map","Colored Powertips","Conspire","Energized Spire","Friendly Minions","GifTheSpireLib","Halation","Hermit","Hubris","Minty Spire (QoL Compilation)","Rare Cards Sparkle","Replay The Spire","StSLib","The Blue Laboratory","The Bug Knight","The Construct","The Jungle","The Servant 0.9.4","everything is the same but u backflip on backflip","vexMod"],"gold_per_floor":[110,110,123,143,143,143,157,185,185,185,185,160,160,31,31,128,128,138,157,157,172,172,199,199,213,236,236,263,188,208,208,208,307,307,322,322,148,148,166,166,197,207,233,258,268,268,288,301,301,301,301],"floor_reached":50,"playtime":2995,"items_purged":["Injury"],"score":647,"play_id":"d2060ddd-fdd6-44ad-868d-9509df227bda","local_time":"20201228202128","is_ascension_mode":true,"campfire_choices":[{"data":"hubris:SlightOfHand","floor":6.0,"key":"SMITH"},{"data":"Fluid Movement","floor":11,"key":"SMITH"},{"data":"Dodge and Roll","floor":13,"key":"SMITH"},{"data":"hubris:EnhanceAbility","floor":15,"key":"SMITH"},{"data":"Bite","floor":24,"key":"SMITH"},{"data":"Bite","floor":27,"key":"SMITH"},{"floor":32,"key":"DIG"},{"data":"Bouncing Flask","floor":40,"key":"SMITH"},{"floor":46,"key":"REST"},{"floor":49,"key":"RECALL"}],"circlet_count":0,"master_deck":["Defend_G","Defend_G","Defend_G","Defend_G","Defend_G","Survivor","Neutralize","hubris:SlightOfHand+1","Dodge and Roll+1","Fluid Movement+1","Bouncing Flask+1","Bandage Up+1","hubris:EnhanceAbility+1","Corpse Explosion+1","ReplayTheSpireMod:Speed Training+1","ReplayTheSpireMod:Speed Training+1","Bite+1","Bite+1","Bite","Bite","Bite","PiercingWail+1","Prepared+1","Deflect+1","Fluid Movement+1","Escape Plan+1","The Bomb+1","Acrobatics+1","Escape Plan+1","Parasite","Footwork"],"relics":["Ring of the Snake","aspiration:Nostalgia","Cracked Core","InkBottle","Toxic Egg 2","ReplayTheSpireMod:ShopPack","vexMod:CursedCompass","halation:PinkSoulGem","halation:VictoryRuler","Blood Vial","Onion Ring","Replay:Mystery Machine","conspire:SeveredTorchhead","Lantern","Replay:Wax Seal","TungstenRod"],"acts_visited":["Exordium","TheCity","TheBeyond"],"potions_floor_usage":[8,8,44],"damage_taken":[{"damage":3.0,"enemies":"conspire:RoseBush","floor":1.0,"turns":3.0},{"damage":5.0,"enemies":"2 Louse","floor":3.0,"turns":3.0},{"damage":0.0,"enemies":"Cultist","floor":4.0,"turns":4.0},{"damage":2.0,"enemies":"Looter","floor":7.0,"turns":4.0},{"damage":3,"enemies":"3 Sentries","floor":8,"turns":17},{"damage":21,"enemies":"Hexaghost","floor":16,"turns":12},{"damage":1,"enemies":"Spheric Guardian","floor":18,"turns":5},{"damage":13,"enemies":"Chosen","floor":19,"turns":6},{"damage":21,"enemies":"Shelled Parasite and Fungi","floor":21,"turns":8},{"damage":39,"enemies":"Gremlin Leader","floor":23,"turns":12},{"damage":14,"enemies":"Snake Plant","floor":25,"turns":6},{"damage":18,"enemies":"conspire:SneckoGhost","floor":28,"turns":8},{"damage":4,"enemies":"conspire:HollyBat","floor":30,"turns":9},{"damage":45,"enemies":"Automaton","floor":33,"turns":15},{"damage":11,"enemies":"Orb Walker","floor":35,"turns":4},{"damage":0,"enemies":"3 Shapes","floor":39,"turns":5},{"damage":15,"enemies":"R_Hoarder","floor":41,"turns":10},{"damage":86,"enemies":"Transient","floor":42,"turns":5},{"damage":37,"enemies":"Giant Head","floor":44,"turns":13},{"damage":20,"enemies":"Writhing Mass","floor":45,"turns":8},{"damage":0,"enemies":"Maw","floor":47,"turns":10},{"damage":38,"enemies":"Spire Growth","floor":48,"turns":6},{"damage":63,"enemies":"Donu and Deca","floor":50,"turns":9}],"seed_played":"8389599493133941737","potions_obtained":[{"floor":4.0,"key":"blueLaboratory:ArtistsPotion"},{"floor":7.0,"key":"blueLaboratory:StoneskinPotion"},{"floor":28,"key":"blueLaboratory:BottledHope"},{"floor":38,"key":"FairyPotion"},{"floor":44,"key":"blueLaboratory:ExaltedPotion"},{"floor":47,"key":"LifebloodPotion"}],"is_trial":false,"path_per_floor":["M","?","M","M","?","R","M","E","T","?","R","?","R","$","R","B",null,"M","M","?","M","?","E","R","M","T","R","E","$","M","?","R_BF","B",null,"M","?","$","?","M","R","E","M","T","E","M","R","M","M","R_BF","B"],"character_chosen":"THE_SILENT","items_purchased":["ReplayTheSpireMod:ShopPack","The Bomb+1"],"campfire_rested":1,"item_purchase_floors":[14,37],"current_hp_per_floor":[67,60,55,55,55,55,53,56,56,56,56,56,56,56,56,41,76,75,63,53,44,44,34,34,44,44,44,48,48,53,53,53,44,53,53,53,53,53,53,53,53,15,15,18,20,35,53,32,32,0,0],"gold":301,"neow_bonus":"NOSTALGIA","is_daily":false,"chose_seed":false,"campfire_upgraded":7,"win_rate":0.0,"timestamp":1609179688,"path_taken":["M","?","M","M","?","R","?","E","T","?","R","?","R","?","R","BOSS","M","M","?","M","?","E","R","M","T","R","E","$","M","?","R_BF","BOSS","M","?","$","?","M","R","E","M","T","E","?","R","M","M","R_BF","BOSS"],"items_purchased_type":["Relic","Card"],"build_version":"2020-12-22","purchased_purges":1,"victory":false,"max_hp_per_floor":[70,70,70,70,70,70,70,76,76,76,76,76,76,76,76,76,76,76,76,53,53,53,53,53,53,53,53,53,53,53,53,53,53,53,53,53,53,53,53,53,53,53,53,53,53,53,53,53,53,53,53],"card_choices":[{"not_picked":["Well Laid Plans","Prepared"],"picked":"hubris:SlightOfHand","floor":1.0},{"not_picked":["Dagger Spray","Expertise"],"picked":"Dodge and Roll","floor":3.0},{"not_picked":["hubris:Counter","Poisoned Stab"],"picked":"Fluid Movement","floor":4.0},{"not_picked":["Deadly Poison","Concentrate","Slice"],"picked":"SKIP","floor":7.0},{"not_picked":["Cloak And Dagger","Endless Agony"],"picked":"Bouncing Flask","floor":8},{"not_picked":["Good Instincts","Thinking Ahead"],"picked":"Bandage Up","floor":14},{"not_picked":["vexMod:StairwayStrike","Crow Ritual"],"picked":"hubris:EnhanceAbility","floor":14},{"not_picked":["Night Terror+1","Glass Knife"],"picked":"Corpse Explosion+1","floor":16},{"not_picked":["Poisoned Stab","Quick Slash"],"picked":"ReplayTheSpireMod:Speed Training+1","floor":18},{"not_picked":["hubris:SlightOfHand+1","Deflect+1"],"picked":"ReplayTheSpireMod:Speed Training+1","floor":19},{"not_picked":["Poisoned Stab","Cloak And Dagger+1"],"picked":"PiercingWail+1","floor":21},{"not_picked":["ReplayTheSpireMod:From All Sides","Slice"],"picked":"Prepared+1","floor":23},{"not_picked":["Underhanded Strike","Dagger Throw"],"picked":"Deflect+1","floor":25},{"not_picked":["Blade Dance+1","All Out Attack","Flying Knee"],"picked":"SKIP","floor":28},{"not_picked":["Bouncing Flask+1","Sneak Up+1"],"picked":"Fluid Movement","floor":30},{"not_picked":["Setup+1","Dagger Spray"],"picked":"Escape Plan+1","floor":35},{"not_picked":["hubris:SlightOfHand+1","Concentrate+1"],"picked":"Acrobatics+1","floor":39},{"not_picked":["Poisoned Stab","Flying Knee","Terror+1"],"picked":"SKIP","floor":41},{"not_picked":["Slice+1","Bane+1","Dagger Throw+1"],"picked":"SKIP","floor":42},{"not_picked":["Cloak And Dagger+1","Quick Slash+1"],"picked":"Escape Plan+1","floor":44},{"not_picked":["Slice","A Thousand Cuts"],"picked":"Footwork","floor":45},{"not_picked":["Heel Hook","Dagger Throw+1","Infinite Blades"],"picked":"SKIP","floor":47},{"not_picked":["Poisoned Stab+1","Eviscerate+1","Toxin Wave+1"],"picked":"SKIP","floor":48}],"player_experience":597561,"relics_obtained":[{"floor":8,"key":"vexMod:BerryBomb"},{"floor":23,"key":"halation:VictoryRuler"},{"floor":26,"key":"Blood Vial"},{"floor":28,"key":"Onion Ring"},{"floor":32,"key":"Replay:Mystery Machine"},{"floor":41,"key":"Lantern"},{"floor":43,"key":"Replay:Wax Seal"},{"floor":44,"key":"TungstenRod"}],"event_choices":[{"damage_healed":0.0,"max_hp_gain":0.0,"max_hp_loss":0.0,"gold_gain":0.0,"event_name":"Scrap Ooze","player_choice":"Success","floor":2.0,"gold_loss":0.0,"damage_taken":7.0,"relics_obtained":["InkBottle"]},{"damage_healed":0.0,"max_hp_gain":0.0,"max_hp_loss":0.0,"gold_gain":0.0,"event_name":"The Woman in Blue","player_choice":"Bought 0 Potions","floor":5.0,"gold_loss":0.0,"damage_taken":0.0},{"damage_healed":0,"gold_gain":0,"player_choice":"Became a vampire","damage_taken":0,"max_hp_gain":0,"max_hp_loss":23,"event_name":"Vampires","floor":20,"gold_loss":0,"cards_obtained":["Bite","Bite","Bite","Bite","Bite"]},{"damage_healed":0,"gold_gain":0,"player_choice":"Leave","damage_taken":0,"max_hp_gain":0,"max_hp_loss":0,"event_name":"conspire:Investor","floor":36,"gold_loss":0},{"damage_healed":0,"gold_gain":0,"player_choice":"Got Potions","damage_taken":0,"max_hp_gain":0,"max_hp_loss":0,"event_name":"Lab","floor":38,"gold_loss":0}],"is_beta":false,"boss_relics":[{"not_picked":["beaked:SacredDeck","halation:SmartPhone"],"picked":"vexMod:CursedCompass"},{"not_picked":["Ring of Chaos","SacredBark"],"picked":"conspire:SeveredTorchhead"}],"items_purged_floors":[29],"is_endless":false,"potions_floor_spawned":[4,7,19,28,30,42,44,45,47,48],"killed_by":"Donu and Deca","ascension_level":2}}