{"host":"88sw61cmk1203zgj","time":1609126713,"event":{"mods":["BaseMod","Minty Spire (QoL Compilation)"],"gold_per_floor":[113,113,127,145,164,164,193,193,193,218,280,13,47,47,47,142,142,161,161,131,131,142,142,142,142,165,90,108,120,120,131,131,233,233,246,246,265,265,165,193,209,235,235,249,284,284,294,18,18,18,18,18,18,45,45],"floor_reached":56,"playtime":4349,"items_purged":["Strike_R","Flame Barrier","Bash+1"],"score":1780,"play_id":"2c8af116-5c3e-4cea-91e4-65c8af2723f3","local_time":"20201227223833","is_ascension_mode":true,"campfire_choices":[{"data":"Wild Strike","floor":6.0,"key":"SMITH"},{"data":"True Grit","floor":8.0,"key":"SMITH"},{"floor":15.0,"key":"REST"},{"data":"Second Wind","floor":23.0,"key":"SMITH"},{"data":"Shrug It Off","floor":25.0,"key":"SMITH"},{"floor":32.0,"key":"REST"},{"floor":46,"key":"RECALL"},{"data":"Barricade","floor":49,"key":"SMITH"},{"data":"Evolve","floor":52,"key":"SMITH"}],"circlet_count":0,"master_deck":["AscendersBane","Reckless Charge","Wild Strike+1","Second Wind+1","True Grit+1","Feel No Pain+1","Reckless Charge","Blind","Shrug It Off+1","Feed","Armaments+1","Evolve","Dark Embrace+1","Juggernaut","Evolve+1","Impervious","Sword Boomerang","Power Through+1","Anger","Flame Barrier+1","Fire Breathing+1","Shrug It Off+1","Body Slam+1","Barricade+1"],"relics":["Burning Blood","Gremlin Horn","Shuriken","Art of War","Juzu Bracelet","Paper Frog","Mark of Pain","Akabeko","Pandora\u0027s Box","Mummified Hand","Meat on the Bone","Lantern","PrismaticShard","War Paint"],"acts_visited":["Exordium","TheCity","TheBeyond","TheEnding"],"potions_floor_usage":[40,50,55,55],"damage_taken":[{"damage":7.0,"enemies":"Small Slimes","floor":1.0,"turns":4.0},{"damage":1.0,"enemies":"Cultist","floor":3.0,"turns":3.0},{"damage":0.0,"enemies":"2 Louse","floor":4.0,"turns":2.0},{"damage":6.0,"enemies":"2 Fungi Beasts","floor":5.0,"turns":4.0},{"damage":25.0,"enemies":"3 Sentries","floor":7.0,"turns":7.0},{"damage":29.0,"enemies":"Gremlin Nob","floor":10.0,"turns":4.0},{"damage":16.0,"enemies":"Lagavulin","floor":13.0,"turns":9.0},{"damage":31.0,"enemies":"The Guardian","floor":16.0,"turns":16.0},{"damage":28.0,"enemies":"Shell Parasite","floor":18.0,"turns":6.0},{"damage":0.0,"enemies":"Chosen","floor":22.0,"turns":3.0},{"damage":33.0,"enemies":"Centurion and Healer","floor":28.0,"turns":25.0},{"damage":17.0,"enemies":"Cultist and Chosen","floor":29.0,"turns":13.0},{"damage":9.0,"enemies":"Snake Plant","floor":31.0,"turns":7.0},{"damage":57.0,"enemies":"Champ","floor":33.0,"turns":14.0},{"damage":14.0,"enemies":"3 Darklings","floor":35.0,"turns":5.0},{"damage":0.0,"enemies":"Orb Walker","floor":37.0,"turns":4.0},{"damage":0,"enemies":"Reptomancer","floor":40,"turns":6},{"damage":7,"enemies":"4 Shapes","floor":41,"turns":3},{"damage":18,"enemies":"Nemesis","floor":42,"turns":6},{"damage":16,"enemies":"Writhing Mass","floor":44,"turns":5},{"damage":0,"enemies":"Reptomancer","floor":45,"turns":5},{"damage":5,"enemies":"Transient","floor":47,"turns":5},{"damage":58,"enemies":"Donu and Deca","floor":50,"turns":6},{"damage":41,"enemies":"Shield and Spear","floor":54,"turns":4},{"damage":46,"enemies":"The Heart","floor":55,"turns":8}],"seed_played":"8763296866141331122","potions_obtained":[{"floor":1.0,"key":"Swift Potion"},{"floor":3.0,"key":"GamblersBrew"},{"floor":10.0,"key":"Strength Potion"},{"floor":18.0,"key":"LiquidBronze"},{"floor":20.0,"key":"SpeedPotion"},{"floor":20.0,"key":"LiquidMemories"},{"floor":24.0,"key":"FairyPotion"},{"floor":24.0,"key":"PowerPotion"},{"floor":31.0,"key":"Ancient Potion"},{"floor":37.0,"key":"DuplicationPotion"},{"floor":40,"key":"PowerPotion"},{"floor":42,"key":"Block Potion"}],"is_trial":false,"path_per_floor":["M","?","M","M","M","R","E","R","T","E","?","$","E","?","R","B",null,"M","?","?","?","M","R","?","R","T","$","M","M","?","M","R","B",null,"M","?","M","?","$","E","M","E","T","M","E","R","M","$","R","B",null,"R","$","E","B",null],"character_chosen":"IRONCLAD","items_purchased":["Feel No Pain","Reckless Charge","Blind","Shrug It Off","PrismaticShard"],"campfire_rested":2,"item_purchase_floors":[12,12,12,12,48],"current_hp_per_floor":[71,71,76,80,80,80,61,61,61,38,38,38,28,10,34,9,62,40,40,40,40,49,49,49,49,49,49,26,18,18,15,42,33,76,71,71,77,82,82,88,87,78,78,68,74,74,75,75,75,35,81,81,81,58,30],"gold":45,"neow_bonus":"UPGRADE_CARD","is_daily":false,"chose_seed":false,"campfire_upgraded":6,"win_rate":0.0,"timestamp":1609126713,"path_taken":["M","?","M","?","M","R","E","R","T","E","?","$","E","?","R","BOSS","M","?","?","?","M","R","?","R","T","$","M","M","?","M","R","BOSS","M","?","M","?","?","E","M","E","T","M","E","R","M","$","R","BOSS","R","$","E","BOSS"],"items_purchased_type":["Card","Card","Card","Card","Relic"],"build_version":"2020-12-22","purchased_purges":3,"victory":true,"max_hp_per_floor":[80,80,80,80,80,80,80,80,80,80,80,80,80,80,80,80,80,80,80,80,80,83,83,83,83,83,83,87,90,90,90,90,90,90,93,93,93,93,93,93,93,96,96,96,96,96,96,96,96,96,96,96,96,96,96],"card_choices":[{"not_picked":["Dark Embrace","Rage"],"picked":"Cleave","floor":1.0},{"not_picked":["Twin Strike","Perfected Strike"],"picked":"Reckless Charge","floor":3.0},{"not_picked":["Sever Soul","Body Slam"],"picked":"Wild Strike","floor":4.0},{"not_picked":["Hemokinesis","Thunderclap"],"picked":"Second Wind","floor":5.0},{"not_picked":["Intimidate","Pommel Strike"],"picked":"True Grit","floor":7.0},{"not_picked":["Intimidate","Sword Boomerang","Burning Pact"],"picked":"SKIP","floor":10.0},{"not_picked":["Sword Boomerang","Flame Barrier","Flex"],"picked":"SKIP","floor":13.0},{"not_picked":["Reaper","Impervious"],"picked":"Feed","floor":16.0},{"not_picked":["Clothesline","Burning Pact"],"picked":"Armaments+1","floor":18.0},{"not_picked":["Wild Strike","Heavy Blade","Spot Weakness"],"picked":"SKIP","floor":22.0},{"not_picked":["Flex","Headbutt","Hemokinesis"],"picked":"SKIP","floor":28.0},{"not_picked":["Headbutt","Anger"],"picked":"Evolve","floor":29.0},{"not_picked":["Bloodletting","Juggernaut"],"picked":"Dark Embrace","floor":31.0},{"not_picked":["Brutality","Bludgeon"],"picked":"Juggernaut","floor":33.0},{"not_picked":["Infernal Blade","Cleave"],"picked":"Fire Breathing+1","floor":35.0},{"not_picked":["Flex+1","Burning Pact"],"picked":"Shrug It Off+1","floor":37.0},{"not_picked":["Rampage","Warcry"],"picked":"Body Slam+1","floor":40},{"not_picked":["Inflame+1","Wild Strike","Blood for Blood+1"],"picked":"SKIP","floor":41},{"not_picked":["Pommel Strike","Hemokinesis"],"picked":"Barricade","floor":42},{"not_picked":["Fire Breathing","Dual Wield","Hemokinesis+1"],"picked":"SKIP","floor":44},{"not_picked":["Clash","Uppercut+1","Limit Break"],"picked":"SKIP","floor":45},{"not_picked":["Havoc+1","Pommel Strike+1","Rage+1"],"picked":"SKIP","floor":47},{"not_picked":["WindmillStrike+1","Pummel+1","Flying Knee+1"],"picked":"SKIP","floor":54}],"player_experience":1423545,"relics_obtained":[{"floor":7.0,"key":"Gremlin Horn"},{"floor":9.0,"key":"Shuriken"},{"floor":10.0,"key":"Art of War"},{"floor":13.0,"key":"Juzu Bracelet"},{"floor":26.0,"key":"Akabeko"},{"floor":40,"key":"Mummified Hand"},{"floor":42,"key":"Meat on the Bone"},{"floor":45,"key":"Lantern"},{"floor":54,"key":"War Paint"}],"event_choices":[{"damage_healed":0.0,"max_hp_gain":0.0,"max_hp_loss":0.0,"gold_gain":0.0,"event_name":"NoteForYourself","player_choice":"Ignored","floor":2.0,"gold_loss":0.0,"damage_taken":0.0},{"damage_healed":0.0,"max_hp_gain":0.0,"max_hp_loss":0.0,"gold_gain":62.0,"event_name":"Golden Wing","player_choice":"Gained Gold","floor":11.0,"gold_loss":0.0,"damage_taken":0.0},{"damage_healed":0.0,"max_hp_gain":0.0,"max_hp_loss":0.0,"gold_gain":0.0,"event_name":"Scrap Ooze","player_choice":"Success","floor":14.0,"gold_loss":0.0,"damage_taken":18.0,"relics_obtained":["Paper Frog"]},{"cards_removed":["Strike_R"],"damage_healed":0.0,"max_hp_gain":0.0,"max_hp_loss":0.0,"gold_gain":0.0,"event_name":"Back to Basics","player_choice":"Elegance","floor":19.0,"gold_loss":0.0,"damage_taken":0.0},{"damage_healed":0.0,"max_hp_gain":0.0,"max_hp_loss":0.0,"gold_gain":0.0,"event_name":"The Woman in Blue","player_choice":"Bought 2 Potions","floor":20.0,"gold_loss":0.0,"damage_taken":0.0},{"damage_healed":0.0,"max_hp_gain":0.0,"max_hp_loss":0.0,"gold_gain":0.0,"event_name":"Accursed Blacksmith","player_choice":"Forge","floor":21.0,"gold_loss":0.0,"damage_taken":0.0,"cards_upgraded":["Feel No Pain"]},{"damage_healed":0.0,"max_hp_gain":0.0,"max_hp_loss":0.0,"gold_gain":0.0,"event_name":"Lab","player_choice":"Got Potions","floor":24.0,"gold_loss":0.0,"damage_taken":0.0},{"damage_healed":0.0,"max_hp_gain":0.0,"max_hp_loss":0.0,"gold_gain":0.0,"event_name":"N\u0027loth","player_choice":"Ignored","floor":30.0,"gold_loss":0.0,"damage_taken":0.0},{"damage_healed":0.0,"max_hp_gain":0.0,"max_hp_loss":0.0,"gold_gain":0.0,"event_name":"Upgrade Shrine","player_choice":"Upgraded","floor":36.0,"gold_loss":0.0,"damage_taken":0.0,"cards_upgraded":["Dark Embrace"]},{"cards_removed":["Cleave"],"damage_healed":5.0,"max_hp_gain":0.0,"max_hp_loss":0.0,"gold_gain":0.0,"event_name":"Bonfire Elementals","player_choice":"Offered Common","floor":38.0,"gold_loss":0.0,"damage_taken":0.0},{"cards_removed":["Cleave"],"damage_healed":5.0,"max_hp_gain":0.0,"max_hp_loss":0.0,"gold_gain":0.0,"event_name":"Bonfire Elementals","player_choice":"Offered Special","floor":38.0,"gold_loss":0.0,"damage_taken":0.0}],"is_beta":false,"boss_relics":[{"not_picked":["Snecko Eye","Astrolabe"],"picked":"Mark of Pain"},{"not_picked":["Empty Cage","Fusion Hammer"],"picked":"Pandora\u0027s Box"}],"items_purged_floors":[27,39,48],"is_endless":false,"potions_floor_spawned":[1,3,10,18,22,31,37,40,42,45,47],"ascension_level":10}}