{"host":"hi7fki77kkmhrce8","time":1609130180,"event":{"mods":["AchievementEnabler","Act Like it!","BaseMod","Beaked The Cultist","Colored Map","Colored Powertips","Downfall","Halation","Hallownest","Jedi Mod","Mad Scientist","Minty Spire (QoL Compilation)","Relic Stats","Replay The Spire","StSLib","SuperFastMode","The Construct","The Servant 0.9.4","The Witch"],"gold_per_floor":[99,112,123,133,150,168,168,199,215,315,315,345,345,364,382,382,382],"floor_reached":16,"playtime":814,"items_purged":[],"score":141,"play_id":"c2388fed-4424-44e2-b172-df35b09b3e50","local_time":"20201227233620","is_ascension_mode":false,"campfire_choices":[{"floor":1,"key":"DIG"},{"floor":11,"key":"REST"},{"data":"sneckomod:UnknownRareAttack","floor":13,"key":"SMITH"}],"circlet_count":0,"master_deck":["sneckomod:Strike","sneckomod:Strike","sneckomod:Strike","sneckomod:Defend","sneckomod:Defend","sneckomod:Defend","sneckomod:TailWhip","sneckomod:SnekBite","sneckomod:Unknown","sneckomod:Unknown","sneckomod:IronFang","sneckomod:UnknownClassTHE_CHAMP_GRAY","sneckomod:UnknownCommonAttack","sneckomod:UnknownBlock","sneckomod:RainOfDice","sneckomod:UnknownBlock","sneckomod:UnknownClassGUARDIAN","sneckomod:UnknownRareAttack+1","sneckomod:WideSting","sneckomod:UnknownClassRED"],"relics":["sneckomod:SneckoSoul","halation:WeightlessCrab","Shuriken","Pantograph","Quantum Egg"],"acts_visited":["Exordium"],"potions_floor_usage":[12,15,15,16],"damage_taken":[{"damage":0,"enemies":"Cultist","floor":2,"turns":3},{"damage":3,"enemies":"Small Slimes","floor":3,"turns":3},{"damage":4,"enemies":"2 Louse","floor":4,"turns":2},{"damage":21,"enemies":"Exordium Thugs","floor":5,"turns":6},{"damage":0,"enemies":"3 Louse","floor":6,"turns":3},{"damage":52,"enemies":"3 Sentries","floor":8,"turns":10},{"damage":13,"enemies":"Blue Slaver","floor":9,"turns":4},{"damage":7,"enemies":"Lagavulin","floor":12,"turns":5},{"damage":0,"enemies":"Large Slime","floor":14,"turns":6},{"damage":16,"enemies":"Exordium Thugs","floor":15,"turns":3},{"damage":51,"enemies":"downfall:Defect","floor":16,"turns":5}],"seed_played":"6022276225241012141","potions_obtained":[{"floor":4,"key":"SteroidPotion"},{"floor":8,"key":"sneckomod:DiceRollPotion"},{"floor":9,"key":"Fire Potion"},{"floor":12,"key":"sneckomod:DiceRollPotion"}],"is_trial":false,"path_per_floor":["R_BF","M","M","M","M","M","T","E","M","?","R","E","R","M","M","B"],"character_chosen":"THE_SNECKO","items_purchased":[],"campfire_rested":1,"item_purchase_floors":[],"current_hp_per_floor":[99,99,97,94,74,74,74,23,16,16,47,41,41,41,26,0,0],"gold":382,"neow_bonus":"TEN_PERCENT_HP_BONUS","is_daily":false,"chose_seed":false,"campfire_upgraded":1,"win_rate":0.0,"timestamp":1609130180,"path_taken":["R_BF","M","M","M","M","?","T","E","M","?","R","E","R","M","M","BOSS"],"items_purchased_type":[],"build_version":"2020-12-22","purchased_purges":0,"victory":false,"max_hp_per_floor":[99,99,100,101,102,102,102,103,104,104,104,105,105,105,106,106,106],"relic_stats":{"counters":[11,50],"Shuriken":[7],"Pantograph":25,"obtain_stats":[{"Shuriken":7,"Pantograph":8,"Quantum Egg":12,"halation:WeightlessCrab":1,"sneckomod:SneckoSoul":0},{"Shuriken":5,"Pantograph":6,"Quantum Egg":8,"halation:WeightlessCrab":0,"sneckomod:SneckoSoul":0},{"Shuriken":17,"Pantograph":27,"Quantum Egg":36,"halation:WeightlessCrab":0,"sneckomod:SneckoSoul":0}]},"card_choices":[{"not_picked":["sneckomod:RainOfDice","sneckomod:SoulRoll"],"picked":"sneckomod:IronFang","floor":2},{"not_picked":["sneckomod:DiceBoulder","sneckomod:IronFang"],"picked":"sneckomod:UnknownClassTHE_CHAMP_GRAY","floor":3},{"not_picked":["sneckomod:SnakeSap","sneckomod:DiceBlock"],"picked":"sneckomod:UnknownCommonAttack","floor":4},{"not_picked":["sneckomod:Unknown2Cost","sneckomod:UnknownClassBLUE"],"picked":"sneckomod:UnknownBlock","floor":5},{"not_picked":["sneckomod:SoulCleanse","sneckomod:UnknownClassSLIMEBOUND"],"picked":"sneckomod:RainOfDice","floor":6},{"not_picked":["sneckomod:UnknownStrike","sneckomod:UnknownClassRED"],"picked":"sneckomod:UnknownBlock","floor":8},{"not_picked":["sneckomod:UnknownClassHEXA_GHOST_PURPLE","sneckomod:UnknownClassBLUE"],"picked":"sneckomod:UnknownClassGUARDIAN","floor":9},{"not_picked":["sneckomod:RainOfDice","sneckomod:DiceBlock"],"picked":"sneckomod:UnknownRareAttack","floor":12},{"not_picked":["sneckomod:SerpentIdol","sneckomod:IronFang"],"picked":"sneckomod:WideSting","floor":14},{"not_picked":["sneckomod:SoulRoll","sneckomod:UnknownClassTHE_CHAMP_GRAY"],"picked":"sneckomod:UnknownClassRED","floor":15}],"player_experience":128244,"relics_obtained":[{"floor":1,"key":"halation:WeightlessCrab"},{"floor":7,"key":"Shuriken"},{"floor":8,"key":"Pantograph"},{"floor":12,"key":"Quantum Egg"}],"event_choices":[],"is_beta":false,"boss_relics":[],"items_purged_floors":[],"is_endless":false,"potions_floor_spawned":[4,8,9,12,14],"killed_by":"downfall:Defect","ascension_level":0}}