{"host":"hbvn1mkfq2iixsau","time":1609188616,"event":{"mods":["AchievementEnabler","BaseMod","Better Skull","Better Third Choice","Colored Map","Displayed Cursed Tome","Minty Spire (QoL Compilation)","Quick Restart","Relic Stats","Shop Mod","StSLib"],"gold_per_floor":[110,110,110,285,285,299,333,12,12,50,50,77,117,139,139,249,249,274,302,302,64,74,111,140,181,181,210,11,45,45,80,80,175,175,188,78,300,300,10,10,23,49,49,49,75,75,75,123,123,123,123,123,57,83,83],"floor_reached":56,"playtime":7163,"items_purged":["Doubt"],"score":1659,"play_id":"33cd168c-0a37-4830-a316-461d15f7c88d","local_time":"20201228225016","is_ascension_mode":true,"campfire_choices":[{"data":"Apotheosis","floor":15.0,"key":"SMITH"},{"floor":32,"key":"DIG"},{"floor":40,"key":"DIG"},{"floor":44,"key":"RECALL"},{"floor":47,"key":"DIG"},{"floor":49,"key":"DIG"},{"floor":52,"key":"DIG"}],"circlet_count":0,"master_deck":["Strike_B","Strike_B","Strike_B","Strike_B","Defend_B","Defend_B","Defend_B","Defend_B+1","Zap","Heatsinks+1","Zap+1","Buffer","White Noise","Barrage","Apotheosis+1","Conserve Battery","Consume","Loop","Glacier","Buffer","Conserve Battery","Chaos+1","Barrage","Self Repair+1","Rainbow","Coolheaded","Echo Form","Static Discharge","Thunder Strike","Static Discharge","Ball Lightning+1","Capacitor","Hello World+1","Magnetism"],"relics":["Cracked Core","NeowsBlessing","Runic Capacitor","Dead Branch","Calipers","Nuclear Battery","Enchiridion","Mummified Hand","Gremlin Horn","MerchantsRug","Membership Card","Red Mask","Boot","InkBottle","Sozu","Happy Flower","PreservedInsect","Emotion Chip","Bronze Scales","StrikeDummy","Shuriken","TungstenRod","Pantograph","Pen Nib","OrangePellets","Letter Opener"],"acts_visited":["Exordium","TheCity","TheBeyond","TheEnding"],"potions_floor_usage":[],"damage_taken":[{"damage":0.0,"enemies":"Small Slimes","floor":1.0,"turns":1.0},{"damage":0.0,"enemies":"2 Louse","floor":6.0,"turns":1.0},{"damage":0.0,"enemies":"Gremlin Nob","floor":7.0,"turns":1.0},{"damage":17.0,"enemies":"Lagavulin","floor":10.0,"turns":7.0},{"damage":0.0,"enemies":"Cultist","floor":12.0,"turns":3.0},{"damage":14.0,"enemies":"Gremlin Nob","floor":13.0,"turns":3.0},{"damage":0.0,"enemies":"Gremlin Gang","floor":14.0,"turns":5.0},{"damage":0.0,"enemies":"Slime Boss","floor":16.0,"turns":4.0},{"damage":5.0,"enemies":"3 Byrds","floor":18.0,"turns":4.0},{"damage":0.0,"enemies":"Spheric Guardian","floor":19.0,"turns":4.0},{"damage":0.0,"enemies":"Centurion and Healer","floor":22.0,"turns":3.0},{"damage":20.0,"enemies":"Slavers","floor":23.0,"turns":6.0},{"damage":0.0,"enemies":"Snake Plant","floor":24.0,"turns":4.0},{"damage":0.0,"enemies":"Gremlin Leader","floor":25.0,"turns":5.0},{"damage":12.0,"enemies":"Book of Stabbing","floor":27.0,"turns":4.0},{"damage":15,"enemies":"Masked Bandits","floor":29,"turns":3},{"damage":16,"enemies":"Slavers","floor":31,"turns":5},{"damage":0,"enemies":"Automaton","floor":33,"turns":6},{"damage":0,"enemies":"Orb Walker","floor":35,"turns":4},{"damage":0,"enemies":"3 Darklings","floor":41,"turns":3},{"damage":6,"enemies":"Reptomancer","floor":42,"turns":5},{"damage":0,"enemies":"Giant Head","floor":45,"turns":5},{"damage":0,"enemies":"2 Orb Walkers","floor":48,"turns":4},{"damage":0,"enemies":"Time Eater","floor":50,"turns":6},{"damage":15,"enemies":"Shield and Spear","floor":54,"turns":3},{"damage":5,"enemies":"The Heart","floor":55,"turns":5}],"seed_played":"3641797291329612639","potions_obtained":[{"floor":6.0,"key":"ColorlessPotion"},{"floor":10.0,"key":"LiquidMemories"},{"floor":16.0,"key":"EntropicBrew"},{"floor":23.0,"key":"FairyPotion"},{"floor":31,"key":"SpeedPotion"}],"is_trial":false,"path_per_floor":["M","?","?","?","?","M","E","$","T","E","$","M","E","M","R","B",null,"M","M","?","$","M","E","M","E","T","E","$","?","?","E","R","B",null,"M","$","?","T","$","R","M","E","T","R","E","?","R","?","R","B",null,"R","$","E","B",null],"character_chosen":"DEFECT","items_purchased":["Runic Capacitor","Apotheosis","Mummified Hand","MerchantsRug","Membership Card","Shovel","Happy Flower","Static Discharge","PreservedInsect","Emotion Chip","Thunder Strike","Static Discharge","Pen Nib","Magnetism","OrangePellets"],"campfire_rested":0,"item_purchase_floors":[8,8,21,28,28,28,36,36,39,39,39,39,53,53,53],"current_hp_per_floor":[75,75,75,75,75,75,75,75,75,58,58,58,44,44,44,44,75,70,70,54,54,54,34,34,44,44,42,42,27,27,21,21,31,75,75,75,75,75,75,75,75,75,75,75,75,75,75,75,89,89,89,89,89,84,89],"gold":83,"neow_bonus":"THREE_ENEMY_KILL","is_daily":false,"chose_seed":false,"campfire_upgraded":1,"win_rate":0.0,"timestamp":1609188616,"path_taken":["M","?","?","?","?","?","E","$","T","E","$","?","E","M","R","BOSS","M","M","?","$","M","E","M","E","T","E","$","?","?","E","R","BOSS","M","$","?","?","$","R","M","E","T","R","E","?","R","?","R","BOSS","R","$","E","BOSS"],"items_purchased_type":["Relic","Card","Relic","Relic","Relic","Relic","Relic","Card","Relic","Relic","Card","Card","Relic","Card","Relic"],"build_version":"2020-12-22","purchased_purges":1,"victory":true,"max_hp_per_floor":[75,75,75,75,75,75,75,75,75,75,75,75,75,75,75,75,75,75,75,75,75,75,75,75,75,75,75,75,75,75,75,75,75,75,75,75,75,75,75,75,75,75,75,75,75,75,75,75,89,89,89,89,89,89,89],"relic_stats":{"Gremlin Horn":[12,12],"Happy Flower":[10],"counters":[26,104],"Dead Branch":[57],"PreservedInsect":252,"Pen Nib":[2],"Letter Opener":[40],"Boot":[46],"Sozu":2,"OrangePellets":[3],"Emotion Chip":[29,18,6,1,4],"Mummified Hand":[166],"Shuriken":[9],"Bronze Scales":[103],"Pantograph":5,"obtain_stats":[{"Darkstone Periapt":47,"Calipers":13,"Gremlin Horn":25,"CeramicFish":10,"Enchiridion":20,"Mango":49,"Runic Capacitor":8,"Boot":31,"Sozu":34,"Emotion Chip":39,"Shovel":28,"Mummified Hand":21,"Pantograph":52,"Tiny Chest":27,"Red Mask":29,"Toxic Egg 2":26,"Cracked Core":0,"InkBottle":32,"MerchantsRug":28,"NeowsBlessing":0,"Happy Flower":36,"Dead Branch":9,"PreservedInsect":39,"Pen Nib":53,"Letter Opener":54,"War Paint":7,"White Beast Statue":45,"Nuclear Battery":17,"OrangePellets":53,"Shuriken":43,"Bronze Scales":40,"Turnip":23,"Membership Card":28,"StrikeDummy":42,"TungstenRod":48},{"Darkstone Periapt":22,"Calipers":6,"Gremlin Horn":14,"CeramicFish":4,"Enchiridion":10,"Mango":23,"Runic Capacitor":3,"Boot":17,"Sozu":18,"Emotion Chip":19,"Shovel":15,"Mummified Hand":10,"Pantograph":24,"Tiny Chest":15,"Red Mask":16,"Toxic Egg 2":14,"Cracked Core":0,"InkBottle":17,"MerchantsRug":15,"NeowsBlessing":0,"Happy Flower":19,"Dead Branch":3,"PreservedInsect":19,"Pen Nib":24,"Letter Opener":25,"War Paint":3,"White Beast Statue":22,"Nuclear Battery":8,"OrangePellets":24,"Shuriken":21,"Bronze Scales":19,"Turnip":12,"Membership Card":15,"StrikeDummy":21,"TungstenRod":23},{"Darkstone Periapt":86,"Calipers":16,"Gremlin Horn":51,"CeramicFish":10,"Enchiridion":33,"Mango":90,"Runic Capacitor":3,"Boot":63,"Sozu":69,"Emotion Chip":73,"Shovel":55,"Mummified Hand":33,"Pantograph":96,"Tiny Chest":55,"Red Mask":58,"Toxic Egg 2":51,"Cracked Core":0,"InkBottle":63,"MerchantsRug":55,"NeowsBlessing":0,"Happy Flower":73,"Dead Branch":3,"PreservedInsect":73,"Pen Nib":96,"Letter Opener":99,"War Paint":3,"White Beast Statue":86,"Nuclear Battery":25,"OrangePellets":96,"Shuriken":81,"Bronze Scales":73,"Turnip":42,"Membership Card":55,"StrikeDummy":81,"TungstenRod":90}],"InkBottle":[28],"TungstenRod":21},"card_choices":[{"not_picked":["Conserve Battery","Streamline"],"picked":"Heatsinks","floor":1.0},{"not_picked":["Gash","Barrage"],"picked":"White Noise","floor":6.0},{"not_picked":["Leap","Aggregate"],"picked":"Barrage","floor":7.0},{"not_picked":["Go for the Eyes","Lockon"],"picked":"Conserve Battery","floor":10.0},{"not_picked":["Beam Cell","Tempest"],"picked":"Consume","floor":12.0},{"not_picked":["Tempest","Multi-Cast"],"picked":"Loop","floor":13.0},{"not_picked":["Beam Cell","Darkness"],"picked":"Glacier","floor":14.0},{"not_picked":["Machine Learning","Meteor Strike"],"picked":"Buffer","floor":16.0},{"not_picked":["Reprogram","Steam+1"],"picked":"Conserve Battery","floor":18.0},{"not_picked":["Gash","BootSequence"],"picked":"Chaos+1","floor":19.0},{"not_picked":["Streamline","Redo","Conserve Battery"],"picked":"SKIP","floor":22.0},{"not_picked":["Doom and Gloom","Glacier"],"picked":"Barrage","floor":23.0},{"not_picked":["Compile Driver","Reprogram+1"],"picked":"Self Repair+1","floor":24.0},{"not_picked":["Defragment","Hello World"],"picked":"Rainbow","floor":25.0},{"not_picked":["Barrage","Lockon","Aggregate+1"],"picked":"SKIP","floor":27.0},{"not_picked":["Cold Snap","FTL+1"],"picked":"Coolheaded","floor":31},{"not_picked":["Buffer","Hyperbeam"],"picked":"Echo Form","floor":33},{"not_picked":["Conserve Battery","Gash+1","Reprogram+1"],"picked":"SKIP","floor":35},{"not_picked":["Cold Snap+1","Conserve Battery+1"],"picked":"Ball Lightning+1","floor":41},{"not_picked":["Beam Cell","Scrape"],"picked":"Capacitor","floor":42},{"not_picked":["Ball Lightning","Hologram","Chill+1"],"picked":"SKIP","floor":45},{"not_picked":["Doom and Gloom+1","Coolheaded"],"picked":"Hello World+1","floor":48},{"not_picked":["Force Field","Cold Snap+1","Stack+1"],"picked":"SKIP","floor":54}],"player_experience":250515,"relics_obtained":[{"floor":7.0,"key":"War Paint"},{"floor":9.0,"key":"Dead Branch"},{"floor":10.0,"key":"CeramicFish"},{"floor":13.0,"key":"Calipers"},{"floor":23.0,"key":"Turnip"},{"floor":25.0,"key":"Gremlin Horn"},{"floor":26.0,"key":"Toxic Egg 2"},{"floor":27.0,"key":"Tiny Chest"},{"floor":29,"key":"Red Mask"},{"floor":31,"key":"Boot"},{"floor":32,"key":"InkBottle"},{"floor":40,"key":"Bronze Scales"},{"floor":42,"key":"StrikeDummy"},{"floor":43,"key":"Shuriken"},{"floor":45,"key":"White Beast Statue"},{"floor":47,"key":"Darkstone Periapt"},{"floor":48,"key":"TungstenRod"},{"floor":49,"key":"Mango"},{"floor":52,"key":"Pantograph"},{"floor":54,"key":"Letter Opener"}],"event_choices":[{"damage_healed":0.0,"max_hp_gain":0.0,"max_hp_loss":0.0,"gold_gain":0.0,"event_name":"The Cleric","player_choice":"Leave","floor":2.0,"gold_loss":0.0,"damage_taken":0.0},{"damage_healed":0.0,"max_hp_gain":0.0,"max_hp_loss":0.0,"gold_gain":0.0,"event_name":"Living Wall","player_choice":"Grow","floor":3.0,"gold_loss":0.0,"damage_taken":0.0,"cards_upgraded":["Heatsinks"]},{"damage_healed":0.0,"max_hp_gain":0.0,"max_hp_loss":0.0,"gold_gain":175.0,"event_name":"betterThird:BetterSerpent","player_choice":"AGREE","floor":4.0,"gold_loss":0.0,"damage_taken":110.0},{"damage_healed":0.0,"max_hp_gain":0.0,"max_hp_loss":0.0,"gold_gain":0.0,"event_name":"Match and Keep!","player_choice":"2 cards matched","floor":5.0,"gold_loss":0.0,"damage_taken":0.0,"cards_obtained":["Zap","Buffer"]},{"damage_healed":0.0,"max_hp_gain":0.0,"max_hp_loss":0.0,"gold_gain":0.0,"event_name":"Cursed Tome","player_choice":"Obtained Book","floor":20.0,"gold_loss":0.0,"damage_taken":16.0},{"damage_healed":0,"gold_gain":0,"player_choice":"Fought Bandits","damage_taken":0,"max_hp_gain":0,"max_hp_loss":0,"event_name":"Masked Bandits","floor":29,"gold_loss":0},{"damage_healed":0,"gold_gain":0,"player_choice":"Adaptability","damage_taken":0,"max_hp_gain":0,"max_hp_loss":0,"event_name":"betterThird:BetterWriting","floor":30,"gold_loss":0},{"damage_healed":0,"gold_gain":222,"player_choice":"Wore Mask","damage_taken":0,"max_hp_gain":0,"max_hp_loss":0,"event_name":"Tomb of Lord Red Mask","floor":37,"gold_loss":0},{"cards_removed":["Dualcast"],"damage_healed":0,"gold_gain":0,"player_choice":"Removed Skill","damage_taken":0,"max_hp_gain":0,"max_hp_loss":0,"event_name":"Falling","floor":46,"gold_loss":0},{"damage_healed":0,"gold_gain":0,"player_choice":"Fight","damage_taken":0,"max_hp_gain":0,"max_hp_loss":0,"event_name":"Mysterious Sphere","floor":48,"gold_loss":0}],"is_beta":false,"boss_relics":[{"not_picked":["Astrolabe","SlaversCollar"],"picked":"Nuclear Battery"},{"not_picked":["Velvet Choker","Busted Crown"],"picked":"Sozu"}],"items_purged_floors":[53],"is_endless":false,"potions_floor_spawned":[6,10,16,18,23,27,31,35,48],"ascension_level":1}}