{"host":"r6jigiblrojhp6xe","time":1609161884,"event":{"mods":["AchievementEnabler","BaseMod","DeckTracker","Minty Spire (QoL Compilation)","Quick Restart","Rare Cards Sparkle","Relic Stats","StSLib","SuperFastMode","The Cursed","everything is the same but u backflip on backflip"],"gold_per_floor":[112,112,122,122,135,161,236,236,263,293,293,308,325,338,338,417,417,428,201,201,121,121],"floor_reached":21,"playtime":449,"items_purged":[],"score":378,"play_id":"6af55b44-3eb6-4625-b373-0a73aab6dfac","local_time":"20201228222444","is_ascension_mode":true,"campfire_choices":[{"data":"Reinforced Body","floor":8.0,"key":"SMITH"},{"floor":11.0,"key":"REST"},{"data":"Hologram","floor":15,"key":"SMITH"}],"circlet_count":0,"master_deck":["AscendersBane","Strike_B","Strike_B","Strike_B","Strike_B","Defend_B","Defend_B","Defend_B","Defend_B","Zap+1","Dualcast","Cold Snap","Ball Lightning","Sweeping Beam","Reinforced Body+1","Cold Snap","Hologram+1","All For One","Stack","Seek","Creative AI","Hologram"],"relics":["Cracked Core","NeowsBlessing","Omamori","Akabeko","Lantern","Philosopher\u0027s Stone"],"acts_visited":["Exordium","TheCity"],"potions_floor_usage":[16,21],"damage_taken":[{"damage":0.0,"enemies":"2 Louse","floor":1.0,"turns":1.0},{"damage":0.0,"enemies":"Small Slimes","floor":3.0,"turns":1.0},{"damage":0.0,"enemies":"Cultist","floor":5.0,"turns":1.0},{"damage":16.0,"enemies":"3 Sentries","floor":6.0,"turns":6.0},{"damage":33.0,"enemies":"Lagavulin","floor":10.0,"turns":5.0},{"damage":0.0,"enemies":"Exordium Wildlife","floor":12.0,"turns":2.0},{"damage":0,"enemies":"3 Louse","floor":13,"turns":3},{"damage":0,"enemies":"2 Fungi Beasts","floor":14,"turns":3},{"damage":14,"enemies":"The Guardian","floor":16,"turns":14},{"damage":20,"enemies":"Shell Parasite","floor":18,"turns":6},{"damage":23,"enemies":"2 Thieves","floor":21,"turns":2}],"seed_played":"-4574762269514414312","potions_obtained":[{"floor":1.0,"key":"Block Potion"},{"floor":6.0,"key":"SteroidPotion"},{"floor":12.0,"key":"PotionOfCapacity"},{"floor":16,"key":"PowerPotion"}],"is_trial":false,"path_per_floor":["M","?","M","?","M","E","?","R","T","E","R","M","M","M","R","B",null,"M","$","?","M"],"character_chosen":"DEFECT","items_purchased":["Creative AI","Hologram"],"campfire_rested":1,"item_purchase_floors":[19,19],"current_hp_per_floor":[64,69,69,69,69,53,42,42,42,9,31,31,31,31,31,17,61,41,41,19,0,0],"gold":121,"neow_bonus":"THREE_ENEMY_KILL","is_daily":false,"chose_seed":false,"campfire_upgraded":2,"win_rate":0.0,"timestamp":1609161884,"path_taken":["M","?","M","?","?","E","?","R","T","E","R","M","M","M","R","BOSS","M","$","?","M"],"items_purchased_type":["Card","Card"],"build_version":"2020-12-22","purchased_purges":0,"victory":false,"max_hp_per_floor":[71,76,76,76,76,76,76,76,76,76,76,76,76,76,76,76,76,76,76,81,81,81],"relic_stats":{"counters":[11,44],"obtain_stats":[{"Lantern":10,"NeowsBlessing":0,"Philosopher\u0027s Stone":17,"Omamori":6,"Cracked Core":0,"Akabeko":9},{"Lantern":5,"NeowsBlessing":0,"Philosopher\u0027s Stone":9,"Omamori":4,"Cracked Core":0,"Akabeko":4},{"Lantern":14,"NeowsBlessing":0,"Philosopher\u0027s Stone":36,"Omamori":9,"Cracked Core":0,"Akabeko":9}]},"card_choices":[{"not_picked":["Steam Power","Redo"],"picked":"Cold Snap","floor":1.0},{"not_picked":["Fusion","Coolheaded"],"picked":"Ball Lightning","floor":3.0},{"not_picked":["Stack","Auto Shields"],"picked":"Sweeping Beam","floor":5.0},{"not_picked":["Sweeping Beam","Streamline"],"picked":"Reinforced Body","floor":6.0},{"not_picked":["Static Discharge","Barrage"],"picked":"Cold Snap","floor":10.0},{"not_picked":["Skim","Storm"],"picked":"Hologram","floor":12.0},{"not_picked":["Compile Driver","Redo"],"picked":"All For One","floor":13},{"not_picked":["Recycle","Cold Snap"],"picked":"Stack","floor":14},{"not_picked":["Buffer","Multi-Cast"],"picked":"Seek","floor":16},{"not_picked":["Steam+1","Redo","Streamline"],"picked":"SKIP","floor":18}],"player_experience":548425,"relics_obtained":[{"floor":6.0,"key":"Omamori"},{"floor":9.0,"key":"Akabeko"},{"floor":10.0,"key":"Lantern"}],"event_choices":[{"damage_healed":0.0,"max_hp_gain":5.0,"max_hp_loss":0.0,"gold_gain":0.0,"event_name":"Big Fish","player_choice":"Donut","floor":2.0,"gold_loss":0.0,"damage_taken":0.0},{"damage_healed":0.0,"max_hp_gain":0.0,"max_hp_loss":0.0,"gold_gain":0.0,"event_name":"Accursed Blacksmith","player_choice":"Forge","floor":4.0,"gold_loss":0.0,"damage_taken":0.0,"cards_upgraded":["Zap"]},{"damage_healed":0.0,"max_hp_gain":0.0,"max_hp_loss":0.0,"gold_gain":75.0,"event_name":"World of Goop","player_choice":"Gather Gold","floor":7.0,"gold_loss":0.0,"damage_taken":11.0},{"damage_healed":0,"gold_gain":0,"player_choice":"Shed Blood","damage_taken":27,"max_hp_gain":5,"max_hp_loss":0,"event_name":"Forgotten Altar","floor":20,"gold_loss":0}],"is_beta":false,"boss_relics":[{"not_picked":["Runic Pyramid","Runic Dome"],"picked":"Philosopher\u0027s Stone"}],"items_purged_floors":[],"is_endless":false,"potions_floor_spawned":[1,6,12,16],"killed_by":"2 Thieves","ascension_level":20}}