{"host":"n7mxhpjy89lltbhc","time":1609158165,"event":{"mods":["2.2 Compatiblity","Act Like it!","Bard","BaseMod","Better Match","Better Sensory Stone","Better Synergies","Better Third Choice","Better Vampires","BetterRewards","Challenge The Spire","Colored Map","Colored Powertips","Downfall","Gensokyo","Hubris","Infinite Spire","Jedi Mod","Marisa????????","Marked Mod","Minty Spire (QoL Compilation)","Permanent Neow","Rare Cards Sparkle","Relic Sorter","Relic Stats","Replay The Spire","Shop Mod","Small Relic Pack","Spicy Shops","StSLib","Strawberry Spire","The Blue Laboratory","The Disciple","The Servant 0.9.4","Uncapped","Waifu the Spire","Wandering Minibosses","vexMod"],"gold_per_floor":[116,116,51,51,43,43,71,241,253,297,309,321,333,6,6,74,74,81,95,95,17,17,17,17,31,31,58,13,13,27,56,56,114,114,121,121,121,133,844,877,516,544,544,561,593,593,625,637,637,637],"floor_reached":51,"playtime":2338,"items_purged":["Strike_S"],"score":1666,"play_id":"fd6a483d-e397-4636-adb1-f887aa82cabb","local_time":"25631228192245","is_ascension_mode":true,"campfire_choices":[{"data":"Potential","floor":6.0,"key":"SMITH"},{"floor":12.0,"key":"REST"},{"floor":15.0,"key":"REST"},{"data":"ShatteredReality","floor":23.0,"key":"SMITH"},{"floor":29.0,"key":"REST"},{"data":"Unruled","floor":32.0,"key":"SMITH"},{"data":"DoubleEdge","floor":46,"key":"SMITH"},{"floor":49,"key":"REST"}],"circlet_count":0,"master_deck":["AscendersBane","KidneyShot+1","Exchange","Hightail","Reset+1","Potential+1","ShatteredReality+1","Unruled+1","ShatteredReality","Dilation+1","Potential+1","Manipulate+1","ForgedInTime","GearUp","Dilation","DoubleEdge+1","ShiftingGears","SoulSculpture+1","TimeWarp","FastForward","FastForward+1","SilverMatrix+1","FlawlessForm+1","Sickly","Spreading Infection","Amnesia","KillingDoll","jedi:BattleThirst","infinitespire:Execution","TimeWarp+1","Comet+1","SilverMatrix","ShatteredReality+1","SilverMatrix","BottledTime"],"relics":["Uniform","Gensokyo:NagashiBinaDoll","MawBank","vexMod:ScavengeHelm","The Courier","Membership Card","strawberrySpire:GlyphStone","TungstenRod","Pandora\u0027s Box","Gensokyo:ConquerorOfFear","Guardian:PocketSentry","vexMod:InvisibilityCloak","Art of War","strawberrySpire:DirtyLipstick","Replay:Ancient Bell","infinitespire:Lucky Rock","jedi:bottledfury","Durian","Du-Vu Doll","vexMod:PlasmaPancake","wanderingMiniBosses:MasterThiefsPresence","Question Card","Guide Book","champ:DeflectingBracers","Broom","infinitespire:Beetle Shell","hubris:TenFootPole","Lantern","Torii","PocketWatch"],"acts_visited":["Gensokyo:Gensokyo","Gensokyo:Gensokyoer","Gensokyo:Gensokyoest"],"potions_floor_usage":[],"damage_taken":[{"damage":5.0,"enemies":"Gensokyo:Gryphon","floor":1.0,"turns":4.0},{"damage":17.0,"enemies":"Gensokyo:2_Kodama","floor":5.0,"turns":7.0},{"damage":0.0,"enemies":"Gensokyo:Mamizou","floor":7.0,"turns":11.0},{"damage":2.0,"enemies":"Gensokyo:3_Fairies","floor":8.0,"turns":4.0},{"damage":19.0,"enemies":"Gensokyo:Cirno","floor":10.0,"turns":6.0},{"damage":15.0,"enemies":"Gensokyo:Yukari","floor":16.0,"turns":11.0},{"damage":3.0,"enemies":"Gensokyo:Chomper","floor":18.0,"turns":6.0},{"damage":0.0,"enemies":"Gensokyo:AngelMirror","floor":19.0,"turns":5.0},{"damage":15.0,"enemies":"Gensokyo:Koishi","floor":25.0,"turns":10.0},{"damage":13.0,"enemies":"Gensokyo:Slime_Group","floor":30.0,"turns":3.0},{"damage":0.0,"enemies":"Gensokyo:Reisen","floor":31.0,"turns":6.0},{"damage":5.0,"enemies":"Gensokyo:Eiki","floor":33.0,"turns":12.0},{"damage":0,"enemies":"Gensokyo:3_Bats","floor":35,"turns":3},{"damage":5,"enemies":"Gensokyo:AncientGuardian","floor":38,"turns":3},{"damage":0,"enemies":"Gensokyo:3_Boulders","floor":39,"turns":7},{"damage":0,"enemies":"Gensokyo:Doremy","floor":40,"turns":3},{"damage":13,"enemies":"Gensokyo:Marisa","floor":42,"turns":6},{"damage":0,"enemies":"Gensokyo:AtlasGolem","floor":44,"turns":3},{"damage":6,"enemies":"Gensokyo:Doremy","floor":45,"turns":9},{"damage":0,"enemies":"Gensokyo:Marisa","floor":47,"turns":2},{"damage":6,"enemies":"Gensokyo:Dusk_and_Dawn","floor":48,"turns":3},{"damage":0,"enemies":"Gensokyo:Yuyuko","floor":50,"turns":7}],"seed_played":"-2120175247510536650","potions_obtained":[{"floor":8.0,"key":"blueLaboratory:PolymorphPotion"},{"floor":10.0,"key":"blueLaboratory:NullPotion"},{"floor":30.0,"key":"Strength Potion"},{"floor":31.0,"key":"SteroidPotion"},{"floor":44,"key":"jedi:wingpotion"},{"floor":47,"key":"blueLaboratory:LouseDecoction"},{"floor":48,"key":"LifebloodPotion"}],"is_trial":false,"path_per_floor":["M","?","COS","?","M","R","E","M","T","E","?","R","?","$","R","B",null,"M","M","?","$","?","R","?","E","T","T","COS","R","M","E","R","B",null,"M","?","AVR","M","M","E","COS","E","T","M","E","R","E","M","R","B",null],"character_chosen":"THE_SERVANT","items_purchased":["Membership Card","strawberrySpire:GlyphStone","TungstenRod","SoulSculpture","TimeWarp"],"campfire_rested":4,"item_purchase_floors":[14,14,14,21,21],"current_hp_per_floor":[49,49,49,49,32,32,32,30,30,11,11,29,5,5,23,8,47,44,44,44,44,44,44,44,29,29,29,29,47,34,34,34,29,57,57,57,63,58,58,58,58,45,45,45,39,39,39,33,54,54],"gold":637,"neow_bonus":"UPGRADE_CARD","is_daily":false,"chose_seed":false,"campfire_upgraded":4,"win_rate":0.0,"timestamp":1609158165,"path_taken":["M","?","COS","?","?","R","E","M","T","E","?","R","?","$","R","BOSS","M","M","?","$","?","R","?","E","T","?","COS","R","?","E","R","BOSS","M","?","AVR","M","M","E","COS","E","T","M","E","R","E","M","R","BOSS"],"items_purchased_type":["Relic","Relic","Relic","Card","Card"],"build_version":"2020-12-22","purchased_purges":1,"victory":true,"max_hp_per_floor":[60,60,60,60,60,60,60,60,60,60,60,60,60,60,60,60,60,60,60,60,60,60,60,60,60,60,60,60,60,60,60,60,60,65,65,65,71,71,71,71,71,71,71,71,71,71,71,71,71,71],"relic_stats":{"Torii":4,"counters":[22,130],"Pandora\u0027s Box":["GearUp","FanOfKnives","Dilation"],"Art of War":[10],"MawBank":84,"Question Card":8,"obtain_stats":[{"vexMod:PlasmaPancake":37,"Lantern":45,"Torii":47,"Gensokyo:UndefinedDarkness":24,"jedi:command_rare":36,"Gensokyo:NagashiBinaDoll":4,"Uniform":0,"Broom":43,"jedi:bottledfury":34,"Frozen Eye":25,"vexMod:InvisibilityCloak":26,"PocketWatch":50,"vexMod:ScavengeHelm":9,"Guide Book":41,"wanderingMiniBosses:MasterThiefsPresence":39,"The Courier":10,"champ:DeflectingBracers":42,"infinitespire:Beetle Shell":45,"Guardian:PocketSentry":25,"Replay:Ancient Bell":34,"Gensokyo:ConquerorOfFear":25,"infinitespire:Lucky Rock":34,"MawBank":7,"strawberrySpire:DirtyLipstick":33,"Question Card":40,"Du-Vu Doll":36,"strawberrySpire:GlyphStone":14,"Pandora\u0027s Box":17,"Art of War":31,"Durian":34,"hubris:TenFootPole":45,"Membership Card":14,"TungstenRod":14},{"vexMod:PlasmaPancake":13,"Lantern":19,"Torii":20,"Gensokyo:UndefinedDarkness":8,"jedi:command_rare":13,"Gensokyo:NagashiBinaDoll":1,"Uniform":0,"Broom":17,"jedi:bottledfury":12,"Frozen Eye":8,"vexMod:InvisibilityCloak":9,"PocketWatch":22,"vexMod:ScavengeHelm":4,"Guide Book":16,"wanderingMiniBosses:MasterThiefsPresence":15,"The Courier":5,"champ:DeflectingBracers":17,"infinitespire:Beetle Shell":19,"Guardian:PocketSentry":9,"Replay:Ancient Bell":12,"Gensokyo:ConquerorOfFear":9,"infinitespire:Lucky Rock":12,"MawBank":3,"strawberrySpire:DirtyLipstick":12,"Question Card":16,"Du-Vu Doll":13,"strawberrySpire:GlyphStone":5,"Pandora\u0027s Box":6,"Art of War":11,"Durian":12,"hubris:TenFootPole":19,"Membership Card":5,"TungstenRod":5},{"vexMod:PlasmaPancake":88,"Lantern":118,"Torii":120,"Gensokyo:UndefinedDarkness":54,"jedi:command_rare":88,"Gensokyo:NagashiBinaDoll":4,"Uniform":0,"Broom":106,"jedi:bottledfury":85,"Frozen Eye":54,"vexMod:InvisibilityCloak":64,"PocketWatch":128,"vexMod:ScavengeHelm":26,"Guide Book":100,"wanderingMiniBosses:MasterThiefsPresence":97,"The Courier":32,"champ:DeflectingBracers":106,"infinitespire:Beetle Shell":113,"Guardian:PocketSentry":64,"Replay:Ancient Bell":85,"Gensokyo:ConquerorOfFear":64,"infinitespire:Lucky Rock":85,"MawBank":22,"strawberrySpire:DirtyLipstick":74,"Question Card":100,"Du-Vu Doll":88,"strawberrySpire:GlyphStone":32,"Pandora\u0027s Box":43,"Art of War":73,"Durian":85,"hubris:TenFootPole":114,"Membership Card":32,"TungstenRod":32}],"TungstenRod":76},"card_choices":[{"not_picked":["Rearm","Alleviate"],"picked":"Hightail","floor":1.0},{"not_picked":["DoubleEdge+1","Shuttle+1"],"picked":"Reset+1","floor":5.0},{"not_picked":["StarChef","Rewind"],"picked":"Potential","floor":5.0},{"not_picked":["FastForward","Rearm"],"picked":"ShatteredReality","floor":7.0},{"not_picked":["Misdirection","FastForward"],"picked":"Unruled","floor":8.0},{"not_picked":["FastForward","Replace"],"picked":"ShatteredReality","floor":10.0},{"not_picked":["KillingDoll","TrueSight"],"picked":"ForgedInTime","floor":16.0},{"not_picked":["FastForward","Manipulate+1"],"picked":"DoubleEdge","floor":18.0},{"not_picked":["Manipulate","BottledTime"],"picked":"ShiftingGears","floor":19.0},{"not_picked":["Potential+1","ReturningBlade"],"picked":"FastForward","floor":25.0},{"not_picked":["Spin","Ricochet"],"picked":"FastForward+1","floor":30.0},{"not_picked":["TimeWarp","Defy"],"picked":"SilverMatrix","floor":31.0},{"not_picked":["SoulSculpture","TrueSight"],"picked":"FlawlessForm","floor":33.0},{"not_picked":["Gensokyo:ImpossibleRequest","Languid"],"picked":"Sickly","floor":34.0},{"not_picked":["Pain","strawberrySpire:AscendersBanana"],"picked":"Spreading Infection","floor":34.0},{"not_picked":["hubris:Lust","hubris:Disease"],"picked":"Amnesia","floor":34.0},{"not_picked":["TimeWarp","Ricochet"],"picked":"KillingDoll","floor":35},{"not_picked":["Alleviate","Reset+1"],"picked":"TimeWarp+1","floor":38},{"not_picked":["Unruled","Starlight","PendulumOfEternity"],"picked":"SKIP","floor":39},{"not_picked":["SurpressingFire","Starlight"],"picked":"Comet+1","floor":40},{"not_picked":["FanOfKnives+1","Sabotage+1","Unruled"],"picked":"SilverMatrix","floor":42},{"not_picked":["Gouge","Alleviate","Spin+1"],"picked":"ShatteredReality+1","floor":44},{"not_picked":["ShiftingGears","Starlight","Rewind"],"picked":"SilverMatrix","floor":45},{"not_picked":["Solidify","PendulumOfEternity","ForgedInTime","Initiator"],"picked":"SKIP","floor":45},{"not_picked":["Solidify","PendulumOfEternity","ForgedInTime","Initiator"],"picked":"SKIP","floor":45},{"not_picked":["ShatteredReality+1","Defy+1","Manipulate"],"picked":"BottledTime","floor":47},{"not_picked":["BestPractice+1","SurpressingFire","Starlight","Unruled"],"picked":"SKIP","floor":48}],"player_experience":1018260,"relics_obtained":[{"floor":7.0,"key":"MawBank"},{"floor":9.0,"key":"vexMod:ScavengeHelm"},{"floor":10.0,"key":"The Courier"},{"floor":25.0,"key":"Gensokyo:ConquerorOfFear"},{"floor":25.0,"key":"Guardian:PocketSentry"},{"floor":26.0,"key":"vexMod:InvisibilityCloak"},{"floor":31.0,"key":"Art of War"},{"floor":39,"key":"wanderingMiniBosses:MasterThiefsPresence"},{"floor":40,"key":"Question Card"},{"floor":42,"key":"champ:DeflectingBracers"},{"floor":43,"key":"Broom"},{"floor":45,"key":"Lantern"},{"floor":47,"key":"Torii"}],"event_choices":[],"is_beta":false,"boss_relics":[{"not_picked":["vexMod:EndlessSickness","Replay:Grab Bag"],"picked":"Pandora\u0027s Box"},{"not_picked":["vexMod:RockOfEvil","Black Star"],"picked":"Replay:Ancient Bell"},{"not_picked":["Dream Catcher","jedi:crownofsimplicity"],"picked":"infinitespire:Lucky Rock"},{"not_picked":["infinitespire:Eraser","ReplayTheSpireMod:Shallot"],"picked":"jedi:bottledfury"},{"not_picked":["Dead Branch","jedi:kaleidoscope"],"picked":"Durian"}],"items_purged_floors":[14],"is_endless":false,"potions_floor_spawned":[8,10,30,31,44,47,48],"ascension_level":14}}