{"host":"sav7uxregyirlf69","time":1609167854,"event":{"mods":["AchievementEnabler","BaseMod","Colored Map","DeckTracker","Keyboard Shortcuts","Minty Spire (QoL Compilation)","READ ME - Guardian Mod","StSLib","SuperFastMode"],"gold_per_floor":[109,125,137,137,157,157,257,274,299,311,311,328,344,355,355,458,458,427,427,427,352,352,384,400,400,400],"floor_reached":25,"playtime":439,"items_purged":["Bash"],"score":242,"play_id":"ecb95402-b6ab-4620-95a1-c560636cef0d","local_time":"20201229000414","is_ascension_mode":false,"campfire_choices":[{"data":"Body Slam","floor":6,"key":"SMITH"},{"data":"Seeing Red","floor":11,"key":"SMITH"},{"data":"Barricade","floor":15,"key":"SMITH"}],"circlet_count":0,"master_deck":["Defend_R","Defend_R","Defend_R","Defend_R","Body Slam+1","Shrug It Off","Carnage","Seeing Red+1","Headbutt","Barricade+1","Fire Breathing","Second Wind","Impervious","True Grit+1","Bite","Bite","Bite","Bite","Bite","Impervious"],"relics":["Burning Blood","PreservedInsect"],"acts_visited":["Exordium","TheCity"],"potions_floor_usage":[8,16,23,23],"damage_taken":[{"damage":3,"enemies":"Jaw Worm","floor":1,"turns":5},{"damage":0,"enemies":"Small Slimes","floor":2,"turns":5},{"damage":6,"enemies":"Cultist","floor":3,"turns":3},{"damage":5,"enemies":"Red Slaver","floor":5,"turns":4},{"damage":0,"enemies":"Exordium Wildlife","floor":8,"turns":3},{"damage":4,"enemies":"Blue Slaver","floor":10,"turns":3},{"damage":2,"enemies":"Looter","floor":12,"turns":3},{"damage":25,"enemies":"Exordium Wildlife","floor":13,"turns":5},{"damage":10,"enemies":"3 Louse","floor":14,"turns":3},{"damage":21,"enemies":"Slime Boss","floor":16,"turns":9},{"damage":35,"enemies":"2 Thieves","floor":18,"turns":5},{"damage":64,"enemies":"Slavers","floor":23,"turns":9},{"damage":2,"enemies":"Chosen","floor":24,"turns":7}],"seed_played":"-9033993131765102237","potions_obtained":[{"floor":1,"key":"SteroidPotion"},{"floor":2,"key":"ElixirPotion"},{"floor":5,"key":"DistilledChaos"},{"floor":8,"key":"FearPotion"},{"floor":18,"key":"Ancient Potion"}],"is_trial":false,"path_per_floor":["M","M","M","?","M","R","?","M","T","M","R","M","M","M","R","B",null,"M","T","?","$","?","E","M","$"],"character_chosen":"IRONCLAD","items_purchased":[],"campfire_rested":0,"item_purchase_floors":[],"current_hp_per_floor":[75,81,81,86,87,87,87,93,93,95,95,99,80,76,76,61,101,72,72,70,70,57,17,35,35,35],"gold":400,"neow_bonus":"TWENTY_PERCENT_HP_BONUS","is_daily":false,"chose_seed":false,"campfire_upgraded":3,"win_rate":0.0,"timestamp":1609167854,"path_taken":["M","M","M","?","M","R","?","M","T","M","R","M","?","M","R","BOSS","M","?","?","$","?","E","M","?"],"items_purchased_type":[],"build_version":"2020-12-22","purchased_purges":1,"victory":false,"max_hp_per_floor":[96,96,96,101,101,101,101,101,101,101,101,101,101,101,101,101,101,101,101,70,70,75,75,75,75,75],"card_choices":[{"not_picked":["Feel No Pain","Pommel Strike"],"picked":"Body Slam","floor":1},{"not_picked":["Thunderclap","Flex"],"picked":"Shrug It Off","floor":2},{"not_picked":["Disarm","Seeing Red"],"picked":"Carnage","floor":3},{"not_picked":["Clothesline","Warcry"],"picked":"Seeing Red","floor":5},{"not_picked":["Pommel Strike","Perfected Strike"],"picked":"Headbutt","floor":8},{"not_picked":["Carnage","Hemokinesis","Anger"],"picked":"SKIP","floor":10},{"not_picked":["Carnage","Power Through"],"picked":"Barricade","floor":12},{"not_picked":["Pommel Strike","Pummel"],"picked":"Fire Breathing","floor":13},{"not_picked":["Heavy Blade","Iron Wave"],"picked":"Second Wind","floor":14},{"not_picked":["Bludgeon","Limit Break"],"picked":"Impervious","floor":16},{"not_picked":["Disarm+1","Thunderclap+1"],"picked":"True Grit+1","floor":18},{"not_picked":["Whirlwind","Sword Boomerang"],"picked":"Impervious","floor":23},{"not_picked":["Whirlwind","Disarm","Clash"],"picked":"SKIP","floor":24}],"player_experience":1036599,"relics_obtained":[{"floor":23,"key":"PreservedInsect"}],"event_choices":[{"damage_healed":0,"gold_gain":0,"player_choice":"Donut","damage_taken":0,"max_hp_gain":5,"max_hp_loss":0,"event_name":"Big Fish","floor":4,"gold_loss":0},{"damage_healed":0,"gold_gain":100,"player_choice":"Pray","damage_taken":0,"max_hp_gain":0,"max_hp_loss":0,"event_name":"Golden Shrine","floor":7,"gold_loss":0},{"damage_healed":0,"gold_gain":0,"player_choice":"Became a vampire","damage_taken":0,"max_hp_gain":0,"max_hp_loss":31,"event_name":"Vampires","floor":20,"gold_loss":0,"cards_obtained":["Bite","Bite","Bite","Bite","Bite"]},{"damage_healed":0,"gold_gain":0,"player_choice":"Shed Blood","damage_taken":18,"max_hp_gain":5,"max_hp_loss":0,"event_name":"Forgotten Altar","floor":22,"gold_loss":0}],"is_beta":false,"boss_relics":[{"not_picked":["Tiny House","Runic Cube","Ectoplasm"]}],"items_purged_floors":[21],"is_endless":false,"potions_floor_spawned":[1,2,5,8,14,18],"ascension_level":0}}