{"host":"1sep654oresgee70","time":1609199792,"event":{"mods":["2.2 Compatiblity","Aspiration","BaseMod","Better Altar","Better Match","Better Note","Better Sensory Stone","Better Skull","Better Third Choice","Better Vampires","Better-Laid Plans","BetterRewards","Block Reminder","Conspire","Curses Come First","Displayed Cursed Tome","Gold Saver","Hubris","Infinite Spire","Minty Spire (QoL Compilation)","Potion Indicator Mod","Quick Restart","Red Circlet Mod","Replay The Spire","Shop Mod","Spicy Shops","StSLib","The Blue Laboratory","Thieving Mod","Transform Curses","Unceasing Turn Reminder","UnlockEverythingMod"],"gold_per_floor":[1046,1061,1076,13,13,63,98,98,98,113,113,128,163,188,188,288,288,303,303,338,533,533,533,548,548,548,548,578,578,578,593,593,693,693,708,723,14,29,44,44,44,94,94,94,121,133,145,145],"floor_reached":47,"playtime":1617,"items_purged":[],"score":522,"play_id":"5dc38ec7-70ba-4d05-b1c5-efaf44c6a0dc","local_time":"20201229005632","daily_mods":["Allstar","Colorless Cards","Night Terrors"],"is_ascension_mode":false,"campfire_choices":[{"floor":8,"key":"REST"},{"data":"Dramatic Entrance","floor":11,"key":"SMITH"},{"floor":15,"key":"DIG"},{"floor":23,"key":"REST"},{"data":"infinitespire:Punishment","floor":25,"key":"SMITH"},{"data":"Echo Form","floor":32,"key":"SMITH"},{"floor":40,"key":"REST"}],"circlet_count":0,"master_deck":["Strike_P+1","Strike_P+1","Strike_P+1","Strike_P+1","Defend_P+1","Defend_P+1","Defend_P+1","Defend_P+1","Eruption","Vigilance","Trip","Dramatic Entrance+1","Specialist+1","Enlightenment","HandOfGreed","CutThroughFate","Replay:BasicMightCard","Evaluate","Swivel","ThirdEye+1","LikeWater","Secret Technique","Echo Form+1","Vault","SignatureMove","Prostrate","Deep Breath","JustLucky","DevaForm","FlyingSleeves+1","CutThroughFate","hubris:EnhanceAbility","infinitespire:Punishment+1","FlurryOfBlows+1","Consecrate","ReplayTheSpireMod:Private Reserves","Judgement","Deep Breath+1","Swivel","EmptyFist+1","Ragnarok","ClearTheMind+1","Evaluate","Violence","Dark Shackles","Prostrate"],"relics":["PureWater","Strawberry","Juzu Bracelet","conspire:TopHat","hubris:TenFootPole","Yang","Onion Ring","Damaru","infinitespire:PuzzleCube","hubris:RunicObelisk","Blood Vial","Replay:Bottled Steam","Toy Ornithopter","hubris:Towel","aspiration:RitualStick","conspire:RoyalGoblet","Singing Bowl","Medical Kit","infinitespire:WardingShard","conspire:GiftBox","Golden Egg","MawBank"],"acts_visited":["Exordium","TheCity","TheBeyond"],"potions_floor_usage":[6,7,16,16,18,28,28,39,45,47],"damage_taken":[{"damage":0,"enemies":"Small Slimes","floor":1,"turns":4},{"damage":0,"enemies":"2 Louse","floor":2,"turns":2},{"damage":12,"enemies":"Jaw Worm","floor":3,"turns":4},{"damage":43,"enemies":"Gremlin Nob","floor":6,"turns":6},{"damage":12,"enemies":"Exordium Wildlife","floor":7,"turns":4},{"damage":7,"enemies":"Blue Slaver","floor":10,"turns":4},{"damage":2,"enemies":"Looter","floor":12,"turns":3},{"damage":0,"enemies":"2 Fungi Beasts","floor":13,"turns":1},{"damage":15,"enemies":"The Guardian","floor":16,"turns":8},{"damage":10,"enemies":"Chosen","floor":18,"turns":3},{"damage":8,"enemies":"2 Thieves","floor":20,"turns":3},{"damage":2,"enemies":"3 Cultists","floor":24,"turns":5},{"damage":8,"enemies":"Book of Stabbing","floor":28,"turns":3},{"damage":0,"enemies":"Centurion and Healer","floor":31,"turns":6},{"damage":37,"enemies":"Automaton","floor":33,"turns":9},{"damage":0,"enemies":"Orb Walker","floor":35,"turns":3},{"damage":0,"enemies":"3 Shapes","floor":36,"turns":3},{"damage":29,"enemies":"Spire Growth","floor":38,"turns":6},{"damage":14,"enemies":"Maw","floor":39,"turns":5},{"damage":0,"enemies":"Mind Bloom Boss Battle","floor":42,"turns":2},{"damage":12,"enemies":"3 Darklings","floor":45,"turns":4},{"damage":64,"enemies":"Spire Growth","floor":47,"turns":4}],"seed_played":"3313543068594885719","potions_obtained":[{"floor":3,"key":"blueLaboratory:FruitPunch"},{"floor":6,"key":"CultistPotion"},{"floor":10,"key":"blueLaboratory:Moonshine"},{"floor":12,"key":"Dexterity Potion"},{"floor":16,"key":"LiquidMemories"},{"floor":20,"key":"blueLaboratory:FruitPunch"},{"floor":24,"key":"blueLaboratory:BottleOfVodka"},{"floor":31,"key":"blueLaboratory:PolymorphPotion"},{"floor":33,"key":"Doom Potion"},{"floor":39,"key":"blueLaboratory:LouseDecoction"}],"is_trial":false,"path_per_floor":["M","M","M","$","?","E","M","R","T","M","R","M","M","T","R","B",null,"M","?","M","?","AVR","R","M","R","T","?","E","?","?","M","R","B",null,"M","M","$","M","M","R","?","?","T","?","M","?","M"],"character_chosen":"WATCHER","items_purchased":["Swivel","ThirdEye+1","Strawberry","LikeWater","Secret Technique","Juzu Bracelet","conspire:TopHat","hubris:TenFootPole","Swift Potion","Singing Bowl","Medical Kit","EmptyFist+1","Ragnarok","infinitespire:WardingShard"],"campfire_rested":3,"item_purchase_floors":[4,4,4,4,4,4,4,4,4,37,37,37,37,37],"current_hp_per_floor":[72,72,60,67,67,26,14,76,76,69,69,67,67,67,67,52,76,66,56,50,50,50,71,69,69,69,69,65,65,58,60,60,25,73,73,73,73,46,39,70,70,70,70,58,55,55,0,0],"gold":145,"neow_bonus":"","is_daily":true,"chose_seed":false,"campfire_upgraded":3,"win_rate":0.0,"timestamp":1609199792,"path_taken":["M","M","M","$","?","E","M","R","T","M","R","M","M","?","R","BOSS","M","?","M","?","AVR","R","M","R","T","?","E","?","?","M","R","BOSS","M","M","$","M","M","R","?","?","T","?","M","?","M"],"items_purchased_type":["Card","Card","Relic","Card","Card","Relic","Relic","Relic","Potion","Relic","Relic","Card","Card","Relic"],"build_version":"2020-12-22","purchased_purges":0,"victory":false,"max_hp_per_floor":[72,72,72,79,79,81,81,76,76,76,76,76,76,76,76,76,76,76,76,76,76,76,71,71,71,71,71,73,73,73,73,73,73,73,73,73,73,75,75,70,70,70,70,70,72,72,72,72],"card_choices":[{"not_picked":["EmptyFist","Halt"],"picked":"CutThroughFate","floor":1},{"not_picked":["FlyingSleeves","Replay:AtTheReady"],"picked":"Replay:BasicMightCard","floor":2},{"not_picked":["Halt","EmptyFist"],"picked":"Evaluate","floor":3},{"not_picked":["CrushJoints","Replay:Parry"],"picked":"Vault","floor":6},{"not_picked":["ForeignInfluence","SashWhip"],"picked":"SignatureMove","floor":7},{"not_picked":["FlurryOfBlows","Finesse"],"picked":"Prostrate","floor":10},{"not_picked":["FollowUp","Halt"],"picked":"Deep Breath","floor":12},{"not_picked":["Crescendo","ClearTheMind"],"picked":"JustLucky","floor":13},{"not_picked":["ConjureBlade","Panache"],"picked":"DevaForm","floor":16},{"not_picked":["Wireheading","SashWhip"],"picked":"FlyingSleeves+1","floor":18},{"not_picked":["Replay:ManipulateFuture","Swift Strike"],"picked":"CutThroughFate","floor":20},{"not_picked":["PathToVictory","Purity"],"picked":"hubris:EnhanceAbility","floor":21},{"not_picked":["Replay:AtTheReady","JustLucky"],"picked":"FlurryOfBlows+1","floor":24},{"not_picked":["Finesse","CrushJoints"],"picked":"Consecrate","floor":28},{"not_picked":["Brilliance","Replay:ManipulateFuture"],"picked":"ReplayTheSpireMod:Private Reserves","floor":31},{"not_picked":["Replay:AllIn","Midas Touch"],"picked":"Judgement","floor":33},{"not_picked":["Weave+1","Perseverance+1"],"picked":"Deep Breath+1","floor":35},{"not_picked":["Deep Breath","FlyingSleeves+1"],"picked":"Swivel","floor":36},{"not_picked":["Replay:AtTheReady","BowlingBash+1","Fasting2+1"],"picked":"Singing Bowl","floor":38},{"not_picked":["SashWhip","BowlingBash+1"],"picked":"ClearTheMind+1","floor":39},{"not_picked":["Replay:Dark Deal","Judgement"],"picked":"Violence","floor":42},{"not_picked":["FollowUp+1","Forethought"],"picked":"Dark Shackles","floor":42},{"not_picked":["EmptyFist+1","SashWhip+1","Weave+1"],"picked":"Singing Bowl","floor":45}],"player_experience":2401448,"relics_obtained":[{"floor":6,"key":"Yang"},{"floor":9,"key":"Onion Ring"},{"floor":14,"key":"Damaru"},{"floor":15,"key":"infinitespire:PuzzleCube"},{"floor":26,"key":"Replay:Bottled Steam"},{"floor":28,"key":"Toy Ornithopter"},{"floor":42,"key":"conspire:GiftBox"},{"floor":43,"key":"Golden Egg"}],"event_choices":[{"damage_healed":0,"gold_gain":1,"player_choice":"4","damage_taken":0,"max_hp_gain":0,"max_hp_loss":0,"event_name":"betterStone:BetterStone","floor":5,"gold_loss":0,"cards_obtained":["Echo Form"]},{"damage_healed":0,"gold_gain":0,"player_choice":" Vial ","damage_taken":20,"relics_obtained":["Blood Vial"],"max_hp_gain":66,"max_hp_loss":56,"event_name":"betterAltar:BetterAltar","floor":19,"potions_obtained":[],"relics_lost":[],"gold_loss":0},{"damage_healed":0,"gold_gain":0,"player_choice":"Simplicity","damage_taken":0,"max_hp_gain":0,"max_hp_loss":8,"event_name":"betterThird:BetterWriting","floor":27,"gold_loss":0},{"damage_healed":0,"gold_gain":0,"player_choice":"Fight","damage_taken":0,"max_hp_gain":0,"max_hp_loss":0,"event_name":"MindBloom","floor":42,"gold_loss":0},{"damage_healed":0,"gold_gain":0,"player_choice":"Random: Green","damage_taken":0,"max_hp_gain":0,"max_hp_loss":0,"event_name":"betterThird:BetterPortal","floor":44,"gold_loss":0},{"damage_healed":0,"gold_gain":0,"player_choice":"RE UP ","damage_taken":29,"relics_obtained":["MawBank"],"max_hp_gain":0,"max_hp_loss":0,"event_name":"betterSkull:BetterSkull","floor":44,"gold_loss":0,"cards_upgraded":["Specialist"]},{"damage_healed":0,"gold_gain":0,"cards_transformed":["ReplayTheSpireMod:Splinters"],"player_choice":"Transformed","damage_taken":0,"max_hp_gain":0,"max_hp_loss":0,"event_name":"Transmorgrifier","floor":46,"gold_loss":0,"cards_obtained":["Prostrate"]}],"is_beta":false,"boss_relics":[{"not_picked":["Painkiller Herb","hubris:CrackedHourglass"],"picked":"hubris:RunicObelisk"},{"not_picked":["Tiny House","hubris:HollowSoul"],"picked":"conspire:RoyalGoblet"}],"items_purged_floors":[],"is_endless":false,"potions_floor_spawned":[3,6,10,12,16,20,24,31,33,39,42],"killed_by":"Spire Growth","ascension_level":0}}