{"host":"f6tqpspb2ou2a4h5","time":1609164201,"event":{"mods":["2.2 Compatiblity","Ascension Unlocker","BaseMod","Colored Map","DeckTracker","Hermit","Highlight Path","KOR Keyword Fix","Keyboard Shortcuts","Minty Spire (QoL Compilation)","Permanent Neow","Quick Restart","Random Character Button","StSLib","SuperFastMode","The Poker Player","everything is the same but u backflip on backflip"],"gold_per_floor":[113,123,123,141,158,158,158,184,184,16,16,51,51,64,64,165,165,177,177,191,191,205,230,230,246,296,296,326,326,344,354,354,456,456,473,473,486,504,504,539,539,568,595,595,612,612,626,626,626,626],"floor_reached":51,"playtime":2623,"items_purged":["Strike_B"],"score":1038,"play_id":"78e4e837-20ad-4d93-8b32-1a0fa9188be0","local_time":"20201228230321","is_ascension_mode":true,"campfire_choices":[{"data":"Zap","floor":6,"key":"SMITH"},{"data":"Deep Breath","floor":11,"key":"SMITH"},{"data":"Hyperbeam","floor":13,"key":"SMITH"},{"data":"Scrape","floor":15,"key":"SMITH"},{"data":"Hologram","floor":24,"key":"SMITH"},{"data":"Scrape","floor":27,"key":"SMITH"},{"data":"Fission","floor":29,"key":"SMITH"},{"data":"Fusion","floor":32,"key":"SMITH"},{"data":"Meteor Strike","floor":41,"key":"SMITH"},{"data":"Go for the Eyes","floor":44,"key":"SMITH"},{"data":"Genetic Algorithm","floor":46,"key":"SMITH"},{"floor":49,"key":"REST"}],"circlet_count":0,"master_deck":["Strike_B","Defend_B","Defend_B","Zap+1","Dualcast+1","Compile Driver","Hologram+1","Ball Lightning","Go for the Eyes+1","Scrape+1","Deep Breath+1","Hyperbeam+1","Genetic Algorithm+1","Fission+1","Chaos+1","Ball Lightning","Scrape+1","Glacier","Conserve Battery","Core Surge","Fusion+1","CurseOfTheBell","Steam+1","Streamline+1","Chill+1","Meteor Strike+1","Beam Cell+1","FTL+1"],"relics":["Cracked Core","Toy Ornithopter","Letter Opener","Meat on the Bone","Vajra","Runic Pyramid","Pantograph","Centennial Puzzle","Pear","Calling Bell","Lantern","Toxic Egg 2","CaptainsWheel","Kunai","Shuriken","Bag of Marbles"],"acts_visited":["Exordium","TheCity","TheBeyond"],"potions_floor_usage":[12,16,22,23,33,50,50],"damage_taken":[{"damage":2,"enemies":"Small Slimes","floor":1,"turns":4},{"damage":1,"enemies":"Cultist","floor":2,"turns":3},{"damage":0,"enemies":"2 Louse","floor":4,"turns":1},{"damage":13,"enemies":"Red Slaver","floor":5,"turns":3},{"damage":15,"enemies":"Lagavulin","floor":8,"turns":5},{"damage":20,"enemies":"Gremlin Nob","floor":12,"turns":3},{"damage":0,"enemies":"Large Slime","floor":14,"turns":2},{"damage":33,"enemies":"Hexaghost","floor":16,"turns":8},{"damage":0,"enemies":"Spheric Guardian","floor":18,"turns":2},{"damage":0,"enemies":"Chosen","floor":20,"turns":2},{"damage":4,"enemies":"Snake Plant","floor":22,"turns":2},{"damage":8,"enemies":"Book of Stabbing","floor":23,"turns":3},{"damage":0,"enemies":"Snecko","floor":25,"turns":3},{"damage":0,"enemies":"Gremlin Leader","floor":28,"turns":4},{"damage":2,"enemies":"Sentry and Sphere","floor":30,"turns":5},{"damage":0,"enemies":"Cultist and Chosen","floor":31,"turns":3},{"damage":51,"enemies":"Automaton","floor":33,"turns":10},{"damage":0,"enemies":"3 Darklings","floor":35,"turns":3},{"damage":0,"enemies":"3 Shapes","floor":37,"turns":2},{"damage":8,"enemies":"Spire Growth","floor":38,"turns":5},{"damage":44,"enemies":"Giant Head","floor":40,"turns":8},{"damage":24,"enemies":"Nemesis","floor":42,"turns":7},{"damage":0,"enemies":"Sphere and 2 Shapes","floor":45,"turns":3},{"damage":0,"enemies":"Jaw Worm Horde","floor":47,"turns":2},{"damage":56,"enemies":"Time Eater","floor":50,"turns":9}],"seed_played":"-7188734554152576903","potions_obtained":[{"floor":2,"key":"EssenceOfSteel"},{"floor":5,"key":"PowerPotion"},{"floor":14,"key":"PowerPotion"},{"floor":16,"key":"Energy Potion"},{"floor":22,"key":"Strength Potion"},{"floor":23,"key":"Explosive Potion"},{"floor":30,"key":"ColorlessPotion"},{"floor":37,"key":"FearPotion"}],"is_trial":false,"path_per_floor":["M","M","?","M","M","R","?","E","T","$","R","E","R","M","R","B",null,"M","?","M","?","M","E","R","M","T","R","E","R","M","M","R","B",null,"M","?","M","M","?","E","R","E","T","R","M","R","M","?","R","B",null],"character_chosen":"DEFECT","items_purchased":["Deep Breath"],"campfire_rested":1,"item_purchase_floors":[10],"current_hp_per_floor":[66,65,58,58,45,45,45,30,30,30,30,27,27,39,39,23,62,62,62,62,48,49,46,46,46,46,46,56,56,54,54,54,45,79,79,79,79,71,71,39,39,27,27,27,39,39,51,51,76,46],"gold":626,"neow_bonus":"RANDOM_COMMON_RELIC","is_daily":false,"chose_seed":false,"campfire_upgraded":11,"win_rate":0.0,"timestamp":1609164201,"path_taken":["M","M","?","M","M","R","?","E","T","$","R","E","R","?","R","BOSS","M","?","?","?","M","E","R","M","T","R","E","R","M","M","R","BOSS","M","?","M","M","?","E","R","E","T","R","?","R","?","?","R","BOSS"],"items_purchased_type":["Card"],"build_version":"2020-12-22","purchased_purges":1,"victory":true,"max_hp_per_floor":[75,75,75,75,75,75,75,75,75,75,75,75,75,75,75,75,75,75,75,75,80,80,80,80,80,80,80,90,90,90,90,90,90,90,90,85,85,85,85,85,85,85,85,85,85,85,85,85,85,85],"card_choices":[{"not_picked":["Steam","Streamline"],"picked":"Compile Driver","floor":1},{"not_picked":["Go for the Eyes","Rebound"],"picked":"Hologram","floor":2},{"not_picked":["Stack","Steam"],"picked":"Ball Lightning","floor":4},{"not_picked":["Streamline","Steam Power"],"picked":"Go for the Eyes","floor":5},{"not_picked":["Cold Snap","Rebound"],"picked":"Scrape","floor":8},{"not_picked":["Conserve Battery","Cold Snap"],"picked":"Hyperbeam","floor":12},{"not_picked":["Go for the Eyes","Coolheaded"],"picked":"Genetic Algorithm","floor":14},{"not_picked":["Machine Learning","Creative AI"],"picked":"Fission","floor":16},{"not_picked":["Redo","Streamline"],"picked":"Chaos+1","floor":18},{"not_picked":["Steam Power","Loop+1","Hello World"],"picked":"SKIP","floor":20},{"not_picked":["Barrage","Hologram"],"picked":"Scrape","floor":22},{"not_picked":["Recycle","Leap+1"],"picked":"Glacier","floor":23},{"not_picked":["Amplify","Compile Driver"],"picked":"Conserve Battery","floor":25},{"not_picked":["Stack","Coolheaded"],"picked":"Core Surge","floor":28},{"not_picked":["FTL","Streamline"],"picked":"Fusion","floor":30},{"not_picked":["Hologram","Streamline","Storm"],"picked":"SKIP","floor":31},{"not_picked":["Aggregate+1","Consume+1"],"picked":"Steam+1","floor":35},{"not_picked":["Go for the Eyes+1","Consume+1"],"picked":"Streamline+1","floor":37},{"not_picked":["Cold Snap+1","Hello World+1"],"picked":"Chill+1","floor":38},{"not_picked":["Double Energy+1","Redo+1"],"picked":"Meteor Strike","floor":40},{"not_picked":["Storm+1","Consume+1"],"picked":"Beam Cell+1","floor":42},{"not_picked":["Rip and Tear","Capacitor"],"picked":"FTL+1","floor":45},{"not_picked":["Steam+1","Leap+1","Chill+1"],"picked":"SKIP","floor":47}],"player_experience":85633,"relics_obtained":[{"floor":8,"key":"Letter Opener"},{"floor":9,"key":"Meat on the Bone"},{"floor":12,"key":"Vajra"},{"floor":23,"key":"Pantograph"},{"floor":26,"key":"Centennial Puzzle"},{"floor":28,"key":"Pear"},{"floor":34,"key":"Lantern"},{"floor":34,"key":"Toxic Egg 2"},{"floor":34,"key":"CaptainsWheel"},{"floor":40,"key":"Kunai"},{"floor":42,"key":"Shuriken"},{"floor":43,"key":"Bag of Marbles"}],"event_choices":[{"cards_removed":["Strike_B"],"damage_healed":0,"gold_gain":0,"player_choice":"Card Removal","damage_taken":7,"max_hp_gain":0,"max_hp_loss":0,"event_name":"Golden Wing","floor":3,"gold_loss":0},{"damage_healed":0,"gold_gain":0,"player_choice":"Forge","damage_taken":0,"max_hp_gain":0,"max_hp_loss":0,"event_name":"Accursed Blacksmith","floor":7,"gold_loss":0,"cards_upgraded":["Dualcast"]},{"damage_healed":0,"gold_gain":0,"cards_transformed":["Strike_B"],"player_choice":"Transformed","damage_taken":0,"max_hp_gain":0,"max_hp_loss":0,"event_name":"Transmorgrifier","floor":19,"gold_loss":0,"cards_obtained":["Ball Lightning"]},{"damage_healed":0,"gold_gain":0,"player_choice":"Shed Blood","damage_taken":19,"max_hp_gain":5,"max_hp_loss":0,"event_name":"Forgotten Altar","floor":21,"gold_loss":0},{"damage_healed":0,"gold_gain":0,"player_choice":"Max HP","damage_taken":0,"max_hp_gain":0,"max_hp_loss":5,"event_name":"Winding Halls","floor":36,"gold_loss":0},{"cards_removed":["Defend_B"],"damage_healed":0,"gold_gain":0,"player_choice":"Purged","damage_taken":0,"max_hp_gain":0,"max_hp_loss":0,"event_name":"Purifier","floor":39,"gold_loss":0},{"cards_removed":["Defend_B"],"damage_healed":0,"gold_gain":0,"player_choice":"Removed Skill","damage_taken":0,"max_hp_gain":0,"max_hp_loss":0,"event_name":"Falling","floor":48,"gold_loss":0}],"is_beta":false,"boss_relics":[{"not_picked":["Tiny House","Empty Cage"],"picked":"Runic Pyramid"},{"not_picked":["Cursed Key","Runic Dome"],"picked":"Calling Bell"}],"items_purged_floors":[10],"is_endless":false,"potions_floor_spawned":[2,5,14,16,22,23,30,37,40,45],"ascension_level":7}}