{"host":"sjo4oracihb00px1","time":1609192613,"event":{"mods":["Astrologer","BaseMod","Better Note","Colored Powertips","Defective Defect","Friendly Minions","Hermit","HololiveMod","Hubris","Jorbs\u0027s Wanderer Trilogy","Kiyohime????","Marisa????????","Minty Spire (QoL Compilation)","Quick Restart","Random Character Button","Remilia??????","Replay The Spire","Shop Mod","ShortenTheSpire","Somnambulant","StSLib","The Administrix","The Animator","The Awakened One except there are too many feathers","The Bug Knight","The Cursed","The Death Knight","The Disciple","The Gatherer","The IronCluck","The Necromancer","The Problem Sleuth","The Runesmith","The Servant 0.9.4","The Vixen","TheBandit","Waifu the Spire","Wandering Minibosses","Yuri Mod","everything is the same but u backflip on backflip","slay the spire mod where everything is the same but ironclad has a cowboy hat","thorton"],"gold_per_floor":[112,9,9,9,44,87,133,10,35,78,78,127,127,173,173,199,199,143,143,143,81,81,81,139,139,165,94,143,101,51,51,51,180,180,122,39,39,39,91,146,146,73,85,97,143,155,127,137,137,137],"floor_reached":51,"playtime":4208,"items_purged":["Regret","Looming Evil"],"score":1233,"play_id":"83f60ac4-ac2f-43d0-87e1-17cc3018bffd","local_time":"20201228165653","is_ascension_mode":true,"campfire_choices":[{"data":"UpSweep","floor":11,"key":"SMITH"},{"data":"DC","floor":13,"key":"SMITH"},{"data":"EarthLightRay","floor":15,"key":"SMITH"},{"data":"MillisecondPulsars","floor":23,"key":"SMITH"},{"data":"OortCloud","floor":25,"key":"SMITH"},{"data":"BinaryStars","floor":32,"key":"SMITH"},{"data":"Apotheosis","floor":41,"key":"SMITH"},{"floor":46,"key":"REST"},{"data":"EnergyFlow","floor":49,"key":"SMITH"}],"circlet_count":0,"master_deck":["Strike_MRS+1","Strike_MRS+1","Strike_MRS+1","Defend_MRS+1","Defend_MRS+1","Defend_MRS+1","Defend_MRS+1","MasterSpark+1","UpSweep+1","MagicAbsorber","WitchOfGreed","DC+1","DoubleSpark+1","EarthLightRay+1","WitchOfGreed","MysteriousBeam+1","NonDirectionalLaser+1","EventHorizon","Pot Of Greed","Pot Of Greed","MillisecondPulsars+1","MagicAbsorber","OortCloud+1","GalacticHalo+1","DarkMatter","AsteroidBelt+1","BinaryStars+1","AsteroidBelt+1","AbsoluteMagnitude+1","ChargeUpSpray+1","Apotheosis+1","Pot Of Greed","hubris:Insight","ReplayTheSpireMod:Private Reserves","Madness","Madness","ChargingUp+1","NonDirectionalLaser+1","PropBag+1","EnergyFlow+1","AsteroidBelt"],"relics":["MiniHakkero","NeowsBlessing","Molten Egg 2","Replay:Wax Seal","hubris:EmptyBottle","ReplayTheSpireMod:Lightbulb","Juzu Bracelet","ReplayTheSpireMod:CursedCoin","Grinning Jar","Meat on the Bone","SacredBark","Strawberry","Whetstone","ReplayFunnel","Potion Belt","Shuriken","Pen Nib","hubris:Backtick","SimpleLauncher","Orichalcum","MawBank","yuri:PortableGlitches","hubris:DisguiseKit"],"acts_visited":["Exordium","TheCity","TheBeyond"],"potions_floor_usage":[10,10,12,16,16,16,18,18,18,21,21,21,21,21,21,24,24,24,27,27,28,29,33,33,33,33,33,33,35,39,39,40,40,42,50,50,50,50,50,50,50],"damage_taken":[{"damage":0,"enemies":"Jaw Worm","floor":1,"turns":1},{"damage":0,"enemies":"2 Louse","floor":5,"turns":2},{"damage":0,"enemies":"3 Sentries","floor":6,"turns":2},{"damage":2,"enemies":"Cultist","floor":7,"turns":4},{"damage":12,"enemies":"Gremlin Nob","floor":10,"turns":2},{"damage":6,"enemies":"Lots of Slimes","floor":12,"turns":4},{"damage":44,"enemies":"The Guardian","floor":16,"turns":8},{"damage":11,"enemies":"2 Thieves","floor":18,"turns":3},{"damage":7,"enemies":"Shelled Parasite and Fungi","floor":21,"turns":5},{"damage":10,"enemies":"Slavers","floor":24,"turns":7},{"damage":0,"enemies":"Gremlin Leader","floor":27,"turns":2},{"damage":2,"enemies":"3 Cultists","floor":28,"turns":5},{"damage":11,"enemies":"Slavers","floor":29,"turns":6},{"damage":0,"enemies":"Automaton","floor":33,"turns":6},{"damage":17,"enemies":"3 Darklings","floor":35,"turns":5},{"damage":14,"enemies":"3 Shapes","floor":39,"turns":5},{"damage":0,"enemies":"Nemesis","floor":40,"turns":3},{"damage":0,"enemies":"Reptomancer","floor":42,"turns":3},{"damage":0,"enemies":"Nemesis","floor":45,"turns":3},{"damage":8,"enemies":"Transient","floor":48,"turns":5},{"damage":0,"enemies":"Replay:Hell Engine","floor":50,"turns":2}],"seed_played":"-3877432543712967131","potions_obtained":[{"floor":1,"key":"SpeedPotion"},{"floor":5,"key":"AttackPotion"},{"floor":6,"key":"SpeedPotion"},{"floor":6,"key":"AttackPotion"},{"floor":7,"key":"Death Potion"},{"floor":10,"key":"DuplicationPotion"},{"floor":16,"key":"Cursed Concoction"},{"floor":16,"key":"Explosive Potion"},{"floor":18,"key":"EntropicBrew"},{"floor":18,"key":"Dexterity Potion"},{"floor":21,"key":"LifebloodPotion"},{"floor":24,"key":"LiquidMemories"},{"floor":24,"key":"AttackPotion"},{"floor":28,"key":"LifebloodPotion"},{"floor":28,"key":"FearPotion"},{"floor":29,"key":"Adrenaline Potion"},{"floor":33,"key":"BottledSpark"},{"floor":33,"key":"Dexterity Potion"},{"floor":33,"key":"FairyPotion"},{"floor":35,"key":"Cursed Concoction"},{"floor":35,"key":"Elixir"},{"floor":39,"key":"LifebloodPotion"},{"floor":40,"key":"PowerPotion"},{"floor":45,"key":"DistilledChaos"}],"is_trial":false,"path_per_floor":["M","$","?","?","M","E","M","$","T","E","R","M","R","$","R","B",null,"M","?","?","M","?","R","E","R","T","E","M","E","$","?","R","B",null,"M","$","?","?","M","E","R","E","T","?","E","R","$","M","R","B",null],"character_chosen":"MARISA","items_purchased":["WitchOfGreed","DC","hubris:EmptyBottle","ReplayTheSpireMod:CursedCoin","Grinning Jar","Meat on the Bone","Pen Nib","Apotheosis","EnergyFlow"],"campfire_rested":1,"item_purchase_floors":[2,2,8,14,14,14,30,36,47],"current_hp_per_floor":[68,68,68,68,68,68,70,70,70,62,62,60,60,60,60,34,65,54,54,61,60,60,60,56,56,56,62,66,61,61,61,61,61,77,66,66,56,46,50,50,50,56,56,56,62,82,82,80,80,82],"gold":137,"neow_bonus":"THREE_ENEMY_KILL","is_daily":false,"chose_seed":false,"campfire_upgraded":8,"win_rate":0.0,"timestamp":1609192613,"path_taken":["M","$","?","?","M","E","?","?","T","E","R","M","R","$","R","BOSS","M","?","?","M","?","R","E","R","T","E","M","E","$","?","R","BOSS","M","$","?","?","M","E","R","E","T","?","E","R","?","M","R","BOSS"],"items_purchased_type":["Card","Card","Relic","Relic","Relic","Relic","Relic","Card","Card"],"build_version":"2020-12-22","purchased_purges":2,"victory":true,"max_hp_per_floor":[75,75,75,75,75,75,75,75,75,75,75,75,75,75,75,75,75,75,75,82,82,82,82,82,82,82,82,82,82,82,82,82,82,82,82,82,82,82,82,82,82,82,82,82,82,82,82,82,82,82],"card_choices":[{"not_picked":["NonDirectionalLaser","EnergyRecoil"],"picked":"MagicAbsorber","floor":1},{"not_picked":["LuminesStrike+1","FairyDestructionRay+1"],"picked":"EarthLightRay","floor":5},{"not_picked":["NonDirectionalLaser+1","GalacticHalo"],"picked":"WitchOfGreed","floor":6},{"not_picked":["DoubleSpark+1","DC+1"],"picked":"MysteriousBeam+1","floor":7},{"not_picked":["MilkyWay","PulseMagic"],"picked":"NonDirectionalLaser+1","floor":10},{"not_picked":["DoubleSpark+1","StarlightTyphoon"],"picked":"EventHorizon","floor":12},{"not_picked":["AbsoluteMagnitude+1","ManaRampage"],"picked":"MillisecondPulsars","floor":16},{"not_picked":["Acceleration+1","GravityBeat+1"],"picked":"MagicAbsorber","floor":18},{"not_picked":["DarkMatter","DeepEcoloBomb+1"],"picked":"GalacticHalo+1","floor":21},{"not_picked":["MagicAbsorber","Singularity"],"picked":"DarkMatter","floor":24},{"not_picked":["NonDirectionalLaser+1","PowerUp+1"],"picked":"AsteroidBelt+1","floor":27},{"not_picked":["Acceleration","UnstableBomb+1"],"picked":"BinaryStars","floor":28},{"not_picked":["StarDustReverie","MysteriousBeam+1"],"picked":"AsteroidBelt+1","floor":29},{"not_picked":["BinaryStars","FinalSpark+1"],"picked":"AbsoluteMagnitude+1","floor":33},{"not_picked":["LuminesStrike+1","MagicAbsorber"],"picked":"ChargeUpSpray+1","floor":35},{"not_picked":["Chrysalis","Thinking Ahead"],"picked":"hubris:Insight","floor":37},{"not_picked":["ReplayTheSpireMod:Trickstab+1","Jack Of All Trades"],"picked":"ReplayTheSpireMod:Private Reserves","floor":37},{"not_picked":["UnstableBomb+1","LuminesStrike+1"],"picked":"ChargingUp+1","floor":39},{"not_picked":["6A+1","DC+1"],"picked":"NonDirectionalLaser+1","floor":40},{"not_picked":["Robbery+1","StarBarrage+1"],"picked":"PropBag","floor":42},{"not_picked":["SuperNova","UnstableBomb+1","OneTimeOff+1"],"picked":"SKIP","floor":45},{"not_picked":["GravityBeat+1","MilkyWay","yuri:BookBlue"],"picked":"AsteroidBelt","floor":48}],"player_experience":672552,"relics_obtained":[{"floor":6,"key":"Replay:Wax Seal"},{"floor":9,"key":"ReplayTheSpireMod:Lightbulb"},{"floor":10,"key":"Juzu Bracelet"},{"floor":24,"key":"Whetstone"},{"floor":26,"key":"ReplayFunnel"},{"floor":27,"key":"Potion Belt"},{"floor":29,"key":"Shuriken"},{"floor":40,"key":"Orichalcum"},{"floor":42,"key":"MawBank"},{"floor":43,"key":"yuri:PortableGlitches"},{"floor":45,"key":"hubris:DisguiseKit"}],"event_choices":[{"damage_healed":0,"gold_gain":0,"player_choice":"Box","damage_taken":0,"relics_obtained":["Molten Egg 2"],"max_hp_gain":0,"max_hp_loss":0,"event_name":"Big Fish","floor":3,"gold_loss":0,"cards_obtained":["Regret"]},{"damage_healed":0,"gold_gain":0,"cards_transformed":["Strike_MRS"],"player_choice":"Transformed","damage_taken":0,"max_hp_gain":0,"max_hp_loss":0,"event_name":"Transmorgrifier","floor":4,"gold_loss":0,"cards_obtained":["DoubleSpark"]},{"damage_healed":0,"gold_gain":0,"player_choice":"Read","damage_taken":0,"max_hp_gain":0,"max_hp_loss":0,"event_name":"The Library","floor":19,"gold_loss":0,"cards_obtained":["OortCloud"]},{"damage_healed":0,"gold_gain":0,"player_choice":"Gave Potion","damage_taken":0,"relics_obtained":["Strawberry"],"max_hp_gain":0,"max_hp_loss":0,"event_name":"WeMeetAgain","floor":20,"gold_loss":0},{"damage_healed":0,"gold_gain":0,"player_choice":"Simplicity","damage_taken":0,"max_hp_gain":0,"max_hp_loss":0,"event_name":"Back to Basics","floor":22,"gold_loss":0,"cards_upgraded":["Strike_MRS","Strike_MRS","Strike_MRS","Defend_MRS","Defend_MRS","Defend_MRS","Defend_MRS"]},{"damage_healed":0,"gold_gain":0,"player_choice":"Memory 3","damage_taken":10,"max_hp_gain":0,"max_hp_loss":0,"event_name":"SensoryStone","floor":37,"gold_loss":0},{"damage_healed":0,"gold_gain":0,"player_choice":"Embrace Madness","damage_taken":10,"max_hp_gain":0,"max_hp_loss":0,"event_name":"Winding Halls","floor":38,"gold_loss":0,"cards_obtained":["Madness","Madness"]}],"is_beta":false,"boss_relics":[{"not_picked":["SlaversCollar","Black Star"],"picked":"SacredBark"},{"not_picked":["Hololive_ChaosS","Pandora\u0027s Box"],"picked":"hubris:Backtick"}],"items_purged_floors":[8,14],"is_endless":false,"potions_floor_spawned":[1,6,21,33,35,45,48],"ascension_level":8}}