{"host":"640uue19m79c7wbt","time":1609131838,"event":{"mods":["BaseMod","Colored Map","Googly Eyes","Highlight Path","Minty Spire (QoL Compilation)","Quick Restart","StSLib"],"gold_per_floor":[111,286,38,50,125,125,156,166,166,166,84,112,123,152,152,254,254,269,219,238,153,153,153,153],"floor_reached":23,"playtime":902,"items_purged":["Doubt"],"score":336,"play_id":"53be1e5d-7f2f-4faf-8ce8-164326ce7c61","local_time":"20201228000358","is_ascension_mode":true,"campfire_choices":[{"data":"Dash","floor":6.0,"key":"SMITH"},{"data":"Predator","floor":10.0,"key":"SMITH"},{"data":"Adrenaline","floor":15.0,"key":"SMITH"}],"circlet_count":0,"master_deck":["Strike_G","Strike_G","Strike_G","Strike_G","Defend_G","Defend_G","Defend_G","Defend_G","Survivor","Neutralize","Dash+1","Blade Dance","Infinite Blades","Reflex","Predator+1","Adrenaline+1","Blade Dance","Riddle With Holes","Night Terror","Bouncing Flask"],"relics":["Ring of the Snake","NeowsBlessing","Bag of Marbles","Shuriken","Pear","Letter Opener","Thread and Needle","Empty Cage","Tiny Chest"],"acts_visited":["Exordium","TheCity"],"potions_floor_usage":[],"damage_taken":[{"damage":0.0,"enemies":"Cultist","floor":1.0,"turns":1.0},{"damage":0.0,"enemies":"Jaw Worm","floor":4.0,"turns":1.0},{"damage":0.0,"enemies":"Gremlin Nob","floor":7.0,"turns":1.0},{"damage":0.0,"enemies":"Small Slimes","floor":8.0,"turns":1.0},{"damage":12.0,"enemies":"Lagavulin","floor":12.0,"turns":5.0},{"damage":0.0,"enemies":"Gremlin Gang","floor":13.0,"turns":3.0},{"damage":4.0,"enemies":"3 Sentries","floor":14.0,"turns":3.0},{"damage":32.0,"enemies":"Hexaghost","floor":16.0,"turns":8.0},{"damage":0.0,"enemies":"3 Byrds","floor":18.0,"turns":4.0},{"damage":4.0,"enemies":"2 Thieves","floor":20.0,"turns":4.0},{"damage":45,"enemies":"Book of Stabbing","floor":23,"turns":5}],"seed_played":"8722876935136994626","potions_obtained":[{"floor":4.0,"key":"SneckoOil"},{"floor":13.0,"key":"Explosive Potion"}],"is_trial":false,"path_per_floor":["M","?","$","M","?","R","E","M","T","R","$","E","M","E","R","B",null,"M","?","M","?","?","E"],"character_chosen":"THE_SILENT","items_purchased":["Bag of Marbles","Blade Dance","Adrenaline"],"campfire_rested":0,"item_purchase_floors":[3,3,11],"current_hp_per_floor":[63,63,63,63,52,52,52,52,62,62,62,50,50,46,46,14,64,64,64,60,60,60,15,15],"gold":153,"neow_bonus":"THREE_ENEMY_KILL","is_daily":false,"chose_seed":false,"campfire_upgraded":3,"win_rate":0.0,"timestamp":1609131838,"path_taken":["M","?","?","?","?","R","E","M","T","R","$","E","M","E","R","BOSS","M","?","?","?","?","E"],"items_purchased_type":["Relic","Card","Card"],"build_version":"2020-12-22","purchased_purges":1,"victory":false,"max_hp_per_floor":[70,70,70,70,70,70,70,70,80,80,80,80,80,80,80,80,80,80,80,80,80,80,80,80],"card_choices":[{"not_picked":["Quick Slash","Dodge and Roll"],"picked":"Dash","floor":1.0},{"not_picked":["Blade Dance","Sucker Punch"],"picked":"Infinite Blades","floor":4.0},{"not_picked":["Acrobatics","Deadly Poison"],"picked":"Reflex","floor":7.0},{"not_picked":["Underhanded Strike","Riddle With Holes"],"picked":"Predator","floor":8.0},{"not_picked":["Bane","Masterful Stab"],"picked":"Blade Dance","floor":12.0},{"not_picked":["Quick Slash","Prepared","Underhanded Strike"],"picked":"SKIP","floor":13.0},{"not_picked":["Backflip","Setup"],"picked":"Riddle With Holes","floor":14.0},{"not_picked":["Die Die Die","Burst"],"picked":"Night Terror","floor":16.0},{"not_picked":["Predator","Reflex","Dodge and Roll"],"picked":"SKIP","floor":18.0},{"not_picked":["Backflip+1","Deadly Poison"],"picked":"Bouncing Flask","floor":20.0}],"player_experience":1237161,"relics_obtained":[{"floor":7.0,"key":"Shuriken"},{"floor":9.0,"key":"Pear"},{"floor":12.0,"key":"Letter Opener"},{"floor":14.0,"key":"Thread and Needle"}],"event_choices":[{"damage_healed":0.0,"max_hp_gain":0.0,"max_hp_loss":0.0,"gold_gain":175.0,"event_name":"Liars Game","player_choice":"AGREE","floor":2.0,"gold_loss":0.0,"damage_taken":0.0,"cards_obtained":["Doubt"]},{"damage_healed":0.0,"max_hp_gain":0.0,"max_hp_loss":0.0,"gold_gain":75.0,"event_name":"World of Goop","player_choice":"Gather Gold","floor":5.0,"gold_loss":0.0,"damage_taken":11.0},{"damage_healed":0.0,"max_hp_gain":0.0,"max_hp_loss":0.0,"gold_gain":0.0,"event_name":"The Joust","player_choice":"Bet on Owner","floor":19.0,"gold_loss":50.0,"damage_taken":0.0},{"damage_healed":0,"gold_gain":0,"player_choice":"Obtained Relic","damage_taken":0,"relics_obtained":["Tiny Chest"],"max_hp_gain":0,"max_hp_loss":0,"event_name":"Addict","floor":21,"gold_loss":85},{"damage_healed":0,"gold_gain":0,"player_choice":"Ignored","damage_taken":0,"max_hp_gain":0,"max_hp_loss":0,"event_name":"Ghosts","floor":22,"gold_loss":0}],"is_beta":false,"boss_relics":[{"not_picked":["Coffee Dripper","Tiny House"],"picked":"Empty Cage"}],"items_purged_floors":[3],"is_endless":false,"potions_floor_spawned":[4,13],"killed_by":"Book of Stabbing","ascension_level":9}}