{"host":"qet1f90jal2qgvlg","time":1609119899,"event":{"mods":["Act Like it!","BaseMod","Better Altar","Better Match","Better Note","Better Sensory Stone","Better Skull","Better Third Choice","Better Vampires","BetterRewards","CapriCore","Colored Map","Colored Powertips","Displayed Cursed Tome","Downfall","Elementarium","Energized Spire","Hallownest","Hermit","Jorbs\u0027s Wanderer Trilogy","Luminous","Mimic Mod","Minty Spire (QoL Compilation)","MostiFishMod","Potionbrewer","Prisma Mod","READ ME - Guardian Mod","Relic Stats","Replay The Spire","Retaliation","Shade Mod","Shop Mod","Spicy Shops","StSLib","The Alterego","The Bladedancer","The Blue Laboratory","The Bug Knight","The Cursed","The Druid","The Hierophant","The Judge","The Jungle","The Necromancer","The Runesmith","The Servant 0.9.4","Thieving Mod","Transform Curses","Wandering Minibosses"],"gold_per_floor":[39,39,39,4,4,4,29,65,65,65,82,99,99,99,99,197,197,227,227,227,276,276,302,317,347,382,407,423,478,490,430,430,525,525,597,617,532,457,471,471,785,605,605,625,625,641,641,655,655,655],"floor_reached":51,"playtime":7511,"items_purged":["HollowMod:QuickDashStart+1","HollowMod:NailStrikeStart","HollowMod:PureVessel"],"score":932,"play_id":"7d597918-b7ce-4417-98db-14eaa3ffb327","local_time":"20201227224459","is_ascension_mode":false,"campfire_choices":[{"data":"Hallownest:skillGreenpathMap","floor":6,"key":"SMITH"},{"data":"HollowMod:SoulSplash","floor":10,"key":"SMITH"},{"data":"HollowMod:MonarchWings","floor":15,"key":"SMITH"},{"floor":32,"key":"DIG"},{"data":"Hallownest:skillKingdomsEdgeMap","floor":40,"key":"SMITH"},{"floor":45,"key":"DIG"},{"floor":49,"key":"DIG"}],"circlet_count":0,"master_deck":["HollowMod:NailStrikeStart+1","HollowMod:QuickDashStart+1","HollowMod:FocusHealStart+1","HollowMod:PogoStrike+1","Hallownest:skillGreenpathMap+1","HollowMod:ShapeofUnn","HollowMod:SoulSplash+1","HollowMod:DesolateDive","HollowMod:MonarchWings+1","HollowMod:CloakDash+1","HollowMod:HuntersJournal","HollowMod:BaldurShell","HollowMod:Weaversong","Hallownest:skillKingdomsEdgeMap+1"],"relics":["HollowMod:VesselMask","DaveBox","DianDianMeat","SynthV:TestCard","War Paint","Hallownest:DreamNailRelic","ReplayTheSpireMod:Shallot","ReplayTheSpireMod:Ninjato","Coffee Dripper","Red Mask","Matryoshka","The Courier","Pantograph","Bottled Flame","Pet Ghost","Shovel","potionbrewer:RamsHorn","ImprovedEquipment","wanderingMiniBosses:LockLocket","Shuriken","Replay:Mystery Machine","Pen Nib"],"acts_visited":["Exordium","Hallownest:Greenpath","Hallownest:CityofTears"],"potions_floor_usage":[16,23,23,24,25,26,27,33,33],"damage_taken":[{"damage":2,"enemies":"Hallownest:2_MossCreeps","floor":1,"turns":6},{"damage":19,"enemies":"Hallownest:eliteCrystalGuardian","floor":7,"turns":11},{"damage":0,"enemies":"Hallownest:monsterHuskWarrior","floor":8,"turns":5},{"damage":0,"enemies":"Hallownest:2_Tiktiks_and_1_Crawlid","floor":11,"turns":5},{"damage":0,"enemies":"Hallownest:1_Ooma_and_2_Uuma","floor":12,"turns":7},{"damage":0,"enemies":"Hallownest:monsterMarmu","floor":13,"turns":6},{"damage":21,"enemies":"Hallownest:BossHornet","floor":16,"turns":14},{"damage":0,"enemies":"Hallownest:Flukemon_and_Top","floor":18,"turns":6},{"damage":0,"enemies":"Hallownest:3_Youths","floor":21,"turns":7},{"damage":0,"enemies":"Hallownest:eliteWatcherKnight","floor":23,"turns":13},{"damage":0,"enemies":"Hallownest:2_Husk_Sentries","floor":24,"turns":6},{"damage":7,"enemies":"Hallownest:eliteSoulWarrior","floor":25,"turns":7},{"damage":7,"enemies":"Hallownest:Warrior_and_Youth","floor":26,"turns":11},{"damage":13,"enemies":"Hallownest:eliteWatcherKnight","floor":27,"turns":15},{"damage":0,"enemies":"Hallownest:Warrior_and_Youth","floor":28,"turns":3},{"damage":12,"enemies":"Hallownest:Master_and_Novice","floor":30,"turns":4},{"damage":36,"enemies":"Hallownest:BossSoulMaster","floor":33,"turns":14},{"damage":13,"enemies":"Hallownest:2_Littles","floor":35,"turns":6},{"damage":0,"enemies":"Hallownest:Shield_Heavy","floor":36,"turns":5},{"damage":0,"enemies":"Hallownest:2_Soldiers_and_1_Guardian","floor":39,"turns":4},{"damage":0,"enemies":"Hallownest:Xero_Hu_Marmu","floor":41,"turns":7},{"damage":0,"enemies":"Hallownest:Slobbering_and_Violent","floor":44,"turns":5},{"damage":0,"enemies":"Hallownest:2_Wing_and_1_Kings","floor":46,"turns":3},{"damage":0,"enemies":"Hallownest:2_Great","floor":48,"turns":3},{"damage":0,"enemies":"Hallownest:BossGreyPrinceZote","floor":50,"turns":4}],"seed_played":"-903479559375962639","potions_obtained":[{"floor":7,"key":"Elixir"},{"floor":11,"key":"DDmod:CleansePotion"},{"floor":12,"key":"potionbrewer:ToxicPotion"},{"floor":16,"key":"Weak Potion"},{"floor":23,"key":"Block Potion"},{"floor":24,"key":"potionbrewer:ToxicPotion"},{"floor":25,"key":"blueLaboratory:BottledHope"},{"floor":28,"key":"blueLaboratory:LouseDecoction"},{"floor":30,"key":"Weak Potion"},{"floor":33,"key":"blueLaboratory:PhilterOfMotion"},{"floor":35,"key":"EntropicBrew"},{"floor":46,"key":"Guardian:BlockOnCardUsePotion"}],"is_trial":false,"path_per_floor":["M","?","T","?","?","R","E","M","T","R","M","M","?","?","R","B",null,"M","?","?","M","?","E","M","E","MIM","E","M","?","M","$","R","B",null,"M","M","?","?","M","R","M","$","T","M","R","M","?","M","R","B",null],"character_chosen":"THE_BUGKNIGHT","items_purchased":[],"campfire_rested":0,"item_purchase_floors":[],"current_hp_per_floor":[74,74,74,79,79,79,70,85,85,85,90,95,95,88,88,81,94,94,101,101,101,64,76,88,101,104,102,109,82,91,91,91,92,128,121,128,139,139,139,139,139,139,139,139,139,139,134,134,134,134],"gold":655,"neow_bonus":"RANDOM_EVENT","is_daily":false,"chose_seed":false,"campfire_upgraded":4,"win_rate":0.0,"timestamp":1609119899,"path_taken":["M","?","?","?","?","R","E","M","T","R","?","M","?","?","R","BOSS","M","?","?","M","?","E","M","E","MIM","E","?","?","M","$","R","BOSS","M","M","?","?","M","R","M","$","T","M","R","?","?","M","R","BOSS"],"items_purchased_type":[],"build_version":"2020-12-22","purchased_purges":3,"victory":true,"max_hp_per_floor":[76,76,76,81,81,81,83,86,86,86,90,95,95,88,88,94,94,94,101,101,101,101,101,101,109,109,109,109,109,118,118,118,128,128,128,128,139,139,139,139,139,139,139,139,139,139,134,134,134,134],"relic_stats":{"Shovel":3,"counters":[25,177],"Shuriken":[10],"Pantograph":25,"Pen Nib":[1],"War Paint":["HollowMod:QuickDashStart","HollowMod:QuickDashStart"],"obtain_stats":[{"DianDianMeat":0,"ReplayTheSpireMod:Ninjato":9,"DaveBox":0,"ImprovedEquipment":32,"HollowMod:VesselMask":0,"The Courier":25,"Pen Nib":49,"Hallownest:DreamNailRelic":5,"War Paint":3,"Replay:Mystery Machine":45,"Pet Ghost":27,"potionbrewer:RamsHorn":29,"Bottled Flame":26,"SynthV:TestCard":1,"Matryoshka":23,"Shovel":29,"ReplayTheSpireMod:Shallot":7,"Shuriken":43,"Pantograph":26,"Coffee Dripper":17,"Red Mask":20,"wanderingMiniBosses:LockLocket":41},{"DianDianMeat":0,"ReplayTheSpireMod:Ninjato":3,"DaveBox":0,"ImprovedEquipment":16,"HollowMod:VesselMask":0,"The Courier":12,"Pen Nib":24,"Hallownest:DreamNailRelic":1,"War Paint":1,"Replay:Mystery Machine":22,"Pet Ghost":14,"potionbrewer:RamsHorn":15,"Bottled Flame":13,"SynthV:TestCard":1,"Matryoshka":10,"Shovel":15,"ReplayTheSpireMod:Shallot":2,"Shuriken":21,"Pantograph":13,"Coffee Dripper":7,"Red Mask":8,"wanderingMiniBosses:LockLocket":21},{"DianDianMeat":0,"ReplayTheSpireMod:Ninjato":22,"DaveBox":0,"ImprovedEquipment":126,"HollowMod:VesselMask":0,"The Courier":93,"Pen Nib":173,"Hallownest:DreamNailRelic":6,"War Paint":6,"Replay:Mystery Machine":167,"Pet Ghost":119,"potionbrewer:RamsHorn":122,"Bottled Flame":104,"SynthV:TestCard":6,"Matryoshka":80,"Shovel":122,"ReplayTheSpireMod:Shallot":17,"Shuriken":162,"Pantograph":104,"Coffee Dripper":54,"Red Mask":60,"wanderingMiniBosses:LockLocket":162}]},"card_choices":[{"not_picked":["HollowMod:HeavyBlow","HollowMod:DescendingDark","HollowMod:FastStrike"],"picked":"SKIP","floor":1},{"not_picked":["HollowMod:HornetsHelp","HollowMod:VengefulVoid","HollowMod:CloakDash","HollowMod:InfectedCysts"],"picked":"HollowMod:ShapeofUnn","floor":7},{"not_picked":["HollowMod:ChannelNail","HollowMod:ShadowDash","HollowMod:BrokenVessel","HollowMod:DoubleDash"],"picked":"HollowMod:SoulSplash","floor":8},{"not_picked":["HollowMod:CycloneSlash","HollowMod:DungDefenderAura","HollowMod:GreatSlash","HollowMod:SoulEater"],"picked":"HollowMod:DesolateDive","floor":11},{"not_picked":["HollowMod:CoiledNail","HollowMod:SoulStrike","HollowMod:BlackTendrils","HollowMod:NewLittleFool"],"picked":"HollowMod:MonarchWings","floor":12},{"not_picked":["HollowMod:VoidDash","HollowMod:Hiveblood","HollowMod:ZotesMagnificence","HollowMod:Weaversong"],"picked":"HollowMod:PureVessel","floor":16},{"not_picked":["HollowMod:ShadowDash","HollowMod:CloakDash","HollowMod:WraithStrike","HollowMod:HowlingWraiths","HollowMod:PerfectDash"],"picked":"SKIP","floor":18},{"not_picked":["HollowMod:SiblingsSouls+1","HollowMod:InfectedCysts+1","HollowMod:DoubleDash+1","HollowMod:VengefulVoid+1"],"picked":"HollowMod:CloakDash+1","floor":19},{"not_picked":["HollowMod:VengefulVoid","HollowMod:NewGlowingWomb","HollowMod:MonarchWings","HollowMod:BrokenVessel","HollowMod:SharpenedShadows"],"picked":"SKIP","floor":21},{"not_picked":["HollowMod:SharpenedNail+1","HollowMod:SoulSplash","HollowMod:VengefulVoid+1","HollowMod:AbyssShriek","HollowMod:PureNailStrike"],"picked":"SKIP","floor":23},{"not_picked":["HollowMod:SoulStrike","HollowMod:DescendingDark+1","HollowMod:DreamGate","HollowMod:LifebloodCocoon","HollowMod:RecoilStrike"],"picked":"SKIP","floor":24},{"not_picked":["HollowMod:SoulVessel","HollowMod:LifebloodCocoon","HollowMod:BrokenVessel+1","HollowMod:SoulStrike"],"picked":"HollowMod:HuntersJournal","floor":25},{"not_picked":["HollowMod:FallenFury+1","HollowMod:MawleksShell+1","HollowMod:InfectedCysts","HollowMod:CycloneSlash","HollowMod:InfectedAttack"],"picked":"SKIP","floor":27},{"not_picked":["HollowMod:DoubleDash","HollowMod:NewJinnsSoul","HollowMod:MawleksShell","HollowMod:RecoilStrike","HollowMod:CycloneSlash+1"],"picked":"SKIP","floor":28},{"not_picked":["HollowMod:MonarchWings+1","HollowMod:ChannelNail","HollowMod:SharpenedShadows","HollowMod:GoodIntentions"],"picked":"HollowMod:BaldurShell","floor":30},{"not_picked":["HollowMod:LordofShades","HollowMod:theNailsmith","HollowMod:SoulMaster","HollowMod:SlysStrikes"],"picked":"HollowMod:Weaversong","floor":33},{"not_picked":["HollowMod:DashSlash","HollowMod:ChannelNail","HollowMod:SiblingsSouls","HollowMod:SoulSplash+1","HollowMod:NewLittleFool+1"],"picked":"SKIP","floor":35},{"not_picked":["HollowMod:VengefulVoid+1","HollowMod:VengefulSpirit","HollowMod:SoulSplash+1","HollowMod:ShadowDash","HollowMod:AwokenDreamNail"],"picked":"SKIP","floor":36},{"not_picked":["HollowMod:SoulEater+1","HollowMod:VengefulSpirit","HollowMod:WraithStrike+1","HollowMod:InfectedCysts","HollowMod:CycloneSlash+1"],"picked":"SKIP","floor":39},{"not_picked":["HollowMod:NewJinnsSoul+1","HollowMod:SiblingsSouls","HollowMod:DescendingDark+1","HollowMod:SoulSplash+1","HollowMod:VengefulVoid"],"picked":"SKIP","floor":41},{"not_picked":["HollowMod:LifebloodCore","HollowMod:VengefulVoid","HollowMod:SoulSplash+1","HollowMod:InfectionAssault+1","HollowMod:RecoilStrike+1"],"picked":"SKIP","floor":44},{"not_picked":["HollowMod:BaldurShell","HollowMod:SoulStrike","HollowMod:ShadowDash+1","HollowMod:HuntersJournal","HollowMod:InfectedAttack+1"],"picked":"SKIP","floor":46},{"not_picked":["HollowMod:ElderbugsWisdom","HollowMod:DashSlash+1","HollowMod:TaintedHusks","HollowMod:DreamGate","HollowMod:VengefulVoid+1"],"picked":"SKIP","floor":48}],"player_experience":202894,"relics_obtained":[{"floor":1,"key":"SynthV:TestCard"},{"floor":3,"key":"War Paint"},{"floor":7,"key":"ReplayTheSpireMod:Shallot"},{"floor":9,"key":"ReplayTheSpireMod:Ninjato"},{"floor":23,"key":"Matryoshka"},{"floor":25,"key":"The Courier"},{"floor":26,"key":"Pantograph"},{"floor":26,"key":"Bottled Flame"},{"floor":27,"key":"Pet Ghost"},{"floor":29,"key":"Shovel"},{"floor":29,"key":"potionbrewer:RamsHorn"},{"floor":32,"key":"ImprovedEquipment"},{"floor":41,"key":"wanderingMiniBosses:LockLocket"},{"floor":43,"key":"Shuriken"},{"floor":45,"key":"Replay:Mystery Machine"},{"floor":49,"key":"Pen Nib"}],"event_choices":[{"damage_healed":0,"gold_gain":0,"player_choice":"3","damage_taken":0,"max_hp_gain":0,"max_hp_loss":0,"event_name":"betterMatch:BetterMatch","floor":19,"gold_loss":0,"cards_obtained":["betterMatch:CommonCard"]},{"damage_healed":0,"gold_gain":0,"player_choice":"UP UP ","damage_taken":41,"relics_obtained":[],"max_hp_gain":0,"max_hp_loss":0,"event_name":"betterSkull:BetterSkull","floor":22,"gold_loss":0,"cards_upgraded":["HollowMod:PogoStrike","HollowMod:NailStrikeStart"]},{"damage_healed":0,"gold_gain":0,"player_choice":"3","damage_taken":0,"max_hp_gain":0,"max_hp_loss":0,"event_name":"betterMatch:BetterMatch","floor":38,"gold_loss":0,"cards_obtained":[]}],"is_beta":false,"boss_relics":[{"not_picked":["Empty Cage","Sozu"],"picked":"Coffee Dripper"},{"not_picked":["DiscerningMonocle","Snecko Eye","ReplayTheSpireMod:DimensionalGlitch"]}],"items_purged_floors":[31,42,42],"is_endless":false,"potions_floor_spawned":[7,11,12,16,23,24,25,28,30,33,35,46,48],"ascension_level":0}}