{"host":"ahe97mou057ugdu8","time":1609115888,"event":{"mods":["BaseMod","Better Vampires","BetterRewards","Colored Map","Colored Powertips","Conspire","Custom Start","Halation","Highlight Path","Infinite Spire","Marisa????????","Minty Spire (QoL Compilation)","Prisma Mod","READ ME - Guardian Mod","READ ME - Snecko Mod","Remilia??????","Shop Mod","StSLib","The Animator","The Bladedancer","The Construct","The Cursed","The Disciple","The Exalted","The Factory","The Jungle","The Necromancer","The Runesmith","The Senshi","The Servant 0.9.4","The Spell Scribe","The Witch"],"gold_per_floor":[111,125,125,194,212,238,151,162,186,186,196,196,222,236,236,331,331,350,361,143,143,143,159,159,179,179,213,229,243,243,274,274,372,372,384,396,396,450,0,0,0,0,25,25,44,44,57,87,87,87],"floor_reached":51,"playtime":4545,"items_purged":["Summon_Undead_Army"],"score":752,"play_id":"5d4d94c9-a197-4a01-98b4-59b2ab545c5e","local_time":"20201227193808","daily_mods":["Draft","Heirloom"],"is_ascension_mode":false,"campfire_choices":[{"data":"conspire:Banana","floor":10,"key":"SMITH"},{"data":"Blood_Is_Power","floor":15,"key":"SMITH"},{"data":"Death_March_Dance","floor":30,"key":"SMITH"},{"data":"Summon_Lich","floor":32,"key":"SMITH"},{"data":"Death_March_Dance","floor":40,"key":"SMITH"},{"data":"Bone_Prison","floor":44,"key":"SMITH"},{"data":"Bone_Prison","floor":46,"key":"SMITH"},{"data":"Necrotic_Claws","floor":49,"key":"SMITH"}],"circlet_count":0,"master_deck":["Death_March_Dance+1","Death_March_Dance+1","Negative_Energy_Burst+1","Death_March_Dance+1","Negative_Energy_Shield","Negative_Energy_Burst","Finger_Of_Death","Death_Knell","Negative_Energy_Shield","Spectral_Walk","Acid_Javelin","Bone_Prison+1","Blood_Whip+1","Negative_Energy_Sphere","Blood_Is_Power+1","conspire:Banana+1","Blood_Is_Power+1","Summon_Lich+1","Summon_Death_Knight","Bone_Prison+1","Summon_Lich+1","Summon_Vampire_Lady","Necrotic_Claws+1","Uncharnel+1"],"relics":["Vampire_Amulet","halation:SwordOfLegend","conspire:Dentures","Pen Nib","Runesmith:AutoHammer","Thread and Needle","Regal Pillow","Velvet Choker","Juzu Bracelet","halation:PrussianBluePaint","Singing Bowl","Whetstone","PreservedInsect","halation:SmartPhone","halation:EternalFortune","CatCart","Red Mask","Smiling Mask","Bromod:ArcaneDeflection"],"acts_visited":["Exordium","Exordium","TheBeyond"],"potions_floor_usage":[27,29,36,38,38],"damage_taken":[{"damage":0,"enemies":"Small Slimes","floor":1,"turns":2},{"damage":0,"enemies":"Jaw Worm","floor":2,"turns":2},{"damage":4,"enemies":"Cultist","floor":5,"turns":2},{"damage":3,"enemies":"3 Sentries","floor":6,"turns":3},{"damage":11,"enemies":"Blue Slaver","floor":8,"turns":2},{"damage":0,"enemies":"Lots of Slimes","floor":11,"turns":1},{"damage":11,"enemies":"Gremlin Nob","floor":13,"turns":3},{"damage":7,"enemies":"Exordium Wildlife","floor":14,"turns":3},{"damage":35,"enemies":"The Guardian","floor":16,"turns":7},{"damage":7,"enemies":"theJungle:5_Spyders","floor":18,"turns":6},{"damage":14,"enemies":"theJungle:GiantWrat","floor":19,"turns":4},{"damage":18,"enemies":"theJungle:2_Snecko_Cultists","floor":23,"turns":4},{"damage":6,"enemies":"theJungle:Lyon","floor":25,"turns":2},{"damage":10,"enemies":"theJungle:2_Phrogs","floor":27,"turns":5},{"damage":10,"enemies":"theJungle:SlimyTreeVines","floor":28,"turns":5},{"damage":6,"enemies":"theJungle:JungleHuntersEncounter","floor":29,"turns":3},{"damage":14,"enemies":"theJungle:Cassacara","floor":31,"turns":5},{"damage":35,"enemies":"theJungle:FunGuy","floor":33,"turns":9},{"damage":9,"enemies":"Orb Walker","floor":35,"turns":4},{"damage":32,"enemies":"3 Darklings","floor":36,"turns":4},{"damage":28,"enemies":"Orin","floor":38,"turns":8},{"damage":15,"enemies":"Spire Growth","floor":45,"turns":4},{"damage":6,"enemies":"Transient","floor":47,"turns":5},{"damage":13,"enemies":"Reptomancer","floor":48,"turns":4},{"damage":71,"enemies":"Awakened One","floor":50,"turns":11}],"seed_played":"1549322398954570482","potions_obtained":[{"floor":6,"key":"Regen Potion"},{"floor":8,"key":"construct:ShiftPotion"},{"floor":11,"key":"Strength Potion"},{"floor":16,"key":"LiquidBronze"},{"floor":19,"key":"ColorlessPotion"},{"floor":27,"key":"GamblersBrew"},{"floor":33,"key":"PowerPotion"},{"floor":35,"key":"LiquidMemories"},{"floor":36,"key":"PowerPotion"},{"floor":47,"key":"SpeedPotion"},{"floor":48,"key":"FairyPotion"}],"is_trial":true,"path_per_floor":["M","M","?","T","M","E","$","M","T","R","M","?","E","M","R","B",null,"M","M","$","?","?","M","T","M","T","E","M","M","R","E","R","B",null,"M","M","?","?","?","R","?","$","T","R","M","R","M","E","R","B",null],"character_chosen":"NECROMANCER","items_purchased":["conspire:Banana","Juzu Bracelet"],"campfire_rested":0,"item_purchase_floors":[7,20],"current_hp_per_floor":[75,75,75,75,73,75,75,67,67,76,76,76,69,68,77,46,82,84,74,74,74,74,62,62,58,58,54,58,60,84,78,81,50,102,89,65,68,84,84,93,93,93,93,93,79,82,91,90,96,55],"gold":87,"neow_bonus":"","is_daily":false,"chose_seed":false,"campfire_upgraded":8,"win_rate":0.0,"timestamp":1609115888,"path_taken":["M","M","?","?","?","E","$","M","T","R","M","?","E","M","R","BOSS","M","M","?","?","?","M","?","M","T","E","M","M","R","E","R","BOSS","M","M","?","?","?","R","?","$","T","R","M","R","M","E","R","BOSS"],"items_purchased_type":["Card","Relic"],"build_version":"2020-12-22","purchased_purges":1,"victory":true,"max_hp_per_floor":[75,75,75,75,75,75,75,76,76,76,76,76,78,80,80,82,82,84,86,86,86,86,88,88,88,88,90,94,98,98,100,100,102,102,106,108,111,115,115,115,109,109,109,109,113,113,115,119,119,123],"card_choices":[{"not_picked":["Bone_Spikes","Toxic_Smoke_Screen"],"picked":"Death_March_Dance","floor":0},{"not_picked":["Negative_Energy_Javelin","Bones_to_Steel"],"picked":"Death_March_Dance","floor":0},{"not_picked":["Negative_Energy_Mist","Flesh_Made_Foul"],"picked":"Negative_Energy_Burst","floor":0},{"not_picked":["Scare","Negative_Energy_Sphere"],"picked":"Death_March_Dance","floor":0},{"not_picked":["Negative_Energy_Burst","Vampiric_Strike"],"picked":"Negative_Energy_Shield","floor":0},{"not_picked":["Chill_Blood","Consume_Illness"],"picked":"Negative_Energy_Burst","floor":0},{"not_picked":["Consume_Illness","Siphon_Strength"],"picked":"Finger_Of_Death","floor":0},{"not_picked":["Death_March_Dance","Acid_Javelin"],"picked":"Summon_Undead_Army","floor":0},{"not_picked":["Chill_Blood","Bone_Bullets"],"picked":"Death_Knell","floor":0},{"not_picked":["Shackles_Of_Pain","Bones_to_Steel"],"picked":"Negative_Energy_Shield","floor":0},{"not_picked":["Epidemic","Bones_to_Steel"],"picked":"Spectral_Walk","floor":0},{"not_picked":["Plague_Bolt","Bone_Shift"],"picked":"Acid_Javelin","floor":0},{"not_picked":["Shackles_Of_Pain","Bone_Shift"],"picked":"Bone_Prison","floor":0},{"not_picked":["Bones_to_Steel","Bone_Bullets"],"picked":"Blood_Whip","floor":0},{"not_picked":["Epidemic","Acid_Javelin"],"picked":"Negative_Energy_Sphere","floor":0},{"not_picked":["Shackles_Of_Pain","Plague_Bolt"],"picked":"Blood_Is_Power","floor":1},{"not_picked":["Death_Coil","Shackles_Of_Pain","Bone_Bullets"],"picked":"SKIP","floor":2},{"not_picked":["Blood_Whip","Finger_Of_Death","Toxic_Smoke_Screen"],"picked":"SKIP","floor":5},{"not_picked":["Reap_The_Weak","Negative_Energy_Mist","Consume_Illness"],"picked":"SKIP","floor":6},{"not_picked":["Blood_Whip","Bone_Spikes","Bone_Bullets"],"picked":"SKIP","floor":8},{"not_picked":["Negative_Energy_Sphere","Blood_Curse"],"picked":"Blood_Is_Power","floor":11},{"not_picked":["Toxic_Smoke_Screen","Violent_Necrosis"],"picked":"Summon_Lich","floor":13},{"not_picked":["Negative_Energy_Sphere","Chill_Blood","Violent_Necrosis"],"picked":"SKIP","floor":14},{"not_picked":["Cloudkill","Detonate_Bones"],"picked":"Summon_Death_Knight","floor":16},{"not_picked":["Bone_Armory","Consume_Illness","Negative_Energy_Sphere"],"picked":"SKIP","floor":18},{"not_picked":["Bone_Spikes","Corrupt+1","Slay_Living"],"picked":"SKIP","floor":19},{"not_picked":["Bone_Armor","Bone_Armory","Bone_Shift"],"picked":"SKIP","floor":23},{"not_picked":["Vampiric_Strike","Blood_for_Blood","Negative_Energy_Mist+1"],"picked":"SKIP","floor":25},{"not_picked":["Reap_The_Weak","Negative_Energy_Bomb"],"picked":"Bone_Prison","floor":27},{"not_picked":["Chill_Blood","Finger_Of_Death+1","Death_Coil"],"picked":"Singing Bowl","floor":28},{"not_picked":["Negative_Energy_Sphere","Epidemic","Shackles_Of_Pain"],"picked":"Singing Bowl","floor":29},{"not_picked":["Blood_Magic","Bone_Prison+1"],"picked":"Summon_Lich+1","floor":31},{"not_picked":["Requiem","Detonate_Bones"],"picked":"Summon_Vampire_Lady","floor":33},{"not_picked":["Uncharnel","Death_Knell","Blood_Is_Power"],"picked":"Singing Bowl","floor":35},{"not_picked":["Bone_Bullets+1","Shackles_Of_Pain+1"],"picked":"Necrotic_Claws","floor":36},{"not_picked":["Necromantic_Selection+1","Bone_Spikes","Consume_Illness+1"],"picked":"Singing Bowl","floor":38},{"not_picked":["Bone_Armor","Life_Tap+1","Death_March_Dance"],"picked":"Singing Bowl","floor":45},{"not_picked":["Blood_Is_Power+1","Life_Tap"],"picked":"Uncharnel+1","floor":47},{"not_picked":["Death_March_Dance","Consume_Illness+1","Life_Drain"],"picked":"Singing Bowl","floor":48}],"player_experience":685,"relics_obtained":[{"floor":4,"key":"conspire:Dentures"},{"floor":6,"key":"Pen Nib"},{"floor":9,"key":"Runesmith:AutoHammer"},{"floor":13,"key":"Regal Pillow"},{"floor":24,"key":"halation:PrussianBluePaint"},{"floor":26,"key":"Singing Bowl"},{"floor":27,"key":"Whetstone"},{"floor":31,"key":"PreservedInsect"},{"floor":38,"key":"CatCart"},{"floor":43,"key":"Smiling Mask"},{"floor":48,"key":"Bromod:ArcaneDeflection"}],"event_choices":[{"damage_healed":0,"gold_gain":0,"player_choice":"Grow","damage_taken":0,"max_hp_gain":0,"max_hp_loss":0,"event_name":"Living Wall","floor":3,"gold_loss":0,"cards_upgraded":["Blood_Is_Power"]},{"damage_healed":0,"gold_gain":0,"player_choice":"Gave Potion","damage_taken":0,"relics_obtained":["Thread and Needle"],"max_hp_gain":0,"max_hp_loss":0,"event_name":"WeMeetAgain","floor":12,"gold_loss":0},{"damage_healed":0,"gold_gain":0,"player_choice":"Gold","damage_taken":0,"max_hp_gain":0,"max_hp_loss":0,"event_name":"Wheel of Change","floor":21,"gold_loss":0},{"damage_healed":0,"gold_gain":0,"player_choice":"Upgraded","damage_taken":0,"max_hp_gain":0,"max_hp_loss":0,"event_name":"Upgrade Shrine","floor":22,"gold_loss":0,"cards_upgraded":["Death_March_Dance"]},{"damage_healed":0,"gold_gain":0,"player_choice":"Fight","damage_taken":0,"max_hp_gain":0,"max_hp_loss":0,"event_name":"OrinTheCat","floor":38,"gold_loss":0},{"damage_healed":0,"gold_gain":0,"player_choice":"Paid","damage_taken":0,"relics_obtained":["Red Mask"],"max_hp_gain":0,"max_hp_loss":0,"event_name":"Tomb of Lord Red Mask","floor":39,"gold_loss":450},{"damage_healed":0,"gold_gain":0,"player_choice":"Max HP","damage_taken":0,"max_hp_gain":0,"max_hp_loss":6,"event_name":"Winding Halls","floor":41,"gold_loss":0}],"is_beta":false,"boss_relics":[{"not_picked":["halation:LoveArrow","Tiny House"],"picked":"Velvet Choker"},{"not_picked":["Runesmith:UraniumAnvil","infinitespire:Cupcake"],"picked":"halation:SmartPhone"}],"items_purged_floors":[20],"is_endless":false,"potions_floor_spawned":[6,8,11,16,19,27,28,33,35,36,47,48],"ascension_level":0}}