{"host":"wik2u884rt5bbues","time":1609162469,"event":{"mods":["AchievementEnabler","BaseMod","Colored Map","Colored Powertips","DeckTracker","Googly Eyes","Minty Spire (QoL Compilation)","Permanent Neow","Quick Restart","Shop Mod","StSLib","SuperFastMode"],"gold_per_floor":[15,15,15,30,49,74,74,85,109,139,139,159,159,179,179,179,179],"floor_reached":16,"playtime":1170,"items_purged":[],"score":112,"play_id":"63fb39dc-15a9-4575-b215-4f87047300aa","local_time":"20201228133429","is_ascension_mode":false,"campfire_choices":[{"data":"Redo","floor":7,"key":"SMITH"},{"data":"Zap","floor":13,"key":"SMITH"},{"data":"Fusion","floor":15,"key":"SMITH"}],"circlet_count":0,"master_deck":["Strike_B","Defend_B","Defend_B","Defend_B","Zap+1","Dualcast","Leap","Redo+1","Glacier","Capacitor","Fusion+1"],"relics":["Cracked Core","Bronze Scales","Boot"],"acts_visited":["Exordium"],"potions_floor_usage":[10,14],"damage_taken":[{"damage":0,"enemies":"Jaw Worm","floor":1,"turns":4},{"damage":0,"enemies":"Small Slimes","floor":4,"turns":3},{"damage":0,"enemies":"Cultist","floor":5,"turns":3},{"damage":32,"enemies":"Lagavulin","floor":6,"turns":9},{"damage":6,"enemies":"Large Slime","floor":8,"turns":5},{"damage":11,"enemies":"3 Sentries","floor":10,"turns":9},{"damage":3,"enemies":"Red Slaver","floor":12,"turns":3},{"damage":3,"enemies":"Exordium Thugs","floor":14,"turns":6},{"damage":32,"enemies":"Slime Boss","floor":16,"turns":9}],"seed_played":"1987453285112849105","potions_obtained":[{"floor":1,"key":"GamblersBrew"},{"floor":5,"key":"Weak Potion"},{"floor":8,"key":"SteroidPotion"},{"floor":14,"key":"Fruit Juice"}],"is_trial":false,"path_per_floor":["M","?","?","M","M","E","R","M","T","E","?","M","R","M","R","B"],"character_chosen":"DEFECT","items_purchased":[],"campfire_rested":0,"item_purchase_floors":[],"current_hp_per_floor":[75,75,75,75,75,43,43,37,37,26,26,23,23,25,25,0,0],"gold":179,"neow_bonus":"REMOVE_TWO","is_daily":false,"chose_seed":false,"campfire_upgraded":3,"win_rate":0.0,"timestamp":1609162469,"path_taken":["M","?","?","M","?","E","R","M","T","E","?","M","R","M","R","BOSS"],"items_purchased_type":[],"build_version":"2020-12-22","purchased_purges":0,"victory":false,"max_hp_per_floor":[75,75,75,75,75,75,75,75,75,75,75,75,75,80,80,80,80],"card_choices":[{"not_picked":["Sunder","Ball Lightning"],"picked":"Leap","floor":1},{"not_picked":["Hologram","Static Discharge"],"picked":"Redo","floor":4},{"not_picked":["Chaos","Rip and Tear","Rebound"],"picked":"SKIP","floor":5},{"not_picked":["Melter","Reprogram","Stack"],"picked":"SKIP","floor":6},{"not_picked":["Lockon","Streamline"],"picked":"Glacier","floor":8},{"not_picked":["BootSequence","Recycle"],"picked":"Capacitor","floor":10},{"not_picked":["Compile Driver","Reprogram","Hologram"],"picked":"SKIP","floor":12},{"not_picked":["Barrage","Coolheaded"],"picked":"Fusion","floor":14}],"player_experience":765745,"relics_obtained":[{"floor":6,"key":"Bronze Scales"},{"floor":10,"key":"Boot"}],"event_choices":[{"cards_removed":["Defend_B"],"damage_healed":0,"gold_gain":0,"player_choice":"Forget","damage_taken":0,"max_hp_gain":0,"max_hp_loss":0,"event_name":"Living Wall","floor":2,"gold_loss":0},{"cards_removed":["Strike_B"],"damage_healed":0,"gold_gain":0,"player_choice":"Offered Basic","damage_taken":0,"max_hp_gain":0,"max_hp_loss":0,"event_name":"Bonfire Elementals","floor":3,"gold_loss":0},{"damage_healed":0,"gold_gain":0,"player_choice":"Ignored","damage_taken":0,"max_hp_gain":0,"max_hp_loss":0,"event_name":"NoteForYourself","floor":11,"gold_loss":0}],"is_beta":false,"boss_relics":[],"items_purged_floors":[],"is_endless":false,"potions_floor_spawned":[1,5,8,14],"killed_by":"Slime Boss","ascension_level":0}}