{"host":"3qkmyeoym75lj4wn","time":1609180007,"event":{"mods":["2.2 Compatiblity","BaseMod","Block Reminder","Colored Powertips","Highlight Path","Minty Spire (QoL Compilation)","Permanent Neow","Potion Indicator Mod","Rare Cards Sparkle","Relic Stats","StSLib"],"gold_per_floor":[118,118,118,132,132,132,167,42,68,88,88,108,122,149,149,220,220,230,58,69,84,84,112,26,26,49,49,74,90,105,105,105,105,105],"floor_reached":33,"playtime":2041,"items_purged":["Strike_G"],"score":590,"play_id":"20cf739b-c0e5-4026-8981-81e3c2494504","local_time":"20201228182647","is_ascension_mode":true,"campfire_choices":[{"data":"Skewer","floor":6,"key":"SMITH"},{"data":"Crippling Poison","floor":11,"key":"SMITH"},{"floor":15,"key":"REST"},{"floor":25,"key":"REST"},{"floor":32,"key":"REST"}],"circlet_count":0,"master_deck":["AscendersBane","Strike_G","Strike_G","Strike_G","Defend_G","Defend_G","Defend_G","Defend_G","Defend_G","Survivor","Neutralize","Skewer+1","Blade Dance","Escape Plan","Poisoned Stab","Blade Dance","Crippling Poison+1","PiercingWail","Adrenaline","A Thousand Cuts","Leg Sweep","Leg Sweep","PiercingWail+1"],"relics":["Ring of the Snake","Paper Crane","Strawberry","Ninja Scroll","Snecko Eye","Sling","Matryoshka","Centennial Puzzle","Oddly Smooth Stone","Akabeko","CeramicFish","CaptainsWheel"],"acts_visited":["Exordium","TheCity"],"potions_floor_usage":[14,16,20,23,28],"damage_taken":[{"damage":0,"enemies":"2 Louse","floor":1,"turns":3},{"damage":2,"enemies":"Jaw Worm","floor":4,"turns":5},{"damage":17,"enemies":"3 Sentries","floor":7,"turns":8},{"damage":1,"enemies":"Cultist","floor":10,"turns":3},{"damage":0,"enemies":"Looter","floor":12,"turns":3},{"damage":1,"enemies":"Large Slime","floor":13,"turns":5},{"damage":25,"enemies":"Gremlin Nob","floor":14,"turns":4},{"damage":41,"enemies":"Slime Boss","floor":16,"turns":9},{"damage":23,"enemies":"Spheric Guardian","floor":18,"turns":6},{"damage":2,"enemies":"3 Byrds","floor":20,"turns":2},{"damage":18,"enemies":"Centurion and Healer","floor":21,"turns":6},{"damage":21,"enemies":"Book of Stabbing","floor":23,"turns":3},{"damage":21,"enemies":"Slavers","floor":28,"turns":5},{"damage":3,"enemies":"Shelled Parasite and Fungi","floor":29,"turns":4},{"damage":0,"enemies":"Snecko","floor":30,"turns":6},{"damage":64,"enemies":"Collector","floor":33,"turns":9}],"seed_played":"681657167197084388","potions_obtained":[{"floor":5,"key":"LiquidBronze"},{"floor":5,"key":"ColorlessPotion"},{"floor":7,"key":"SkillPotion"},{"floor":14,"key":"Fruit Juice"},{"floor":20,"key":"BlessingOfTheForge"},{"floor":28,"key":"Weak Potion"}],"is_trial":false,"path_per_floor":["M","?","?","M","?","R","E","$","T","M","R","M","M","E","R","B",null,"M","$","M","M","?","E","$","R","T","?","E","M","M","T","R","B"],"character_chosen":"THE_SILENT","items_purchased":["Blade Dance","Sling","Regen Potion"],"campfire_rested":3,"item_purchase_floors":[8,19,24],"current_hp_per_floor":[59,59,59,57,57,57,40,40,47,46,46,46,45,20,41,5,60,37,37,35,17,33,12,12,35,35,35,29,26,26,26,49,0,0],"gold":105,"neow_bonus":"THREE_CARDS","is_daily":false,"chose_seed":false,"campfire_upgraded":2,"win_rate":0.0,"timestamp":1609180007,"path_taken":["M","?","?","M","?","R","E","$","T","M","R","M","M","E","R","BOSS","M","$","?","M","?","E","$","R","T","?","E","?","M","?","R","BOSS"],"items_purchased_type":["Card","Relic","Potion"],"build_version":"2020-12-22","purchased_purges":1,"victory":false,"max_hp_per_floor":[66,66,66,66,66,66,66,66,73,73,73,73,73,73,73,78,78,78,78,78,78,78,78,78,78,78,78,78,78,78,78,78,78,78],"relic_stats":{"Centennial Puzzle":[9],"counters":[16,81],"CeramicFish":0,"Snecko Eye":[64,76,83,69],"obtain_stats":[{"Centennial Puzzle":26,"CaptainsWheel":31,"Matryoshka":23,"Ninja Scroll":14,"Strawberry":9,"CeramicFish":31,"Snecko Eye":17,"Oddly Smooth Stone":26,"Paper Crane":7,"Sling":19,"Akabeko":28,"Ring of the Snake":0},{"Centennial Puzzle":12,"CaptainsWheel":15,"Matryoshka":12,"Ninja Scroll":7,"Strawberry":3,"CeramicFish":15,"Snecko Eye":8,"Oddly Smooth Stone":12,"Paper Crane":3,"Sling":9,"Akabeko":13,"Ring of the Snake":0},{"Centennial Puzzle":57,"CaptainsWheel":72,"Matryoshka":57,"Ninja Scroll":31,"Strawberry":16,"CeramicFish":72,"Snecko Eye":40,"Oddly Smooth Stone":57,"Paper Crane":16,"Sling":46,"Akabeko":62,"Ring of the Snake":0}],"Ring of the Snake":[16]},"card_choices":[{"not_picked":["Sucker Punch","Flechettes"],"picked":"Skewer","floor":0},{"not_picked":["Quick Slash","Backstab"],"picked":"Blade Dance","floor":1},{"not_picked":["Skewer","Choke"],"picked":"Escape Plan","floor":4},{"not_picked":["Terror","Flying Knee"],"picked":"Poisoned Stab","floor":7},{"not_picked":["Leg Sweep","Blade Dance"],"picked":"Crippling Poison","floor":10},{"not_picked":["Outmaneuver","Sucker Punch"],"picked":"PiercingWail","floor":12},{"not_picked":["Bane","Slice","Outmaneuver"],"picked":"SKIP","floor":13},{"not_picked":["Sucker Punch","Reflex"],"picked":"Adrenaline","floor":14},{"not_picked":["Corpse Explosion","Venomology"],"picked":"A Thousand Cuts","floor":16},{"not_picked":["Flying Knee","Quick Slash"],"picked":"Leg Sweep","floor":18},{"not_picked":["Concentrate","Underhanded Strike","Expertise"],"picked":"SKIP","floor":20},{"not_picked":["Reflex","Quick Slash","Eviscerate"],"picked":"SKIP","floor":21},{"not_picked":["Flying Knee","Expertise","Concentrate"],"picked":"SKIP","floor":23},{"not_picked":["Masterful Stab","Deflect"],"picked":"Leg Sweep","floor":28},{"not_picked":["Outmaneuver","Skewer+1","Quick Slash"],"picked":"SKIP","floor":29},{"not_picked":["Riddle With Holes","Poisoned Stab"],"picked":"PiercingWail+1","floor":30}],"player_experience":1600436,"relics_obtained":[{"floor":7,"key":"Paper Crane"},{"floor":9,"key":"Strawberry"},{"floor":14,"key":"Ninja Scroll"},{"floor":23,"key":"Matryoshka"},{"floor":26,"key":"Centennial Puzzle"},{"floor":26,"key":"Oddly Smooth Stone"},{"floor":28,"key":"Akabeko"},{"floor":31,"key":"CeramicFish"},{"floor":31,"key":"CaptainsWheel"}],"event_choices":[{"damage_healed":0,"gold_gain":0,"player_choice":"Ignored","damage_taken":0,"max_hp_gain":0,"max_hp_loss":0,"event_name":"Golden Wing","floor":2,"gold_loss":0},{"damage_healed":0,"gold_gain":0,"player_choice":"Ignored","damage_taken":0,"max_hp_gain":0,"max_hp_loss":0,"event_name":"Shining Light","floor":3,"gold_loss":0},{"damage_healed":0,"gold_gain":0,"player_choice":"Got Potions","damage_taken":0,"max_hp_gain":0,"max_hp_loss":0,"event_name":"Lab","floor":5,"gold_loss":0},{"damage_healed":16,"gold_gain":0,"player_choice":"Heal","damage_taken":0,"max_hp_gain":0,"max_hp_loss":0,"event_name":"The Library","floor":22,"gold_loss":0},{"cards_removed":["Strike_G"],"damage_healed":0,"gold_gain":0,"player_choice":"Purged","damage_taken":0,"max_hp_gain":0,"max_hp_loss":0,"event_name":"Purifier","floor":27,"gold_loss":0}],"is_beta":false,"boss_relics":[{"not_picked":["Fusion Hammer","Runic Pyramid"],"picked":"Snecko Eye"}],"items_purged_floors":[8],"is_endless":false,"potions_floor_spawned":[7,10,14,20,28],"killed_by":"Collector","ascension_level":20}}