{"host":"hfxp6ue4pvwo3fit","time":1609125137,"event":{"mods":["AchievementEnabler","BaseMod","Colored Map","Colored Powertips","Highlight Path","Minty Spire (QoL Compilation)","StSLib","SuperFastMode"],"gold_per_floor":[11,22,97,97,109,109,167,167,167,178,178,193,193,205,205,279,279,250,261,81,6,6,6],"floor_reached":22,"playtime":623,"items_purged":["Strike_B"],"score":352,"play_id":"591a0562-004a-4c3f-b8b0-3237f4a4e54b","local_time":"20201227211217","is_ascension_mode":true,"campfire_choices":[{"data":"Zap","floor":6,"key":"SMITH"},{"floor":11,"key":"REST"},{"data":"Hologram","floor":13,"key":"SMITH"},{"data":"Reinforced Body","floor":15,"key":"SMITH"}],"circlet_count":0,"master_deck":["AscendersBane","Strike_B","Defend_B","Defend_B","Defend_B","Zap+1","Dualcast","Gash","Reinforced Body+1","Conserve Battery","All For One","Hologram+1","Rainbow","Compile Driver","Capacitor","Beam Cell","Go for the Eyes"],"relics":["Cracked Core","Art of War","Unceasing Top","Philosopher\u0027s Stone"],"acts_visited":["Exordium","TheCity"],"potions_floor_usage":[16,18],"damage_taken":[{"damage":0,"enemies":"Cultist","floor":1,"turns":3},{"damage":3,"enemies":"2 Louse","floor":2,"turns":3},{"damage":1,"enemies":"Small Slimes","floor":5,"turns":3},{"damage":49,"enemies":"Lagavulin Event","floor":7,"turns":8},{"damage":0,"enemies":"2 Fungi Beasts","floor":10,"turns":4},{"damage":0,"enemies":"Large Slime","floor":12,"turns":5},{"damage":1,"enemies":"Looter","floor":14,"turns":2},{"damage":12,"enemies":"Hexaghost","floor":16,"turns":9},{"damage":14,"enemies":"2 Thieves","floor":18,"turns":4},{"damage":24,"enemies":"Chosen","floor":19,"turns":5},{"damage":31,"enemies":"Snake Plant","floor":22,"turns":5}],"seed_played":"-8163232758202358197","potions_obtained":[{"floor":12,"key":"AttackPotion"},{"floor":16,"key":"Explosive Potion"}],"is_trial":false,"path_per_floor":["M","M","?","?","M","R","?","?","T","M","R","M","R","M","R","B",null,"M","M","$","?","M"],"character_chosen":"DEFECT","items_purchased":["Beam Cell","Go for the Eyes"],"campfire_rested":1,"item_purchase_floors":[20,20],"current_hp_per_floor":[64,61,50,55,54,54,5,5,5,5,27,27,27,26,26,14,61,47,23,23,23,0,0],"gold":6,"neow_bonus":"REMOVE_TWO","is_daily":false,"chose_seed":false,"campfire_upgraded":3,"win_rate":0.0,"timestamp":1609125137,"path_taken":["M","?","?","?","M","R","?","?","T","M","R","M","R","M","R","BOSS","M","M","$","?","M"],"items_purchased_type":["Card","Card"],"build_version":"2020-12-22","purchased_purges":1,"victory":false,"max_hp_per_floor":[71,71,71,76,76,76,76,76,76,76,76,76,76,76,76,76,76,76,76,76,76,76,76],"card_choices":[{"not_picked":["Stack","Rebound","Turbo"],"picked":"SKIP","floor":1},{"not_picked":["Rebound","Rip and Tear"],"picked":"Gash","floor":2},{"not_picked":["Compile Driver","Hello World"],"picked":"Reinforced Body","floor":5},{"not_picked":["Lockon","Skim"],"picked":"Conserve Battery","floor":7},{"not_picked":["Hologram","Compile Driver"],"picked":"All For One","floor":10},{"not_picked":["Sunder","Rebound"],"picked":"Hologram","floor":12},{"not_picked":["Turbo","BootSequence","Heatsinks"],"picked":"SKIP","floor":14},{"not_picked":["Thunder Strike","Meteor Strike"],"picked":"Rainbow","floor":16},{"not_picked":["Leap","Sweeping Beam"],"picked":"Compile Driver","floor":18},{"not_picked":["Redo+1","Blizzard"],"picked":"Capacitor","floor":19}],"player_experience":441602,"relics_obtained":[{"floor":7,"key":"Art of War"},{"floor":9,"key":"Unceasing Top"}],"event_choices":[{"damage_healed":0,"gold_gain":75,"player_choice":"Gather Gold","damage_taken":11,"max_hp_gain":0,"max_hp_loss":0,"event_name":"World of Goop","floor":3,"gold_loss":0},{"damage_healed":0,"gold_gain":0,"player_choice":"Donut","damage_taken":0,"max_hp_gain":5,"max_hp_loss":0,"event_name":"Big Fish","floor":4,"gold_loss":0},{"damage_healed":0,"gold_gain":0,"player_choice":"Searched \u00271\u0027 times","damage_taken":0,"max_hp_gain":0,"max_hp_loss":0,"event_name":"Dead Adventurer","floor":7,"gold_loss":0},{"damage_healed":0,"gold_gain":0,"player_choice":"Ignored","damage_taken":0,"max_hp_gain":0,"max_hp_loss":0,"event_name":"Liars Game","floor":8,"gold_loss":0},{"cards_removed":["Strike_B"],"damage_healed":0,"gold_gain":0,"player_choice":"Gave Gold","damage_taken":0,"max_hp_gain":0,"max_hp_loss":0,"event_name":"Beggar","floor":21,"gold_loss":75}],"is_beta":false,"boss_relics":[{"not_picked":["Nuclear Battery","Velvet Choker"],"picked":"Philosopher\u0027s Stone"}],"items_purged_floors":[20],"is_endless":false,"potions_floor_spawned":[12,16],"killed_by":"Snake Plant","ascension_level":20}}