{"host":"kh6fvhxn285ncg0o","time":1609138224,"event":{"mods":["Act Like it!","BaseMod","Colored Map","Friendly Minions","Keyboard Shortcuts","Minty Spire (QoL Compilation)","Quick Restart","Relic Stats","StSLib","SuperFastMode"],"gold_per_floor":[217,227,246,260,276,276,276,293,293,293,293,311,346,356,356,430,430,450,214,214,230,230,230,259,271,316,316,216,216,216,251,251,251,251],"floor_reached":33,"playtime":683,"items_purged":["Strike_R","Strike_R"],"score":624,"play_id":"fe255efa-5374-4498-bf85-ea31d1beabe4","local_time":"20201228155024","is_ascension_mode":true,"campfire_choices":[{"data":"Armaments","floor":6.0,"key":"SMITH"},{"data":"Bash","floor":10.0,"key":"SMITH"},{"data":"Demon Form","floor":15.0,"key":"SMITH"},{"floor":23,"key":"REST"},{"floor":27,"key":"REST"},{"data":"Pommel Strike","floor":29,"key":"SMITH"},{"floor":32,"key":"REST"}],"circlet_count":0,"master_deck":["AscendersBane","Strike_R","Strike_R","Defend_R+1","Defend_R+1","Defend_R","Defend_R","Bash+1","Metallicize","Armaments+1","Pommel Strike+1","Sentinel","Demon Form+1","Shrug It Off","Immolate+1","Feel No Pain+1","Evolve","Shockwave+1","Power Through"],"relics":["Burning Blood","Strawberry","Sozu","PreservedInsect","War Paint","Omamori","Unceasing Top"],"acts_visited":["Exordium","TheCity"],"potions_floor_usage":[18],"damage_taken":[{"damage":6.0,"enemies":"Cultist","floor":1.0,"turns":3.0},{"damage":0.0,"enemies":"2 Louse","floor":2.0,"turns":3.0},{"damage":9.0,"enemies":"Jaw Worm","floor":3.0,"turns":5.0},{"damage":26.0,"enemies":"Lots of Slimes","floor":4.0,"turns":7.0},{"damage":20.0,"enemies":"Exordium Wildlife","floor":5.0,"turns":7.0},{"damage":2.0,"enemies":"Blue Slaver","floor":8.0,"turns":6.0},{"damage":23.0,"enemies":"Large Slime","floor":12.0,"turns":10.0},{"damage":11.0,"enemies":"Lagavulin","floor":13.0,"turns":6.0},{"damage":35.0,"enemies":"Exordium Thugs","floor":14.0,"turns":8.0},{"damage":12.0,"enemies":"The Guardian","floor":16.0,"turns":9.0},{"damage":17,"enemies":"2 Thieves","floor":18,"turns":3},{"damage":48,"enemies":"3 Byrds","floor":21,"turns":6},{"damage":0,"enemies":"Gremlin Leader","floor":24,"turns":8},{"damage":40,"enemies":"3 Cultists","floor":25,"turns":6},{"damage":14,"enemies":"Book of Stabbing","floor":31,"turns":4},{"damage":54,"enemies":"Collector","floor":33,"turns":7}],"seed_played":"5398253857228096380","potions_obtained":[{"floor":1.0,"key":"Regen Potion"},{"floor":8.0,"key":"Dexterity Potion"},{"floor":13.0,"key":"Regen Potion"},{"floor":16.0,"key":"SkillPotion"}],"is_trial":false,"path_per_floor":["M","M","M","M","M","R","?","M","T","R","?","M","E","M","R","B",null,"M","$","?","M","?","R","E","M","T","R","$","R","?","E","R","B"],"character_chosen":"IRONCLAD","items_purchased":["PreservedInsect"],"campfire_rested":3,"item_purchase_floors":[19],"current_hp_per_floor":[68,74,71,65,51,51,51,55,55,55,55,38,40,26,26,20,67,56,56,56,14,14,38,44,10,10,34,34,34,34,26,50,0,0],"gold":251,"neow_bonus":"HUNDRED_GOLD","is_daily":false,"chose_seed":false,"campfire_upgraded":4,"win_rate":0.0,"timestamp":1609138224,"path_taken":["M","M","?","?","M","R","?","M","T","R","?","?","E","M","R","BOSS","M","$","?","M","?","R","E","M","T","R","?","R","?","E","R","BOSS"],"items_purchased_type":["Relic"],"build_version":"2020-12-22","purchased_purges":2,"victory":false,"max_hp_per_floor":[75,75,75,75,75,75,75,75,75,75,75,75,82,82,82,82,82,82,82,82,82,82,82,82,82,82,82,82,82,82,82,82,82,82],"relic_stats":{"Sozu":2,"counters":[16,98],"PreservedInsect":92,"War Paint":["Defend_R","Defend_R"],"obtain_stats":[{"Sozu":17,"Strawberry":13,"PreservedInsect":19,"Omamori":26,"War Paint":24,"Burning Blood":0,"Unceasing Top":31},{"Sozu":10,"Strawberry":8,"PreservedInsect":11,"Omamori":14,"War Paint":13,"Burning Blood":0,"Unceasing Top":15},{"Sozu":64,"Strawberry":47,"PreservedInsect":67,"Omamori":87,"War Paint":81,"Burning Blood":0,"Unceasing Top":91}],"Burning Blood":90,"Unceasing Top":[0]},"card_choices":[{"not_picked":["Body Slam","Perfected Strike"],"picked":"Metallicize","floor":1.0},{"not_picked":["Thunderclap","Wild Strike"],"picked":"Armaments","floor":2.0},{"not_picked":["True Grit","Warcry","Thunderclap"],"picked":"SKIP","floor":4.0},{"not_picked":["Dark Embrace","Heavy Blade","Havoc"],"picked":"SKIP","floor":5.0},{"not_picked":["Anger","Wild Strike"],"picked":"Pommel Strike","floor":8.0},{"not_picked":["Armaments","Feel No Pain"],"picked":"Demon Form","floor":12.0},{"not_picked":["Cleave","Pommel Strike"],"picked":"Shrug It Off","floor":13.0},{"not_picked":["Iron Wave","Dual Wield","Havoc"],"picked":"SKIP","floor":14.0},{"not_picked":["Brutality","Reaper"],"picked":"Immolate","floor":16.0},{"not_picked":["Thunderclap","True Grit"],"picked":"Feel No Pain+1","floor":21},{"not_picked":["Infernal Blade","Clothesline","Perfected Strike"],"picked":"SKIP","floor":24},{"not_picked":["Wild Strike","Thunderclap+1"],"picked":"Shockwave+1","floor":25},{"not_picked":["Sword Boomerang","Immolate"],"picked":"Power Through","floor":31}],"player_experience":3286625,"relics_obtained":[{"floor":13.0,"key":"Strawberry"},{"floor":24,"key":"War Paint"},{"floor":26,"key":"Omamori"},{"floor":31,"key":"Unceasing Top"}],"event_choices":[{"damage_healed":0.0,"max_hp_gain":0.0,"max_hp_loss":0.0,"gold_gain":0.0,"event_name":"Liars Game","player_choice":"Ignored","floor":7.0,"gold_loss":0.0,"damage_taken":0.0},{"damage_healed":0.0,"max_hp_gain":0.0,"max_hp_loss":0.0,"gold_gain":0.0,"cards_transformed":["Strike_R"],"event_name":"Transmorgrifier","player_choice":"Transformed","floor":11.0,"gold_loss":0.0,"damage_taken":0.0,"cards_obtained":["Sentinel"]},{"damage_healed":0,"gold_gain":0,"player_choice":"Ignored","damage_taken":0,"max_hp_gain":0,"max_hp_loss":0,"event_name":"Ghosts","floor":20,"gold_loss":0},{"damage_healed":0,"gold_gain":0,"player_choice":"Read","damage_taken":0,"max_hp_gain":0,"max_hp_loss":0,"event_name":"The Library","floor":22,"gold_loss":0,"cards_obtained":["Evolve"]},{"damage_healed":0,"gold_gain":0,"player_choice":"Upgraded","damage_taken":0,"max_hp_gain":0,"max_hp_loss":0,"event_name":"Upgrade Shrine","floor":30,"gold_loss":0,"cards_upgraded":["Immolate"]}],"is_beta":false,"boss_relics":[{"not_picked":["Ectoplasm","Mark of Pain"],"picked":"Sozu"}],"items_purged_floors":[19,28],"is_endless":false,"potions_floor_spawned":[1,8,13,16,24,25],"killed_by":"Collector","ascension_level":20}}