{"host":"sav7uxregyirlf69","time":1609169342,"event":{"mods":["AchievementEnabler","BaseMod","Colored Map","DeckTracker","Keyboard Shortcuts","Minty Spire (QoL Compilation)","READ ME - Guardian Mod","StSLib","SuperFastMode"],"gold_per_floor":[19,19,35,46,46,80,5,5,53,53,53,53,80,100,100,196,196,215,231,246,47,47,47,75,75,75,101,115,149,86,11,11,11,115,115,129,141,156,156,182,182,212,226,226,226,276,288,214,214,214,214],"floor_reached":52,"playtime":896,"items_purged":["Demon Form","Carnage","Impervious","Feed","Defend_R"],"score":821,"play_id":"8afa48e8-c121-4f1c-9ce4-55cfa93ea477","local_time":"20201229002902","is_ascension_mode":false,"campfire_choices":[{"data":"Perfected Strike","floor":8.0,"key":"SMITH"},{"data":"Shrug It Off","floor":12.0,"key":"SMITH"},{"data":"Bash","floor":15.0,"key":"SMITH"},{"data":"Perfected Strike","floor":23.0,"key":"SMITH"},{"floor":25.0,"key":"REST"},{"floor":33.0,"key":"REST"},{"floor":41.0,"key":"REST"},{"data":"Strike_R","floor":45.0,"key":"SMITH"},{"data":"Defend_R","floor":50,"key":"SMITH"}],"circlet_count":0,"master_deck":["Strike_R","Strike_R","Strike_R+1","Strike_R+1","Strike_R+1","Defend_R+1","Defend_R","Defend_R","Bash+1","Shrug It Off+1","Perfected Strike+1","Perfected Strike+1","Perfected Strike+1","Pommel Strike+1","Wild Strike+1"],"relics":["Burning Blood","MealTicket","Self Forming Clay","Snecko Eye","Membership Card","Nilry\u0027s Codex","Mummified Hand","Bottled Flame","Vajra","StoneCalendar","Philosopher\u0027s Stone","Smiling Mask","Lantern","Unceasing Top","Torii"],"acts_visited":["Exordium","TheCity","TheBeyond"],"potions_floor_usage":[51,51,51],"damage_taken":[{"damage":2.0,"enemies":"2 Louse","floor":1.0,"turns":3.0},{"damage":1.0,"enemies":"Cultist","floor":3.0,"turns":4.0},{"damage":10.0,"enemies":"Small Slimes","floor":4.0,"turns":3.0},{"damage":13.0,"enemies":"Lagavulin","floor":6.0,"turns":5.0},{"damage":3.0,"enemies":"3 Sentries","floor":13.0,"turns":5.0},{"damage":0.0,"enemies":"Looter","floor":14.0,"turns":2.0},{"damage":46.0,"enemies":"Hexaghost","floor":16.0,"turns":7.0},{"damage":0.0,"enemies":"Shell Parasite","floor":18.0,"turns":2.0},{"damage":10.0,"enemies":"Spheric Guardian","floor":19.0,"turns":3.0},{"damage":5.0,"enemies":"Snecko","floor":20.0,"turns":3.0},{"damage":46.0,"enemies":"Book of Stabbing","floor":24.0,"turns":6.0},{"damage":0.0,"enemies":"Gremlin Leader","floor":27.0,"turns":3.0},{"damage":10.0,"enemies":"Snake Plant","floor":28.0,"turns":2.0},{"damage":13.0,"enemies":"Book of Stabbing","floor":29.0,"turns":4.0},{"damage":11.0,"enemies":"Champ","floor":34.0,"turns":7.0},{"damage":11.0,"enemies":"Orb Walker","floor":36.0,"turns":2.0},{"damage":16.0,"enemies":"3 Shapes","floor":37.0,"turns":3.0},{"damage":39.0,"enemies":"Maw","floor":38.0,"turns":5.0},{"damage":10.0,"enemies":"Reptomancer","floor":42.0,"turns":5.0},{"damage":0.0,"enemies":"Jaw Worm Horde","floor":43.0,"turns":2.0},{"damage":0.0,"enemies":"Mind Bloom Boss Battle","floor":46.0,"turns":2.0},{"damage":12.0,"enemies":"Spire Growth","floor":47.0,"turns":2.0},{"damage":60,"enemies":"Donu and Deca","floor":51,"turns":8}],"seed_played":"-4361582136954464574","potions_obtained":[{"floor":1.0,"key":"Swift Potion"},{"floor":4.0,"key":"DuplicationPotion"},{"floor":6.0,"key":"HeartOfIron"},{"floor":19.0,"key":"BloodPotion"},{"floor":24.0,"key":"BlessingOfTheForge"},{"floor":27.0,"key":"SpeedPotion"},{"floor":29.0,"key":"Fire Potion"},{"floor":38.0,"key":"SteroidPotion"}],"is_trial":false,"path_per_floor":["M","?","M","M","?","E","$","R","T","?","?","R","E","M","R","B",null,"M","M","M","$","?","R","E","R","T","E","M","E","$","$","?","R","B",null,"M","M","M","?","T","R","E","M","T","R","?","M","$","?","R","B",null],"character_chosen":"IRONCLAD","items_purchased":["Membership Card","SkillPotion"],"campfire_rested":3,"item_purchase_floors":[21,48],"current_hp_per_floor":[80,72,77,73,73,66,66,66,66,50,55,55,58,64,64,24,85,85,81,82,85,69,69,29,54,54,63,59,55,70,85,85,91,86,91,86,76,61,61,61,86,82,86,86,86,86,80,86,86,86,32],"gold":214,"neow_bonus":"THREE_RARE_CARDS","is_daily":false,"chose_seed":false,"campfire_upgraded":6,"win_rate":0.0,"timestamp":1609169342,"path_taken":["M","?","?","M","?","E","$","R","T","?","?","R","E","M","R","BOSS","M","M","M","$","?","R","E","R","T","E","M","E","$","$","?","R","BOSS","M","M","M","?","?","R","E","M","T","R","?","M","$","?","R","BOSS"],"items_purchased_type":["Relic","Potion"],"build_version":"2020-12-22","purchased_purges":5,"victory":true,"max_hp_per_floor":[80,80,80,80,80,80,80,80,80,80,85,85,85,85,85,85,85,85,85,85,85,85,85,85,85,85,88,88,91,91,91,91,91,91,91,91,91,91,86,86,86,86,86,86,86,86,86,86,86,86,86],"card_choices":[{"not_picked":["Exhume","Barricade"],"picked":"Demon Form","floor":0.0},{"not_picked":["Entrench","Thunderclap"],"picked":"Shrug It Off","floor":1.0},{"not_picked":["Havoc","Uppercut"],"picked":"Perfected Strike","floor":3.0},{"not_picked":["Body Slam","Clash"],"picked":"Carnage","floor":4.0},{"not_picked":["Armaments","Cleave"],"picked":"Perfected Strike","floor":6.0},{"not_picked":["Intimidate","Thunderclap","Inflame"],"picked":"SKIP","floor":13.0},{"not_picked":["Rage","True Grit","Exhume"],"picked":"SKIP","floor":14.0},{"not_picked":["Limit Break","Immolate"],"picked":"Feed","floor":16.0},{"not_picked":["Sever Soul","Clash+1"],"picked":"Perfected Strike","floor":18.0},{"not_picked":["Whirlwind","Clothesline","Thunderclap"],"picked":"SKIP","floor":19.0},{"not_picked":["Clothesline","Reckless Charge","Anger+1"],"picked":"SKIP","floor":20.0},{"not_picked":["Reckless Charge","Havoc+1","Pummel"],"picked":"SKIP","floor":24.0},{"not_picked":["Clash","Fiend Fire","Entrench"],"picked":"SKIP","floor":27.0},{"not_picked":["Sword Boomerang","Bloodletting","Twin Strike"],"picked":"SKIP","floor":28.0},{"not_picked":["Sword Boomerang","Bloodletting","Twin Strike"],"picked":"SKIP","floor":28.0},{"not_picked":["Twin Strike","Rupture"],"picked":"Impervious","floor":29.0},{"not_picked":["Sentinel","Clash"],"picked":"Pommel Strike+1","floor":36.0},{"not_picked":["Armaments+1","Demon Form","Infernal Blade+1"],"picked":"SKIP","floor":37.0},{"not_picked":["Heavy Blade+1","Rage","Iron Wave"],"picked":"SKIP","floor":38.0},{"not_picked":["Flame Barrier+1","Sword Boomerang+1"],"picked":"Wild Strike+1","floor":42.0},{"not_picked":["Uppercut+1","Sword Boomerang","Shrug It Off"],"picked":"SKIP","floor":43.0},{"not_picked":["Warcry","Evolve+1","Body Slam+1"],"picked":"SKIP","floor":47.0}],"player_experience":1037557,"relics_obtained":[{"floor":9.0,"key":"MealTicket"},{"floor":13.0,"key":"Self Forming Clay"},{"floor":22.0,"key":"Nilry\u0027s Codex"},{"floor":24.0,"key":"Mummified Hand"},{"floor":26.0,"key":"Bottled Flame"},{"floor":27.0,"key":"Vajra"},{"floor":29.0,"key":"StoneCalendar"},{"floor":40.0,"key":"Smiling Mask"},{"floor":42.0,"key":"Lantern"},{"floor":44.0,"key":"Unceasing Top"},{"floor":46.0,"key":"Torii"}],"event_choices":[{"damage_healed":0.0,"max_hp_gain":0.0,"max_hp_loss":0.0,"gold_gain":0.0,"event_name":"Wheel of Change","player_choice":"Damaged","floor":2.0,"gold_loss":0.0,"damage_taken":8.0},{"damage_healed":0.0,"max_hp_gain":0.0,"max_hp_loss":0.0,"gold_gain":0.0,"event_name":"Living Wall","player_choice":"Grow","floor":5.0,"gold_loss":0.0,"damage_taken":0.0,"cards_upgraded":["Perfected Strike"]},{"damage_healed":0.0,"max_hp_gain":0.0,"max_hp_loss":0.0,"gold_gain":0.0,"event_name":"Shining Light","player_choice":"Entered Light","floor":10.0,"gold_loss":0.0,"damage_taken":16.0,"cards_upgraded":["Strike_R","Strike_R"]},{"damage_healed":0.0,"max_hp_gain":5.0,"max_hp_loss":0.0,"gold_gain":0.0,"event_name":"Big Fish","player_choice":"Donut","floor":11.0,"gold_loss":0.0,"damage_taken":0.0},{"damage_healed":0.0,"max_hp_gain":0.0,"max_hp_loss":0.0,"gold_gain":0.0,"event_name":"Cursed Tome","player_choice":"Obtained Book","floor":22.0,"gold_loss":0.0,"damage_taken":16.0},{"damage_healed":0.0,"max_hp_gain":0.0,"max_hp_loss":0.0,"gold_gain":0.0,"event_name":"Vampires","player_choice":"Ignored","floor":32.0,"gold_loss":0.0,"damage_taken":0.0},{"damage_healed":0.0,"max_hp_gain":0.0,"max_hp_loss":5.0,"gold_gain":0.0,"event_name":"Winding Halls","player_choice":"Max HP","floor":39.0,"gold_loss":0.0,"damage_taken":0.0},{"damage_healed":0.0,"max_hp_gain":0.0,"max_hp_loss":0.0,"gold_gain":0.0,"event_name":"MindBloom","player_choice":"Fight","floor":46.0,"gold_loss":0.0,"damage_taken":0.0},{"damage_healed":0,"gold_gain":0,"player_choice":"Memory 1","damage_taken":0,"max_hp_gain":0,"max_hp_loss":0,"event_name":"SensoryStone","floor":49,"gold_loss":0}],"is_beta":false,"boss_relics":[{"not_picked":["Runic Dome","Fusion Hammer"],"picked":"Snecko Eye"},{"not_picked":["Pandora\u0027s Box","Busted Crown"],"picked":"Philosopher\u0027s Stone"}],"items_purged_floors":[7,21,30,31,48],"is_endless":false,"potions_floor_spawned":[1,4,6,19,24,27,29,36,38,42,46],"ascension_level":0}}