{"host":"qj91dvco5uhu9oti","time":1609159747,"event":{"mods":["BaseMod","Colored Map","Keyboard Shortcuts","Minty Spire (QoL Compilation)","Permanent Neow","Quick Restart","Relic Stats","StSLib","SuperFastMode","everything is the same but u backflip on backflip"],"gold_per_floor":[115,11,21,35,46,80,80,107,107,107,126,126,139,174,174,278,278,288,300,300,225,241,241,269,283,309,21,21,21,36,54,54,159,159,174,174,26,44,62,62,95,110,136,90,107,127,152,152,152,152],"floor_reached":51,"playtime":1574,"items_purged":["Strike_B","Strike_B"],"score":1289,"play_id":"9b659c59-037f-47fa-a274-103ea8f1332c","local_time":"20201228214907","is_ascension_mode":true,"campfire_choices":[{"data":"Zap","floor":7.0,"key":"SMITH"},{"data":"Chill","floor":12.0,"key":"SMITH"},{"data":"Strike_B","floor":15.0,"key":"PURGE"},{"floor":23.0,"key":"REST"},{"data":"Buffer","floor":28.0,"key":"SMITH"},{"floor":32.0,"key":"REST"},{"data":"Scrape","floor":40,"key":"SMITH"},{"floor":49,"key":"REST"}],"circlet_count":0,"master_deck":["AscendersBane","Defend_B","Defend_B+1","Defend_B","Dualcast+1","Conserve Battery","Gash","Go for the Eyes","Rebound","Chill+1","Beam Cell","Scrape+1","Steam+1","Buffer+1","Gash","All For One","Beam Cell","Skim+1","Go for the Eyes+1","Master of Strategy+1","Steam+1","Fission+1","FTL+1","Hologram+1","Good Instincts+1","Hologram+1","Buffer+1","Gash","Hologram+1"],"relics":["Cracked Core","Lizard Tail","Peace Pipe","Toxic Egg 2","Letter Opener","Singing Bowl","Runic Pyramid","Ornamental Fan","Lantern","Frozen Egg 2","War Paint","Pen Nib"],"acts_visited":["Exordium","TheCity","TheBeyond"],"potions_floor_usage":[],"damage_taken":[{"damage":0.0,"enemies":"Small Slimes","floor":1.0,"turns":3.0},{"damage":0.0,"enemies":"2 Louse","floor":3.0,"turns":2.0},{"damage":2.0,"enemies":"Cultist","floor":4.0,"turns":4.0},{"damage":4.0,"enemies":"Red Slaver","floor":5.0,"turns":3.0},{"damage":9.0,"enemies":"3 Sentries","floor":6.0,"turns":7.0},{"damage":21.0,"enemies":"Gremlin Nob","floor":8.0,"turns":5.0},{"damage":0.0,"enemies":"Exordium Wildlife","floor":11.0,"turns":2.0},{"damage":4.0,"enemies":"2 Fungi Beasts","floor":13.0,"turns":3.0},{"damage":9.0,"enemies":"3 Sentries","floor":14.0,"turns":7.0},{"damage":22.0,"enemies":"Hexaghost","floor":16.0,"turns":11.0},{"damage":7.0,"enemies":"2 Thieves","floor":18.0,"turns":3.0},{"damage":15.0,"enemies":"Shell Parasite","floor":19.0,"turns":6.0},{"damage":0.0,"enemies":"Cultist and Chosen","floor":22.0,"turns":4.0},{"damage":28.0,"enemies":"Gremlin Leader","floor":24.0,"turns":7.0},{"damage":7.0,"enemies":"Snake Plant","floor":25.0,"turns":5.0},{"damage":0.0,"enemies":"Sentry and Sphere","floor":30.0,"turns":4.0},{"damage":0.0,"enemies":"Cultist and Chosen","floor":31.0,"turns":4.0},{"damage":0.0,"enemies":"Champ","floor":33.0,"turns":7.0},{"damage":4,"enemies":"3 Shapes","floor":35,"turns":3},{"damage":0,"enemies":"3 Darklings","floor":38,"turns":2},{"damage":0,"enemies":"4 Shapes","floor":39,"turns":3},{"damage":0,"enemies":"Nemesis","floor":41,"turns":7},{"damage":0,"enemies":"Sphere and 2 Shapes","floor":42,"turns":5},{"damage":6,"enemies":"Spire Growth","floor":45,"turns":3},{"damage":30,"enemies":"4 Shapes","floor":46,"turns":4},{"damage":0,"enemies":"Giant Head","floor":47,"turns":7},{"damage":17,"enemies":"Time Eater","floor":50,"turns":8}],"seed_played":"5771425612639686420","potions_obtained":[{"floor":3.0,"key":"Explosive Potion"},{"floor":4.0,"key":"LiquidMemories"},{"floor":5.0,"key":"SteroidPotion"},{"floor":16.0,"key":"Explosive Potion"},{"floor":18.0,"key":"SteroidPotion"},{"floor":24.0,"key":"LiquidMemories"}],"is_trial":false,"path_per_floor":["M","$","M","M","M","E","R","E","T","?","M","R","M","E","R","B",null,"M","M","?","$","M","R","E","M","T","$","R","$","M","M","R","B",null,"M","?","$","M","M","R","E","M","T","$","M","M","E","?","R","B",null],"character_chosen":"DEFECT","items_purchased":["Gash","Go for the Eyes","Master of Strategy+1","Hologram+1","Good Instincts+1","Hologram+1"],"campfire_rested":3,"item_purchase_floors":[2,2,27,37,37,44],"current_hp_per_floor":[68,68,68,66,62,53,53,32,32,25,25,25,21,12,12,24,57,50,37,37,37,39,60,32,27,27,27,27,27,29,29,51,51,70,66,66,66,68,68,68,68,68,68,68,64,36,38,38,63,46],"gold":152,"neow_bonus":"ONE_RARE_RELIC","is_daily":false,"chose_seed":false,"campfire_upgraded":4,"win_rate":0.0,"timestamp":1609159747,"path_taken":["M","$","M","M","M","E","R","E","T","?","M","R","M","E","R","BOSS","M","M","?","$","M","R","E","?","T","?","R","$","M","M","R","BOSS","M","?","$","M","M","R","E","M","T","$","M","M","E","?","R","BOSS"],"items_purchased_type":["Card","Card","Card","Card","Card","Card"],"build_version":"2020-12-22","purchased_purges":2,"victory":true,"max_hp_per_floor":[68,68,68,68,68,68,68,68,68,68,68,68,68,68,68,68,68,68,70,70,70,72,72,72,74,74,74,74,74,76,76,76,76,76,76,76,76,78,78,78,78,78,78,78,80,82,84,84,84,84],"relic_stats":{"Peace Pipe":2,"Lizard Tail":34,"Singing Bowl":16,"counters":[27,129],"Ornamental Fan":[312],"Pen Nib":[3],"Letter Opener":[347],"War Paint":["Dualcast","Defend_B"],"obtain_stats":[{"Peace Pipe":6,"Lizard Tail":0,"Lantern":26,"Singing Bowl":14,"Ornamental Fan":24,"Pen Nib":47,"Letter Opener":9,"Toxic Egg 2":8,"Frozen Egg 2":41,"War Paint":43,"Cracked Core":0,"Runic Pyramid":17},{"Peace Pipe":5,"Lizard Tail":0,"Lantern":15,"Singing Bowl":9,"Ornamental Fan":14,"Pen Nib":26,"Letter Opener":6,"Toxic Egg 2":6,"Frozen Egg 2":22,"War Paint":23,"Cracked Core":0,"Runic Pyramid":10},{"Peace Pipe":19,"Lizard Tail":0,"Lantern":72,"Singing Bowl":36,"Ornamental Fan":67,"Pen Nib":121,"Letter Opener":24,"Toxic Egg 2":24,"Frozen Egg 2":102,"War Paint":107,"Cracked Core":0,"Runic Pyramid":47}]},"card_choices":[{"not_picked":["Streamline","Scrape"],"picked":"Conserve Battery","floor":1.0},{"not_picked":["Blizzard","Hello World"],"picked":"Rebound","floor":3.0},{"not_picked":["Conserve Battery","Go for the Eyes","Leap"],"picked":"SKIP","floor":4.0},{"not_picked":["Leap","Compile Driver"],"picked":"Chill","floor":5.0},{"not_picked":["Darkness","Turbo"],"picked":"Beam Cell","floor":6.0},{"not_picked":["Sweeping Beam","Stack+1"],"picked":"Scrape","floor":8.0},{"not_picked":["Redo+1","Rebound"],"picked":"Steam+1","floor":11.0},{"not_picked":["Conserve Battery+1","Beam Cell"],"picked":"Buffer","floor":13.0},{"not_picked":["Compile Driver","Doom and Gloom"],"picked":"Gash","floor":14.0},{"not_picked":["Seek+1","Electrodynamics"],"picked":"All For One","floor":16.0},{"not_picked":["Redo+1","Rebound+1"],"picked":"Beam Cell","floor":18.0},{"not_picked":["Aggregate+1","Redo+1","Sweeping Beam"],"picked":"Singing Bowl","floor":19.0},{"not_picked":["Redo+1","Hello World+1","Coolheaded+1"],"picked":"Singing Bowl","floor":22.0},{"not_picked":["Leap+1","Creative AI"],"picked":"Go for the Eyes+1","floor":24.0},{"not_picked":["Conserve Battery+1","Beam Cell","Ball Lightning"],"picked":"Singing Bowl","floor":25.0},{"not_picked":["Doom and Gloom","Streamline","Rebound"],"picked":"Singing Bowl","floor":30.0},{"not_picked":["Beam Cell","Heatsinks"],"picked":"Steam+1","floor":31.0},{"not_picked":["Electrodynamics","Meteor Strike"],"picked":"Fission+1","floor":33.0},{"not_picked":["Redo+1","Stack+1"],"picked":"FTL+1","floor":35},{"not_picked":["Barrage+1","Go for the Eyes","Conserve Battery+1"],"picked":"Singing Bowl","floor":38},{"not_picked":["Steam+1","Beam Cell"],"picked":"Hologram+1","floor":39},{"not_picked":["Steam Power+1","Darkness+1"],"picked":"Buffer+1","floor":41},{"not_picked":["Undo+1","Cold Snap"],"picked":"Gash","floor":42},{"not_picked":["Rebound+1","Redo+1","Glacier+1"],"picked":"Singing Bowl","floor":45},{"not_picked":["Hologram+1","Cold Snap","Coolheaded+1"],"picked":"Singing Bowl","floor":46},{"not_picked":["Barrage+1","Ball Lightning","Genetic Algorithm+1"],"picked":"Singing Bowl","floor":47}],"player_experience":319179,"relics_obtained":[{"floor":6.0,"key":"Peace Pipe"},{"floor":8.0,"key":"Toxic Egg 2"},{"floor":9.0,"key":"Letter Opener"},{"floor":14.0,"key":"Singing Bowl"},{"floor":24.0,"key":"Ornamental Fan"},{"floor":26.0,"key":"Lantern"},{"floor":41,"key":"Frozen Egg 2"},{"floor":43,"key":"War Paint"},{"floor":47,"key":"Pen Nib"}],"event_choices":[{"cards_removed":["Strike_B"],"damage_healed":0.0,"max_hp_gain":0.0,"max_hp_loss":0.0,"gold_gain":0.0,"event_name":"Golden Wing","player_choice":"Card Removal","floor":10.0,"gold_loss":0.0,"damage_taken":7.0},{"damage_healed":0.0,"max_hp_gain":0.0,"max_hp_loss":0.0,"gold_gain":0.0,"cards_transformed":["Defend_B"],"event_name":"Transmorgrifier","player_choice":"Transformed","floor":20.0,"gold_loss":0.0,"damage_taken":0.0,"cards_obtained":["Skim"]},{"damage_healed":0,"gold_gain":0,"player_choice":"Ignored","damage_taken":0,"max_hp_gain":0,"max_hp_loss":0,"event_name":"Tomb of Lord Red Mask","floor":36,"gold_loss":0},{"cards_removed":["Zap"],"damage_healed":0,"gold_gain":0,"player_choice":"Removed Skill","damage_taken":0,"max_hp_gain":0,"max_hp_loss":0,"event_name":"Falling","floor":48,"gold_loss":0}],"is_beta":false,"boss_relics":[{"not_picked":["SacredBark","Astrolabe"],"picked":"Runic Pyramid"},{"not_picked":["Runic Dome","Velvet Choker","Pandora\u0027s Box"]}],"items_purged_floors":[21,27],"is_endless":false,"potions_floor_spawned":[3,4,5,8,11,16,18,24,31,33,41,46,47],"ascension_level":10}}