{"host":"z9811rt50ti81n54","time":1609141930,"event":{"mods":["BaseMod","Minty Spire (QoL Compilation)"],"gold_per_floor":[112,131,17,37,57,57,71,103,184,214,224,0,0,0,0,101,101,113,16,35,35,35,67,82,95,95,95,95,95],"floor_reached":28,"playtime":1194,"items_purged":["Zap"],"score":313,"play_id":"0f3c363c-848d-4c74-add9-2b462ada24ca","local_time":"20201228165210","is_ascension_mode":true,"campfire_choices":[{"data":"Streamline","floor":6,"key":"SMITH"},{"floor":13,"key":"REST"},{"floor":15,"key":"REST"}],"circlet_count":0,"master_deck":["Defend_B","Defend_B","Defend_B","Dualcast","Capacitor","BootSequence","FTL","Gash","Streamline+1","Consume","Seek","Coolheaded","Reboot","Doom and Gloom","Recycle","Ball Lightning","Core Surge","Conserve Battery","Skim","Sweeping Beam","Steam","Machine Learning","Compile Driver+1","Lockon+1","Undo+1","Gash","Cold Snap+1","Core Surge","Gash+1"],"relics":["Cracked Core","Boot","Question Card","StoneCalendar","Orrery","Astrolabe","Centennial Puzzle","Ice Cream"],"acts_visited":["Exordium","TheCity"],"potions_floor_usage":[8,8,10,20,25,28,28],"damage_taken":[{"damage":0,"enemies":"Cultist","floor":1,"turns":2},{"damage":2,"enemies":"Jaw Worm","floor":2,"turns":3},{"damage":0,"enemies":"Small Slimes","floor":4,"turns":3},{"damage":0,"enemies":"Looter","floor":5,"turns":2},{"damage":0,"enemies":"2 Fungi Beasts","floor":7,"turns":3},{"damage":20,"enemies":"Gremlin Nob","floor":8,"turns":4},{"damage":14,"enemies":"3 Sentries","floor":10,"turns":7},{"damage":9,"enemies":"Exordium Wildlife","floor":11,"turns":3},{"damage":27,"enemies":"The Guardian","floor":16,"turns":7},{"damage":10,"enemies":"Shell Parasite","floor":18,"turns":7},{"damage":17,"enemies":"2 Thieves","floor":20,"turns":4},{"damage":32,"enemies":"Gremlin Leader","floor":23,"turns":8},{"damage":17,"enemies":"Snecko","floor":24,"turns":4},{"damage":4,"enemies":"Chosen and Byrds","floor":25,"turns":4},{"damage":5,"enemies":"Book of Stabbing","floor":28,"turns":4}],"seed_played":"-3685830391994944065","potions_obtained":[{"floor":1,"key":"BlessingOfTheForge"},{"floor":4,"key":"Swift Potion"},{"floor":7,"key":"Explosive Potion"},{"floor":11,"key":"EssenceOfDarkness"},{"floor":22,"key":"PotionOfCapacity"},{"floor":22,"key":"FairyPotion"},{"floor":22,"key":"LiquidBronze"},{"floor":23,"key":"SpeedPotion"},{"floor":24,"key":"Strength Potion"},{"floor":25,"key":"LiquidMemories"}],"is_trial":false,"path_per_floor":["M","M","$","M","M","R","M","E","T","E","M","$","R","$","R","B",null,"M","$","M","?","?","E","M","M","T","$","E"],"character_chosen":"DEFECT","items_purchased":["FTL","Gash","Orrery","Sweeping Beam","Steam","Gash"],"campfire_rested":2,"item_purchase_floors":[3,3,12,12,12,19],"current_hp_per_floor":[54,52,52,52,52,52,52,32,32,18,9,9,31,31,53,26,63,53,53,36,22,22,24,7,3,3,3,0,0],"gold":95,"neow_bonus":"REMOVE_TWO","is_daily":false,"chose_seed":false,"campfire_upgraded":1,"win_rate":0.0,"timestamp":1609141930,"path_taken":["M","M","$","?","M","R","M","E","T","E","M","$","R","?","R","BOSS","M","$","M","?","?","E","?","M","T","?","E"],"items_purchased_type":["Card","Card","Relic","Card","Card","Card"],"build_version":"2020-12-22","purchased_purges":1,"victory":false,"max_hp_per_floor":[75,75,75,75,75,75,75,75,75,75,75,75,75,75,75,75,75,75,75,75,80,80,80,80,80,80,80,80,80],"card_choices":[{"not_picked":["Barrage","Reprogram"],"picked":"Capacitor","floor":1},{"not_picked":["Reprogram","Darkness"],"picked":"BootSequence","floor":2},{"not_picked":["Gash","Rebound"],"picked":"Streamline","floor":4},{"not_picked":["Leap","Sweeping Beam"],"picked":"Consume","floor":5},{"not_picked":["Sweeping Beam","Rebound"],"picked":"Seek","floor":7},{"not_picked":["Conserve Battery","Barrage"],"picked":"Coolheaded","floor":8},{"not_picked":["Recycle","Blizzard","BootSequence"],"picked":"Reboot","floor":10},{"not_picked":["Fusion","Cold Snap","Streamline"],"picked":"Doom and Gloom","floor":11},{"not_picked":["Streamline","Redo","Heatsinks"],"picked":"Recycle","floor":12},{"not_picked":["Rebound","Go for the Eyes","Streamline"],"picked":"Ball Lightning","floor":12},{"not_picked":["Gash","Tempest","Hologram"],"picked":"Core Surge","floor":12},{"not_picked":["Darkness","Stack","Doom and Gloom"],"picked":"Conserve Battery","floor":12},{"not_picked":["Gash","Hello World","Conserve Battery"],"picked":"Skim","floor":12},{"not_picked":["Reboot","Fission","Buffer"],"picked":"Machine Learning","floor":16},{"not_picked":["Sunder","Darkness","Turbo","Scrape"],"picked":"SKIP","floor":18},{"not_picked":["Barrage","Ball Lightning","Steam"],"picked":"Cold Snap+1","floor":20},{"not_picked":["Capacitor","Ball Lightning","Turbo"],"picked":"Core Surge","floor":23},{"not_picked":["Barrage+1","Reprogram","Go for the Eyes"],"picked":"Gash+1","floor":24},{"not_picked":["Compile Driver","Cold Snap","Stack","Reprogram"],"picked":"SKIP","floor":25}],"player_experience":247224,"relics_obtained":[{"floor":8,"key":"Boot"},{"floor":9,"key":"Question Card"},{"floor":10,"key":"StoneCalendar"},{"floor":23,"key":"Centennial Puzzle"},{"floor":26,"key":"Ice Cream"}],"event_choices":[{"damage_healed":0,"gold_gain":0,"player_choice":"Shed Blood","damage_taken":19,"max_hp_gain":5,"max_hp_loss":0,"event_name":"Forgotten Altar","floor":21,"gold_loss":0},{"damage_healed":0,"gold_gain":0,"player_choice":"Got Potions","damage_taken":0,"max_hp_gain":0,"max_hp_loss":0,"event_name":"Lab","floor":22,"gold_loss":0}],"is_beta":false,"boss_relics":[{"not_picked":["Cursed Key","Coffee Dripper"],"picked":"Astrolabe"}],"items_purged_floors":[19],"is_endless":false,"potions_floor_spawned":[1,4,7,11,23,24,25],"killed_by":"Book of Stabbing","ascension_level":5}}