{"host":"88gj1a6q1iuldet9","time":1609183306,"event":{"mods":["Act Like it!","BaseMod","Better Note","Better Third Choice","BetterRewards","Conspire","Downfall","Energized Spire","Gensokyo","GungeonMod","Hubris","Jorbs\u0027s Wanderer Trilogy","Luminous","Magitek Elite","Melee Mod","Minty Spire (QoL Compilation)","Quick Restart","Reimu??????","Replay The Spire","Robot Space Explorer","Shop Mod","StSLib","The Dragon Tamer","The Hayseed","The Marked","The Mystic","The Necromancer","The Problem Sleuth","The Runesmith","The Sage","TheArtist","TheFirefly","Wandering Minibosses","Yuri Mod"],"gold_per_floor":[111,124,139,150,26,26,52,153,204,220,235,30,64,24,24,24,24],"floor_reached":16,"playtime":1915,"items_purged":["TheSimpletonMod:Strike_TheSimpleton"],"score":137,"play_id":"57e0eae6-44ad-4280-940c-d455d765cef5","local_time":"20201228142146","is_ascension_mode":false,"campfire_choices":[{"data":"TheSimpletonMod:Aerate","floor":6,"key":"SMITH"},{"data":"TheSimpletonMod:StockTheCellar","floor":15,"key":"SMITH"}],"circlet_count":0,"master_deck":["TheSimpletonMod:Strike_TheSimpleton","TheSimpletonMod:Strike_TheSimpleton","TheSimpletonMod:Defend_TheSimpleton","TheSimpletonMod:Defend_TheSimpleton","TheSimpletonMod:Defend_TheSimpleton","TheSimpletonMod:Defend_TheSimpleton","TheSimpletonMod:Haymaker","TheSimpletonMod:ReapAndSow","TheSimpletonMod:KeenEdge","TheSimpletonMod:Germinate","TheSimpletonMod:RootDown","TheSimpletonMod:Aerate+1","TheSimpletonMod:PestManagement","TheSimpletonMod:VineRipen","TheSimpletonMod:ToughenUp","TheSimpletonMod:Innovate","TheSimpletonMod:HitTheSack","TheSimpletonMod:VineRipen","TheSimpletonMod:VineRipen","TheSimpletonMod:StockTheCellar+1","TheSimpletonMod:Potatoes+1"],"relics":["TheSimpletonMod:SpudOfTheInnocent","TheSimpletonMod:NightSoil","TheSimpletonMod:TheHarvester","hubris:SlimyHat","Replay:Mystery Machine","Replay:Rubber Ducky","DemoMod:GlassGuonStoneRelic","Juzu Bracelet"],"acts_visited":["Exordium"],"potions_floor_usage":[7,16],"damage_taken":[{"damage":2,"enemies":"2 Louse","floor":1,"turns":3},{"damage":3,"enemies":"Small Slimes","floor":2,"turns":5},{"damage":5,"enemies":"Jaw Worm","floor":3,"turns":3},{"damage":6,"enemies":"Blue Slaver","floor":4,"turns":4},{"damage":0,"enemies":"3 Sentries","floor":7,"turns":3},{"damage":29,"enemies":"Gremlin Gang","floor":10,"turns":8},{"damage":5,"enemies":"Large Slime","floor":11,"turns":8},{"damage":14,"enemies":"Gremlin Nob","floor":13,"turns":4},{"damage":20,"enemies":"Slime Boss","floor":16,"turns":3}],"seed_played":"616276754225985418","potions_obtained":[{"floor":1,"key":"GrandPatriotsElixir:ReiMu"},{"floor":4,"key":"Weak Potion"},{"floor":11,"key":"ZuzhouPotion:ReiMu"},{"floor":13,"key":"Elixir"}],"is_trial":false,"path_per_floor":["M","M","M","M","$","R","E","?","T","M","M","$","E","$","R","B"],"character_chosen":"THE_SIMPLETON","items_purchased":["TheSimpletonMod:PestManagement","TheSimpletonMod:VineRipen","Replay:Rubber Ducky","TheSimpletonMod:Potatoes+1"],"campfire_rested":0,"item_purchase_floors":[5,12,12,14],"current_hp_per_floor":[75,73,68,66,66,66,70,52,52,27,26,26,16,16,16,0,0],"gold":24,"neow_bonus":"REMOVE_CARD","is_daily":false,"chose_seed":false,"campfire_upgraded":2,"win_rate":0.0,"timestamp":1609183306,"path_taken":["M","M","M","M","$","R","E","?","T","M","M","?","E","$","R","BOSS"],"items_purchased_type":["Card","Card","Relic","Card"],"build_version":"2020-12-22","purchased_purges":1,"victory":false,"max_hp_per_floor":[75,75,75,75,75,75,75,75,75,75,75,75,75,75,75,75,75],"card_choices":[{"not_picked":["TheSimpletonMod:Ferment","TheSimpletonMod:Potatoes"],"picked":"TheSimpletonMod:KeenEdge","floor":1},{"not_picked":["TheSimpletonMod:Ferment","TheSimpletonMod:DigIn"],"picked":"TheSimpletonMod:Germinate","floor":2},{"not_picked":["TheSimpletonMod:Biorefinement","TheSimpletonMod:Pruning"],"picked":"TheSimpletonMod:RootDown","floor":3},{"not_picked":["TheSimpletonMod:Rototilling","TheSimpletonMod:Pruning"],"picked":"TheSimpletonMod:Aerate","floor":4},{"not_picked":["TheSimpletonMod:DesperatePlunge","TheSimpletonMod:Corn"],"picked":"TheSimpletonMod:VineRipen","floor":7},{"not_picked":["TheSimpletonMod:Pruning","TheSimpletonMod:BumperCrop"],"picked":"TheSimpletonMod:ToughenUp","floor":8},{"not_picked":["TheSimpletonMod:PestManagement","TheSimpletonMod:CloseScrape"],"picked":"TheSimpletonMod:Innovate","floor":8},{"not_picked":["TheSimpletonMod:DoubleBarrel","TheSimpletonMod:ControlledBurn"],"picked":"TheSimpletonMod:HitTheSack","floor":10},{"not_picked":["TheSimpletonMod:CloseScrape","TheSimpletonMod:BumperCrop","TheSimpletonMod:Thresh"],"picked":"SKIP","floor":11},{"not_picked":["TheSimpletonMod:Swelter","TheSimpletonMod:CullingStrike"],"picked":"TheSimpletonMod:StockTheCellar","floor":13}],"player_experience":943094,"relics_obtained":[{"floor":7,"key":"hubris:SlimyHat"},{"floor":9,"key":"Replay:Mystery Machine"},{"floor":13,"key":"Juzu Bracelet"}],"event_choices":[],"is_beta":false,"boss_relics":[],"items_purged_floors":[5],"is_endless":false,"potions_floor_spawned":[1,4,11,13],"killed_by":"Slime Boss","ascension_level":0}}