{"host":"iy58fyt9wsbv4cf1","time":1609130985,"event":{"mods":["BaseMod","Better Altar","Better Match","Better Skull","Better Third Choice","BetterRewards","Conspire","Custom Start","Defuse TimeMaze Blight","Hubris","Infinite Spire","Minty Spire (QoL Compilation)","Permanent Neow","Quick Restart","Spicy Shops","StSLib"],"gold_per_floor":[118,118,136,156,170,170,198,216,270,270,270,296,63,78,78,179,179,195,195,206,206,206,206,217,234,234,254,254,99,99,109,109,205,205,224,224,241,541,558,558,315,315,315,334,353,387,402,437,437,534,534,540,157,166,166,166,188,38,38,38,38,63,86,105,192,204,308,320,339,351,363,375,407,441,462,474,486,498,510,522,544,556,568,677,689,708,758,778,1012,1025,1037,1076,1038,1038,1060,1066,1093,1093,1101,1101,1188,1188,1196,1196,1146,1152,1102,1132,1132,1232,1256,1256,1256,1273,1273,1285,1285,1384,1384,1393,1401,1410,1360,1374,1395,1408,1408,1408,1417,1426,1351,1424,1424,1424,1513,1513,1528,1196,1203,1203,1205,1205,1216,1221,1272,1272,1272,1316,1324,697,697,779,779,779,626,640,722],"floor_reached":158,"playtime":2993,"items_purged":["Defend_R","Strike_R","Strike_R","Strike_R","Strike_R","Defend_R","Inflame+1","Strike_R+1","Defend_R+1","Bash+1","Inflame+1","Rage+1"],"score":4368,"play_id":"da0d0050-7980-417a-8ae9-cf95550f1c73","local_time":"20201227234945","is_ascension_mode":false,"campfire_choices":[{"data":"Flex","floor":6.0,"key":"SMITH"},{"data":"Flex","floor":10.0,"key":"SMITH"},{"data":"Inflame","floor":15.0,"key":"SMITH"},{"data":"Bash","floor":23.0,"key":"SMITH"},{"data":"Inflame","floor":28.0,"key":"SMITH"},{"data":"Pummel","floor":32.0,"key":"SMITH"},{"data":"Limit Break","floor":40.0,"key":"SMITH"},{"floor":42.0,"key":"RECALL"},{"data":"Rage","floor":49.0,"key":"SMITH"},{"data":"Heavy Blade","floor":59.0,"key":"SMITH"},{"data":"Thunderclap","floor":66.0,"key":"SMITH"},{"floor":80.0,"key":"REST"},{"floor":83.0,"key":"REST"},{"floor":91.0,"key":"REST"},{"floor":100.0,"key":"REST"},{"data":"1","floor":109.0,"key":"LIFT"},{"data":"2","floor":113.0,"key":"LIFT"},{"data":"3","floor":115.0,"key":"LIFT"},{"floor":117.0,"key":"REST"},{"data":"infinitespire:Collect","floor":127.0,"key":"SMITH"},{"floor":134.0,"key":"DIG"},{"floor":142,"key":"DIG"},{"floor":147,"key":"DIG"},{"floor":151,"key":"DIG"},{"floor":154,"key":"DIG"}],"circlet_count":0,"master_deck":["Thunderclap+1","Inflame+1","Limit Break+1","Limit Break+1","infinitespire:Collect+1","Double Tap"],"relics":["Black Blood","hubris:IronBody","PreservedInsect","Vajra","Paper Frog","infinitespire:PuzzleCube","Red Skull","Runic Dome","conspire:SpecialSausage","Bird Faced Urn","Bag of Preparation","Black Star","hubris:Towel","SlaversCollar","Old Coin","DollysMirror","infinitespire:EmpoweringShard","Turnip","Omamori","Bird Faced Urn","Sundial","Runic Cube","Mummified Hand","hubris:Icosahedron","Nunchaku","Lantern","War Paint","Tiny Chest","MawBank","hubris:TinFlute","Red Mask","Smiling Mask","Bronze Scales","hubris:BottledRain","conspire:Dentures","hubris:MysteriousPyramids","hubris:HollowSoul","FossilizedHelix","hubris:ToyBattleship","Pear","hubris:SphereOfDissonance","hubris:DuctTape","MealTicket","infinitespire:Lucky Rock","Centennial Puzzle","hubris:Backtick","Girya","Regal Pillow","conspire:TopHat","Pen Nib","Lizard Tail","Boot","Strawberry","Toy Ornithopter","hubris:TenFootPole","Blood Vial","Question Card","Shovel","Dream Catcher","infinitespire:Cupcake","hubris:CrystalStatue","Ice Cream","hubris:Potato","hubris:SlimyHat","Juzu Bracelet","Ornamental Fan","Singing Bowl","hubris:PeanutButter","hubris:Zylophone","conspire:BottledYoYo","infinitespire:BottledMercury","ClockworkSouvenir","Shuriken","Self Forming Clay","Sozu","Bottled Tornado","Chemical X","Darkstone Periapt","Mercury Hourglass"],"acts_visited":[],"potions_floor_usage":[],"damage_taken":[{"damage":0.0,"enemies":"2 Louse","floor":1.0,"turns":3.0},{"damage":0.0,"enemies":"Jaw Worm","floor":3.0,"turns":2.0},{"damage":2.0,"enemies":"Small Slimes","floor":4.0,"turns":3.0},{"damage":10.0,"enemies":"Blue Slaver","floor":5.0,"turns":3.0},{"damage":0.0,"enemies":"Gremlin Nob","floor":7.0,"turns":2.0},{"damage":0.0,"enemies":"3 Louse","floor":8.0,"turns":2.0},{"damage":0.0,"enemies":"3 Sentries","floor":12.0,"turns":3.0},{"damage":0.0,"enemies":"2 Fungi Beasts","floor":14.0,"turns":2.0},{"damage":13.0,"enemies":"Hexaghost","floor":16.0,"turns":5.0},{"damage":7.0,"enemies":"2 Thieves","floor":18.0,"turns":3.0},{"damage":0.0,"enemies":"Spheric Guardian","floor":20.0,"turns":3.0},{"damage":9.0,"enemies":"Snecko","floor":24.0,"turns":5.0},{"damage":3.0,"enemies":"conspire:HollyBat","floor":25.0,"turns":4.0},{"damage":0.0,"enemies":"Cultist and Chosen","floor":27.0,"turns":4.0},{"damage":0.0,"enemies":"Snecko","floor":31.0,"turns":1.0},{"damage":38.0,"enemies":"Automaton","floor":33.0,"turns":7.0},{"damage":0.0,"enemies":"Orb Walker","floor":35.0,"turns":1.0},{"damage":0.0,"enemies":"3 Darklings","floor":37.0,"turns":3.0},{"damage":7.0,"enemies":"Maw","floor":39.0,"turns":4.0},{"damage":6.0,"enemies":"4 Shapes","floor":44.0,"turns":3.0},{"damage":0.0,"enemies":"Writhing Mass","floor":45.0,"turns":1.0},{"damage":0.0,"enemies":"Nemesis","floor":46.0,"turns":1.0},{"damage":0.0,"enemies":"Transient","floor":47.0,"turns":4.0},{"damage":0.0,"enemies":"Nightmare","floor":48.0,"turns":3.0},{"damage":0.0,"enemies":"Time Eater","floor":50.0,"turns":4.0},{"damage":0.0,"enemies":"Jaw Worm","floor":52.0,"turns":1.0},{"damage":0.0,"enemies":"Small Slimes","floor":54.0,"turns":1.0},{"damage":0.0,"enemies":"Nightmare","floor":57.0,"turns":2.0},{"damage":0.0,"enemies":"Gremlin Nob","floor":62.0,"turns":1.0},{"damage":0.0,"enemies":"Cultist","floor":63.0,"turns":1.0},{"damage":0.0,"enemies":"Blue Slaver","floor":64.0,"turns":1.0},{"damage":6.0,"enemies":"Hexaghost","floor":67.0,"turns":1.0},{"damage":0.0,"enemies":"Chosen","floor":69.0,"turns":1.0},{"damage":6.0,"enemies":"Masked Bandits","floor":73.0,"turns":1.0},{"damage":6.0,"enemies":"Nightmare","floor":74.0,"turns":1.0},{"damage":0.0,"enemies":"Shell Parasite","floor":75.0,"turns":1.0},{"damage":0.0,"enemies":"Shelled Parasite and Fungi","floor":81.0,"turns":1.0},{"damage":0.0,"enemies":"Collector","floor":84.0,"turns":1.0},{"damage":0.0,"enemies":"3 Darklings","floor":86.0,"turns":2.0},{"damage":3.0,"enemies":"Mind Bloom Boss Battle","floor":87.0,"turns":2.0},{"damage":0.0,"enemies":"3 Shapes","floor":88.0,"turns":1.0},{"damage":0.0,"enemies":"3 Darklings","floor":90.0,"turns":2.0},{"damage":0.0,"enemies":"Reptomancer","floor":95.0,"turns":1.0},{"damage":6.0,"enemies":"4 Shapes","floor":96.0,"turns":1.0},{"damage":0.0,"enemies":"Giant Head","floor":97.0,"turns":1.0},{"damage":0.0,"enemies":"Sphere and 2 Shapes","floor":99.0,"turns":1.0},{"damage":0.0,"enemies":"Donu and Deca","floor":101.0,"turns":1.0},{"damage":0.0,"enemies":"Cultist","floor":103.0,"turns":1.0},{"damage":0.0,"enemies":"2 Louse","floor":106.0,"turns":1.0},{"damage":0.0,"enemies":"Nightmare_Alpha","floor":114.0,"turns":3.0},{"damage":0.0,"enemies":"Small Slimes","floor":116.0,"turns":1.0},{"damage":0.0,"enemies":"The Guardian","floor":118.0,"turns":1.0},{"damage":0.0,"enemies":"Shell Parasite","floor":120.0,"turns":1.0},{"damage":0.0,"enemies":"Spheric Guardian","floor":121.0,"turns":1.0},{"damage":0.0,"enemies":"Cultist and Chosen","floor":122.0,"turns":1.0},{"damage":0.0,"enemies":"Centurion and Healer","floor":124.0,"turns":1.0},{"damage":0.0,"enemies":"Gremlin Leader","floor":125.0,"turns":1.0},{"damage":0.0,"enemies":"3 Cultists","floor":126.0,"turns":1.0},{"damage":0.0,"enemies":"Chosen and Byrds","floor":129.0,"turns":1.0},{"damage":0.0,"enemies":"Snake Plant","floor":130.0,"turns":1.0},{"damage":0.0,"enemies":"Automaton","floor":135.0,"turns":1.0},{"damage":0.0,"enemies":"3 Shapes","floor":137.0,"turns":1.0},{"damage":0.0,"enemies":"infinitespire:Three Voidlings","floor":139.0,"turns":1.0},{"damage":0.0,"enemies":"Nightmare_Alpha","floor":139.0,"turns":3.0},{"damage":0,"enemies":"Orb Walker","floor":141,"turns":1},{"damage":0,"enemies":"Nightmare_Alpha","floor":143,"turns":3},{"damage":0,"enemies":"Maw","floor":144,"turns":1},{"damage":0,"enemies":"Mind Bloom Boss Battle","floor":148,"turns":1},{"damage":0,"enemies":"Writhing Mass","floor":149,"turns":1},{"damage":0,"enemies":"infinitespire:LordOfFortification","floor":152,"turns":1},{"damage":0,"enemies":"Shield and Spear","floor":156,"turns":1},{"damage":0,"enemies":"The Heart","floor":157,"turns":5}],"seed_played":"-5268402230484042947","potions_obtained":[{"floor":3.0,"key":"SteroidPotion"},{"floor":5.0,"key":"HeartOfIron"},{"floor":7.0,"key":"GamblersBrew"},{"floor":14.0,"key":"Ancient Potion"},{"floor":20.0,"key":"Swift Potion"}],"is_trial":false,"path_per_floor":["M","?","M","M","M","R","E","M","T","R","$","E","$","M","R","B",null,"M","?","M","AVR","?","R","M","M","T","M","R","$","?","M","R","B",null,"M","?","M","AVR","M","R","$","R","T","M","M","E","M","NM","R","B",null,"M","$","M","?","?","NM","$","R","T","?","E","M","M","?","R","B",null,"M","?","$","T","?","NM","M","$","T","AVR","?","R","M","T","R","B",null,"M","?","M","?","M","R","T","$","T","E","M","E","AVR","M","R","B",null,"M","?","$","M","$","?","R","?","T","T","R","NM","R","M","R","B",null,"M","M","M","$","M","E","M","R","T","M","M","?","T","T","R","B",null,"M","$","?","?","M","R","NM","M","T","T","R","?","M","$","R","B",null,"R","$","E","B",null],"character_chosen":"IRONCLAD","items_purchased":["hubris:IronBody","Inflame","Flex","PreservedInsect","Thunderclap","Vajra","Flex","Inflame","Bag of Preparation","DollysMirror","Mummified Hand","hubris:CrystalStatue","Ice Cream","conspire:BottledYoYo","infinitespire:BottledMercury","ClockworkSouvenir","Shuriken","Chemical X"],"campfire_rested":5,"item_purchase_floors":[0,0,0,0,0,0,0,13,29,41,53,138,138,150,150,150,150,155],"current_hp_per_floor":[50,50,56,60,56,56,62,68,68,68,68,74,74,80,80,73,80,79,79,80,80,83,83,80,83,83,83,83,83,67,77,77,51,83,83,83,83,83,82,82,82,82,82,83,83,83,83,83,83,83,83,83,83,83,76,76,83,83,83,83,83,83,83,83,72,72,83,83,83,83,83,83,83,83,83,83,83,83,62,83,83,83,83,83,83,83,83,83,83,83,83,83,83,93,93,93,93,93,93,93,93,93,93,68,83,93,93,93,93,93,93,93,93,100,100,100,100,100,100,100,100,100,100,100,100,100,100,100,100,100,100,100,100,100,100,100,100,100,100,100,100,100,100,100,100,100,100,102,104,104,104,106,106,106,106,108,108],"gold":722,"neow_bonus":"","is_daily":false,"chose_seed":false,"campfire_upgraded":11,"win_rate":0.0,"timestamp":1609130985,"path_taken":["M","?","M","M","M","R","E","M","T","R","$","E","$","M","R","BOSS","M","?","M","AVR","?","R","M","M","T","M","R","$","?","M","R","BOSS","M","?","M","AVR","M","R","$","R","T","M","M","E","M","NM","R","BOSS","M","$","M","?","?","NM","?","R","T","?","E","?","M","?","R","BOSS","M","?","$","?","?","NM","M","$","T","AVR","?","R","?","?","R","BOSS","M","?","M","?","?","R","?","$","T","E","M","E","AVR","M","R","BOSS","M","?","$","M","$","?","R","?","T","?","R","NM","R","M","R","BOSS","M","M","M","$","M","E","M","R","T","?","M","?","?","?","R","BOSS","M","$","?","?","M","R","NM","M","T","?","R","?","M","$","R","BOSS","R","$","E","BOSS"],"items_purchased_type":["Relic","Card","Card","Relic","Card","Relic","Card","Card","Relic","Relic","Relic","Relic","Relic","Relic","Relic","Relic","Relic","Relic"],"build_version":"2020-12-22","purchased_purges":12,"victory":true,"max_hp_per_floor":[80,80,80,80,80,80,80,80,80,80,80,80,80,80,80,80,80,80,80,80,80,83,83,83,83,83,83,83,83,83,83,83,83,83,83,83,83,83,83,83,83,83,83,83,83,83,83,83,83,83,83,83,83,83,83,83,83,83,83,83,83,83,83,83,83,83,83,83,83,83,83,83,83,83,83,83,83,83,83,83,83,83,83,83,83,83,83,83,83,83,83,83,83,93,93,93,93,93,93,93,93,93,93,93,93,93,93,93,93,93,93,93,93,100,100,100,100,100,100,100,100,100,100,100,100,100,100,100,100,100,100,100,100,100,100,100,100,100,100,100,100,100,100,100,100,100,100,102,104,104,104,106,106,106,106,108,108],"card_choices":[{"not_picked":["infinitespire:OneForAll","Havoc","Shockwave"],"picked":"SKIP","floor":1.0},{"not_picked":["Rage","Sword Boomerang","Havoc"],"picked":"SKIP","floor":3.0},{"not_picked":["Entrench","Body Slam","Clash"],"picked":"SKIP","floor":4.0},{"not_picked":["True Grit","Sword Boomerang","hubris:SharpeningStone"],"picked":"SKIP","floor":5.0},{"not_picked":["Anger","hubris:ReadiedAction"],"picked":"Pummel","floor":7.0},{"not_picked":["Clothesline","Body Slam","Cleave"],"picked":"SKIP","floor":8.0},{"not_picked":["Twin Strike","Fiend Fire"],"picked":"Inflame","floor":12.0},{"not_picked":["Sever Soul","Flame Barrier"],"picked":"Rage","floor":14.0},{"not_picked":["Dual Wield","Entrench","Armaments"],"picked":"SKIP","floor":18.0},{"not_picked":["Warcry","hubris:SharpeningStone+1","Headbutt+1"],"picked":"SKIP","floor":20.0},{"not_picked":["Whirlwind","Sword Boomerang","hubris:ReadiedAction"],"picked":"SKIP","floor":24.0},{"not_picked":["Searing Blow","Warcry+1","Second Wind+1"],"picked":"SKIP","floor":25.0},{"not_picked":["Flex+1","Body Slam+1","Cleave"],"picked":"SKIP","floor":27.0},{"not_picked":["Infernal Blade","Clothesline+1","Body Slam"],"picked":"SKIP","floor":31.0},{"not_picked":["Clothesline+1","True Grit","Wild Strike"],"picked":"SKIP","floor":35.0},{"not_picked":["Twin Strike","Whirlwind","Armaments+1"],"picked":"SKIP","floor":37.0},{"not_picked":["Sword Boomerang+1","Heavy Blade"],"picked":"Limit Break","floor":39.0},{"not_picked":["Havoc","Body Slam","Rampage"],"picked":"SKIP","floor":44.0},{"not_picked":["Anger+1","Sentinel+1","conspire:Charge+1"],"picked":"SKIP","floor":45.0},{"not_picked":["Thunderclap","Shrug It Off+1","Barricade"],"picked":"SKIP","floor":46.0},{"not_picked":["Fire Breathing","Cleave+1","Thunderclap"],"picked":"SKIP","floor":47.0},{"not_picked":["Hemokinesis","Blood for Blood+1","Wild Strike+1"],"picked":"SKIP","floor":48.0},{"not_picked":["Hemokinesis","Blood for Blood+1","Wild Strike+1"],"picked":"SKIP","floor":48.0},{"not_picked":["Fiend Fire","Corruption"],"picked":"Offering","floor":50.0},{"not_picked":["Flex","Shockwave","Headbutt"],"picked":"SKIP","floor":52.0},{"not_picked":["Metallicize","Thunderclap","Body Slam"],"picked":"SKIP","floor":54.0},{"not_picked":["Warcry","Feel No Pain"],"picked":"Heavy Blade","floor":57.0},{"not_picked":["Headbutt","Immolate","Clash"],"picked":"SKIP","floor":62.0},{"not_picked":["Spot Weakness","Heavy Blade","Combust"],"picked":"SKIP","floor":63.0},{"not_picked":["Heavy Blade","Armaments","Whirlwind"],"picked":"SKIP","floor":64.0},{"not_picked":["Headbutt","Body Slam+1","Brutality"],"picked":"SKIP","floor":69.0},{"not_picked":["Dropkick+1","Reckless Charge","Feel No Pain+1"],"picked":"SKIP","floor":74.0},{"not_picked":["Warcry+1","Wild Strike+1","Perfected Strike"],"picked":"SKIP","floor":75.0},{"not_picked":["Dual Wield+1","Fire Breathing","Flex"],"picked":"SKIP","floor":81.0},{"not_picked":["Armaments","Disarm","Intimidate"],"picked":"SKIP","floor":86.0},{"not_picked":["Twin Strike+1","hubris:ReadiedAction","Fiend Fire"],"picked":"SKIP","floor":88.0},{"not_picked":["Infernal Blade+1","Seeing Red+1","Heavy Blade"],"picked":"SKIP","floor":90.0},{"not_picked":["Twin Strike+1","Shrug It Off+1","Combust+1"],"picked":"SKIP","floor":95.0},{"not_picked":["conspire:ExplosiveBarrier+1","Clothesline","Disarm"],"picked":"SKIP","floor":96.0},{"not_picked":["Corruption","Burning Pact","Brutality"],"picked":"SKIP","floor":97.0},{"not_picked":["Anger+1","Sentinel","Wild Strike"],"picked":"SKIP","floor":99.0},{"not_picked":["Clothesline","Iron Wave","Perfected Strike"],"picked":"SKIP","floor":103.0},{"not_picked":["Evolve","Thunderclap","Feel No Pain"],"picked":"SKIP","floor":106.0},{"not_picked":["Rage","Carnage","hubris:CleavingFinish"],"picked":"SKIP","floor":114.0},{"not_picked":["Burning Pact","Entrench","Twin Strike"],"picked":"SKIP","floor":116.0},{"not_picked":["infinitespire:DeathsTouch","hubris:Fate"],"picked":"infinitespire:Collect","floor":120.0},{"not_picked":["Cleave","Shrug It Off","Fire Breathing"],"picked":"SKIP","floor":120.0},{"not_picked":["Metallicize","Disarm","Thunderclap+1"],"picked":"SKIP","floor":121.0},{"not_picked":["Pommel Strike","Double Tap","Cleave+1"],"picked":"SKIP","floor":122.0},{"not_picked":["Shrug It Off+1","hubris:ReadiedAction+1","Burning Pact"],"picked":"SKIP","floor":124.0},{"not_picked":["Thunderclap","Heavy Blade+1","Headbutt+1"],"picked":"SKIP","floor":125.0},{"not_picked":["True Grit+1","Heavy Blade","Pommel Strike+1"],"picked":"SKIP","floor":126.0},{"not_picked":["Headbutt+1","hubris:ReadiedAction+1","Rupture"],"picked":"SKIP","floor":129.0},{"not_picked":["Clash","True Grit+1","Clothesline"],"picked":"SKIP","floor":130.0},{"not_picked":["Rupture+1","Havoc+1","Inflame","True Grit+1"],"picked":"SKIP","floor":137.0},{"not_picked":["Flex+1","Spot Weakness+1","Fire Breathing","Immolate"],"picked":"SKIP","floor":141},{"not_picked":["Blood for Blood","Rampage","Havoc+1","Carnage+1"],"picked":"SKIP","floor":143},{"not_picked":["Wild Strike+1","hubris:ReadiedAction+1","Twin Strike+1"],"picked":"Dropkick","floor":144},{"not_picked":["Dual Wield+1","Clash+1","Pommel Strike+1","Blood for Blood"],"picked":"Singing Bowl","floor":148},{"not_picked":["Blood for Blood+1","Shrug It Off+1","hubris:ReadiedAction+1","infinitespire:OneForAll+1"],"picked":"Singing Bowl","floor":149},{"not_picked":["Demon Form","Offering","Limit Break","conspire:Purge"],"picked":"Singing Bowl","floor":152},{"not_picked":["Entrench","Dropkick+1","Barricade","Hemokinesis"],"picked":"Singing Bowl","floor":156},{"not_picked":["Reaper","Barricade","Demon Form"],"picked":"Double Tap","floor":157}],"player_experience":35127,"relics_obtained":[{"floor":7.0,"key":"Paper Frog"},{"floor":9.0,"key":"infinitespire:PuzzleCube"},{"floor":12.0,"key":"Red Skull"},{"floor":43.0,"key":"infinitespire:EmpoweringShard"},{"floor":46.0,"key":"Turnip"},{"floor":46.0,"key":"Omamori"},{"floor":48.0,"key":"Bird Faced Urn"},{"floor":48.0,"key":"Sundial"},{"floor":57.0,"key":"Nunchaku"},{"floor":57.0,"key":"Lantern"},{"floor":60.0,"key":"War Paint"},{"floor":62.0,"key":"Tiny Chest"},{"floor":62.0,"key":"MawBank"},{"floor":72.0,"key":"hubris:TinFlute"},{"floor":73.0,"key":"Red Mask"},{"floor":74.0,"key":"Smiling Mask"},{"floor":74.0,"key":"Bronze Scales"},{"floor":77.0,"key":"hubris:BottledRain"},{"floor":82.0,"key":"hubris:MysteriousPyramids"},{"floor":87.0,"key":"FossilizedHelix"},{"floor":92.0,"key":"hubris:ToyBattleship"},{"floor":94.0,"key":"Pear"},{"floor":95.0,"key":"hubris:SphereOfDissonance"},{"floor":95.0,"key":"hubris:DuctTape"},{"floor":97.0,"key":"MealTicket"},{"floor":97.0,"key":"infinitespire:Lucky Rock"},{"floor":111.0,"key":"Pen Nib"},{"floor":112.0,"key":"Lizard Tail"},{"floor":114.0,"key":"Boot"},{"floor":114.0,"key":"Strawberry"},{"floor":125.0,"key":"Toy Ornithopter"},{"floor":125.0,"key":"hubris:TenFootPole"},{"floor":128.0,"key":"Blood Vial"},{"floor":132.0,"key":"Question Card"},{"floor":133.0,"key":"Shovel"},{"floor":134.0,"key":"Dream Catcher"},{"floor":139,"key":"hubris:Potato"},{"floor":143,"key":"hubris:SlimyHat"},{"floor":143,"key":"Juzu Bracelet"},{"floor":145,"key":"Ornamental Fan"},{"floor":146,"key":"Singing Bowl"},{"floor":147,"key":"hubris:PeanutButter"},{"floor":148,"key":"hubris:Zylophone"},{"floor":151,"key":"Self Forming Clay"},{"floor":154,"key":"Bottled Tornado"},{"floor":156,"key":"Darkstone Periapt"},{"floor":156,"key":"Mercury Hourglass"}],"event_choices":[{"damage_healed":0.0,"max_hp_gain":0.0,"max_hp_loss":0.0,"gold_gain":0.0,"event_name":"Living Wall","player_choice":"Grow","floor":2.0,"gold_loss":0.0,"damage_taken":0.0,"cards_upgraded":["Inflame"]},{"damage_healed":0.0,"max_hp_gain":0.0,"max_hp_loss":0.0,"gold_gain":0.0,"event_name":"Ghosts","player_choice":"Ignored","floor":19.0,"gold_loss":0.0,"damage_taken":0.0},{"damage_healed":0.0,"max_hp_gain":0.0,"max_hp_loss":0.0,"gold_gain":0.0,"event_name":"Cursed Tome","player_choice":"Obtained Book","floor":30.0,"gold_loss":0.0,"damage_taken":16.0},{"cards_removed":["Defend_R"],"damage_healed":0.0,"max_hp_gain":0.0,"max_hp_loss":0.0,"gold_gain":0.0,"event_name":"Golden Wing","player_choice":"Card Removal","floor":55.0,"gold_loss":0.0,"damage_taken":7.0},{"damage_healed":0.0,"max_hp_gain":0.0,"max_hp_loss":0.0,"gold_gain":0.0,"event_name":"NoteForYourself","player_choice":"Ignored","floor":61.0,"gold_loss":0.0,"damage_taken":0.0},{"damage_healed":0.0,"max_hp_gain":1.0,"max_hp_loss":0.0,"gold_gain":75.0,"event_name":"betterThird:BetterGoop","player_choice":"Gold","floor":65.0,"gold_loss":0.0,"damage_taken":11.0},{"damage_healed":0.0,"max_hp_gain":0.0,"max_hp_loss":0.0,"gold_gain":0.0,"event_name":"Upgrade Shrine","player_choice":"Upgraded","floor":70.0,"gold_loss":0.0,"damage_taken":0.0,"cards_upgraded":["Strike_R"]},{"damage_healed":0.0,"max_hp_gain":0.0,"max_hp_loss":0.0,"gold_gain":0.0,"event_name":"Masked Bandits","player_choice":"Fought Bandits","floor":73.0,"gold_loss":0.0,"damage_taken":0.0},{"damage_healed":0.0,"max_hp_gain":0.0,"max_hp_loss":0.0,"gold_gain":0.0,"event_name":"MindBloom","player_choice":"Fight","floor":87.0,"gold_loss":0.0,"damage_taken":0.0},{"damage_healed":0.0,"max_hp_gain":0.0,"max_hp_loss":0.0,"gold_gain":222.0,"event_name":"Tomb of Lord Red Mask","player_choice":"Wore Mask","floor":89.0,"gold_loss":0.0,"damage_taken":0.0},{"damage_healed":0.0,"max_hp_gain":0.0,"max_hp_loss":0.0,"gold_gain":0.0,"event_name":"betterThird:BetterScrap","player_choice":"Relic ","floor":104.0,"gold_loss":0.0,"damage_taken":25.0,"cards_obtained":["Chaos"]},{"damage_healed":0.0,"max_hp_gain":0.0,"max_hp_loss":0.0,"gold_gain":30.0,"event_name":"Dead Adventurer","player_choice":"Searched \u00273\u0027 times","floor":108.0,"gold_loss":0.0,"damage_taken":0.0,"relics_obtained":["conspire:TopHat"]},{"damage_healed":0.0,"max_hp_gain":0.0,"max_hp_loss":0.0,"gold_gain":100.0,"event_name":"Wheel of Change","player_choice":"Gold","floor":110.0,"gold_loss":0.0,"damage_taken":0.0},{"cards_removed":["Offering"],"damage_healed":0.0,"max_hp_gain":0.0,"max_hp_loss":0.0,"gold_gain":0.0,"event_name":"Beggar","player_choice":"Gave Gold","floor":131.0,"gold_loss":75.0,"damage_taken":0.0},{"cards_removed":["Pummel"],"damage_healed":0,"gold_gain":0,"player_choice":"Gave Gold","damage_taken":0,"max_hp_gain":0,"max_hp_loss":0,"event_name":"Beggar","floor":139,"gold_loss":75},{"cards_removed":["Heavy Blade"],"damage_healed":0,"gold_gain":0,"player_choice":"Removed Attack","damage_taken":0,"max_hp_gain":0,"max_hp_loss":0,"event_name":"Falling","floor":140,"gold_loss":0},{"damage_healed":0,"gold_gain":0,"player_choice":"Fight","damage_taken":0,"max_hp_gain":0,"max_hp_loss":0,"event_name":"MindBloom","floor":148,"gold_loss":0}],"is_beta":false,"boss_relics":[{"not_picked":["conspire:SeveredTorchhead","Black Blood"],"picked":"Runic Dome"},{"not_picked":["Tiny House","Snecko Eye"],"picked":"Black Star"},{"not_picked":["infinitespire:Burning Sword","Philosopher\u0027s Stone"],"picked":"Runic Cube"},{"not_picked":["Pandora\u0027s Box","Mark of Pain","hubris:Stopwatch"]},{"not_picked":["conspire:RunicOctahedron","Philosopher\u0027s Stone"],"picked":"hubris:HollowSoul"},{"not_picked":["Fusion Hammer","conspire:SeveredTorchhead"],"picked":"hubris:Backtick"},{"not_picked":["hubris:CrackedHourglass","Fusion Hammer"],"picked":"Black Blood"},{"not_picked":["infinitespire:Burning Sword","hubris:BlackHole"],"picked":"infinitespire:Cupcake"},{"not_picked":["Busted Crown","Cursed Key"],"picked":"Sozu"}],"items_purged_floors":[13,21,38,41,53,58,78,93,98,105,107,123],"is_endless":true,"potions_floor_spawned":[3,5,7,14,20,31,33,37,44,46,50,62,67,73,75,84,86,90,95,99,118,121,122,129,139,139,148,152,156],"ascension_level":0}}