{"host":"2lo6hma6kymb0g9i","time":1609181565,"event":{"mods":["BaseMod","Colored Map","DeckTracker","Minty Spire (QoL Compilation)"],"gold_per_floor":[366,366,366,381,398,398,418,418,418,453,464,464,464,484,484,607,607,626,626,396,421,435,456,356,392,392,392,392],"floor_reached":27,"playtime":2592,"items_purged":["Strike_B","Strike_B"],"score":270,"play_id":"acd4b1b2-44cb-41a1-8fb4-01f804023883","local_time":"20201229035245","is_ascension_mode":true,"campfire_choices":[{"data":"Zap","floor":6.0,"key":"SMITH"},{"data":"Dualcast","floor":8.0,"key":"SMITH"},{"data":"Sweeping Beam","floor":13.0,"key":"SMITH"},{"data":"Ball Lightning","floor":15.0,"key":"SMITH"}],"circlet_count":0,"master_deck":["Strike_B","Defend_B","Defend_B","Defend_B","Defend_B","Zap+1","Dualcast+1","Sweeping Beam+1","Ball Lightning+1","Leap","Cold Snap","Electrodynamics","Scrape","Thunder Strike","Undo","Ball Lightning","Redo+1","Static Discharge","Skim"],"relics":["Cracked Core","Shuriken","Incense Burner","Golden Idol","Fusion Hammer","ClockworkSouvenir","Potion Belt","Blue Candle"],"acts_visited":["Exordium","TheCity"],"potions_floor_usage":[27],"damage_taken":[{"damage":0.0,"enemies":"Small Slimes","floor":1.0,"turns":2.0},{"damage":0.0,"enemies":"2 Louse","floor":4.0,"turns":3.0},{"damage":0.0,"enemies":"Cultist","floor":5.0,"turns":2.0},{"damage":6.0,"enemies":"Looter","floor":7.0,"turns":3.0},{"damage":20.0,"enemies":"Lagavulin","floor":10.0,"turns":6.0},{"damage":0.0,"enemies":"3 Louse","floor":11.0,"turns":2.0},{"damage":1.0,"enemies":"Exordium Wildlife","floor":14.0,"turns":2.0},{"damage":20.0,"enemies":"Hexaghost","floor":16.0,"turns":11.0},{"damage":4.0,"enemies":"Spheric Guardian","floor":18.0,"turns":3.0},{"damage":16,"enemies":"Shell Parasite","floor":21,"turns":4},{"damage":7,"enemies":"Centurion and Healer","floor":22,"turns":5},{"damage":12,"enemies":"Shelled Parasite and Fungi","floor":23,"turns":4},{"damage":18,"enemies":"Gremlin Leader","floor":25,"turns":3},{"damage":24,"enemies":"Book of Stabbing","floor":27,"turns":3}],"seed_played":"1148572927222170555","potions_obtained":[{"floor":7.0,"key":"SteroidPotion"},{"floor":10.0,"key":"BlessingOfTheForge"},{"floor":16.0,"key":"LiquidBronze"},{"floor":18.0,"key":"DuplicationPotion"}],"is_trial":false,"path_per_floor":["M","?","?","M","M","R","M","R","T","E","M","?","R","M","R","B",null,"M","?","$","M","M","M","$","E","T","E"],"character_chosen":"DEFECT","items_purchased":["ClockworkSouvenir"],"campfire_rested":0,"item_purchase_floors":[20],"current_hp_per_floor":[54,47,72,72,72,72,66,66,66,46,46,46,46,45,45,25,69,65,65,65,49,42,30,30,12,12,0,0],"gold":392,"neow_bonus":"TWO_FIFTY_GOLD","is_daily":false,"chose_seed":false,"campfire_upgraded":4,"win_rate":0.0,"timestamp":1609181565,"path_taken":["M","?","?","M","M","R","M","R","T","E","M","?","R","M","R","BOSS","M","?","$","M","M","M","$","E","T","E"],"items_purchased_type":["Relic"],"build_version":"2020-12-22","purchased_purges":2,"victory":false,"max_hp_per_floor":[75,75,75,75,75,75,75,75,75,75,75,69,69,69,69,69,69,69,69,69,69,69,69,69,69,69,69,69],"card_choices":[{"not_picked":["Gash","Blizzard"],"picked":"Sweeping Beam","floor":1.0},{"not_picked":["Storm","Steam"],"picked":"Ball Lightning","floor":4.0},{"not_picked":["Static Discharge","Blizzard"],"picked":"Leap","floor":5.0},{"not_picked":["Compile Driver","Turbo"],"picked":"Cold Snap","floor":7.0},{"not_picked":["Blizzard","White Noise"],"picked":"Electrodynamics","floor":10.0},{"not_picked":["Compile Driver","Streamline"],"picked":"Scrape","floor":11.0},{"not_picked":["Coolheaded","Hello World","Heatsinks"],"picked":"SKIP","floor":14.0},{"not_picked":["Meteor Strike","Hyperbeam"],"picked":"Thunder Strike","floor":16.0},{"not_picked":["Storm","Defragment"],"picked":"Undo","floor":18.0},{"not_picked":["Storm","Ball Lightning"],"picked":"Redo+1","floor":21},{"not_picked":["Gash","Self Repair"],"picked":"Static Discharge","floor":22},{"not_picked":["Stack","Fusion"],"picked":"Skim","floor":23},{"not_picked":["Redo","Multi-Cast","Beam Cell"],"picked":"SKIP","floor":25}],"player_experience":907792,"relics_obtained":[{"floor":9.0,"key":"Shuriken"},{"floor":10.0,"key":"Incense Burner"},{"floor":25,"key":"Potion Belt"},{"floor":26,"key":"Blue Candle"}],"event_choices":[{"cards_removed":["Strike_B"],"damage_healed":0.0,"max_hp_gain":0.0,"max_hp_loss":0.0,"gold_gain":0.0,"event_name":"Golden Wing","player_choice":"Card Removal","floor":2.0,"gold_loss":0.0,"damage_taken":7.0},{"damage_healed":25.0,"max_hp_gain":0.0,"max_hp_loss":0.0,"gold_gain":0.0,"event_name":"Big Fish","player_choice":"Banana","floor":3.0,"gold_loss":0.0,"damage_taken":0.0},{"damage_healed":0.0,"max_hp_gain":0.0,"max_hp_loss":6.0,"gold_gain":0.0,"event_name":"Golden Idol","player_choice":"Lose Max HP","floor":12.0,"gold_loss":0.0,"damage_taken":0.0,"relics_obtained":["Golden Idol"]},{"damage_healed":0,"gold_gain":0,"player_choice":"Read","damage_taken":0,"max_hp_gain":0,"max_hp_loss":0,"event_name":"The Library","floor":19,"gold_loss":0,"cards_obtained":["Ball Lightning"]}],"is_beta":false,"boss_relics":[{"not_picked":["Runic Pyramid","FrozenCore"],"picked":"Fusion Hammer"}],"items_purged_floors":[20,24],"is_endless":false,"potions_floor_spawned":[7,10,16,18,21],"killed_by":"Book of Stabbing","ascension_level":3}}