{"host":"5bdt6s51dmpd4l3v","time":1609120514,"event":{"mods":["AchievementEnabler","BaseMod","Colored Map","Colored Powertips","Highlight Path","Minty Spire (QoL Compilation)","Quick Restart","Rare Cards Sparkle","StSLib"],"gold_per_floor":[116,116,133,133,153,153,169,169,192,224,236,267,279,310,322,412,424,449,478,490,592,614,626,626],"floor_reached":23,"playtime":491,"items_purged":[],"score":352,"play_id":"ee9ded6d-c8d9-4e4c-8d6c-60cab3652ddb","local_time":"20201228095514","is_ascension_mode":true,"campfire_choices":[{"data":"Pommel Strike","floor":6.0,"key":"SMITH"},{"data":"Flex","floor":8.0,"key":"SMITH"},{"data":"Sword Boomerang","floor":11.0,"key":"SMITH"},{"data":"Cleave","floor":13.0,"key":"SMITH"},{"floor":15.0,"key":"REST"}],"circlet_count":0,"master_deck":["AscendersBane","Strike_R","Strike_R","Strike_R","Strike_R","Strike_R","Defend_R","Defend_R","Defend_R","Bash","Sword Boomerang+1","Hemokinesis","Ghostly Armor","Pommel Strike+1","Flex+1","Cleave+1","Pummel","Pummel","Whirlwind","Armaments"],"relics":["Burning Blood","NeowsBlessing","Regal Pillow","MawBank","Mark of Pain"],"acts_visited":["Exordium","TheCity"],"potions_floor_usage":[],"damage_taken":[{"damage":0.0,"enemies":"Jaw Worm","floor":1.0,"turns":1.0},{"damage":0.0,"enemies":"Small Slimes","floor":3.0,"turns":1.0},{"damage":0.0,"enemies":"Cultist","floor":5.0,"turns":1.0},{"damage":17.0,"enemies":"Red Slaver","floor":7.0,"turns":4.0},{"damage":15.0,"enemies":"Blue Slaver","floor":10.0,"turns":3.0},{"damage":8.0,"enemies":"Lots of Slimes","floor":12.0,"turns":3.0},{"damage":11.0,"enemies":"Red Slaver","floor":14.0,"turns":2.0},{"damage":74.0,"enemies":"The Guardian","floor":16.0,"turns":9.0},{"damage":2.0,"enemies":"Chosen","floor":18.0,"turns":3.0},{"damage":2.0,"enemies":"3 Byrds","floor":19.0,"turns":4.0},{"damage":33.0,"enemies":"Centurion and Healer","floor":22.0,"turns":4.0},{"damage":33,"enemies":"Book of Stabbing","floor":23,"turns":2}],"seed_played":"-6548460227978035436","potions_obtained":[{"floor":1.0,"key":"Weak Potion"},{"floor":3.0,"key":"Swift Potion"},{"floor":7.0,"key":"Dexterity Potion"},{"floor":10.0,"key":"Fire Potion"},{"floor":22.0,"key":"GamblersBrew"}],"is_trial":false,"path_per_floor":["M","?","M","?","M","R","M","R","T","M","R","M","R","M","R","B",null,"M","M","?","?","M","E"],"character_chosen":"IRONCLAD","items_purchased":[],"campfire_rested":1,"item_purchase_floors":[],"current_hp_per_floor":[74,69,75,75,75,75,64,64,64,55,55,53,53,48,75,7,58,62,66,66,54,27,0,0],"gold":626,"neow_bonus":"THREE_ENEMY_KILL","is_daily":false,"chose_seed":false,"campfire_upgraded":4,"win_rate":0.0,"timestamp":1609120514,"path_taken":["M","?","M","?","M","R","?","R","T","M","R","M","R","M","R","BOSS","M","M","?","?","?","E"],"items_purchased_type":[],"build_version":"2020-12-22","purchased_purges":0,"victory":false,"max_hp_per_floor":[75,75,75,75,75,75,75,75,75,75,75,75,75,75,75,75,75,75,75,75,75,75,75,75],"card_choices":[{"not_picked":["Headbutt","Rampage"],"picked":"Sword Boomerang","floor":1.0},{"not_picked":["Perfected Strike","Shrug It Off"],"picked":"Hemokinesis","floor":3.0},{"not_picked":["Dark Embrace","Clash"],"picked":"Pommel Strike","floor":5.0},{"not_picked":["Shrug It Off","Anger"],"picked":"Flex","floor":7.0},{"not_picked":["Anger","Clothesline"],"picked":"Cleave","floor":10.0},{"not_picked":["Clothesline","Headbutt","Perfected Strike"],"picked":"SKIP","floor":12.0},{"not_picked":["Reckless Charge","Second Wind"],"picked":"Pummel","floor":14.0},{"not_picked":["True Grit","Clash"],"picked":"Pummel","floor":18.0},{"not_picked":["Havoc","Shrug It Off"],"picked":"Whirlwind","floor":19.0},{"not_picked":["Body Slam","Cleave"],"picked":"Armaments","floor":22.0}],"player_experience":265540,"relics_obtained":[{"floor":9.0,"key":"MawBank"}],"event_choices":[{"damage_healed":0.0,"max_hp_gain":0.0,"max_hp_loss":0.0,"gold_gain":0.0,"event_name":"Scrap Ooze","player_choice":"Success","floor":2.0,"gold_loss":0.0,"damage_taken":5.0,"relics_obtained":["Regal Pillow"]},{"damage_healed":0.0,"max_hp_gain":0.0,"max_hp_loss":0.0,"gold_gain":0.0,"cards_transformed":["Defend_R"],"event_name":"Transmorgrifier","player_choice":"Transformed","floor":4.0,"gold_loss":0.0,"damage_taken":0.0,"cards_obtained":["Ghostly Armor"]},{"damage_healed":0.0,"max_hp_gain":0.0,"max_hp_loss":0.0,"gold_gain":0.0,"event_name":"Vampires","player_choice":"Ignored","floor":20.0,"gold_loss":0.0,"damage_taken":0.0},{"damage_healed":0.0,"max_hp_gain":0.0,"max_hp_loss":0.0,"gold_gain":90.0,"event_name":"Knowing Skull","player_choice":"GOLD ","floor":21.0,"potions_obtained":[],"gold_loss":0.0,"damage_taken":12.0,"cards_obtained":[]}],"is_beta":false,"boss_relics":[{"not_picked":["Cursed Key","Runic Pyramid"],"picked":"Mark of Pain"}],"items_purged_floors":[],"is_endless":false,"potions_floor_spawned":[1,3,7,10,22],"killed_by":"Book of Stabbing","ascension_level":18}}