{"host":"qy1e0kd24tpj3i2m","time":1609190117,"event":{"mods":["Act Like it!","Alarm Clock","BaseMod","Better Skull","Better Vampires","Colored Map","Colored Powertips","Custom Start","Faster Ascension Climbing","Friendly Minions","GifTheSpireLib","Gremlin Skip","Highlight Path","Minty Spire (QoL Compilation)","Permanent Neow","Quick Restart","Red Circlet Mod","Relic Sorter","Reorder Act Four","SacredBarkPlus","Shop Mod","StSLib","SuperFastMode","Transform Curses","没有小屋子和绿帽子啦"],"gold_per_floor":[365,122,122,137,211,211,211,211,211],"floor_reached":8,"playtime":125,"items_purged":["Normality"],"score":88,"play_id":"e140e28b-17bc-4985-88cb-ca6609029ade","local_time":"20201229061517","is_ascension_mode":true,"campfire_choices":[{"data":"True Grit","floor":6.0,"key":"SMITH"}],"circlet_count":0,"master_deck":["AscendersBane","Strike_R","Strike_R","Strike_R","Strike_R","Strike_R","Defend_R","Defend_R","Defend_R","Defend_R","True Grit+1","Headbutt"],"relics":["Burning Blood","Red Skull","Mummified Hand","InkBottle"],"acts_visited":["Exordium"],"potions_floor_usage":[],"damage_taken":[{"damage":14.0,"enemies":"Jaw Worm","floor":1.0,"turns":4.0},{"damage":21.0,"enemies":"Small Slimes","floor":4.0,"turns":6.0},{"damage":56,"enemies":"Gremlin Nob","floor":8,"turns":4}],"seed_played":"1553274782496166277","potions_obtained":[],"is_trial":false,"path_per_floor":["M","$","?","M","T","R","?","E"],"character_chosen":"IRONCLAD","items_purchased":["Red Skull"],"campfire_rested":0,"item_purchase_floors":[2],"current_hp_per_floor":[60,60,55,40,40,40,40,0,0],"gold":211,"neow_bonus":"TWO_FIFTY_GOLD","is_daily":false,"chose_seed":false,"campfire_upgraded":1,"win_rate":0.0,"timestamp":1609190117,"path_taken":["M","$","?","M","?","R","?","E"],"items_purchased_type":["Relic"],"build_version":"2020-12-22","purchased_purges":1,"victory":false,"max_hp_per_floor":[75,75,75,75,75,75,75,75,75],"card_choices":[{"not_picked":["Shrug It Off","Flex"],"picked":"True Grit","floor":1.0},{"not_picked":["Clash","Heavy Blade"],"picked":"Headbutt","floor":4.0}],"player_experience":916751,"relics_obtained":[{"floor":5.0,"key":"InkBottle"}],"event_choices":[{"damage_healed":0.0,"max_hp_gain":0.0,"max_hp_loss":0.0,"gold_gain":0.0,"event_name":"Scrap Ooze","player_choice":"Success","floor":3.0,"gold_loss":0.0,"damage_taken":5.0,"relics_obtained":["Mummified Hand"]},{"cards_removed":["Bash"],"damage_healed":0,"gold_gain":0,"player_choice":"Forget","damage_taken":0,"max_hp_gain":0,"max_hp_loss":0,"event_name":"Living Wall","floor":7,"gold_loss":0}],"is_beta":false,"boss_relics":[],"items_purged_floors":[2],"is_endless":false,"potions_floor_spawned":[],"killed_by":"Gremlin Nob","ascension_level":20}}