{"host":"jpcy2bclvs7juczu","time":1609119559,"event":{"mods":["AchievementEnabler","BaseMod","Block Reminder","Colored Powertips","Minty Spire (QoL Compilation)","Quick Restart","Relic Stats","ojb\u0027s Better Paths Mod","ojb\u0027s Info Mod","slay the spire mod where everything is the same but ironclad has a cowboy hat"],"gold_per_floor":[112,69,69,81,93,93,108,138,185,185,220,220,36,64,64,64,64],"floor_reached":16,"playtime":703,"items_purged":[],"score":220,"play_id":"55ab7838-6a83-4aee-b72d-b34b30487b7a","local_time":"20201228013919","is_ascension_mode":true,"campfire_choices":[{"data":"Perfected Strike","floor":6,"key":"SMITH"},{"data":"Twin Strike","floor":12,"key":"SMITH"},{"data":"Fire Breathing","floor":15,"key":"SMITH"}],"circlet_count":0,"master_deck":["AscendersBane","Strike_R","Strike_R","Strike_R","Strike_R","Strike_R+1","Defend_R","Defend_R","Defend_R","Defend_R","Bash+1","Perfected Strike+1","Burning Pact+1","Twin Strike+1","Sentinel","Fire Breathing+1","Feel No Pain"],"relics":["Burning Blood","NeowsBlessing","Singing Bowl","CeramicFish","Juzu Bracelet"],"acts_visited":[],"potions_floor_usage":[11,16,16,16,16],"damage_taken":[{"damage":0.0,"enemies":"Jaw Worm","floor":1.0,"turns":1.0},{"damage":0,"enemies":"2 Louse","floor":4,"turns":1},{"damage":0,"enemies":"Small Slimes","floor":5,"turns":1},{"damage":8,"enemies":"3 Louse","floor":7,"turns":5},{"damage":8,"enemies":"Gremlin Nob","floor":8,"turns":3},{"damage":42,"enemies":"3 Sentries","floor":11,"turns":11},{"damage":15,"enemies":"Large Slime","floor":14,"turns":4},{"damage":18,"enemies":"Hexaghost","floor":16,"turns":7}],"seed_played":"-6196245185676736348","potions_obtained":[{"floor":7,"key":"EntropicBrew"},{"floor":8,"key":"Dexterity Potion"}],"is_trial":false,"path_per_floor":["M","$","?","M","M","R","M","E","T","?","E","R","$","M","R","B"],"character_chosen":"IRONCLAD","items_purchased":["Burning Pact","Fire Breathing","CultistPotion"],"campfire_rested":0,"item_purchase_floors":[2,13,13],"current_hp_per_floor":[74,74,51,57,63,63,61,59,59,59,25,25,25,16,16,0,0],"gold":64,"neow_bonus":"THREE_ENEMY_KILL","is_daily":false,"chose_seed":false,"campfire_upgraded":3,"win_rate":0.0,"timestamp":1609119559,"path_taken":["M","$","?","M","M","R","M","E","T","?","E","R","$","M","R","BOSS"],"items_purchased_type":["Card","Card","Potion"],"build_version":"2020-12-22","purchased_purges":0,"victory":false,"max_hp_per_floor":[75,75,75,75,75,75,75,75,75,75,77,77,77,77,77,77,77],"relic_stats":{"Singing Bowl":2,"counters":[8,33],"CeramicFish":18,"Juzu Bracelet":0,"obtain_stats":[{"NeowsBlessing":0,"Singing Bowl":8,"CeramicFish":9,"Juzu Bracelet":11,"Burning Blood":0},{"NeowsBlessing":0,"Singing Bowl":5,"CeramicFish":5,"Juzu Bracelet":6,"Burning Blood":0},{"NeowsBlessing":0,"Singing Bowl":11,"CeramicFish":11,"Juzu Bracelet":22,"Burning Blood":0}],"Burning Blood":42},"card_choices":[{"not_picked":["Iron Wave","Shrug It Off"],"picked":"Perfected Strike","floor":1.0},{"not_picked":["Iron Wave","Armaments"],"picked":"Twin Strike","floor":4},{"not_picked":["Flex","Entrench","True Grit"],"picked":"SKIP","floor":5},{"not_picked":["Armaments","Brutality","Dropkick"],"picked":"SKIP","floor":7},{"not_picked":["Sever Soul","Clothesline"],"picked":"Sentinel","floor":8},{"not_picked":["Warcry","Body Slam","Anger"],"picked":"Singing Bowl","floor":11},{"not_picked":["Iron Wave","Shrug It Off"],"picked":"Feel No Pain","floor":14}],"player_experience":179089,"relics_obtained":[{"floor":8,"key":"Singing Bowl"},{"floor":9,"key":"CeramicFish"},{"floor":11,"key":"Juzu Bracelet"}],"event_choices":[{"damage_healed":0.0,"max_hp_gain":0.0,"max_hp_loss":0.0,"gold_gain":0.0,"event_name":"Shining Light","player_choice":"Entered Light","floor":3.0,"gold_loss":0.0,"damage_taken":23.0,"cards_upgraded":["Strike_R","Burning Pact"]},{"damage_healed":0,"gold_gain":0,"player_choice":"Grow","damage_taken":0,"max_hp_gain":0,"max_hp_loss":0,"event_name":"Living Wall","floor":10,"gold_loss":0,"cards_upgraded":["Bash"]}],"is_beta":false,"boss_relics":[],"items_purged_floors":[],"is_endless":false,"potions_floor_spawned":[7,8,14],"killed_by":"Hexaghost","ascension_level":20}}