{"host":"grli52lbdph2722t","time":1609173064,"event":{"mods":["AchievementEnabler","BaseMod","Downfall","Minty Spire (QoL Compilation)","Quick Restart","StSLib"],"gold_per_floor":[99,99,99,99,549,582,882,897,897,897,897],"floor_reached":9,"playtime":172,"items_purged":[],"score":223,"play_id":"419e422a-d0c3-4637-a752-e94725622f5d","local_time":"20201228173104","is_ascension_mode":true,"campfire_choices":[{"floor":1,"key":"RECALL"}],"circlet_count":0,"master_deck":["AscendersBane","champ:Strike","champ:Strike","champ:Strike","champ:Strike","champ:Defend","champ:Defend","champ:Defend+1","champ:Defend+1","champ:Execute+1","champ:Taunt","champ:CrookedStrike","Regret","champ:DefensiveShout","Slimebound:Icky","Slimebound:Icky","Slimebound:Icky","champ:RecklessLeap","champ:FocusedDefense"],"relics":["champ:ChampionCrown","downfall:HeartsMalice","Blue Candle","Old Coin"],"acts_visited":["Exordium"],"potions_floor_usage":[9],"damage_taken":[{"damage":0,"enemies":"2 Louse","floor":2,"turns":1},{"damage":0,"enemies":"Cultist","floor":4,"turns":1},{"damage":0,"enemies":"3 Sentries","floor":6,"turns":1},{"damage":27,"enemies":"Jaw Worm","floor":8,"turns":3},{"damage":93,"enemies":"Gremlin Nob","floor":9,"turns":5}],"seed_played":"1751979581953215112","potions_obtained":[{"floor":8,"key":"GamblersBrew"}],"is_trial":false,"path_per_floor":["R","M","?","M","?","E","T","M","E"],"character_chosen":"THE_CHAMP","items_purchased":[],"campfire_rested":0,"item_purchase_floors":[],"current_hp_per_floor":[81,81,81,81,81,81,81,69,0,0,0],"gold":897,"neow_bonus":"THREE_ENEMY_KILL","is_daily":false,"chose_seed":false,"campfire_upgraded":0,"win_rate":0.0,"timestamp":1609173064,"path_taken":["R","M","?","M","?","E","T","M","E"],"items_purchased_type":[],"build_version":"2020-12-22","purchased_purges":0,"victory":false,"max_hp_per_floor":[90,90,90,90,90,90,90,90,90,90,90],"card_choices":[{"not_picked":["champ:BringItOn","champ:BerserkersShout"],"picked":"champ:CrookedStrike","floor":2},{"not_picked":["champ:HeartStrike","champ:RapidStrikes"],"picked":"champ:DefensiveShout","floor":4},{"not_picked":["champ:ShieldWall","champ:CrookedStrike"],"picked":"champ:RecklessLeap","floor":6},{"not_picked":["champ:ShieldSigil","champ:FightOn"],"picked":"champ:FocusedDefense","floor":8}],"player_experience":4889311,"relics_obtained":[{"floor":6,"key":"Blue Candle"},{"floor":7,"key":"Old Coin"}],"event_choices":[],"is_beta":false,"boss_relics":[],"items_purged_floors":[],"is_endless":false,"potions_floor_spawned":[8],"killed_by":"Gremlin Nob","ascension_level":10}}