{"host":"1hv1kueuvc4r3rdp","time":1609130232,"event":{"mods":["AchievementEnabler","BaseMod","DeckTracker","Highlight Path","Minty Spire (QoL Compilation)","Permanent Neow","StSLib"],"gold_per_floor":[119,33,53,73,73,100,114,114,138,153,153,167,185,196,196,298,298,316,328,348,40,54,54],"floor_reached":22,"playtime":1381,"items_purged":[],"score":194,"play_id":"44a73640-d8da-4b4b-b465-7f9cebc99db9","local_time":"20201227223712","daily_mods":["Uncertain Future"],"is_ascension_mode":false,"campfire_choices":[{"data":"Zap","floor":8,"key":"SMITH"},{"data":"Defragment","floor":11,"key":"SMITH"},{"floor":15,"key":"REST"}],"circlet_count":0,"master_deck":["Strike_B","Strike_B","Strike_B","Strike_B","Defend_B","Defend_B","Defend_B","Defend_B","Zap+1","Dualcast","Cold Snap","Ball Lightning","Defragment+1","FTL","Sweeping Beam","Double Energy","Seek","Go for the Eyes+1","Leap"],"relics":["Cracked Core","Tiny Chest","Bag of Marbles","Blood Vial","Black Star","StrikeDummy"],"acts_visited":["Exordium","TheCity"],"potions_floor_usage":[],"damage_taken":[{"damage":0,"enemies":"Small Slimes","floor":1,"turns":3},{"damage":0,"enemies":"Cultist","floor":3,"turns":3},{"damage":11,"enemies":"2 Louse","floor":4,"turns":2},{"damage":8,"enemies":"Lagavulin","floor":6,"turns":6},{"damage":5,"enemies":"Looter","floor":7,"turns":2},{"damage":13,"enemies":"Exordium Thugs","floor":10,"turns":4},{"damage":7,"enemies":"3 Louse","floor":12,"turns":3},{"damage":6,"enemies":"Red Slaver","floor":13,"turns":3},{"damage":3,"enemies":"Looter","floor":14,"turns":2},{"damage":14,"enemies":"The Guardian","floor":16,"turns":11},{"damage":25,"enemies":"2 Thieves","floor":18,"turns":4},{"damage":8,"enemies":"Shell Parasite","floor":19,"turns":4},{"damage":35,"enemies":"3 Cultists","floor":20,"turns":5},{"damage":21,"enemies":"Centurion and Healer","floor":22,"turns":8}],"seed_played":"4036519291198931711","potions_obtained":[{"floor":7,"key":"FairyPotion"},{"floor":10,"key":"Strength Potion"},{"floor":13,"key":"PowerPotion"},{"floor":22,"key":"LiquidMemories"}],"is_trial":true,"path_per_floor":["M","?","M","M","$","E","M","R","T","M","R","M","M","M","R","B",null,"M","M","M","$","M"],"character_chosen":"DEFECT","items_purchased":["Leap","StrikeDummy"],"campfire_rested":1,"item_purchase_floors":[21,21],"current_hp_per_floor":[75,75,75,64,64,56,51,51,51,40,40,35,31,30,52,40,75,50,44,11,11,22,22],"gold":54,"neow_bonus":"","is_daily":false,"chose_seed":true,"campfire_upgraded":2,"win_rate":0.0,"timestamp":1609130232,"path_taken":["M","?","M","?","$","E","?","R","T","M","R","M","M","M","R","BOSS","M","M","M","$","M"],"items_purchased_type":["Card","Relic"],"build_version":"2020-12-22","purchased_purges":0,"victory":false,"max_hp_per_floor":[75,75,75,75,75,75,75,75,75,75,75,75,75,75,75,75,75,75,75,75,75,75,75],"card_choices":[{"not_picked":["Steam","Beam Cell"],"picked":"Cold Snap","floor":1},{"not_picked":["White Noise","Compile Driver"],"picked":"Ball Lightning","floor":3},{"not_picked":["Hologram","Aggregate"],"picked":"Defragment","floor":4},{"not_picked":["Blizzard","Streamline"],"picked":"FTL","floor":6},{"not_picked":["Turbo","Rainbow","Cold Snap"],"picked":"SKIP","floor":7},{"not_picked":["Turbo","Self Repair","Barrage"],"picked":"SKIP","floor":10},{"not_picked":["Streamline","Beam Cell","Redo"],"picked":"SKIP","floor":12},{"not_picked":["Coolheaded","Stack"],"picked":"Sweeping Beam","floor":13},{"not_picked":["Redo","Cold Snap"],"picked":"Double Energy","floor":14},{"not_picked":["Electrodynamics","Core Surge"],"picked":"Seek","floor":16},{"not_picked":["Gash","Self Repair"],"picked":"Go for the Eyes+1","floor":18},{"not_picked":["Streamline","Beam Cell","Undo"],"picked":"SKIP","floor":19},{"not_picked":["Darkness+1","Skim","Rebound+1"],"picked":"SKIP","floor":20}],"player_experience":1104892,"relics_obtained":[{"floor":6,"key":"Bag of Marbles"},{"floor":9,"key":"Blood Vial"}],"event_choices":[{"damage_healed":0,"gold_gain":0,"player_choice":"Paid Gold","damage_taken":0,"relics_obtained":["Tiny Chest"],"max_hp_gain":0,"max_hp_loss":0,"event_name":"WeMeetAgain","floor":2,"gold_loss":86}],"is_beta":false,"boss_relics":[{"not_picked":["Snecko Eye","Inserter"],"picked":"Black Star"}],"items_purged_floors":[],"is_endless":false,"potions_floor_spawned":[7,10,13,14,16,22],"killed_by":"Centurion and Healer","ascension_level":0}}