{"host":"lpcxcvdszk9zyesf","time":1609140776,"event":{"mods":["BaseMod","Better Third Choice","BetterRewards","Minty Spire (QoL Compilation)","Rare Cards Sparkle","Relic Stats","Say the Spire","Spicy Shops","StSLib"],"gold_per_floor":[117,0,0,0,10,43,34,134,161,172,172,185,185,250,250,353,353,364,378,378,378,398,431,431,431],"floor_reached":24,"playtime":808,"items_purged":["Strike_R"],"score":424,"play_id":"a4833f7b-5267-4d12-873c-2f1c673f3786","local_time":"20201228153256","is_ascension_mode":true,"campfire_choices":[{"data":"Shockwave","floor":11,"key":"SMITH"},{"data":"Carnage","floor":13,"key":"SMITH"},{"data":"Exhume","floor":15,"key":"SMITH"}],"circlet_count":0,"master_deck":["Strike_R","Strike_R","Strike_R","Strike_R","Defend_R","Defend_R","Defend_R","Defend_R","Bash","Carnage+1","Infernal Blade","Heavy Blade","Enlightenment","Shockwave+1","Dramatic Entrance","Flex","Exhume+1","Limit Break","Bloodletting","RitualDagger","Juggernaut"],"relics":["Black Blood","TungstenRod","Bottled Lightning","Toy Ornithopter","Letter Opener","CultistMask","Nunchaku"],"acts_visited":["Exordium","TheCity"],"potions_floor_usage":[6],"damage_taken":[{"damage":1,"enemies":"Jaw Worm","floor":1,"turns":3},{"damage":2,"enemies":"2 Louse","floor":5,"turns":2},{"damage":31,"enemies":"Gremlin Nob","floor":6,"turns":4},{"damage":0,"enemies":"Cultist","floor":10,"turns":3},{"damage":0,"enemies":"2 Fungi Beasts","floor":12,"turns":2},{"damage":0,"enemies":"Gremlin Nob","floor":14,"turns":2},{"damage":33,"enemies":"Slime Boss","floor":16,"turns":8},{"damage":20,"enemies":"2 Thieves","floor":18,"turns":3},{"damage":21,"enemies":"3 Byrds","floor":19,"turns":5},{"damage":41,"enemies":"Snake Plant","floor":22,"turns":6},{"damage":50,"enemies":"Slavers","floor":23,"turns":7},{"damage":28,"enemies":"3 Cultists","floor":24,"turns":3}],"seed_played":"6391977710308985957","potions_obtained":[{"floor":1,"key":"BloodPotion"},{"floor":12,"key":"Dexterity Potion"},{"floor":16,"key":"LiquidBronze"},{"floor":19,"key":"FairyPotion"}],"is_trial":false,"path_per_floor":["M","?","$","?","M","E","$","?","T","M","R","M","R","?","R","B",null,"M","M","?","?","M","E","M"],"character_chosen":"IRONCLAD","items_purchased":["Carnage","TungstenRod","Infernal Blade","Dramatic Entrance"],"campfire_rested":0,"item_purchase_floors":[0,0,0,7],"current_hp_per_floor":[77,83,83,88,91,84,84,84,84,90,90,91,91,91,91,64,84,76,67,62,62,33,26,0,0],"gold":431,"neow_bonus":"","is_daily":false,"chose_seed":false,"campfire_upgraded":3,"win_rate":0.0,"timestamp":1609140776,"path_taken":["M","?","$","?","M","E","?","?","T","M","R","?","R","?","R","BOSS","M","M","?","?","?","E","M"],"items_purchased_type":["Card","Relic","Card","Card"],"build_version":"2020-12-22","purchased_purges":1,"victory":false,"max_hp_per_floor":[80,86,86,91,91,91,91,91,91,91,91,91,91,91,91,91,91,91,91,91,91,91,91,91,91],"relic_stats":{"Nunchaku":[0],"counters":[99,416],"Black Blood":635,"Letter Opener":[26],"obtain_stats":[{"Nilry\u0027s Codex":25,"Ginger":41,"Whetstone":9,"Boot":9,"DollysMirror":21,"Strawberry":43,"Philosopher\u0027s Stone":17,"MealTicket":0,"Kunai":0,"Girya":29,"Pear":26,"Astrolabe":34,"Velvet Choker":34,"Oddly Smooth Stone":0,"Eternal Feather":26,"Pen Nib":0,"Letter Opener":28,"Akabeko":0,"Brimstone":37,"Bronze Scales":3,"Bird Faced Urn":43,"Molten Egg 2":26,"Mark of Pain":17,"CultistMask":21,"Unceasing Top":34,"Pocketwatch":14,"Singing Bowl":7,"Torii":39,"Black Blood":17,"Juzu Bracelet":22,"Bag of Preparation":24,"Empty Cage":17,"Burning Blood":0,"Dream Catcher":0,"Nunchaku":23,"Matryoshka":34,"Toolbox":0,"Red Mask":38,"Chemical X":22,"Lee\u0027s Waffle":0,"Thread and Needle":4,"betterThird:NestCultRelic":21,"Odd Mushroom":13,"Orichalcum":7,"Medical Kit":0,"Mercury Hourglass":46,"Calling Bell":34,"Anchor":0,"betterThird:SlimedRelic":13,"Orrery":0,"Bag of Marbles":0,"Membership Card":28,"Bottled Lightning":46,"FossilizedHelix":44,"Toy Ornithopter":31,"TungstenRod":0},{"Nilry\u0027s Codex":84,"Ginger":21,"Whetstone":69,"Boot":4,"DollysMirror":56,"Strawberry":21,"Philosopher\u0027s Stone":54,"MealTicket":65,"Kunai":47,"Girya":85,"Pear":36,"Astrolabe":40,"Velvet Choker":17,"Oddly Smooth Stone":25,"Eternal Feather":84,"Pen Nib":0,"Letter Opener":85,"Akabeko":65,"Brimstone":42,"Bronze Scales":2,"Bird Faced Urn":43,"Molten Egg 2":13,"Mark of Pain":81,"CultistMask":96,"Unceasing Top":62,"Pocketwatch":32,"Singing Bowl":4,"Torii":20,"Black Blood":33,"Juzu Bracelet":12,"Bag of Preparation":84,"Empty Cage":8,"Burning Blood":0,"Dream Catcher":47,"Nunchaku":98,"Matryoshka":62,"Toolbox":47,"Red Mask":42,"Chemical X":12,"Lee\u0027s Waffle":47,"Thread and Needle":67,"betterThird:NestCultRelic":83,"Odd Mushroom":6,"Orichalcum":29,"Medical Kit":25,"Mercury Hourglass":23,"Calling Bell":62,"Anchor":47,"betterThird:SlimedRelic":79,"Orrery":74,"Bag of Marbles":65,"Membership Card":37,"Bottled Lightning":45,"FossilizedHelix":21,"Toy Ornithopter":39,"TungstenRod":87},{"Nilry\u0027s Codex":352,"Ginger":94,"Whetstone":278,"Boot":15,"DollysMirror":234,"Strawberry":94,"Philosopher\u0027s Stone":228,"MealTicket":267,"Kunai":204,"Girya":359,"Pear":157,"Astrolabe":175,"Velvet Choker":75,"Oddly Smooth Stone":120,"Eternal Feather":352,"Pen Nib":0,"Letter Opener":359,"Akabeko":267,"Brimstone":183,"Bronze Scales":7,"Bird Faced Urn":186,"Molten Egg 2":53,"Mark of Pain":332,"CultistMask":400,"Unceasing Top":255,"Pocketwatch":143,"Singing Bowl":15,"Torii":87,"Black Blood":149,"Juzu Bracelet":49,"Bag of Preparation":352,"Empty Cage":33,"Burning Blood":0,"Dream Catcher":204,"Nunchaku":413,"Matryoshka":255,"Toolbox":204,"Red Mask":183,"Chemical X":49,"Lee\u0027s Waffle":204,"Thread and Needle":272,"betterThird:NestCultRelic":346,"Odd Mushroom":23,"Orichalcum":135,"Medical Kit":120,"Mercury Hourglass":107,"Calling Bell":255,"Anchor":204,"betterThird:SlimedRelic":320,"Orrery":299,"Bag of Marbles":267,"Membership Card":160,"Bottled Lightning":194,"FossilizedHelix":94,"Toy Ornithopter":168,"TungstenRod":368}],"TungstenRod":36,"Toy Ornithopter":0},"card_choices":[{"not_picked":["Combust","Shockwave"],"picked":"Heavy Blade","floor":1},{"not_picked":["Perfected Strike","Cleave","Thunderclap"],"picked":"SKIP","floor":5},{"not_picked":["Headbutt","Armaments"],"picked":"Shockwave","floor":6},{"not_picked":["Sever Soul","Body Slam","Carnage"],"picked":"SKIP","floor":10},{"not_picked":["Uppercut","Searing Blow"],"picked":"Flex","floor":12},{"not_picked":["Sword Boomerang","Clash"],"picked":"Exhume","floor":14},{"not_picked":["Fiend Fire","Exhume"],"picked":"Limit Break","floor":16},{"not_picked":["Flame Barrier","Second Wind","Fire Breathing"],"picked":"SKIP","floor":18},{"not_picked":["Cleave","Shockwave"],"picked":"Bloodletting","floor":19},{"not_picked":["Twin Strike","Wild Strike","Perfected Strike"],"picked":"SKIP","floor":22},{"not_picked":["Burning Pact","Shrug It Off"],"picked":"Juggernaut","floor":23}],"player_experience":263871,"relics_obtained":[{"floor":6,"key":"Bottled Lightning"},{"floor":9,"key":"Toy Ornithopter"},{"floor":14,"key":"Letter Opener"},{"floor":23,"key":"Nunchaku"}],"event_choices":[{"damage_healed":0,"gold_gain":0,"player_choice":"RENOUNCE","damage_taken":117,"max_hp_gain":0,"max_hp_loss":0,"event_name":"betterThird:BetterSerpent","floor":2,"gold_loss":117,"cards_obtained":["Enlightenment"]},{"damage_healed":0,"gold_gain":0,"player_choice":"Donut","damage_taken":0,"max_hp_gain":5,"max_hp_loss":0,"event_name":"Big Fish","floor":4,"gold_loss":0},{"damage_healed":0,"gold_gain":100,"player_choice":"Gold","damage_taken":0,"max_hp_gain":0,"max_hp_loss":0,"event_name":"Wheel of Change","floor":8,"gold_loss":0},{"damage_healed":0,"gold_gain":0,"player_choice":"Searched \u00272\u0027 times","damage_taken":0,"max_hp_gain":0,"max_hp_loss":0,"event_name":"Dead Adventurer","floor":14,"gold_loss":0},{"damage_healed":0,"gold_gain":0,"player_choice":"Dagger","damage_taken":6,"max_hp_gain":0,"max_hp_loss":0,"event_name":"betterThird:BetterNest","floor":20,"gold_loss":0,"cards_obtained":["RitualDagger"]},{"damage_healed":0,"gold_gain":0,"player_choice":"Trade","damage_taken":0,"relics_obtained":["CultistMask"],"max_hp_gain":0,"max_hp_loss":0,"event_name":"FaceTrader","floor":21,"gold_loss":0}],"is_beta":false,"boss_relics":[{"not_picked":["Empty Cage","Runic Cube"],"picked":"Black Blood"}],"items_purged_floors":[0],"is_endless":false,"potions_floor_spawned":[1,12,16,19,22],"killed_by":"3 Cultists","ascension_level":7}}