{"host":"April","time":1609126303,"event":{"mods":["BaseMod","Minty Spire (QoL Compilation)"],"gold_per_floor":[217,233,1,19,19,52,52,78,151,161,161,178,196,226,226,323,323,342,342,342,342,342,342],"floor_reached":22,"playtime":1708,"items_purged":[],"score":239,"play_id":"ec3d43b2-20fe-48d6-b47d-44e39ffa9940","local_time":"20201227193143","is_ascension_mode":true,"campfire_choices":[{"data":"Perfected Strike","floor":7.0,"key":"SMITH"},{"data":"Evolve","floor":15.0,"key":"SMITH"}],"circlet_count":0,"master_deck":["Strike_R","Strike_R","Strike_R","Strike_R","Strike_R","Defend_R","Defend_R","Defend_R","Defend_R","Bash","Reckless Charge","Perfected Strike+1","Evolve+1","Carnage","Juggernaut","Shockwave","Feel No Pain","Intimidate","Inflame","Fiend Fire","Immolate","Wild Strike","Clumsy","Ghostly","Ghostly","Ghostly","Ghostly","Ghostly"],"relics":["Burning Blood","Potion Belt","Gambling Chip","Centennial Puzzle","Singing Bowl","Calipers","Cursed Key","Pantograph","Nilry\u0027s Codex"],"acts_visited":["Exordium","TheCity"],"potions_floor_usage":[],"damage_taken":[{"damage":6.0,"enemies":"Jaw Worm","floor":1.0,"turns":3.0},{"damage":4.0,"enemies":"2 Louse","floor":2.0,"turns":3.0},{"damage":0.0,"enemies":"Cultist","floor":4.0,"turns":2.0},{"damage":14.0,"enemies":"Gremlin Nob","floor":6.0,"turns":3.0},{"damage":36.0,"enemies":"Lagavulin","floor":8.0,"turns":6.0},{"damage":11.0,"enemies":"Red Slaver","floor":10.0,"turns":3.0},{"damage":10.0,"enemies":"Looter","floor":12.0,"turns":2.0},{"damage":4.0,"enemies":"Blue Slaver","floor":13.0,"turns":4.0},{"damage":16.0,"enemies":"3 Sentries","floor":14.0,"turns":5.0},{"damage":30.0,"enemies":"Slime Boss","floor":16.0,"turns":5.0},{"damage":1.0,"enemies":"Chosen","floor":18.0,"turns":4.0}],"seed_played":"8051043663509052532","potions_obtained":[{"floor":2.0,"key":"DuplicationPotion"},{"floor":4.0,"key":"BloodPotion"},{"floor":10.0,"key":"Fruit Juice"},{"floor":14.0,"key":"BloodPotion"},{"floor":16.0,"key":"Fire Potion"},{"floor":18.0,"key":"LiquidBronze"}],"is_trial":false,"path_per_floor":["M","M","$","M","?","E","R","E","T","M","?","M","M","E","R","B",null,"M","T","?","?","$"],"character_chosen":"IRONCLAD","items_purchased":["Potion Belt","Evolve"],"campfire_rested":0,"item_purchase_floors":[3,3],"current_hp_per_floor":[80,80,80,80,85,77,77,47,47,42,42,38,63,53,53,29,90,90,90,45,29,29,29],"gold":342,"neow_bonus":"HUNDRED_GOLD","is_daily":false,"chose_seed":false,"campfire_upgraded":2,"win_rate":0.0,"timestamp":1609126303,"path_taken":["M","M","$","M","?","E","R","E","T","M","?","?","M","E","R","BOSS","M","?","?","?","$"],"items_purchased_type":["Relic","Card"],"build_version":"2020-12-18","purchased_purges":0,"victory":false,"max_hp_per_floor":[80,80,80,80,85,85,85,85,85,85,85,85,90,90,90,90,90,90,90,45,45,45,45],"card_choices":[{"not_picked":["Iron Wave","Body Slam"],"picked":"Reckless Charge","floor":1.0},{"not_picked":["Body Slam","Headbutt"],"picked":"Perfected Strike","floor":2.0},{"not_picked":["Perfected Strike","Sword Boomerang"],"picked":"Carnage","floor":4.0},{"not_picked":["Sword Boomerang","Clothesline"],"picked":"Juggernaut","floor":6.0},{"not_picked":["Dropkick","Armaments"],"picked":"Shockwave","floor":8.0},{"not_picked":["Second Wind","True Grit"],"picked":"Feel No Pain","floor":10.0},{"not_picked":["Heavy Blade","Searing Blow"],"picked":"Intimidate","floor":12.0},{"not_picked":["Cleave","Dual Wield"],"picked":"Inflame","floor":13.0},{"not_picked":["Inflame","Dual Wield"],"picked":"Fiend Fire","floor":14.0},{"not_picked":["Feed","Brutality"],"picked":"Immolate","floor":16.0},{"not_picked":["Armaments","Sever Soul"],"picked":"Wild Strike","floor":18.0}],"player_experience":2544640,"relics_obtained":[{"floor":6.0,"key":"Gambling Chip"},{"floor":8.0,"key":"Centennial Puzzle"},{"floor":9.0,"key":"Singing Bowl"},{"floor":14.0,"key":"Calipers"},{"floor":19.0,"key":"Pantograph"},{"floor":21.0,"key":"Nilry\u0027s Codex"}],"event_choices":[{"damage_healed":0.0,"max_hp_gain":5.0,"max_hp_loss":0.0,"gold_gain":0.0,"event_name":"Big Fish","player_choice":"Donut","floor":5.0,"gold_loss":0.0,"damage_taken":0.0},{"damage_healed":0.0,"max_hp_gain":0.0,"max_hp_loss":0.0,"gold_gain":0.0,"event_name":"Purifier","player_choice":"Ignored","floor":11.0,"gold_loss":0.0,"damage_taken":0.0},{"damage_healed":0.0,"max_hp_gain":0.0,"max_hp_loss":45.0,"gold_gain":0.0,"event_name":"Ghosts","player_choice":"Became a Ghost","floor":20.0,"gold_loss":0.0,"damage_taken":0.0,"cards_obtained":["Ghostly","Ghostly","Ghostly","Ghostly","Ghostly"]},{"damage_healed":0.0,"max_hp_gain":0.0,"max_hp_loss":0.0,"gold_gain":0.0,"event_name":"Cursed Tome","player_choice":"Obtained Book","floor":21.0,"gold_loss":0.0,"damage_taken":16.0}],"is_beta":true,"boss_relics":[{"not_picked":["Black Star","Philosopher\u0027s Stone"],"picked":"Cursed Key"}],"items_purged_floors":[],"is_endless":false,"potions_floor_spawned":[2,4,10,14,16,18],"ascension_level":1}}