{"host":"wha9hktbkslqvblg","time":1609116018,"event":{"mods":["BaseMod","Colored Map","Minty Spire (QoL Compilation)","Relic Stats","SuperFastMode","everything is the same but u backflip on backflip"],"gold_per_floor":[115,40,40,55,55,55,98,20,45,84,84,84,84,97,97,97,97],"floor_reached":16,"playtime":760,"items_purged":["Strike_R"],"score":262,"play_id":"0b7b89bd-3083-4863-b29e-34e3db97aa6a","local_time":"20201228094018","is_ascension_mode":true,"campfire_choices":[{"data":"Carnage","floor":6,"key":"SMITH"},{"data":"Entrench","floor":11,"key":"SMITH"},{"floor":15,"key":"RECALL"}],"circlet_count":0,"master_deck":["AscendersBane","Strike_R","Strike_R","Strike_R","Strike_R","Defend_R","Defend_R","Defend_R","Defend_R","Bash","Carnage+1","Seeing Red","Fire Breathing+1","Entrench+1"],"relics":["Burning Blood","NeowsBlessing","Golden Idol","Frozen Egg 2","StrikeDummy","Bird Faced Urn"],"acts_visited":["Exordium"],"potions_floor_usage":[],"damage_taken":[{"damage":0,"enemies":"2 Louse","floor":1,"turns":1},{"damage":0,"enemies":"Jaw Worm","floor":4,"turns":1},{"damage":0,"enemies":"Gremlin Nob","floor":7,"turns":1},{"damage":25,"enemies":"3 Sentries","floor":10,"turns":4},{"damage":0,"enemies":"Small Slimes","floor":14,"turns":3},{"damage":40,"enemies":"Hexaghost","floor":16,"turns":9}],"seed_played":"4966287034293847374","potions_obtained":[{"floor":1,"key":"BlessingOfTheForge"},{"floor":10,"key":"Fire Potion"}],"is_trial":false,"path_per_floor":["M","$","?","M","?","R","E","$","T","E","R","T","$","M","R","B"],"character_chosen":"IRONCLAD","items_purchased":["Fire Breathing+1"],"campfire_rested":0,"item_purchase_floors":[8],"current_hp_per_floor":[74,74,74,75,49,49,55,55,55,36,36,36,36,42,42,4,4],"gold":97,"neow_bonus":"THREE_ENEMY_KILL","is_daily":false,"chose_seed":false,"campfire_upgraded":2,"win_rate":0.0,"timestamp":1609116018,"path_taken":["M","$","?","M","?","R","E","?","T","E","R","?","?","M","R","BOSS"],"items_purchased_type":["Card"],"build_version":"2020-12-22","purchased_purges":1,"victory":false,"max_hp_per_floor":[75,75,75,75,75,75,75,75,75,75,75,75,75,75,75,75,75],"relic_stats":{"counters":[6,19],"Golden Idol":20,"Bird Faced Urn":[2],"obtain_stats":[{"NeowsBlessing":0,"Golden Idol":5,"Bird Faced Urn":12,"Frozen Egg 2":7,"StrikeDummy":10,"Burning Blood":0},{"NeowsBlessing":0,"Golden Idol":2,"Bird Faced Urn":4,"Frozen Egg 2":3,"StrikeDummy":4,"Burning Blood":0},{"NeowsBlessing":0,"Golden Idol":2,"Bird Faced Urn":7,"Frozen Egg 2":3,"StrikeDummy":7,"Burning Blood":0}],"Burning Blood":25},"card_choices":[{"not_picked":["Inflame","Heavy Blade","Burning Pact"],"picked":"SKIP","floor":1},{"not_picked":["Rampage","Whirlwind"],"picked":"Carnage","floor":4},{"not_picked":["Wild Strike","Spot Weakness"],"picked":"Seeing Red","floor":7},{"not_picked":["Twin Strike","Spot Weakness"],"picked":"Entrench","floor":10},{"not_picked":["Heavy Blade","Sword Boomerang","Thunderclap"],"picked":"SKIP","floor":14}],"player_experience":903739,"relics_obtained":[{"floor":7,"key":"Frozen Egg 2"},{"floor":10,"key":"StrikeDummy"},{"floor":12,"key":"Bird Faced Urn"}],"event_choices":[{"damage_healed":0,"gold_gain":0,"player_choice":"Leave","damage_taken":0,"max_hp_gain":0,"max_hp_loss":0,"event_name":"The Cleric","floor":3,"gold_loss":0},{"damage_healed":0,"gold_gain":0,"player_choice":"Take Damage","damage_taken":26,"relics_obtained":["Golden Idol"],"max_hp_gain":0,"max_hp_loss":0,"event_name":"Golden Idol","floor":5,"gold_loss":0}],"is_beta":false,"boss_relics":[],"items_purged_floors":[2],"is_endless":false,"potions_floor_spawned":[1,10,14],"killed_by":"Hexaghost","ascension_level":20}}