{"host":"m1ntkrf87179kmo6","time":1609116479,"event":{"mods":["BaseMod","Better Third Choice","Minty Spire (QoL Compilation)","Shade Mod","StSLib"],"gold_per_floor":[110,70,70,70,88,100,100,100,100,119,119,144,157,172,172,268,268,286,286,306,306,318,329,329,40,115,115,115,127,137,147,147,250,250,263,276,276,130,149,149,149,199,199,209,221,221,221,231,231,231,231],"floor_reached":50,"playtime":5067,"items_purged":[],"score":448,"play_id":"9bf2f5db-f7e7-49ce-b168-f0a1b3b6cb98","local_time":"20201227204759","is_ascension_mode":false,"campfire_choices":[{"data":"Shade:TouchOfTheGrave","floor":7.0,"key":"SMITH"},{"floor":11.0,"key":"REST"},{"floor":15.0,"key":"RECALL"},{"floor":24.0,"key":"REST"},{"data":"Shade:Premonition","floor":32.0,"key":"SMITH"},{"floor":40,"key":"REST"},{"data":"Shade:GraveStillness","floor":49,"key":"SMITH"}],"circlet_count":0,"master_deck":["Shade:Strike_Shade","Shade:Strike_Shade","Shade:Defend_Shade","Shade:Defend_Shade","Shade:Defend_Shade","Shade:Defend_Shade+1","Shade:AnimateDead+1","Shade:CarefulCut","Shade:TouchOfTheGrave+1","Shade:GreyBargain+1","Shade:AncientSpear","Shade:FuneraryArmor","Shade:Premonition+1","Shade:AncientSpear+1","Shade:Premonition+1","Shade:GreyBargain","Shade:GraveStillness+1","Shade:ClawBack","Shade:Brains","Shade:ExtraLimbs","Shade:ExtraLimbs","Shade:ClawBack"],"relics":["Shade:YorickSkull","betterThird:SlimedRelic","Orichalcum","Shade:Thing","Juzu Bracelet","Nloth\u0027s Gift","FossilizedHelix","Eternal Feather","Blood Vial","Strawberry","Pantograph"],"acts_visited":["Exordium","TheCity","TheBeyond"],"potions_floor_usage":[33,33,50],"damage_taken":[{"damage":0.0,"enemies":"Jaw Worm","floor":1.0,"turns":4.0},{"damage":0.0,"enemies":"2 Louse","floor":5.0,"turns":3.0},{"damage":0.0,"enemies":"Small Slimes","floor":6.0,"turns":4.0},{"damage":0.0,"enemies":"Red Slaver","floor":10.0,"turns":3.0},{"damage":2.0,"enemies":"3 Sentries","floor":12.0,"turns":7.0},{"damage":0.0,"enemies":"3 Louse","floor":13.0,"turns":3.0},{"damage":1.0,"enemies":"Exordium Wildlife","floor":14.0,"turns":5.0},{"damage":19.0,"enemies":"Slime Boss","floor":16.0,"turns":9.0},{"damage":0.0,"enemies":"Shell Parasite","floor":18.0,"turns":9.0},{"damage":1.0,"enemies":"2 Thieves","floor":20.0,"turns":5.0},{"damage":17.0,"enemies":"Centurion and Healer","floor":22.0,"turns":6.0},{"damage":0.0,"enemies":"Chosen and Byrds","floor":23.0,"turns":6.0},{"damage":0.0,"enemies":"Shelled Parasite and Fungi","floor":29.0,"turns":12.0},{"damage":0.0,"enemies":"Centurion and Healer","floor":30.0,"turns":8.0},{"damage":7.0,"enemies":"Sentry and Sphere","floor":31.0,"turns":7.0},{"damage":57,"enemies":"Champ","floor":33,"turns":20},{"damage":15,"enemies":"3 Shapes","floor":35,"turns":7},{"damage":18,"enemies":"3 Darklings","floor":36,"turns":9},{"damage":11,"enemies":"Spire Growth","floor":39,"turns":9},{"damage":12,"enemies":"Mind Bloom Boss Battle","floor":42,"turns":8},{"damage":0,"enemies":"Transient","floor":44,"turns":5},{"damage":37,"enemies":"Sphere and 2 Shapes","floor":45,"turns":6},{"damage":3,"enemies":"Jaw Worm Horde","floor":48,"turns":6},{"damage":68,"enemies":"Donu and Deca","floor":50,"turns":8}],"seed_played":"-912336351272298128","potions_obtained":[{"floor":0.0,"key":"PowerPotion"},{"floor":0.0,"key":"SkillPotion"},{"floor":0.0,"key":"GamblersBrew"},{"floor":10.0,"key":"Strength Potion"},{"floor":14.0,"key":"GamblersBrew"},{"floor":16.0,"key":"Block Potion"},{"floor":18.0,"key":"Swift Potion"},{"floor":22.0,"key":"Dexterity Potion"},{"floor":29.0,"key":"SpeedPotion"},{"floor":44,"key":"DistilledChaos"}],"is_trial":false,"path_per_floor":["M","?","?","?","M","M","R","?","T","M","R","E","M","M","R","B",null,"M","?","M","?","M","M","R","$","T","?","?","M","M","M","R","B",null,"M","M","T","$","M","R","?","?","T","M","M","T","?","M","R","B"],"character_chosen":"SHADE","items_purchased":["FossilizedHelix","Strawberry"],"campfire_rested":3,"item_purchase_floors":[25,38],"current_hp_per_floor":[65,54,51,38,38,38,38,38,38,38,57,55,55,54,54,35,65,65,65,64,64,47,47,65,65,65,65,65,65,65,58,65,8,65,50,32,32,39,30,63,63,53,53,55,20,20,63,60,63,0,0],"gold":231,"neow_bonus":"THREE_SMALL_POTIONS","is_daily":false,"chose_seed":false,"campfire_upgraded":3,"win_rate":0.0,"timestamp":1609116479,"path_taken":["M","?","?","?","M","M","R","?","T","?","R","E","M","M","R","BOSS","M","?","M","?","M","M","R","$","T","?","?","M","M","M","R","BOSS","M","M","?","$","M","R","?","?","T","M","M","?","?","M","R","BOSS"],"items_purchased_type":["Relic","Relic"],"build_version":"2020-12-22","purchased_purges":0,"victory":false,"max_hp_per_floor":[65,65,65,65,65,65,65,65,65,65,65,65,65,65,65,65,65,65,65,65,65,65,65,65,65,65,65,65,65,65,65,65,65,65,65,65,65,72,72,72,72,72,72,72,72,72,63,63,63,63,63],"card_choices":[{"not_picked":["Shade:Frenzy","Shade:FeralStrike","Shade:BoneShards"],"picked":"SKIP","floor":1.0},{"not_picked":["Shade:DangerousRitual","Shade:ClawBack"],"picked":"Shade:TouchOfTheGrave","floor":5.0},{"not_picked":["Shade:GraveStillness","Shade:Excise"],"picked":"Shade:GreyBargain","floor":6.0},{"not_picked":["Shade:Trample","Shade:GreyBargain"],"picked":"Shade:AncientSpear","floor":10.0},{"not_picked":["Shade:SoulPierce","Shade:FreshBones","Shade:SanguineRitual"],"picked":"SKIP","floor":12.0},{"not_picked":["Shade:CommandSoldier","Shade:CallWraith"],"picked":"Shade:FuneraryArmor","floor":13.0},{"not_picked":["Shade:BoneShards","Shade:GreyBargain"],"picked":"Shade:Premonition","floor":14.0},{"not_picked":["Shade:FleshOffering","Shade:TouchOfTheGrave","Shade:StitchTogether"],"picked":"SKIP","floor":18.0},{"not_picked":["Shade:FingerOfDeath","Shade:CommandSoldier"],"picked":"Shade:AncientSpear+1","floor":20.0},{"not_picked":["Shade:WallOfFlesh","Shade:SkeletonHug+1"],"picked":"Shade:Premonition+1","floor":22.0},{"not_picked":["Shade:FuneraryJewels","Shade:FleshToFlesh"],"picked":"Shade:GreyBargain","floor":23.0},{"not_picked":["Shade:SpontaneousRitual","Shade:PoundOfFlesh+1","Shade:Trample+1"],"picked":"SKIP","floor":29.0},{"not_picked":["Shade:CommandSoldier+1","Shade:Excise"],"picked":"Shade:ClawBack","floor":30.0},{"not_picked":["Shade:FreshBones","Shade:Consume","Shade:FeralStrike"],"picked":"SKIP","floor":31.0},{"not_picked":["Shade:PressTheAttack+1","Shade:CommandSoldier+1"],"picked":"Shade:Brains","floor":35},{"not_picked":["Shade:WallOfFlesh","Shade:OpenGraves+1"],"picked":"Shade:ExtraLimbs","floor":36},{"not_picked":["Shade:FleshOffering","Shade:FreshBones","Shade:Putrefaction"],"picked":"SKIP","floor":39},{"not_picked":["Shade:Asphyxiate+1","Shade:GraveStillness+1","Shade:TouchOfTheGrave+1"],"picked":"SKIP","floor":44},{"not_picked":["Shade:SanguineRitual","Shade:FeralStrike+1"],"picked":"Shade:ClawBack","floor":45},{"not_picked":["Shade:ClawBack","Shade:Putrefaction","Shade:Patience+1"],"picked":"SKIP","floor":48}],"player_experience":1131817,"relics_obtained":[{"floor":9.0,"key":"Shade:Thing"},{"floor":12.0,"key":"Juzu Bracelet"},{"floor":26.0,"key":"Eternal Feather"},{"floor":37,"key":"Blood Vial"},{"floor":46,"key":"Pantograph"}],"event_choices":[{"damage_healed":0.0,"max_hp_gain":0.0,"max_hp_loss":0.0,"gold_gain":0.0,"event_name":"betterThird:BetterGoop","player_choice":"Slimed","floor":2.0,"gold_loss":40.0,"damage_taken":11.0},{"damage_healed":0.0,"max_hp_gain":0.0,"max_hp_loss":0.0,"gold_gain":0.0,"event_name":"betterThird:BetterScrap","player_choice":"Relic ","floor":3.0,"gold_loss":0.0,"damage_taken":3.0,"cards_obtained":["TalkToTheHand"]},{"damage_healed":51.0,"max_hp_gain":0.0,"max_hp_loss":65.0,"gold_gain":0.0,"event_name":"betterThird:BetterShining","player_choice":"Upgrade","floor":4.0,"gold_loss":0.0,"damage_taken":13.0,"cards_upgraded":["Shade:Defend_Shade","Shade:AnimateDead"]},{"damage_healed":0.0,"max_hp_gain":0.0,"max_hp_loss":0.0,"gold_gain":0.0,"event_name":"Accursed Blacksmith","player_choice":"Forge","floor":8.0,"gold_loss":0.0,"damage_taken":0.0,"cards_upgraded":["Shade:GreyBargain"]},{"damage_healed":0.0,"max_hp_gain":0.0,"max_hp_loss":0.0,"gold_gain":0.0,"event_name":"Cursed Tome","player_choice":"Ignored","floor":19.0,"gold_loss":0.0,"damage_taken":0.0},{"damage_healed":0.0,"max_hp_gain":0.0,"max_hp_loss":0.0,"gold_gain":0.0,"event_name":"N\u0027loth","player_choice":"Traded Relic","floor":21.0,"relics_lost":["Empty Cage"],"gold_loss":0.0,"damage_taken":0.0,"relics_obtained":["Nloth\u0027s Gift"]},{"damage_healed":0.0,"max_hp_gain":0.0,"max_hp_loss":0.0,"gold_gain":0.0,"event_name":"Vampires","player_choice":"Ignored","floor":27.0,"gold_loss":0.0,"damage_taken":0.0},{"damage_healed":0.0,"max_hp_gain":0.0,"max_hp_loss":0.0,"gold_gain":0.0,"event_name":"Match and Keep!","player_choice":"1 cards matched","floor":28.0,"gold_loss":0.0,"damage_taken":0.0,"cards_obtained":["Shade:GraveStillness"]},{"damage_healed":0,"gold_gain":0,"player_choice":"Copied","damage_taken":0,"max_hp_gain":0,"max_hp_loss":0,"event_name":"Duplicator","floor":41,"gold_loss":0,"cards_obtained":["Shade:ExtraLimbs"]},{"damage_healed":0,"gold_gain":0,"player_choice":"Fight","damage_taken":0,"max_hp_gain":0,"max_hp_loss":0,"event_name":"MindBloom","floor":42,"gold_loss":0},{"damage_healed":63,"gold_gain":0,"player_choice":"Heal","damage_taken":0,"max_hp_gain":0,"max_hp_loss":9,"event_name":"The Moai Head","floor":47,"gold_loss":0}],"is_beta":false,"boss_relics":[{"not_picked":["Coffee Dripper","Tiny House"],"picked":"Empty Cage"},{"not_picked":["Snecko Eye","Cursed Key","Runic Pyramid"]}],"items_purged_floors":[],"is_endless":false,"potions_floor_spawned":[10,14,16,18,22,29,44],"killed_by":"Donu and Deca","ascension_level":0}}