{"host":"nlt3cun66idbuazp","time":1609136217,"event":{"mods":["2.2 Compatiblity","Act Like it!","Aspiration","BaseMod","Better Altar","Better Match","Better Skull","Better Third Choice","BetterRewards","Downfall","Grow up Mod","Hermit","Hubris","Jorbs\u0027s Wanderer Trilogy","Koishi","Minty Spire (QoL Compilation)","Prisma Mod","Rare Cards Sparkle","Remove Card Discount Mod","Shade Mod","Spicy Shops","StSLib","The Animator","The Construct","The Disciple","The Gatherer","The Marked","vexMod"],"gold_per_floor":[109,109,109,109,134,164,139,172,172,15,45,59,86,99,99,202,202,202],"floor_reached":17,"playtime":1322,"items_purged":[],"score":256,"play_id":"0f9bc8b2-ba7e-4eff-9a65-ac4a99c491de","local_time":"20201228011657","daily_mods":["Draft","Vintage","Allstar","Heirloom","Time Dilation","Flight"],"is_ascension_mode":false,"campfire_choices":[{"data":"DevaForm","floor":15,"key":"SMITH"}],"circlet_count":0,"master_deck":["Demon Form","Wraith Form v2","Echo Form+1","DevaForm+1","Gatherer:BomberForm","stsjorbsmod:ArcaneForm+1","hexamod:ParanormalForm","construct:SiegeForm","OracleForm","sneckomod:SerpentMind","Guardian:ConstructionForm","stsjorbsmod:WastingForm","Slimebound:DuplicatedForm","Shade:WallOfFlesh","Shade:CommandSoldier","Shade:FingerOfDeath","Shade:Bonestorm","Shade:PoundOfFlesh","Shade:FleshToFlesh","Shade:RavenousHorde","Shade:CommandSoldier","Shade:BoneShards","Shade:AuraOfUnlife","Shade:GreyBargain","Shade:Trample","Shade:AncientSpear","Shade:FuneraryArmor","Shade:PressTheAttack","Shade:AuraOfUnlife","Shade:ExtraLimbs+1","Shade:SkeletonHug+1","Shade:Carnophage","Shade:SoulPierce"],"relics":["Shade:YorickSkull","TungstenRod","PreservedInsect","Molten Egg 2","aspiration:StickyExplosives","Question Card","hexamod:BolsterEngine","Blood Vial","Empty Cage","vexMod:MemoryStick","Letter Opener","vexMod:PaidLearning","hubris:PeanutButter","Strawberry","StoneCalendar","Tiny Chest","Snecko Eye"],"acts_visited":["Exordium","TheCity"],"potions_floor_usage":[13,14,16],"damage_taken":[{"damage":1,"enemies":"Jaw Worm","floor":1,"turns":4},{"damage":16,"enemies":"Gremlin Nob","floor":6,"turns":5},{"damage":8,"enemies":"Lagavulin","floor":8,"turns":6},{"damage":5,"enemies":"3 Sentries","floor":11,"turns":5},{"damage":0,"enemies":"Small Slimes","floor":12,"turns":3},{"damage":0,"enemies":"Lagavulin","floor":13,"turns":3},{"damage":0,"enemies":"2 Louse","floor":14,"turns":3},{"damage":19,"enemies":"The Guardian","floor":16,"turns":7}],"seed_played":"1132510317902482825","potions_obtained":[{"floor":6,"key":"SteroidPotion"},{"floor":11,"key":"Fire Potion"},{"floor":13,"key":"DistilledChaos"},{"floor":14,"key":"DuplicationPotion"}],"is_trial":true,"path_per_floor":["M","?","?","?","T","E","?","E","T","$","E","M","E","M","R","B",null],"character_chosen":"SHADE","items_purchased":["vexMod:PaidLearning"],"campfire_rested":0,"item_purchase_floors":[10],"current_hp_per_floor":[84,94,104,97,107,101,111,115,125,135,142,161,173,185,195,188,242,242],"gold":202,"neow_bonus":"","is_daily":false,"chose_seed":false,"campfire_upgraded":1,"win_rate":0.0,"timestamp":1609136217,"path_taken":["M","?","?","?","?","E","?","E","T","?","E","?","E","M","R","BOSS"],"items_purchased_type":["Relic"],"build_version":"2020-12-22","purchased_purges":0,"victory":false,"max_hp_per_floor":[85,95,105,115,125,135,145,155,165,175,185,202,212,222,232,242,242,242],"card_choices":[{"not_picked":["Shade:GraveStillness","Shade:PotionOfRestlessness"],"picked":"Shade:WallOfFlesh","floor":0},{"not_picked":["Shade:StitchTogether","Shade:Premonition"],"picked":"Shade:CommandSoldier","floor":0},{"not_picked":["Shade:SkeletonArmy","Shade:ExtraLimbs"],"picked":"Shade:FingerOfDeath","floor":0},{"not_picked":["Shade:FleshToFlesh","Shade:SpontaneousRitual"],"picked":"Shade:Bonestorm","floor":0},{"not_picked":["Shade:RitualOffering","Shade:CoffinDance"],"picked":"Shade:PoundOfFlesh","floor":0},{"not_picked":["Shade:BoneShards","Shade:Trample"],"picked":"Shade:FleshToFlesh","floor":0},{"not_picked":["Shade:GraveStillness","Shade:ClawBack"],"picked":"Shade:RavenousHorde","floor":0},{"not_picked":["Shade:Bonestorm","Shade:Brains"],"picked":"Shade:CommandSoldier","floor":0},{"not_picked":["Shade:Haruspicy","Shade:SpontaneousRitual"],"picked":"Shade:BoneShards","floor":0},{"not_picked":["Shade:LyeBath","Shade:SensePrey"],"picked":"Shade:AuraOfUnlife","floor":0},{"not_picked":["Shade:RitualOffering","Shade:Frenzy"],"picked":"Shade:GreyBargain","floor":0},{"not_picked":["Shade:RitualOffering","Shade:FuneraryArmor"],"picked":"Shade:Trample","floor":0},{"not_picked":["Shade:GreyBargain","Shade:FeralStrike"],"picked":"Shade:AncientSpear","floor":0},{"not_picked":["Shade:AncientSpear","Shade:FleshToFlesh"],"picked":"Shade:FuneraryArmor","floor":0},{"not_picked":["Shade:GreyBargain","Shade:ExtraLimbs"],"picked":"Shade:PressTheAttack","floor":0},{"not_picked":["Shade:Patience","Shade:FleshLikeOak","Shade:PotionOfRestlessness"],"picked":"Shade:AuraOfUnlife","floor":6},{"not_picked":["Shade:RitualOffering","Shade:FeralStrike+1","Shade:ClawBack+1"],"picked":"Shade:ExtraLimbs+1","floor":8},{"not_picked":["Shade:FuneraryArmor","Shade:Premonition","Shade:FleshToFlesh"],"picked":"Shade:SkeletonHug+1","floor":11},{"not_picked":["Shade:Tombstone+1","Shade:Premonition","Shade:LyeBath"],"picked":"Shade:Carnophage","floor":13},{"not_picked":["Shade:OneIsEnough+1","Shade:DarkOfNight","Shade:LastGasp"],"picked":"Shade:SoulPierce","floor":16}],"player_experience":149897,"relics_obtained":[{"floor":1,"key":"PreservedInsect"},{"floor":5,"key":"hexamod:BolsterEngine"},{"floor":6,"key":"Blood Vial"},{"floor":8,"key":"vexMod:MemoryStick"},{"floor":9,"key":"Letter Opener"},{"floor":11,"key":"hubris:PeanutButter"},{"floor":12,"key":"Strawberry"},{"floor":13,"key":"StoneCalendar"},{"floor":14,"key":"Tiny Chest"}],"event_choices":[{"damage_healed":84,"gold_gain":0,"player_choice":"Embrace Burn","damage_taken":0,"max_hp_gain":0,"max_hp_loss":85,"event_name":"betterThird:BetterShining","floor":2,"gold_loss":0},{"damage_healed":0,"gold_gain":1,"player_choice":"Relic Relic ","damage_taken":22,"max_hp_gain":0,"max_hp_loss":0,"event_name":"betterThird:BetterScrap","floor":4,"gold_loss":0,"cards_obtained":["Brutality"]}],"is_beta":false,"boss_relics":[{"not_picked":["Runic Dome","Velvet Choker"],"picked":"Snecko Eye"}],"items_purged_floors":[],"is_endless":true,"potions_floor_spawned":[6,11,13,14],"ascension_level":0}}