{"host":"4qt77pm52ljaz00q","time":1609164984,"event":{"mods":["2.2 Compatiblity","BaseMod","BetterRewards","Colored Map","Downfall","Minty Spire (QoL Compilation)","Permanent Neow","Relic Sorter","Shop Mod","StSLib","Unknown Chances"],"gold_per_floor":[99,118,131,231,97,97,97,22,7,26,58,68,68,81,94,94,94,94],"floor_reached":16,"playtime":512,"items_purged":[],"score":112,"play_id":"f6472097-4b25-49d6-9962-d30455a08b24","local_time":"20201228091624","is_ascension_mode":true,"campfire_choices":[{"floor":1,"key":"RECALL"},{"data":"champ:Taunt","floor":8,"key":"SMITH"}],"circlet_count":0,"master_deck":["champ:Strike","champ:Strike","champ:Strike","champ:Strike","champ:Defend","champ:Defend","champ:Defend","champ:Defend","champ:Execute","champ:Taunt+1","champ:Haymaker","champ:BladeFlurry","champ:StanceDance","champ:Duel","champ:BladeFlurry","champ:ViciousMockery"],"relics":["Busted Crown","downfall:HeartBlessingRed","Lizard Tail"],"acts_visited":["Exordium"],"potions_floor_usage":[5],"damage_taken":[{"damage":9,"enemies":"Small Slimes","floor":2,"turns":3},{"damage":13,"enemies":"Jaw Worm","floor":3,"turns":4},{"damage":8,"enemies":"downfall:FleeingMerchant","floor":5,"turns":4},{"damage":10,"enemies":"downfall:FleeingMerchant","floor":9,"turns":4},{"damage":1,"enemies":"2 Louse","floor":10,"turns":3},{"damage":21,"enemies":"Gremlin Nob","floor":11,"turns":4},{"damage":10,"enemies":"Blue Slaver","floor":12,"turns":3},{"damage":5,"enemies":"Exordium Thugs","floor":14,"turns":4},{"damage":9,"enemies":"Gremlin Gang","floor":15,"turns":6},{"damage":30,"enemies":"downfall:Defect","floor":16,"turns":5}],"seed_played":"3850892766130296762","potions_obtained":[{"floor":3,"key":"champ:CounterPotion"},{"floor":10,"key":"Slimebound:ThreeZeroPotion"},{"floor":11,"key":"LiquidMemories"}],"is_trial":false,"path_per_floor":["R","M","M","?","$","?","T","R","$","M","E","M","?","M","M","B"],"character_chosen":"THE_CHAMP","items_purchased":["champ:StanceDance","champ:Duel"],"campfire_rested":0,"item_purchase_floors":[5,5],"current_hp_per_floor":[90,86,78,78,78,78,78,78,73,72,51,41,26,21,17,39,39,39],"gold":94,"neow_bonus":"BOSS_RELIC","is_daily":false,"chose_seed":false,"campfire_upgraded":1,"win_rate":0.0,"timestamp":1609164984,"path_taken":["R","M","M","?","?","?","T","R","?","?","E","M","?","?","M","BOSS"],"items_purchased_type":["Card","Card"],"build_version":"2020-12-22","purchased_purges":0,"victory":false,"max_hp_per_floor":[90,90,90,90,90,90,90,90,90,90,90,90,90,90,90,90,90,90],"card_choices":[{"not_picked":[],"picked":"champ:Haymaker","floor":2},{"not_picked":[],"picked":"champ:BladeFlurry","floor":3},{"not_picked":["champ:Circumvent"],"picked":"SKIP","floor":5},{"not_picked":[],"picked":"champ:BladeFlurry","floor":9},{"not_picked":[],"picked":"champ:ViciousMockery","floor":10},{"not_picked":["champ:Circumvent"],"picked":"SKIP","floor":11},{"not_picked":["champ:BerserkersShout"],"picked":"SKIP","floor":12},{"not_picked":["champ:TornadoPunch"],"picked":"SKIP","floor":14},{"not_picked":["champ:AdrenalArmor"],"picked":"SKIP","floor":15}],"player_experience":185232,"relics_obtained":[{"floor":11,"key":"Lizard Tail"}],"event_choices":[],"is_beta":false,"boss_relics":[],"items_purged_floors":[],"is_endless":false,"potions_floor_spawned":[3,10,11],"killed_by":"downfall:Defect","ascension_level":2}}