{"host":"wy4vwr4x0uqk666t","time":1609131591,"event":{"mods":["Aspiration","BaseMod","BetterRewards","Curses Come First","Defuse TimeMaze Blight","Downfall","Hubris","Infinite Spire","Jorbs\u0027s Wanderer Trilogy","Kalas","Minty Spire (QoL Compilation)","READ ME - Guardian Mod","Replay The Spire","StSLib","The Cursed","The Elementalist","The Jungle","The Runesmith","The Servant 0.9.4","The Spell Scribe"],"gold_per_floor":[115,132,159,159,159,159,187,197,222,249,249,279,290,305,305,402,402,421,421,441,711,89,117,117,130,130,165,165,176,176,221,221,221,221],"floor_reached":33,"playtime":1975,"items_purged":["stsjorbsmod:Strike_Wanderer"],"score":337,"play_id":"a67cf6a3-b475-4712-abe7-bcf9f055e997","local_time":"20201228055951","is_ascension_mode":false,"campfire_choices":[{"floor":6,"key":"RECALL"},{"data":"stsjorbsmod:FindFamiliar","floor":11,"key":"SMITH"},{"floor":15,"key":"REST"},{"data":"stsjorbsmod:EyeOfTheStorm","floor":24,"key":"SMITH"},{"data":"stsjorbsmod:ArcaneForm","floor":28,"key":"SMITH"},{"floor":32,"key":"REST"}],"circlet_count":0,"master_deck":["stsjorbsmod:ForbiddenGrimoire+1","stsjorbsmod:Strike_Wanderer","stsjorbsmod:Strike_Wanderer","stsjorbsmod:Strike_Wanderer","stsjorbsmod:Defend_Wanderer","stsjorbsmod:Defend_Wanderer","stsjorbsmod:Defend_Wanderer","stsjorbsmod:Defend_Wanderer","stsjorbsmod:FreshAdventure","stsjorbsmod:EyeOfTheStorm+1","stsjorbsmod:FranticSearch","stsjorbsmod:HedgeWizard","hubris:Fate+1","stsjorbsmod:MirrorImage","stsjorbsmod:FindFamiliar+1","stsjorbsmod:MageArmor","stsjorbsmod:WanderingMind+1","stsjorbsmod:Prestidigitation","stsjorbsmod:ArcaneForm+1","stsjorbsmod:LocateObject","Master of Strategy","stsjorbsmod:FindFamiliar+1","stsjorbsmod:Channel"],"relics":["stsjorbsmod:GrimoireRelic","NeowsBlessing","Bronze Scales","Singing Bowl","Letter Opener","infinitespire:CheckeredPen","aspiration:RunicSpoon","elementalistmod:BlueRibbon","Runesmith:AutoHammer","ClockworkSouvenir","Oddly Smooth Stone","aspiration:HiddenCompartment"],"acts_visited":["Exordium","TheCity"],"potions_floor_usage":[16,16,33,33],"damage_taken":[{"damage":0,"enemies":"Cultist","floor":1,"turns":1},{"damage":0,"enemies":"2 Louse","floor":2,"turns":1},{"damage":0,"enemies":"Replay:BlueRogue","floor":7,"turns":1},{"damage":0,"enemies":"Jaw Worm","floor":8,"turns":4},{"damage":3,"enemies":"3 Sentries","floor":10,"turns":4},{"damage":19,"enemies":"Lagavulin","floor":12,"turns":7},{"damage":0,"enemies":"3 Louse","floor":13,"turns":1},{"damage":0,"enemies":"Exordium Thugs","floor":14,"turns":3},{"damage":25,"enemies":"Slime Boss","floor":16,"turns":12},{"damage":0,"enemies":"3 Byrds","floor":18,"turns":2},{"damage":1,"enemies":"Spheric Guardian","floor":20,"turns":4},{"damage":0,"enemies":"Replay:Snechameleon","floor":23,"turns":4},{"damage":16,"enemies":"Shelled Parasite and Fungi","floor":25,"turns":2},{"damage":9,"enemies":"Centurion and Healer","floor":27,"turns":5},{"damage":21,"enemies":"Snake Plant","floor":29,"turns":3},{"damage":2,"enemies":"3 Cultists","floor":31,"turns":5},{"damage":74,"enemies":"hubris:MusketHawk","floor":33,"turns":12}],"seed_played":"-5270706563108635259","potions_obtained":[{"floor":8,"key":"Swift Potion"},{"floor":12,"key":"DuplicationPotion"},{"floor":13,"key":"sneckomod:MuddlingPotion"},{"floor":20,"key":"stsjorbsmod:BurningPotion"},{"floor":25,"key":"Swift Potion"}],"is_trial":false,"path_per_floor":["M","M","T","?","?","R","E","M","T","E","R","E","M","M","R","B",null,"M","?","M","?","$","E","R","M","T","M","R","M","?","M","R","B"],"character_chosen":"WANDERER","items_purchased":["Runesmith:AutoHammer","ClockworkSouvenir","stsjorbsmod:LocateObject","Master of Strategy"],"campfire_rested":2,"item_purchase_floors":[22,22,22,22],"current_hp_per_floor":[68,68,68,51,51,51,52,57,57,57,57,38,39,44,65,40,72,74,74,76,49,49,52,52,39,39,49,49,34,25,32,56,0,0],"gold":221,"neow_bonus":"THREE_ENEMY_KILL","is_daily":false,"chose_seed":false,"campfire_upgraded":3,"win_rate":0.0,"timestamp":1609131591,"path_taken":["M","M","?","?","?","R","E","?","T","E","R","E","M","M","R","BOSS","M","?","M","?","$","E","R","M","T","?","R","M","?","M","R","BOSS"],"items_purchased_type":["Relic","Relic","Card","Card"],"build_version":"2020-12-22","purchased_purges":1,"victory":false,"max_hp_per_floor":[68,68,68,68,68,68,68,70,70,70,70,70,70,72,72,72,72,74,74,76,76,76,76,76,78,78,78,78,80,80,82,82,82,82],"card_choices":[{"not_picked":["stsjorbsmod:AnimateObjects","stsjorbsmod:ArcaneWeapon"],"picked":"stsjorbsmod:FranticSearch","floor":1},{"not_picked":["stsjorbsmod:Channel","stsjorbsmod:DoubleCheck"],"picked":"stsjorbsmod:HedgeWizard","floor":2},{"not_picked":["ReplayTheSpireMod:Haul","infinitespire:Starlight"],"picked":"hubris:Fate","floor":4},{"not_picked":["stsjorbsmod:Prepare","stsjorbsmod:UnseenServant"],"picked":"stsjorbsmod:MirrorImage","floor":7},{"not_picked":["stsjorbsmod:OldPocket","stsjorbsmod:ChatteringStrike"],"picked":"stsjorbsmod:FindFamiliar","floor":8},{"not_picked":["stsjorbsmod:ScorchingRay","stsjorbsmod:FracturedMind"],"picked":"stsjorbsmod:MageArmor","floor":10},{"not_picked":["stsjorbsmod:Will","stsjorbsmod:BurningFlask"],"picked":"stsjorbsmod:WanderingMind","floor":12},{"not_picked":["stsjorbsmod:Mania","stsjorbsmod:Index"],"picked":"stsjorbsmod:Prestidigitation","floor":13},{"not_picked":["stsjorbsmod:ChatteringStrike","stsjorbsmod:ScorchingRay","stsjorbsmod:FaerieFire"],"picked":"Singing Bowl","floor":14},{"not_picked":["stsjorbsmod:Entangle","stsjorbsmod:PurgeMind"],"picked":"stsjorbsmod:ArcaneForm","floor":16},{"not_picked":["stsjorbsmod:BurningFlask","stsjorbsmod:ChainLightning+1","stsjorbsmod:MagicMissiles"],"picked":"Singing Bowl","floor":18},{"not_picked":["stsjorbsmod:Mending","stsjorbsmod:Firebolt","stsjorbsmod:MagicMissiles"],"picked":"Singing Bowl","floor":20},{"not_picked":["stsjorbsmod:RayOfFrost","stsjorbsmod:WanderingMind"],"picked":"stsjorbsmod:FindFamiliar+1","floor":23},{"not_picked":["stsjorbsmod:BurningFlask","stsjorbsmod:BlackTentacles","stsjorbsmod:Introspection"],"picked":"Singing Bowl","floor":25},{"not_picked":["stsjorbsmod:WanderingMind","stsjorbsmod:RayOfFrost"],"picked":"stsjorbsmod:Channel","floor":27},{"not_picked":["stsjorbsmod:Thorns","stsjorbsmod:AnimateObjects+1","stsjorbsmod:Will+1"],"picked":"Singing Bowl","floor":29},{"not_picked":["stsjorbsmod:BurningFlask","stsjorbsmod:Firebolt","stsjorbsmod:FracturedMind"],"picked":"Singing Bowl","floor":31}],"player_experience":3706430,"relics_obtained":[{"floor":3,"key":"Bronze Scales"},{"floor":7,"key":"Singing Bowl"},{"floor":10,"key":"Letter Opener"},{"floor":12,"key":"infinitespire:CheckeredPen"},{"floor":23,"key":"Oddly Smooth Stone"},{"floor":26,"key":"aspiration:HiddenCompartment"}],"event_choices":[{"damage_healed":0,"gold_gain":270,"player_choice":"GOLD GOLD GOLD ","damage_taken":27,"max_hp_gain":0,"max_hp_loss":0,"event_name":"Knowing Skull","floor":21,"potions_obtained":[],"gold_loss":0,"cards_obtained":[]},{"damage_healed":0,"gold_gain":0,"player_choice":"Stopped","damage_taken":9,"max_hp_gain":0,"max_hp_loss":0,"event_name":"Cursed Tome","floor":30,"gold_loss":0}],"is_beta":false,"boss_relics":[{"not_picked":["Busted Crown","Replay:Grab Bag"],"picked":"aspiration:RunicSpoon"}],"items_purged_floors":[22],"is_endless":false,"potions_floor_spawned":[7,8,12,13,20,25,29,31],"killed_by":"hubris:MusketHawk","ascension_level":0}}