{"host":"zntn5kfpqqjb7mu3","time":1609143021,"event":{"mods":["AchievementEnabler","Aspiration","BaseMod","Better-Laid Plans","BetterRewards","Colored Map","Colored Powertips","DNKmod","Friendly Minions","Marked Mod","Minty Spire (QoL Compilation)","Permanent Neow","Quick Restart","Rare Cards Sparkle","Relic Stats","Remove Card Discount Mod","Replay The Spire","StSLib","SuperFastMode","TestMod","The Runesmith","Waifu the Spire","vexMod","¡¾ÒÅÎï¿¨ÅÆ¡¿REMEMod","óô»ðÖ¸ÄÏ"],"gold_per_floor":[10016,9472,9030,9070,8443,8476,8489,8521,8545,8571,8591,8591,8601,8612,8351,8448,8448,8468,8478,8478,8488,8504,8533,8533,8533],"floor_reached":24,"playtime":1620,"items_purged":["ReplayTheSpireMod:Splinters","Runesmith:Strike_RS","Runesmith:Strike_RS"],"score":481,"play_id":"5b1df992-3753-4269-b5c7-da820fb20fca","local_time":"20201228161021","is_ascension_mode":true,"campfire_choices":[{"floor":12,"key":"RECALL"}],"circlet_count":0,"master_deck":["Runesmith:Strike_RS","Runesmith:Strike_RS","Runesmith:Defend_RS","Runesmith:Defend_RS","Runesmith:Defend_RS","Runesmith:Defend_RS","Runesmith:CraftFirestone","Runesmith:Fortify","Runesmith:UnlimitedPower","Runesmith:NanitesCloud","Runesmith:ElementalConversion","Runesmith:PoweredAnvil","Runesmith:EnergizedChisel","Runesmith:Grindstone","Runesmith:GrandSlam+1","Runesmith:HammerThrow+1","Runesmith:Repurpose","Runesmith:CraftMagma","Runesmith:CraftMagma+1","Runesmith:LithiumIon","Runesmith:UnstableHammer+1","Runesmith:ChargedHammer+1","Runesmith:GoWithTheFlow+1","Runesmith:EnergizedChisel+1","Runesmith:ChargedHammer+1","Runesmith:FieryHammer+1","Runesmith:OneForEveryone+1","Runesmith:HammerTime+1","Runesmith:EnergizedChisel+1","Runesmith:HammerThrow+1","Runesmith:MetallurgicalResearch","Runesmith:Reinforce","Runesmith:EnergizedChisel+1","Runesmith:HeatExchange+1","Runesmith:ShiftingStrike+1","Runesmith:FrozenChisel+1"],"relics":["Runesmith:BrokenRuby","testmod-TestBox","REME_ComplimentaryCards","testmod-BatchProcessingSystem","REME_CardOfGreed","ReplayTheSpireMod:Ninjato","Molten Egg 2","Nunchaku","Ornamental Fan","Potion Belt","ReplayTheSpireMod:Shallot","Singing Bowl","Runesmith:MiniCore","Gremlin Food"],"acts_visited":["Exordium","TheCity"],"potions_floor_usage":[],"damage_taken":[{"damage":0,"enemies":"Cultist","floor":1,"turns":6},{"damage":0,"enemies":"Gremlin Nob","floor":6,"turns":3},{"damage":0,"enemies":"Small Slimes","floor":7,"turns":2},{"damage":8,"enemies":"3 Sentries","floor":8,"turns":3},{"damage":0,"enemies":"Lagavulin","floor":10,"turns":3},{"damage":0,"enemies":"2 Louse","floor":11,"turns":1},{"damage":0,"enemies":"Large Slime","floor":13,"turns":3},{"damage":0,"enemies":"Exordium Wildlife","floor":14,"turns":1},{"damage":0,"enemies":"Fading Forest","floor":16,"turns":7},{"damage":0,"enemies":"Shell Parasite","floor":18,"turns":2},{"damage":0,"enemies":"Chosen","floor":19,"turns":2},{"damage":0,"enemies":"Snake Plant","floor":21,"turns":1},{"damage":0,"enemies":"Shelled Parasite and Fungi","floor":22,"turns":2},{"damage":0,"enemies":"Replay:Snechameleon","floor":23,"turns":2}],"seed_played":"-8941130778337652096","potions_obtained":[{"floor":4,"key":"ColorlessPotion"},{"floor":4,"key":"Ancient Potion"},{"floor":4,"key":"Weak Potion"},{"floor":6,"key":"Energy Potion"},{"floor":7,"key":"Elixir"},{"floor":16,"key":"DuplicationPotion"},{"floor":19,"key":"LifebloodPotion"}],"is_trial":false,"path_per_floor":["M","$","$","?","$","E","M","E","T","E","M","R","M","M","R","B",null,"M","M","?","M","M","E","R"],"character_chosen":"RUNESMITH_CLASS","items_purchased":["REME_CardOfGreed","ReplayTheSpireMod:Ninjato","Runesmith:PoweredAnvil","Runesmith:EnergizedChisel","Runesmith:Grindstone","Molten Egg 2","Runesmith:GrandSlam+1","Runesmith:HammerThrow+1","Runesmith:Repurpose","Nunchaku","Ornamental Fan","Runesmith:CraftMagma+1","Runesmith:LithiumIon","Runesmith:UnstableHammer+1","Runesmith:ChargedHammer+1","Runesmith:MiniCore","Runesmith:EnergizedChisel+1","Runesmith:HammerThrow+1"],"campfire_rested":0,"item_purchase_floors":[2,2,2,2,2,3,3,3,3,5,5,5,5,5,5,15,15,15],"current_hp_per_floor":[100,100,100,100,100,100,100,92,92,94,94,94,94,94,94,102,102,102,102,102,102,102,102,102,102],"gold":8533,"neow_bonus":"ONE_RANDOM_RARE_CARD","is_daily":false,"chose_seed":false,"campfire_upgraded":0,"win_rate":0.0,"timestamp":1609143021,"path_taken":["M","?","$","?","$","E","M","E","T","E","M","R","M","M","R","BOSS","M","M","?","M","M","E","R"],"items_purchased_type":["Relic","Relic","Card","Card","Card","Relic","Card","Card","Card","Relic","Relic","Card","Card","Card","Card","Relic","Card","Card"],"build_version":"2020-12-22","purchased_purges":3,"victory":false,"max_hp_per_floor":[100,100,100,100,100,100,100,100,100,102,102,102,102,102,102,102,102,102,102,102,102,102,102,102,102],"relic_stats":{"Nunchaku":[14],"Singing Bowl":2,"counters":[14,38],"Ornamental Fan":[132],"obtain_stats":[{"Potion Belt":6,"Gremlin Food":23,"Runesmith:BrokenRuby":0,"testmod-TestBox":0,"ReplayTheSpireMod:Ninjato":2,"Singing Bowl":10,"Runesmith:MiniCore":15,"testmod-BatchProcessingSystem":0,"Nunchaku":5,"ReplayTheSpireMod:Shallot":8,"Ornamental Fan":5,"Molten Egg 2":3,"REME_CardOfGreed":2,"REME_ComplimentaryCards":0},{"Potion Belt":2,"Gremlin Food":14,"Runesmith:BrokenRuby":0,"testmod-TestBox":0,"ReplayTheSpireMod:Ninjato":1,"Singing Bowl":5,"Runesmith:MiniCore":8,"testmod-BatchProcessingSystem":0,"Nunchaku":1,"ReplayTheSpireMod:Shallot":4,"Ornamental Fan":1,"Molten Egg 2":1,"REME_CardOfGreed":1,"REME_ComplimentaryCards":0},{"Potion Belt":9,"Gremlin Food":38,"Runesmith:BrokenRuby":0,"testmod-TestBox":0,"ReplayTheSpireMod:Ninjato":6,"Singing Bowl":17,"Runesmith:MiniCore":22,"testmod-BatchProcessingSystem":0,"Nunchaku":6,"ReplayTheSpireMod:Shallot":14,"Ornamental Fan":6,"Molten Egg 2":6,"REME_CardOfGreed":6,"REME_ComplimentaryCards":0}]},"card_choices":[{"not_picked":["Runesmith:EarthShield","Runesmith:RuneHurl"],"picked":"Runesmith:ElementalConversion","floor":1},{"not_picked":["Runesmith:NegativeSpace","Runesmith:MakeshiftArmor"],"picked":"Runesmith:CraftMagma","floor":4},{"not_picked":["Runesmith:Refine","Runesmith:ShiftingStrike+1"],"picked":"Runesmith:GoWithTheFlow+1","floor":6},{"not_picked":["Runesmith:WhiteBalance+1","Runesmith:CraftReservo"],"picked":"Runesmith:EnergizedChisel+1","floor":7},{"not_picked":["Runesmith:RuneHurl+1","Runesmith:Accelerate"],"picked":"Runesmith:ChargedHammer+1","floor":8},{"not_picked":["Runesmith:ReplicatingBarrier","Runesmith:Overpower+1","Runesmith:CraftSpiculum"],"picked":"Singing Bowl","floor":10},{"not_picked":["Runesmith:Firewall","Runesmith:Empowerment"],"picked":"Runesmith:FieryHammer+1","floor":11},{"not_picked":["Runesmith:RunicBlueprint","Runesmith:Repurpose"],"picked":"Runesmith:OneForEveryone+1","floor":13},{"not_picked":["Runesmith:Empowerment","Runesmith:CraftMagma"],"picked":"Runesmith:HammerTime+1","floor":14},{"not_picked":["Runesmith:FissionHammer+1","Runesmith:ArcReactor"],"picked":"Runesmith:MetallurgicalResearch","floor":16},{"not_picked":["Runesmith:EarthShield","Runesmith:Firewall"],"picked":"Runesmith:Reinforce","floor":18},{"not_picked":["Runesmith:Prism","Runesmith:Terraform"],"picked":"Runesmith:EnergizedChisel+1","floor":19},{"not_picked":["Runesmith:RuneHurl+1","Runesmith:Repurpose"],"picked":"Runesmith:HeatExchange+1","floor":21},{"not_picked":["Runesmith:CraftVitae+1","Runesmith:Malloc"],"picked":"Runesmith:ShiftingStrike+1","floor":22},{"not_picked":["Runesmith:Grindstone","Runesmith:DuctTape"],"picked":"Runesmith:FrozenChisel+1","floor":23}],"player_experience":60884,"relics_obtained":[{"floor":6,"key":"Potion Belt"},{"floor":8,"key":"ReplayTheSpireMod:Shallot"},{"floor":10,"key":"Singing Bowl"},{"floor":23,"key":"Gremlin Food"}],"event_choices":[{"damage_healed":0,"gold_gain":0,"player_choice":"Ignored","damage_taken":0,"max_hp_gain":0,"max_hp_loss":0,"event_name":"Beggar","floor":20,"gold_loss":0}],"is_beta":false,"boss_relics":[{"not_picked":["Ectoplasm","testmod-NegativeEmotionEnhancer","testmod-Prudence"]}],"items_purged_floors":[5,15,15],"is_endless":false,"potions_floor_spawned":[6,7,16,19,21,22],"ascension_level":1}}