{"host":"iuz15hczu39z2x63","time":1609157853,"event":{"mods":["Act Like it!","BaseMod","Gensokyo","Minty Spire (QoL Compilation)","Remilia£®¿Ÿ√◊¿Ú—«£©","StSLib"],"gold_per_floor":[112,112,128,141,141,141,141,175,175,175,175,195,7,23,23,95,95,109,128,148,148,166,166,166,193,268,282,12,40,40,304,304,376,376,390,330,150,150,170,170,450,615,615,632,651,678,678,708,708,708,708,708,33,64,64],"floor_reached":56,"playtime":3011,"items_purged":["Defend_RM","Strike_RM"],"score":2449,"play_id":"acc6dde1-87b9-419f-a654-938ecb06dd4d","local_time":"20201228201733","is_ascension_mode":true,"campfire_choices":[{"data":"BloodyMagicSquare","floor":6.0,"key":"SMITH"},{"data":"RedMoon","floor":10.0,"key":"SMITH"},{"data":"BloodyMagicSquare","floor":15.0,"key":"SMITH"},{"floor":23.0,"key":"RECALL"},{"data":"Night Terror","floor":30.0,"key":"SMITH"},{"data":"ChaoticDestiny","floor":32.0,"key":"SMITH"},{"data":"ScarletMeister","floor":40.0,"key":"SMITH"},{"data":"TransientEternity","floor":47.0,"key":"SMITH"},{"data":"MillenniumVampire","floor":49.0,"key":"SMITH"},{"data":"Defend_RM","floor":52.0,"key":"SMITH"}],"circlet_count":0,"master_deck":["AscendersBane","Strike_RM","Defend_RM+1","Defend_RM","RedMoon+1","TransientEternity+1","BloodyMagicSquare+1","VampireKiss+1","MillenniumVampire+1","UltimateOffering+1","NightDance+1","VampireClaw+1","BloodyMagicSquare+1","ScarletMeister+1","ChaoticDestiny+1","Night Terror+1","Gensokyo:TekeTeke+1","VampireClaw+1","BloodySeventeenLaser+1","VampireKiss+1","SuperhumanBloodyKnife+1","ReincarnationDial"],"relics":["ScarletHat","Happy Flower","Molten Egg 2","Orrery","Philosopher\u0027s Stone","Gremlin Horn","The Courier","StoneCalendar","Coffee Dripper","Mercury Hourglass","Gambling Chip","Letter Opener","Turnip","Oddly Smooth Stone","Blood Vial","Thread and Needle","Bag of Preparation","RedBat","TungstenRod"],"acts_visited":["Gensokyo:Gensokyo","Gensokyo:Gensokyoer","Gensokyo:Gensokyoest","TheEnding"],"potions_floor_usage":[55],"damage_taken":[{"damage":3.0,"enemies":"Gensokyo:Python","floor":1.0,"turns":3.0},{"damage":24.0,"enemies":"Gensokyo:Gryphon","floor":3.0,"turns":4.0},{"damage":13.0,"enemies":"Gensokyo:3_Fairies","floor":4.0,"turns":6.0},{"damage":6.0,"enemies":"Gensokyo:Mamizou","floor":8.0,"turns":8.0},{"damage":8.0,"enemies":"Gensokyo:2_Rabbits","floor":12.0,"turns":1.0},{"damage":4.0,"enemies":"Gensokyo:Kitsune","floor":14.0,"turns":4.0},{"damage":11.0,"enemies":"Gensokyo:Yukari","floor":16.0,"turns":7.0},{"damage":54.0,"enemies":"Gensokyo:3_Dogs","floor":18.0,"turns":3.0},{"damage":15.0,"enemies":"Gensokyo:CosmicMonolith","floor":19.0,"turns":4.0},{"damage":12.0,"enemies":"Gensokyo:Wraith","floor":20.0,"turns":4.0},{"damage":9.0,"enemies":"Gensokyo:Slime_Group","floor":22.0,"turns":6.0},{"damage":7.0,"enemies":"Gensokyo:Reisen","floor":25.0,"turns":5.0},{"damage":14.0,"enemies":"Gensokyo:Monolith_and_Dog","floor":27.0,"turns":9.0},{"damage":18.0,"enemies":"Gensokyo:Tenshi","floor":29.0,"turns":3.0},{"damage":18.0,"enemies":"Gensokyo:Chomper_and_Gloop","floor":31.0,"turns":7.0},{"damage":12.0,"enemies":"Gensokyo:Kaguya","floor":33.0,"turns":5.0},{"damage":65.0,"enemies":"Gensokyo:3_Boulders","floor":35.0,"turns":2.0},{"damage":28.0,"enemies":"Gensokyo:AncientGuardian","floor":39.0,"turns":7.0},{"damage":15.0,"enemies":"Gensokyo:Kasen","floor":41.0,"turns":4.0},{"damage":20.0,"enemies":"Gensokyo:AtlasGolem","floor":42.0,"turns":8.0},{"damage":17.0,"enemies":"Gensokyo:Sharpion","floor":44.0,"turns":4.0},{"damage":15.0,"enemies":"Gensokyo:Rafflesia","floor":45.0,"turns":4.0},{"damage":23.0,"enemies":"Gensokyo:Doremy","floor":46.0,"turns":3.0},{"damage":24.0,"enemies":"Gensokyo:Marisa","floor":48.0,"turns":4.0},{"damage":25.0,"enemies":"Gensokyo:Yuyuko","floor":50.0,"turns":4.0},{"damage":88.0,"enemies":"Shield and Spear","floor":54.0,"turns":4.0},{"damage":170,"enemies":"The Heart","floor":55,"turns":4}],"seed_played":"5947567362803528018","potions_obtained":[{"floor":4.0,"key":"SkillPotion"},{"floor":16.0,"key":"Swift Potion"},{"floor":19.0,"key":"DuplicationPotion"},{"floor":27.0,"key":"LiquidBronze"},{"floor":31.0,"key":"LiquidMemories"},{"floor":35.0,"key":"EntropicBrew"},{"floor":45.0,"key":"Dexterity Potion"},{"floor":46.0,"key":"BlessingOfTheForge"}],"is_trial":false,"path_per_floor":["M","?","M","M","?","R","?","E","T","R","?","M","$","M","R","B",null,"M","M","M","?","M","R","?","E","T","M","COS","E","R","M","R","B",null,"M","$","COS","?","M","R","E","M","T","M","M","E","R","E","R","B",null,"R","$","E","B",null],"character_chosen":"REMILIA","items_purchased":["VampireClaw+1","Orrery","Thread and Needle","Bag of Preparation","RedBat","Swift Potion"],"campfire_rested":0,"item_purchase_floors":[13,13,53,53,53,53],"current_hp_per_floor":[47,47,25,12,12,12,12,9,9,9,16,8,8,14,14,24,71,19,15,11,11,18,18,9,18,18,24,24,24,24,16,16,14,86,37,37,37,37,20,20,26,22,22,19,30,32,32,33,33,33,115,115,115,50,83],"gold":64,"neow_bonus":"THREE_RARE_CARDS","is_daily":false,"chose_seed":false,"campfire_upgraded":9,"win_rate":0.0,"timestamp":1609157853,"path_taken":["M","?","M","M","?","R","?","E","T","R","?","?","?","?","R","BOSS","M","M","M","?","?","R","?","E","T","?","COS","E","R","M","R","BOSS","M","?","COS","?","?","R","E","M","T","M","M","E","R","E","R","BOSS","R","$","E","BOSS"],"items_purchased_type":["Card","Relic","Relic","Relic","Relic","Potion"],"build_version":"2020-12-22","purchased_purges":2,"victory":true,"max_hp_per_floor":[75,75,75,75,75,75,75,75,75,75,82,82,82,86,86,86,86,86,90,94,94,98,98,98,102,102,106,106,110,110,110,110,110,110,118,118,118,118,118,118,122,126,126,130,134,138,138,142,142,142,142,142,142,150,150],"card_choices":[{"not_picked":["CurseOfVladTepes","ForecastOfChange"],"picked":"TransientEternity","floor":0.0},{"not_picked":["UnderTheZenith","FitfulNightmare"],"picked":"BloodyMagicSquare","floor":1.0},{"not_picked":["EndlessAdversity","ScarletImprint"],"picked":"VampireKiss","floor":3.0},{"not_picked":["RedNightlessCastle","VampirishNight"],"picked":"MillenniumVampire","floor":4.0},{"not_picked":["AfternoonTea","VampireClaw+1"],"picked":"UltimateOffering+1","floor":8.0},{"not_picked":["BombardNight+1","Stigmanizer+1"],"picked":"NightDance+1","floor":12.0},{"not_picked":["RedRainbow+1","CeilingFear"],"picked":"BloodyMagicSquare","floor":13.0},{"not_picked":["ChainGang+1","UnderTheZenith"],"picked":"ScarletMeister","floor":13.0},{"not_picked":["EmergencyRegeneration","BlasphemousPunishment","Maim"],"picked":"SKIP","floor":14.0},{"not_picked":["TricksterDevil","DemonKingCradle"],"picked":"ChaoticDestiny","floor":16.0},{"not_picked":["BloodHunter","BombardNight+1","LeisurelyOfLord+1"],"picked":"SKIP","floor":18.0},{"not_picked":["UnstableMagic+1","ChainGang+1","UnderTheZenith"],"picked":"SKIP","floor":19.0},{"not_picked":["ScarletDevil+1","UnderTheZenith","ScarletDevilSign+1"],"picked":"SKIP","floor":20.0},{"not_picked":["MiserableFate","ScarletImprint+1","HellCatastrophe+1"],"picked":"SKIP","floor":22.0},{"not_picked":["BloodAndWine","ForbiddenFruit","MastersStateliness"],"picked":"SKIP","floor":25.0},{"not_picked":["LeisurelyOfLord+1","Stigmanizer+1","ScarletGensokyo"],"picked":"SKIP","floor":27.0},{"not_picked":["ScarletDream","CharismaGuard","RedNightlessCastle+1"],"picked":"SKIP","floor":29.0},{"not_picked":["BloodyHallows","HellCatastrophe","CurseOfVladTepes"],"picked":"SKIP","floor":31.0},{"not_picked":["VampireClaw+1","BombardNight+1","EndlessAdversity+1"],"picked":"SKIP","floor":31.0},{"not_picked":["BombardNight+1","EndlessAdversity+1"],"picked":"VampireClaw+1","floor":31.0},{"not_picked":["BloodyHallows","HellCatastrophe","CurseOfVladTepes"],"picked":"SKIP","floor":31.0},{"not_picked":["TricksterDevil","QueenOfMidnight"],"picked":"BloodySeventeenLaser+1","floor":33.0},{"not_picked":["MastersStateliness+1","BlasphemousPunishment"],"picked":"DevilSight","floor":35.0},{"not_picked":["ScarletDevil+1","ScarletNetherworld","RedRainbow+1"],"picked":"SKIP","floor":39.0},{"not_picked":["BloodHunter","MiserableFate","CharismaGuard"],"picked":"SKIP","floor":41.0},{"not_picked":["BloodHunter","UnderTheZenith","DevilSight"],"picked":"SKIP","floor":42.0},{"not_picked":["BloodyHallows","ScarletDevil+1"],"picked":"VampireKiss+1","floor":44.0},{"not_picked":["VampireFantasy+1","Septette+1","HunterOfTheNight+1"],"picked":"SKIP","floor":45.0},{"not_picked":["GlobalNightmare+1","ScarletGensokyo"],"picked":"SuperhumanBloodyKnife+1","floor":46.0},{"not_picked":["UnstableMagic+1","BadLadyScramble","Ultimatum+1"],"picked":"SKIP","floor":48.0},{"not_picked":["UnstableMagic+1","BadLadyScramble","Ultimatum+1"],"picked":"SKIP","floor":48.0},{"not_picked":["SuperhumanBloodyKnife+1","ChaoticDestiny"],"picked":"ReincarnationDial","floor":54}],"player_experience":698338,"relics_obtained":[{"floor":8.0,"key":"Molten Egg 2"},{"floor":25.0,"key":"Gremlin Horn"},{"floor":26.0,"key":"The Courier"},{"floor":29.0,"key":"StoneCalendar"},{"floor":41.0,"key":"Mercury Hourglass"},{"floor":43.0,"key":"Letter Opener"},{"floor":46.0,"key":"Oddly Smooth Stone"},{"floor":48.0,"key":"Blood Vial"},{"floor":54,"key":"TungstenRod"}],"event_choices":[],"is_beta":false,"boss_relics":[{"not_picked":["Velvet Choker","ScarletEmblem"],"picked":"Philosopher\u0027s Stone"},{"not_picked":["Astrolabe","Runic Dome"],"picked":"Coffee Dripper"}],"items_purged_floors":[36,53],"is_endless":false,"potions_floor_spawned":[4,16,19,20,22,27,31,35,45,46],"ascension_level":13}}