{"host":"fmtvje4mks8zli8e","time":1609129169,"event":{"mods":["AchievementEnabler","AlwaysNeverKeys","BaseMod","BetterRewards","Minty Spire (QoL Compilation)","READ ME - Guardian Mod","Remove Card Discount Mod","StSLib","The Cursed","The Druid","The Servant 0.9.4","The Wild Card"],"gold_per_floor":[116,116,126,142,154,154,154],"floor_reached":6,"playtime":346,"items_purged":[],"score":42,"play_id":"13150c5e-8d19-45c6-8c23-9cd07c3f8e8f","local_time":"20201227221929","is_ascension_mode":true,"campfire_choices":[],"circlet_count":0,"master_deck":["Strike_B","Strike_B","Strike_B","Strike_B","Defend_B","Defend_B","Defend_B","Defend_B","Zap","Dualcast","Capacitor","Conserve Battery","Cold Snap","Consume","Loop","Leap","White Noise"],"relics":["Cracked Core","Mummified Hand","Calipers","Runic Capacitor","Membership Card","Pocketwatch"],"acts_visited":["Exordium"],"potions_floor_usage":[],"damage_taken":[{"damage":2.0,"enemies":"2 Louse","floor":1.0,"turns":3.0},{"damage":1.0,"enemies":"Small Slimes","floor":3.0,"turns":3.0},{"damage":0.0,"enemies":"Cultist","floor":4.0,"turns":4.0},{"damage":2.0,"enemies":"2 Fungi Beasts","floor":5.0,"turns":4.0},{"damage":19,"enemies":"Gremlin Nob","floor":6,"turns":3}],"seed_played":"9093088916387453278","potions_obtained":[{"floor":1.0,"key":"Ancient Potion"}],"is_trial":false,"path_per_floor":["M","?","M","M","M","E"],"character_chosen":"DEFECT","items_purchased":["Mummified Hand","Capacitor","Conserve Battery","Calipers","Runic Capacitor","Cold Snap","Membership Card","Consume","Loop"],"campfire_rested":0,"item_purchase_floors":[0,0,0,0,0,0,0,0,0],"current_hp_per_floor":[29,22,21,21,19,0,0],"gold":154,"neow_bonus":"","is_daily":false,"chose_seed":false,"campfire_upgraded":0,"win_rate":0.0,"timestamp":1609129169,"path_taken":["M","?","M","M","M","E"],"items_purchased_type":["Relic","Card","Card","Relic","Relic","Card","Relic","Card","Card"],"build_version":"2020-12-22","purchased_purges":0,"victory":false,"max_hp_per_floor":[75,75,75,75,75,75,75],"card_choices":[{"not_picked":["Gash","Rebound","Compile Driver"],"picked":"SKIP","floor":1.0},{"not_picked":["Streamline","Double Energy"],"picked":"Leap","floor":3.0},{"not_picked":["Steam","Reprogram","Rebound"],"picked":"SKIP","floor":4.0},{"not_picked":["Leap","Coolheaded"],"picked":"White Noise","floor":5.0}],"player_experience":3022589,"relics_obtained":[],"event_choices":[{"damage_healed":0.0,"max_hp_gain":0.0,"max_hp_loss":0.0,"gold_gain":0.0,"event_name":"Scrap Ooze","player_choice":"Success","floor":2.0,"gold_loss":0.0,"damage_taken":7.0,"relics_obtained":["Pocketwatch"]}],"is_beta":false,"boss_relics":[],"items_purged_floors":[],"is_endless":false,"potions_floor_spawned":[1],"killed_by":"Gremlin Nob","ascension_level":2}}