{"host":"jqa9y4qkalbx8qgz","time":1609162752,"event":{"mods":["BaseMod","Bestiary","BetterRewards","CCEM","Downfall","Minty Spire (QoL Compilation)","Permanent Neow","Relic Stats","Replay The Spire","StSLib","The Alterego","Wandering Minibosses"],"gold_per_floor":[100,112,127,43,56,82,82,82,107,107,107,32,48,68,78,178,178,178,188,198,215,230,19,42,74,91,91,1,89,14,29,45,148,148,148,166,176,226,239,164,164,177,91,91,126,126,151,91,103,103,103,130,5,5,5],"floor_reached":56,"playtime":8752,"items_purged":["Amnesia","alterego_mod:Strike","alterego_mod:Strike"],"score":2311,"play_id":"2acfb057-8981-4785-bec7-e323a14bf6b1","local_time":"20201228163912","is_ascension_mode":true,"campfire_choices":[{"data":"alterego_mod:BrynhildrsRune","floor":1.0,"key":"SMITH"},{"data":"alterego_mod:TrickOrTreatment","floor":12.0,"key":"SMITH"},{"data":"alterego_mod:Pet","floor":18.0,"key":"SMITH"},{"data":"alterego_mod:BigMeatyClaws","floor":30.0,"key":"SMITH"},{"floor":35,"key":"RECALL"},{"data":"alterego_mod:Nekomimi","floor":40,"key":"SMITH"},{"data":"alterego_mod:AlterEgo","floor":44,"key":"SMITH"},{"data":"alterego_mod:ChallengeComplete","floor":54,"key":"SMITH"}],"circlet_count":0,"master_deck":["alterego_mod:Strike+1","alterego_mod:Strike","alterego_mod:Defend","alterego_mod:Defend","alterego_mod:Defend","alterego_mod:Defend","alterego_mod:Impale","alterego_mod:BigMeatyClaws+1","alterego_mod:BrynhildrsRune+1","alterego_mod:AlterEgo+1","alterego_mod:TrickOrTreatment+1","alterego_mod:GachaTicket","alterego_mod:Valentines","alterego_mod:Belts+1","alterego_mod:Pet+1","alterego_mod:Rake+1","alterego_mod:Schoolgirl+1","alterego_mod:TrashNCrash","expansioncontent:DashGenerateEvil","alterego_mod:Cooking","alterego_mod:Jiggle+1","alterego_mod:Crossover","alterego_mod:Undulate","alterego_mod:Nekomimi","alterego_mod:IdEs","alterego_mod:Nekomimi+1","alterego_mod:Collar+1","alterego_mod:ChallengeComplete+1","expansioncontent:QuickStudy","alterego_mod:Nekomimi+1","alterego_mod:Undulate"],"relics":["alterego_mod:MasochisticConstitution","CCEMRelics:WarHorn","Ring of Fury","White Beast Statue","downfall:HeartBlessingBlue","SlaversCollar","Centennial Puzzle","ReplayTheSpireMod:Ninjato","Replay:Wax Seal","downfall:HeartBlessingGreen","Coffee Dripper","StoneCalendar","downfall:HeartBlessingRed","InkBottle","Medical Kit","Potion Belt","Replay:Bottled Snecko","CCEMRelics:DissonantTune","Blue Candle","Prayer Wheel"],"acts_visited":["Exordium","TheCity","TheBeyond","TheEnding"],"potions_floor_usage":[43,55,55,55],"damage_taken":[{"damage":0.0,"enemies":"Small Slimes","floor":2.0,"turns":6.0},{"damage":0.0,"enemies":"Jaw Worm","floor":3.0,"turns":7.0},{"damage":0.0,"enemies":"downfall:FleeingMerchant","floor":4.0,"turns":4.0},{"damage":6.0,"enemies":"Cultist","floor":5.0,"turns":4.0},{"damage":55.0,"enemies":"3 Sentries","floor":6.0,"turns":14.0},{"damage":18.0,"enemies":"Gremlin Nob","floor":9.0,"turns":4.0},{"damage":11.0,"enemies":"Large Slime","floor":13.0,"turns":11.0},{"damage":18.0,"enemies":"Blue Slaver","floor":14.0,"turns":13.0},{"damage":16.0,"enemies":"2 Fungi Beasts","floor":15.0,"turns":7.0},{"damage":17.0,"enemies":"downfall:Ironclad","floor":16.0,"turns":11.0},{"damage":35.0,"enemies":"Spheric Guardian","floor":19.0,"turns":18.0},{"damage":65.0,"enemies":"3 Byrds","floor":20.0,"turns":19.0},{"damage":25.0,"enemies":"Snake Plant","floor":21.0,"turns":17.0},{"damage":24.0,"enemies":"Shelled Parasite and Fungi","floor":22.0,"turns":12.0},{"damage":35.0,"enemies":"downfall:FleeingMerchant","floor":23.0,"turns":4.0},{"damage":6.0,"enemies":"Replay:Snechameleon","floor":25.0,"turns":17.0},{"damage":12.0,"enemies":"Snecko","floor":26.0,"turns":9.0},{"damage":35.0,"enemies":"downfall:FleeingMerchant","floor":28.0,"turns":4.0},{"damage":3.0,"enemies":"Chosen and Byrds","floor":31.0,"turns":26.0},{"damage":52.0,"enemies":"Sentry and Sphere","floor":32.0,"turns":117.0},{"damage":26.0,"enemies":"downfall:Watcher","floor":33.0,"turns":16.0},{"damage":16,"enemies":"Orb Walker","floor":36,"turns":6},{"damage":4,"enemies":"3 Darklings","floor":37,"turns":7},{"damage":25,"enemies":"Mind Bloom Boss Battle","floor":38,"turns":7},{"damage":0,"enemies":"Transient","floor":39,"turns":5},{"damage":9,"enemies":"Maw","floor":42,"turns":9},{"damage":35,"enemies":"downfall:FleeingMerchant","floor":43,"turns":3},{"damage":0,"enemies":"Giant Head","floor":45,"turns":5},{"damage":51,"enemies":"Reptomancer","floor":47,"turns":18},{"damage":15,"enemies":"3 Darklings","floor":49,"turns":7},{"damage":42,"enemies":"downfall:Silent","floor":50,"turns":11},{"damage":10,"enemies":"downfall:CharBossMerchant","floor":52,"turns":7},{"damage":32,"enemies":"downfall:NeowBoss","floor":55,"turns":15}],"seed_played":"-1667565816648038748","potions_obtained":[{"floor":2.0,"key":"Strength Potion"},{"floor":6.0,"key":"Milkshake"},{"floor":11.0,"key":"ColorlessPotion"},{"floor":15.0,"key":"PowerPotion"},{"floor":16.0,"key":"champ:CounterPotion"},{"floor":19.0,"key":"Block Potion"},{"floor":20.0,"key":"Dexterity Potion"},{"floor":22.0,"key":"Dexterity Potion"},{"floor":25.0,"key":"Adrenaline Potion"},{"floor":26.0,"key":"SteroidPotion"},{"floor":28.0,"key":"champ:CounterPotion"},{"floor":32.0,"key":"CultistPotion"},{"floor":43,"key":"Elixir"},{"floor":45,"key":"FearPotion"},{"floor":47,"key":"Block Potion"},{"floor":49,"key":"Energy Potion"},{"floor":52,"key":"Dexterity Potion"}],"is_trial":false,"path_per_floor":["R","M","M","$","M","E","T","?","E","?","?","R","M","M","M","B",null,"R","M","M","M","M","$","T","E","M","?","$","?","R","M","M","B",null,"R","M","M","?","M","R","T","M","$","R","E","?","E","$","M","B",null,"E","$","R","B",null],"character_chosen":"The_Alterego","items_purchased":["alterego_mod:GachaTicket","expansioncontent:DashGenerateEvil","Medical Kit","expansioncontent:QuickStudy","alterego_mod:Nekomimi+1"],"campfire_rested":0,"item_purchase_floors":[4,23,43,43,48],"current_hp_per_floor":[49,63,70,70,71,34,34,34,17,17,17,27,44,55,62,46,87,87,60,38,42,54,20,20,51,94,75,44,19,19,55,102,101,103,103,88,105,88,106,106,106,105,80,80,83,83,101,101,90,111,111,109,109,109,81],"gold":5,"neow_bonus":"THREE_RARE_CARDS","is_daily":false,"chose_seed":false,"campfire_upgraded":7,"win_rate":0.0,"timestamp":1609162752,"path_taken":["R","M","M","$","M","E","T","?","E","?","?","R","M","M","M","BOSS","R","M","M","M","M","$","T","E","?","?","$","?","R","M","M","BOSS","R","M","M","?","M","R","T","M","$","R","E","?","E","$","M","BOSS","E","$","R","BOSS"],"items_purchased_type":["Card","Card","Relic","Card","Card"],"build_version":"2020-12-22","purchased_purges":3,"victory":true,"max_hp_per_floor":[70,70,70,70,71,72,72,72,73,73,73,83,84,85,86,87,87,87,88,89,90,91,92,92,93,94,99,100,100,100,101,102,103,103,103,104,105,106,106,106,106,107,108,108,108,108,109,109,110,111,111,112,112,112,113],"relic_stats":{"Centennial Puzzle":[48],"counters":[33,440],"Blue Candle":[3],"StoneCalendar":[209],"Prayer Wheel":0,"Medical Kit":[7],"obtain_stats":[{"Potion Belt":45,"alterego_mod:MasochisticConstitution":0,"ReplayTheSpireMod:Ninjato":25,"downfall:HeartBlessingRed":40,"Blue Candle":52,"downfall:HeartBlessingGreen":30,"StoneCalendar":38,"Medical Kit":43,"White Beast Statue":9,"SlaversCollar":17,"Centennial Puzzle":24,"downfall:HeartBlessingBlue":12,"CCEMRelics:DissonantTune":47,"Ring of Fury":8,"Prayer Wheel":55,"Coffee Dripper":34,"Replay:Bottled Snecko":46,"Replay:Wax Seal":29,"CCEMRelics:WarHorn":6,"InkBottle":41},{"Potion Belt":28,"alterego_mod:MasochisticConstitution":0,"ReplayTheSpireMod:Ninjato":16,"downfall:HeartBlessingRed":25,"Blue Candle":32,"downfall:HeartBlessingGreen":18,"StoneCalendar":24,"Medical Kit":27,"White Beast Statue":6,"SlaversCollar":10,"Centennial Puzzle":15,"downfall:HeartBlessingBlue":6,"CCEMRelics:DissonantTune":29,"Ring of Fury":5,"Prayer Wheel":33,"Coffee Dripper":21,"Replay:Bottled Snecko":28,"Replay:Wax Seal":18,"CCEMRelics:WarHorn":5,"InkBottle":25},{"Potion Belt":382,"alterego_mod:MasochisticConstitution":0,"ReplayTheSpireMod:Ninjato":168,"downfall:HeartBlessingRed":365,"Blue Candle":425,"downfall:HeartBlessingGreen":181,"StoneCalendar":360,"Medical Kit":377,"White Beast Statue":39,"SlaversCollar":81,"Centennial Puzzle":151,"downfall:HeartBlessingBlue":39,"CCEMRelics:DissonantTune":400,"Ring of Fury":35,"Prayer Wheel":438,"Coffee Dripper":340,"Replay:Bottled Snecko":382,"Replay:Wax Seal":181,"CCEMRelics:WarHorn":35,"InkBottle":365}],"InkBottle":[58]},"card_choices":[{"not_picked":["alterego_mod:Alter","alterego_mod:Lift"],"picked":"alterego_mod:AlterEgo","floor":0.0},{"not_picked":["alterego_mod:HighServant","alterego_mod:Punishment","alterego_mod:Mirror"],"picked":"SKIP","floor":2.0},{"not_picked":["alterego_mod:PerceptionDisorder","alterego_mod:Mirror"],"picked":"alterego_mod:TrickOrTreatment","floor":3.0},{"not_picked":["alterego_mod:Rip","alterego_mod:BiFurious","alterego_mod:RocketPunch"],"picked":"SKIP","floor":4.0},{"not_picked":["alterego_mod:DeftHands","alterego_mod:SakuraPetals","alterego_mod:Cycle"],"picked":"SKIP","floor":5.0},{"not_picked":["alterego_mod:Valkyrie","alterego_mod:Complex"],"picked":"alterego_mod:Valentines","floor":6.0},{"not_picked":["alterego_mod:SuperDuperMasochism","alterego_mod:Birthday"],"picked":"alterego_mod:Belts","floor":9.0},{"not_picked":["alterego_mod:Rip","alterego_mod:IdEs","alterego_mod:Punishment"],"picked":"SKIP","floor":13.0},{"not_picked":["alterego_mod:Jiggle","alterego_mod:Rip","alterego_mod:Mirror"],"picked":"SKIP","floor":14.0},{"not_picked":["alterego_mod:GachaTicket","alterego_mod:1TonWallop"],"picked":"alterego_mod:Pet","floor":15.0},{"not_picked":["alterego_mod:Venus","alterego_mod:InsideBaseball"],"picked":"alterego_mod:Rake","floor":16.0},{"not_picked":["alterego_mod:Swimsuit","alterego_mod:Maid","alterego_mod:Lingerie"],"picked":"SKIP","floor":19.0},{"not_picked":["alterego_mod:Bounce","alterego_mod:Collar+1","alterego_mod:Belle"],"picked":"SKIP","floor":20.0},{"not_picked":["alterego_mod:Belts","alterego_mod:BiFurious"],"picked":"alterego_mod:Schoolgirl+1","floor":21.0},{"not_picked":["alterego_mod:Collar","alterego_mod:Cycle"],"picked":"alterego_mod:TrashNCrash","floor":22.0},{"not_picked":["alterego_mod:HighServant","alterego_mod:Mirror+1","alterego_mod:Maid+1"],"picked":"SKIP","floor":23.0},{"not_picked":["alterego_mod:GachaTicket","alterego_mod:BreastValley+1"],"picked":"alterego_mod:Cooking","floor":25.0},{"not_picked":["alterego_mod:Exercise","alterego_mod:PerceptionDisorder","alterego_mod:DustData"],"picked":"SKIP","floor":26.0},{"not_picked":["alterego_mod:Cooking","alterego_mod:PurpleHair"],"picked":"alterego_mod:Jiggle+1","floor":28.0},{"not_picked":["alterego_mod:IdEs","alterego_mod:SuperDuperMasochism"],"picked":"alterego_mod:Crossover","floor":29.0},{"not_picked":["alterego_mod:HighServant+1","alterego_mod:Belle"],"picked":"alterego_mod:Undulate","floor":31.0},{"not_picked":["alterego_mod:Cooking","alterego_mod:PerceptionDisorder"],"picked":"alterego_mod:Nekomimi","floor":32.0},{"not_picked":["alterego_mod:GIGAMILK","alterego_mod:Vow"],"picked":"alterego_mod:IdEs","floor":33.0},{"not_picked":["alterego_mod:HighServant+1","alterego_mod:Swimsuit","alterego_mod:RocketPunch"],"picked":"SKIP","floor":36},{"not_picked":["alterego_mod:TrashNCrash+1","alterego_mod:Bounce","alterego_mod:DustData"],"picked":"SKIP","floor":37},{"not_picked":["alterego_mod:Skirt+1","alterego_mod:Pet+1"],"picked":"alterego_mod:Nekomimi","floor":39},{"not_picked":["alterego_mod:Table","alterego_mod:InsideBaseball"],"picked":"alterego_mod:Collar+1","floor":42},{"not_picked":["alterego_mod:Valentines","alterego_mod:MagicResistance+1"],"picked":"alterego_mod:ChallengeComplete","floor":43},{"not_picked":["alterego_mod:PresenceConcealment","alterego_mod:Stockings+1","alterego_mod:Skirt"],"picked":"SKIP","floor":45},{"not_picked":["alterego_mod:Cycle","alterego_mod:PerceptionDisorder","alterego_mod:Skirt"],"picked":"SKIP","floor":47},{"not_picked":["alterego_mod:Bloomers+1","alterego_mod:Valentines","alterego_mod:Santa"],"picked":"SKIP","floor":49},{"not_picked":["alterego_mod:Complex","alterego_mod:1TonWallop+1"],"picked":"alterego_mod:Undulate","floor":52}],"player_experience":232353,"relics_obtained":[{"floor":6.0,"key":"CCEMRelics:WarHorn"},{"floor":8.0,"key":"Ring of Fury"},{"floor":9.0,"key":"White Beast Statue"},{"floor":24.0,"key":"Centennial Puzzle"},{"floor":25.0,"key":"ReplayTheSpireMod:Ninjato"},{"floor":29.0,"key":"Replay:Wax Seal"},{"floor":38,"key":"StoneCalendar"},{"floor":41,"key":"InkBottle"},{"floor":45,"key":"Potion Belt"},{"floor":46,"key":"Replay:Bottled Snecko"},{"floor":47,"key":"CCEMRelics:DissonantTune"},{"floor":52,"key":"Blue Candle"}],"event_choices":[{"damage_healed":0.0,"max_hp_gain":0.0,"max_hp_loss":0.0,"gold_gain":0.0,"event_name":"Lab","player_choice":"Got Potions","floor":11.0,"gold_loss":0.0,"damage_taken":0.0}],"is_beta":false,"boss_relics":[{"not_picked":["CCEMRelics:GreenEgg","Painkiller Herb"],"picked":"SlaversCollar"},{"not_picked":["Philosopher\u0027s Stone","ReplayTheSpireMod:DimensionalGlitch"],"picked":"Coffee Dripper"}],"items_purged_floors":[28,43,53],"is_endless":false,"potions_floor_spawned":[2,6,13,14,15,16,19,20,21,22,23,25,26,28,31,32,33,36,37,38,39,42,43,45,47,49,52],"ascension_level":1}}