{"host":"qwv9nni2x0umspiu","time":1609136403,"event":{"mods":["BaseMod","Downfall","Minty Spire (QoL Compilation)","Replay The Spire","StSLib","The Hierophant","Wandering Minibosses"],"gold_per_floor":[113,129,129,72,72,97,109,109,109,142,142,155,169,183,183,217,217,269,311,374,424,404,404],"floor_reached":22,"playtime":904,"items_purged":[],"score":496,"play_id":"74c54bc4-c799-4fd1-8207-fe5647389cdd","local_time":"20201227222003","is_ascension_mode":true,"campfire_choices":[{"data":"hierophant:ChurchCoffers","floor":8,"key":"SMITH"},{"data":"hierophant:HammerAndAnvil","floor":15,"key":"SMITH"}],"circlet_count":0,"master_deck":["AscendersBane","hierophant:Strike_Hierophant","hierophant:Strike_Hierophant","hierophant:Strike_Hierophant","hierophant:Strike_Hierophant","hierophant:Punish","hierophant:Defend_Hierophant","hierophant:Defend_Hierophant+1","hierophant:Defend_Hierophant","hierophant:Defend_Hierophant+1","hierophant:ChurchCoffers+1","hierophant:Smite","hierophant:Upheaval+1","hierophant:HammerAndAnvil+1","hierophant:Alms","hierophant:Community","hierophant:BulkyChest","hierophant:SealAway","hierophant:HammerAndAnvil"],"relics":["hierophant:PropheticMaskRelic","NeowsBlessing","Replay:Bottled Flurry","Mummified Hand","Black Star"],"acts_visited":["Exordium","TheCity"],"potions_floor_usage":[10,14,16,20],"damage_taken":[{"damage":0,"enemies":"Small Slimes","floor":1,"turns":1},{"damage":0,"enemies":"Jaw Worm","floor":2,"turns":1},{"damage":0,"enemies":"3 Sentries","floor":6,"turns":2},{"damage":0,"enemies":"2 Louse","floor":7,"turns":2},{"damage":17,"enemies":"Lagavulin","floor":10,"turns":6},{"damage":0,"enemies":"Exordium Thugs","floor":12,"turns":2},{"damage":3,"enemies":"Looter","floor":13,"turns":2},{"damage":0,"enemies":"Red Slaver","floor":14,"turns":1},{"damage":15,"enemies":"Hexaghost","floor":16,"turns":9},{"damage":0,"enemies":"Shell Parasite","floor":18,"turns":4},{"damage":14,"enemies":"3 Byrds","floor":19,"turns":6},{"damage":21,"enemies":"Snake Plant","floor":20,"turns":3},{"damage":28,"enemies":"Cultist and Chosen","floor":22,"turns":5}],"seed_played":"-8219255233298068604","potions_obtained":[{"floor":2,"key":"ColorlessPotion"},{"floor":10,"key":"Venom Potion"},{"floor":12,"key":"Energy Potion"},{"floor":13,"key":"Fire Potion"},{"floor":14,"key":"Venom Potion"},{"floor":19,"key":"SteroidPotion"}],"is_trial":false,"path_per_floor":["M","M","?","$","?","E","M","R","T","E","?","M","M","M","R","B",null,"M","M","M","?","M"],"character_chosen":"HIEROPHANT","items_purchased":["hierophant:Upheaval+1"],"campfire_rested":0,"item_purchase_floors":[4],"current_hp_per_floor":[68,68,68,68,45,45,45,45,45,28,28,28,25,25,25,10,59,59,45,24,24,0,0],"gold":404,"neow_bonus":"THREE_ENEMY_KILL","is_daily":false,"chose_seed":false,"campfire_upgraded":2,"win_rate":0.0,"timestamp":1609136403,"path_taken":["M","M","?","$","?","E","M","R","T","E","?","M","?","M","R","BOSS","M","M","M","?","M"],"items_purchased_type":["Card"],"build_version":"2020-12-22","purchased_purges":0,"victory":false,"max_hp_per_floor":[75,75,75,75,75,75,75,75,75,75,75,75,75,75,75,75,75,75,75,75,75,75,75],"card_choices":[{"not_picked":["hierophant:EyeForCoin","hierophant:RustyCrate"],"picked":"hierophant:Smite","floor":1},{"not_picked":["hierophant:Martyrdom","hierophant:AuricBeam","hierophant:FlamingChariot"],"picked":"SKIP","floor":2},{"not_picked":["hierophant:AuricBeam","hierophant:Mercenaries"],"picked":"hierophant:HammerAndAnvil","floor":6},{"not_picked":["hierophant:DisplayOfPower","hierophant:AuricShield"],"picked":"hierophant:Alms","floor":7},{"not_picked":["hierophant:FlamingChariot","hierophant:MintersHammer","hierophant:Doomsaying"],"picked":"SKIP","floor":10},{"not_picked":["hierophant:FlamingChariot","hierophant:MintersHammer","hierophant:Doomsaying"],"picked":"SKIP","floor":10},{"not_picked":["hierophant:ConvertCurrency","hierophant:FieryStrike"],"picked":"hierophant:Community","floor":12},{"not_picked":["hierophant:MorningPrayer","hierophant:DisplayOfPower","hierophant:Community"],"picked":"SKIP","floor":13},{"not_picked":["hierophant:WrathOfGod","hierophant:RepressedViolence","hierophant:EyeForCoin"],"picked":"SKIP","floor":14},{"not_picked":["hierophant:Cornucopia","hierophant:DivineIntervention"],"picked":"hierophant:BulkyChest","floor":16},{"not_picked":["hierophant:CursedGold+1","hierophant:PassingBell"],"picked":"hierophant:SealAway","floor":18},{"not_picked":["hierophant:AuricBeam","hierophant:Racketeering"],"picked":"hierophant:HammerAndAnvil","floor":19},{"not_picked":["hierophant:TollTheBells","hierophant:Embezzle","hierophant:HolyVerse"],"picked":"SKIP","floor":20}],"player_experience":1318616,"relics_obtained":[{"floor":6,"key":"Replay:Bottled Flurry"},{"floor":10,"key":"Mummified Hand"}],"event_choices":[{"damage_healed":0,"gold_gain":0,"player_choice":"Ignored","damage_taken":0,"max_hp_gain":0,"max_hp_loss":0,"event_name":"Liars Game","floor":3,"gold_loss":0},{"damage_healed":0,"gold_gain":0,"player_choice":"Entered Light","damage_taken":23,"max_hp_gain":0,"max_hp_loss":0,"event_name":"Shining Light","floor":5,"gold_loss":0,"cards_upgraded":["hierophant:Defend_Hierophant","hierophant:Defend_Hierophant"]},{"damage_healed":0,"gold_gain":50,"player_choice":"Stole From Cult","damage_taken":0,"max_hp_gain":0,"max_hp_loss":0,"event_name":"Nest","floor":21,"gold_loss":0}],"is_beta":false,"boss_relics":[{"not_picked":["Velvet Choker","Ectoplasm"],"picked":"Black Star"}],"items_purged_floors":[],"is_endless":false,"potions_floor_spawned":[2,10,12,13,14,19],"killed_by":"Cultist and Chosen","ascension_level":20}}