{"host":"98zq812qbocdqs0d","time":1609195815,"event":{"mods":["BaseMod","GifTheSpireLib","Minty Spire (QoL Compilation)","Replay The Spire","StSLib","The Cursed","The Hierophant"],"gold_per_floor":[119,119,137,82,82,115,115,133,159,159,159,171,182,195,195,292,292,302,302,335,335,335],"floor_reached":21,"playtime":1389,"items_purged":[],"score":306,"play_id":"fe878fbb-029d-464d-ab4a-fce90bffcd94","local_time":"20201228235015","is_ascension_mode":true,"campfire_choices":[{"data":"Warcry","floor":7,"key":"SMITH"},{"data":"Shrug It Off","floor":11,"key":"SMITH"},{"data":"Warcry","floor":15,"key":"SMITH"}],"circlet_count":0,"master_deck":["AscendersBane","Strike_R+1","Strike_R","Strike_R","Strike_R+1","Strike_R","Defend_R","Defend_R","Defend_R","Defend_R","Bash+1","Warcry+1","Headbutt","Disarm+1","Shrug It Off+1","Pain","Warcry+1","Berserk","Writhe"],"relics":["Burning Blood","NeowsBlessing","Whetstone","Vajra","WarpedTongs","Velvet Choker","Pen Nib","Red Mask"],"acts_visited":["Exordium","TheCity"],"potions_floor_usage":[8,14,14,16],"damage_taken":[{"damage":0,"enemies":"Jaw Worm","floor":1,"turns":1},{"damage":0,"enemies":"2 Louse","floor":3,"turns":1},{"damage":0,"enemies":"Replay:BlueRogue","floor":6,"turns":1},{"damage":3,"enemies":"Cultist","floor":8,"turns":4},{"damage":18,"enemies":"Lots of Slimes","floor":12,"turns":5},{"damage":5,"enemies":"Blue Slaver","floor":13,"turns":4},{"damage":6,"enemies":"2 Fungi Beasts","floor":14,"turns":5},{"damage":33,"enemies":"Hexaghost","floor":16,"turns":11},{"damage":11,"enemies":"Chosen","floor":18,"turns":6},{"damage":71,"enemies":"Masked Bandits","floor":20,"turns":7},{"damage":21,"enemies":"Shell Parasite","floor":21,"turns":2}],"seed_played":"-5882343470589783522","potions_obtained":[{"floor":3,"key":"Fruit Juice"},{"floor":6,"key":"EssenceOfSteel"},{"floor":12,"key":"Regen Potion"},{"floor":13,"key":"LifebloodPotion"}],"is_trial":false,"path_per_floor":["M","$","M","$","?","E","R","M","T","?","R","M","M","M","R","B",null,"M","?","?","M"],"character_chosen":"IRONCLAD","items_purchased":["Disarm+1"],"campfire_rested":0,"item_purchase_floors":[4],"current_hp_per_floor":[78,78,80,80,80,80,80,85,85,85,85,73,74,85,85,58,78,73,73,8,0,0],"gold":335,"neow_bonus":"THREE_ENEMY_KILL","is_daily":false,"chose_seed":false,"campfire_upgraded":3,"win_rate":0.0,"timestamp":1609195815,"path_taken":["M","$","M","$","?","E","R","M","T","?","R","M","?","?","R","BOSS","M","?","?","M"],"items_purchased_type":["Card"],"build_version":"2020-12-22","purchased_purges":0,"victory":false,"max_hp_per_floor":[80,80,80,80,80,80,80,85,85,85,85,85,85,85,85,85,85,85,85,85,85,85],"card_choices":[{"not_picked":["Havoc","Run Through"],"picked":"Warcry","floor":1},{"not_picked":["Second Wind","ReplayTheSpireMod:Corrosion Curse"],"picked":"Headbutt","floor":3},{"not_picked":["Burning Pact","Flex"],"picked":"Shrug It Off","floor":6},{"not_picked":["Wild Strike","Flame Barrier","Clothesline"],"picked":"SKIP","floor":8},{"not_picked":["Sword Boomerang","Second Wind"],"picked":"Warcry","floor":12},{"not_picked":["Entrench","Replay:Undeath\u0027s Touch","Evolve"],"picked":"SKIP","floor":13},{"not_picked":["Fiend Fire","Cleave","Sword Boomerang"],"picked":"SKIP","floor":14},{"not_picked":["Corruption","Limit Break"],"picked":"Berserk","floor":16},{"not_picked":["Body Slam","Sword Boomerang+1","Heavy Blade"],"picked":"SKIP","floor":18}],"player_experience":876722,"relics_obtained":[{"floor":6,"key":"Whetstone"},{"floor":9,"key":"Vajra"},{"floor":20,"key":"Red Mask"}],"event_choices":[{"damage_healed":0,"gold_gain":0,"player_choice":"Grow","damage_taken":0,"max_hp_gain":0,"max_hp_loss":0,"event_name":"Living Wall","floor":5,"gold_loss":0,"cards_upgraded":["Bash"]},{"damage_healed":0,"gold_gain":0,"player_choice":"Rummage","damage_taken":0,"relics_obtained":["WarpedTongs"],"max_hp_gain":0,"max_hp_loss":0,"event_name":"Accursed Blacksmith","floor":10,"gold_loss":0,"cards_obtained":["Pain"]},{"damage_healed":0,"gold_gain":0,"player_choice":"Opened","damage_taken":0,"relics_obtained":["Pen Nib"],"max_hp_gain":0,"max_hp_loss":0,"event_name":"The Mausoleum","floor":19,"gold_loss":0,"cards_obtained":["Writhe"]},{"damage_healed":0,"gold_gain":0,"player_choice":"Fought Bandits","damage_taken":0,"max_hp_gain":0,"max_hp_loss":0,"event_name":"Masked Bandits","floor":20,"gold_loss":0}],"is_beta":false,"boss_relics":[{"not_picked":["Honey Jar","Philosopher\u0027s Stone"],"picked":"Velvet Choker"}],"items_purged_floors":[],"is_endless":false,"potions_floor_spawned":[3,6,12,13],"killed_by":"Shell Parasite","ascension_level":10}}