{"host":"nzm1i0l8mrsm8hd2","time":1609150989,"event":{"mods":["Act Like it!","BaseMod","Better Third Choice","Conspire","Gensokyo","Minty Spire (QoL Compilation)","Pale of the Ancients","Quick Restart","RumiaBox-露米娅的神秘盒子","Spicy Shops","StSLib","The Dragon Tamer","Wandering Minibosses"],"gold_per_floor":[112,112,122,122,158,158,181,181,207,51,151,177,224,272,302,464,464],"floor_reached":16,"playtime":582,"items_purged":[],"score":186,"play_id":"909d4f42-4196-4866-8a2c-e5b65c2dc9d7","local_time":"20201228182309","is_ascension_mode":true,"campfire_choices":[{"data":"Neutralize","floor":6.0,"key":"SMITH"},{"data":"Blade Dance","floor":8.0,"key":"SMITH"},{"floor":15,"key":"REST"}],"circlet_count":0,"master_deck":["AscendersBane","Strike_G","Strike_G","Strike_G","Strike_G","Strike_G","Defend_G","Defend_G","Defend_G","Defend_G","Defend_G","Neutralize+1","Endless Agony","Blade Dance+1","Gensokyo:BlemishedSteel","Cloak And Dagger+1","PiercingWail","Terror"],"relics":["Ring of the Snake","NeowsBlessing","Strawberry","Baka2","Gensokyo:Justice","CeramicFish","MawBank","Dream Catcher","Ancient Tea Set","CeramicFish"],"acts_visited":["Exordium"],"potions_floor_usage":[14,16],"damage_taken":[{"damage":0.0,"enemies":"Gensokyo:2_Kodama","floor":1.0,"turns":1.0},{"damage":0.0,"enemies":"Gensokyo:3_Fairies","floor":3.0,"turns":1.0},{"damage":0.0,"enemies":"conspire:MimicChest","floor":5.0,"turns":1.0},{"damage":0.0,"enemies":"Gensokyo:Python","floor":7.0,"turns":2.0},{"damage":15,"enemies":"Gensokyo:Cirno","floor":13,"turns":7},{"damage":3,"enemies":"Gensokyo:3_Kodama","floor":14,"turns":3},{"damage":65,"enemies":"Gensokyo:Yukari","floor":16,"turns":9}],"seed_played":"-2367503233401785053","potions_obtained":[{"floor":5.0,"key":"Block Potion"},{"floor":7.0,"key":"ColorlessPotion"},{"floor":13,"key":"SteroidPotion"}],"is_trial":false,"path_per_floor":["M","?","M","?","?","R","M","R","T","COS","?","T","E","M","R","B"],"character_chosen":"THE_SILENT","items_purchased":[],"campfire_rested":1,"item_purchase_floors":[],"current_hp_per_floor":[59,52,52,52,52,52,52,52,52,52,52,52,37,37,58,0,0],"gold":464,"neow_bonus":"THREE_ENEMY_KILL","is_daily":false,"chose_seed":false,"campfire_upgraded":2,"win_rate":0.0,"timestamp":1609150989,"path_taken":["M","?","M","?","?","R","M","R","T","COS","?","?","E","M","R","BOSS"],"items_purchased_type":[],"build_version":"2020-12-22","purchased_purges":0,"victory":false,"max_hp_per_floor":[66,73,73,73,73,73,73,73,73,73,73,73,73,73,73,73,73],"card_choices":[{"not_picked":["Sucker Punch","Quick Slash","Leg Sweep"],"picked":"SKIP","floor":1.0},{"not_picked":["Caltrops","Deflect","Endless Agony"],"picked":"SKIP","floor":3.0},{"not_picked":["Dagger Throw","Skewer"],"picked":"Endless Agony","floor":5.0},{"not_picked":["Flying Knee","Deadly Poison"],"picked":"Blade Dance","floor":7.0},{"not_picked":["Storm of Steel+1","Bane+1"],"picked":"Cloak And Dagger+1","floor":13},{"not_picked":["Dagger Spray","Leg Sweep","Dodge and Roll"],"picked":"SKIP","floor":13},{"not_picked":["Catalyst","Flying Knee"],"picked":"PiercingWail","floor":14},{"not_picked":["Blade Dance","Caltrops"],"picked":"Terror","floor":15}],"player_experience":557893,"relics_obtained":[{"floor":1.0,"key":"Baka"},{"floor":3.0,"key":"Baka2"},{"floor":5.0,"key":"CeramicFish"},{"floor":12.0,"key":"MawBank"},{"floor":13,"key":"Dream Catcher"},{"floor":14,"key":"CeramicFish"}],"event_choices":[],"is_beta":false,"boss_relics":[],"items_purged_floors":[],"is_endless":false,"potions_floor_spawned":[5,7,13],"killed_by":"Gensokyo:Yukari","ascension_level":20}}