{"host":"0cnf9zf1gia27zti","time":1609196340,"event":{"mods":["BaseMod","BetterRewards","Card Forge","Colored Map","Colored Powertips","Conspire","Downfall","Minty Spire (QoL Compilation)","Practice Mode","Quick Restart","Replay The Spire","Robot Space Explorer","Shade Mod","Spicy Shops","StSLib"],"gold_per_floor":[110,121,196,14,14,45,57,57,80,109,59,91,117,117,117,206,206,222,222,31,47,47,47,90,9,9,43,43,43],"floor_reached":28,"playtime":1449,"items_purged":["Strike_R","Strike_R"],"score":634,"play_id":"c4cbb2c6-4844-4666-be1f-9664c2f1e4ec","local_time":"20201228225900","is_ascension_mode":true,"campfire_choices":[{"floor":8,"key":"REST"},{"floor":15,"key":"DIG"},{"data":"Metallicize+1","floor":23,"key":"SMITH"}],"circlet_count":0,"master_deck":["AscendersBane","Strike_R","Strike_R","Defend_R","Defend_R","Defend_R","Defend_R","Bash","Cleave","Violence","Inflame+1","Ghostly Armor","Inflame+1","Armaments+1","Flame Barrier","Whirlwind","conspire:SpireCoStock","Metallicize+2","Berserk+1","ReplayTheSpireMod:Muscle Training+1","Seeing Red","Seeing Red","Cleave","Disarm","Decay","Limit Break+1","Clash+1","Armaments+1"],"relics":["Burning Blood","Hammer of Thor","Seething Fire","Anvil of the Gods","Membership Card","Frozen Egg 2","Kunai","Replay:Wax Seal","Juzu Bracelet","ReplayTheSpireMod:Ninjato","Replay:Bottled Snecko","Blue Doll","Lantern","FossilizedHelix","Centennial Puzzle","Art of War","Replay:Ancient Bell","Orichalcum","ReplayTheSpireMod:Shallot","conspire:InfiniteJournal","conspire:TreasureMap","Pen Nib","CeramicFish","Replay:Baseball","King of Hearts"],"acts_visited":["Exordium","TheCity"],"potions_floor_usage":[10,12,24,27],"damage_taken":[{"damage":9,"enemies":"2 Louse","floor":1,"turns":3},{"damage":0,"enemies":"Cultist","floor":2,"turns":3},{"damage":20,"enemies":"Lagavulin","floor":6,"turns":5},{"damage":2,"enemies":"Jaw Worm","floor":7,"turns":4},{"damage":5,"enemies":"3 Sentries","floor":10,"turns":7},{"damage":10,"enemies":"Lagavulin","floor":12,"turns":7},{"damage":0,"enemies":"Blue Slaver","floor":13,"turns":5},{"damage":18,"enemies":"Slime Boss","floor":16,"turns":12},{"damage":20,"enemies":"3 Byrds","floor":18,"turns":4},{"damage":12,"enemies":"Shell Parasite","floor":21,"turns":8},{"damage":23,"enemies":"Slavers","floor":24,"turns":4},{"damage":24,"enemies":"Snecko","floor":27,"turns":10},{"damage":12,"enemies":"Snake Plant","floor":28,"turns":4}],"seed_played":"8650479549315540325","potions_obtained":[{"floor":2,"key":"LiquidBronze"},{"floor":10,"key":"hexamod:EctoCoolerPotion"},{"floor":16,"key":"Reflective Coating"},{"floor":24,"key":"Weak Potion"}],"is_trial":false,"path_per_floor":["M","M","?","$","?","E","M","R","T","E","?","E","M","T","R_BF","B",null,"M","?","$","M","?","R","E","$","T","M","M"],"character_chosen":"IRONCLAD","items_purchased":["Membership Card","Cleave","Frozen Egg 2","Kunai","Violence","Replay:Wax Seal","Juzu Bracelet","ReplayTheSpireMod:Ninjato","Inflame+1","Armaments+1","Seeing Red","conspire:TreasureMap","Pen Nib","Cleave","Replay:Baseball","Clash+1"],"campfire_rested":1,"item_purchase_floors":[0,0,0,0,0,0,0,4,4,4,20,20,20,20,25,25],"current_hp_per_floor":[69,75,64,64,64,50,54,78,78,79,79,75,80,80,80,68,77,63,48,48,42,42,42,25,25,25,7,0,0],"gold":43,"neow_bonus":"","is_daily":false,"chose_seed":false,"campfire_upgraded":1,"win_rate":0.0,"timestamp":1609196340,"path_taken":["M","M","?","$","?","E","M","R","T","E","?","E","M","?","R_BF","BOSS","M","?","$","M","?","R","E","$","T","M","M"],"items_purchased_type":["Relic","Card","Relic","Relic","Card","Relic","Relic","Relic","Card","Card","Card","Relic","Relic","Card","Relic","Card"],"build_version":"2020-12-22","purchased_purges":2,"victory":false,"max_hp_per_floor":[80,80,80,80,80,80,80,80,80,80,80,80,80,80,80,80,80,80,85,85,85,85,85,85,85,85,85,85,85],"card_choices":[{"not_picked":["Havoc","Warcry"],"picked":"Inflame+1","floor":1},{"not_picked":["Shrug It Off","ReplayReversal"],"picked":"Ghostly Armor","floor":2},{"not_picked":["Replay:Undeath\u0027s Touch","Rupture+1"],"picked":"Flame Barrier","floor":6},{"not_picked":["Armaments","Power Through","Rage"],"picked":"SKIP","floor":7},{"not_picked":["Flex","Replay:Undeath\u0027s Touch","Clash"],"picked":"SKIP","floor":10},{"not_picked":["Reckless Charge","Flex"],"picked":"Metallicize+1","floor":12},{"not_picked":["Sever Soul","Flex","Spot Weakness"],"picked":"SKIP","floor":13},{"not_picked":["Eclipse","Fiend Fire"],"picked":"Berserk+1","floor":16},{"not_picked":["Normality","Voices"],"picked":"Regret","floor":17},{"not_picked":["Pain","Looming Evil"],"picked":"Amnesia","floor":17},{"not_picked":["Voices","conspire:Blindness"],"picked":"hexamod:Haunted","floor":17},{"not_picked":["Intimidate","Hemokinesis"],"picked":"ReplayTheSpireMod:Muscle Training","floor":18},{"not_picked":["Rage","Flex"],"picked":"Disarm","floor":21},{"not_picked":["Body Slam","Flame Barrier"],"picked":"Limit Break","floor":24},{"not_picked":["Second Wind","Twin Strike","Hemokinesis"],"picked":"SKIP","floor":27}],"player_experience":2697825,"relics_obtained":[{"floor":6,"key":"Replay:Bottled Snecko"},{"floor":9,"key":"Blue Doll"},{"floor":10,"key":"Lantern"},{"floor":12,"key":"FossilizedHelix"},{"floor":14,"key":"Centennial Puzzle"},{"floor":15,"key":"Art of War"},{"floor":24,"key":"CeramicFish"},{"floor":26,"key":"King of Hearts"}],"event_choices":[{"damage_healed":0,"gold_gain":75,"player_choice":"Gather Gold","damage_taken":11,"max_hp_gain":0,"max_hp_loss":0,"event_name":"World of Goop","floor":3,"gold_loss":0},{"damage_healed":0,"gold_gain":0,"cards_transformed":["Strike_R"],"player_choice":"Transformed","damage_taken":0,"max_hp_gain":0,"max_hp_loss":0,"event_name":"Transmorgrifier","floor":5,"gold_loss":0,"cards_obtained":["Defy Death"]},{"damage_healed":0,"gold_gain":0,"player_choice":"Invest 1","damage_taken":0,"max_hp_gain":0,"max_hp_loss":0,"event_name":"conspire:Investor","floor":11,"gold_loss":0},{"damage_healed":0,"gold_gain":0,"player_choice":"Shed Blood","damage_taken":20,"max_hp_gain":5,"max_hp_loss":0,"event_name":"Forgotten Altar","floor":19,"gold_loss":0},{"damage_healed":0,"gold_gain":0,"player_choice":"Cursed","damage_taken":0,"max_hp_gain":0,"max_hp_loss":0,"event_name":"Wheel of Change","floor":22,"gold_loss":0,"cards_obtained":["Decay"]}],"is_beta":false,"boss_relics":[{"not_picked":["Astrolabe","Velvet Choker"],"picked":"Replay:Ancient Bell"},{"not_picked":["Replay:Mystery Machine","Boot"],"picked":"Orichalcum"},{"not_picked":["Self Forming Clay","Mirror"],"picked":"ReplayTheSpireMod:Shallot"},{"not_picked":["StoneCalendar","Replay:Arrowhead"],"picked":"conspire:InfiniteJournal"}],"items_purged_floors":[0,20],"is_endless":false,"potions_floor_spawned":[2,10,16,24],"killed_by":"Snake Plant","ascension_level":13}}