{"host":"BK","time":1609130918,"event":{"mods":["BaseMod","Highlight Path","Minty Spire (QoL Compilation)","StSLib"],"gold_per_floor":[119,133,16,16,33,33,59,71,96,108,108,134,81,81,81,156,156,173,88,108,108,108,140,140,173,173,193,212,51,51,101,101,101,101],"floor_reached":33,"playtime":1362,"items_purged":["Strike_G"],"score":611,"play_id":"d531b389-db64-439d-b7b9-29fe548107c4","local_time":"20201227214838","is_ascension_mode":true,"campfire_choices":[{"floor":6.0,"key":"REST"},{"floor":11.0,"key":"REST"},{"floor":15.0,"key":"REST"},{"floor":24.0,"key":"REST"},{"floor":32,"key":"REST"}],"circlet_count":0,"master_deck":["AscendersBane","Strike_G","Strike_G","Strike_G","Strike_G","Defend_G+1","Defend_G","Defend_G+1","Defend_G","Defend_G","Survivor","Neutralize","Flechettes","Bane","Crippling Poison+1","Footwork+1","Dagger Throw","Poisoned Stab","Backflip+1","Crippling Poison","Crippling Poison","Malaise","Dodge and Roll","RitualDagger","Crippling Poison","Dash","Leg Sweep"],"relics":["Ring of the Snake","Nunchaku","Vajra","Akabeko","War Paint","Snecko Eye","Anchor","Snake Skull","Singing Bowl","Dead Branch","Blood Vial"],"acts_visited":["Exordium","TheCity"],"potions_floor_usage":[27,28,33],"damage_taken":[{"damage":4.0,"enemies":"2 Louse","floor":1.0,"turns":4.0},{"damage":6.0,"enemies":"Cultist","floor":2.0,"turns":5.0},{"damage":4.0,"enemies":"Jaw Worm","floor":5.0,"turns":3.0},{"damage":29.0,"enemies":"3 Sentries","floor":7.0,"turns":15.0},{"damage":1.0,"enemies":"Blue Slaver","floor":8.0,"turns":3.0},{"damage":0.0,"enemies":"Looter","floor":10.0,"turns":1.0},{"damage":13.0,"enemies":"Lagavulin","floor":12.0,"turns":8.0},{"damage":38.0,"enemies":"The Guardian","floor":16.0,"turns":14.0},{"damage":0.0,"enemies":"Chosen","floor":18.0,"turns":2.0},{"damage":0.0,"enemies":"2 Thieves","floor":20.0,"turns":3.0},{"damage":35.0,"enemies":"Book of Stabbing","floor":23.0,"turns":8.0},{"damage":7.0,"enemies":"Slavers","floor":25.0,"turns":3.0},{"damage":16,"enemies":"Chosen and Byrds","floor":27,"turns":5},{"damage":8,"enemies":"Cultist and Chosen","floor":28,"turns":5},{"damage":51,"enemies":"Automaton","floor":33,"turns":6}],"seed_played":"-4747956622691745987","potions_obtained":[{"floor":1.0,"key":"BlessingOfTheForge"},{"floor":5.0,"key":"SpeedPotion"},{"floor":12.0,"key":"Ancient Potion"},{"floor":18.0,"key":"Block Potion"},{"floor":27,"key":"Regen Potion"}],"is_trial":false,"path_per_floor":["M","M","$","?","M","R","E","M","T","M","R","E","?","?","R","B",null,"M","?","M","?","?","E","R","E","T","M","M","$","T","?","R","B"],"character_chosen":"THE_SILENT","items_purchased":["Crippling Poison","Footwork","DistilledChaos"],"campfire_rested":5,"item_purchase_floors":[3,3,29],"current_hp_per_floor":[55,49,49,29,25,44,15,14,14,14,33,20,20,20,39,1,50,50,50,50,44,44,9,28,21,21,7,14,14,14,14,34,0,0],"gold":101,"neow_bonus":"RANDOM_COMMON_RELIC","is_daily":false,"chose_seed":false,"campfire_upgraded":0,"win_rate":0.0,"timestamp":1609130918,"path_taken":["M","M","$","?","M","R","E","M","T","M","R","E","?","?","R","BOSS","M","?","M","?","?","E","R","E","T","M","M","?","?","?","R","BOSS"],"items_purchased_type":["Card","Card","Potion"],"build_version":"2020-12-18","purchased_purges":1,"victory":false,"max_hp_per_floor":[66,66,66,66,66,66,66,66,66,66,66,66,66,66,66,66,66,66,66,66,66,66,66,66,66,66,68,68,68,68,68,68,68,68],"card_choices":[{"not_picked":["Calculated Gamble","Tactician"],"picked":"Flechettes","floor":1.0},{"not_picked":["Quick Slash","Infinite Blades"],"picked":"Bane","floor":2.0},{"not_picked":["Prepared","Outmaneuver"],"picked":"Dagger Throw","floor":5.0},{"not_picked":["A Thousand Cuts","Underhanded Strike"],"picked":"Poisoned Stab","floor":7.0},{"not_picked":["Reflex","Outmaneuver"],"picked":"Backflip","floor":8.0},{"not_picked":["Slice","Sucker Punch"],"picked":"Crippling Poison","floor":10.0},{"not_picked":["Crippling Poison","Flying Knee","Venomology"],"picked":"SKIP","floor":12.0},{"not_picked":["Flying Knee","Venomology"],"picked":"Crippling Poison","floor":12.0},{"not_picked":["Tools of the Trade","A Thousand Cuts"],"picked":"Malaise","floor":16.0},{"not_picked":["Dodge and Roll","Dagger Spray","Well Laid Plans"],"picked":"SKIP","floor":18.0},{"not_picked":["Dagger Spray","Well Laid Plans"],"picked":"Dodge and Roll","floor":18.0},{"not_picked":["Dodge and Roll","Distraction","Deflect"],"picked":"SKIP","floor":20.0},{"not_picked":["Quick Slash+1","PiercingWail"],"picked":"Crippling Poison","floor":23.0},{"not_picked":["A Thousand Cuts","Sucker Punch"],"picked":"Dash","floor":25.0},{"not_picked":["Deflect","Endless Agony","Distraction"],"picked":"Singing Bowl","floor":27},{"not_picked":["Blur","Bane"],"picked":"Leg Sweep","floor":28}],"player_experience":2451150,"relics_obtained":[{"floor":7.0,"key":"Vajra"},{"floor":9.0,"key":"Akabeko"},{"floor":12.0,"key":"War Paint"},{"floor":23.0,"key":"Snake Skull"},{"floor":25.0,"key":"Singing Bowl"},{"floor":26.0,"key":"Dead Branch"},{"floor":30,"key":"Blood Vial"}],"event_choices":[{"damage_healed":0.0,"max_hp_gain":0.0,"max_hp_loss":0.0,"gold_gain":0.0,"event_name":"Shining Light","player_choice":"Entered Light","floor":4.0,"gold_loss":0.0,"damage_taken":20.0,"cards_upgraded":["Footwork","Defend_G"]},{"damage_healed":0.0,"max_hp_gain":0.0,"max_hp_loss":0.0,"gold_gain":0.0,"event_name":"World of Goop","player_choice":"Left Gold","floor":13.0,"gold_loss":53.0,"damage_taken":0.0},{"damage_healed":0.0,"max_hp_gain":0.0,"max_hp_loss":0.0,"gold_gain":0.0,"event_name":"Upgrade Shrine","player_choice":"Upgraded","floor":14.0,"gold_loss":0.0,"damage_taken":0.0,"cards_upgraded":["Crippling Poison"]},{"damage_healed":0.0,"max_hp_gain":0.0,"max_hp_loss":0.0,"gold_gain":0.0,"event_name":"Addict","player_choice":"Obtained Relic","floor":19.0,"gold_loss":85.0,"damage_taken":0.0,"relics_obtained":["Anchor"]},{"damage_healed":0.0,"max_hp_gain":0.0,"max_hp_loss":0.0,"gold_gain":0.0,"event_name":"Nest","player_choice":"Joined the Cult","floor":21.0,"gold_loss":0.0,"damage_taken":6.0,"cards_obtained":["RitualDagger"]},{"damage_healed":0.0,"max_hp_gain":0.0,"max_hp_loss":0.0,"gold_gain":0.0,"event_name":"The Mausoleum","player_choice":"Ignored","floor":22.0,"gold_loss":0.0,"damage_taken":0.0},{"damage_healed":0,"gold_gain":50,"player_choice":"Pray","damage_taken":0,"max_hp_gain":0,"max_hp_loss":0,"event_name":"Golden Shrine","floor":31,"gold_loss":0}],"is_beta":true,"boss_relics":[{"not_picked":["Ring of the Serpent","Coffee Dripper"],"picked":"Snecko Eye"}],"items_purged_floors":[29],"is_endless":false,"potions_floor_spawned":[1,5,10,12,18,27],"killed_by":"Automaton","ascension_level":20}}