{"host":"wbjiqg83duq292na","time":1609193527,"event":{"mods":["BaseMod","Minty Spire (QoL Compilation)"],"gold_per_floor":[112,112,132,132,146,182,182,216,216,254,12,12,39,61,61,170,170,193,220,229,1,1,1,35,35,86,86,102,102,143,165,165,275,275,297,319,342,53,71,71,99,135,161,161,161,181,208,243,243,243,243],"floor_reached":50,"playtime":2367,"items_purged":["Shame"],"score":586,"play_id":"e643c136-73e7-4907-b087-a8a5b59ac19a","local_time":"20201228201207","is_ascension_mode":true,"campfire_choices":[{"floor":7,"key":"REST"},{"floor":12,"key":"REST"},{"floor":15,"key":"REST"},{"floor":23,"key":"RECALL"},{"data":"Electrodynamics","floor":25,"key":"SMITH"},{"floor":29,"key":"REST"},{"floor":32,"key":"REST"},{"data":"Chaos","floor":40,"key":"SMITH"},{"data":"Rebound","floor":45,"key":"SMITH"},{"data":"Compile Driver","floor":49,"key":"SMITH"}],"circlet_count":0,"master_deck":["Strike_B","Strike_B","Strike_B","Strike_B","Defend_B+1","Defend_B","Defend_B+1","Defend_B","Zap+1","Dualcast+1","Compile Driver+1","Rebound+1","Chaos+1","FTL","Cold Snap","Beam Cell","Blizzard","Beam Cell","Electrodynamics+1","Darkness+1","Beam Cell+1","Compile Driver+1","Defragment+1","Self Repair+1","Amplify+1","Ball Lightning","Streamline+1","Madness","Redo+1","Auto Shields+1","Stack+1","Loop+1","Self Repair+1"],"relics":["Cracked Core","CeramicFish","Bottled Flame","Gremlin Horn","Cables","Nuclear Battery","Ornamental Fan","HandDrill","Frozen Egg 2","Toy Ornithopter","Peace Pipe","Sozu","War Paint","Dead Branch","Bag of Marbles","Boot","Ancient Tea Set"],"acts_visited":["Exordium","TheCity","TheBeyond"],"potions_floor_usage":[6,16,33,33,33],"damage_taken":[{"damage":8,"enemies":"2 Louse","floor":1,"turns":2},{"damage":0,"enemies":"Jaw Worm","floor":3,"turns":2},{"damage":1,"enemies":"Cultist","floor":5,"turns":3},{"damage":20,"enemies":"Gremlin Nob","floor":6,"turns":4},{"damage":24,"enemies":"3 Sentries","floor":8,"turns":6},{"damage":2,"enemies":"Gremlin Nob","floor":10,"turns":3},{"damage":7,"enemies":"2 Fungi Beasts","floor":13,"turns":2},{"damage":8,"enemies":"Red Slaver","floor":14,"turns":2},{"damage":41,"enemies":"Hexaghost","floor":16,"turns":8},{"damage":0,"enemies":"Chosen","floor":18,"turns":3},{"damage":18,"enemies":"2 Thieves","floor":19,"turns":3},{"damage":7,"enemies":"Slavers","floor":24,"turns":4},{"damage":14,"enemies":"Centurion and Healer","floor":28,"turns":4},{"damage":18,"enemies":"Book of Stabbing","floor":30,"turns":4},{"damage":0,"enemies":"Sentry and Sphere","floor":31,"turns":3},{"damage":66,"enemies":"Champ","floor":33,"turns":8},{"damage":0,"enemies":"3 Shapes","floor":35,"turns":3},{"damage":6,"enemies":"Orb Walker","floor":36,"turns":3},{"damage":27,"enemies":"Jaw Worm Horde","floor":41,"turns":4},{"damage":39,"enemies":"Nemesis","floor":42,"turns":5},{"damage":7,"enemies":"Spire Growth","floor":46,"turns":4},{"damage":19,"enemies":"Transient","floor":47,"turns":5},{"damage":27,"enemies":"Reptomancer","floor":48,"turns":5},{"damage":55,"enemies":"Awakened One","floor":50,"turns":3}],"seed_played":"3701265790765049803","potions_obtained":[{"floor":1,"key":"SkillPotion"},{"floor":5,"key":"Regen Potion"},{"floor":10,"key":"Block Potion"},{"floor":13,"key":"SpeedPotion"},{"floor":14,"key":"DuplicationPotion"},{"floor":18,"key":"Strength Potion"},{"floor":19,"key":"EssenceOfSteel"},{"floor":31,"key":"LiquidBronze"}],"is_trial":false,"path_per_floor":["M","?","M","?","M","E","R","E","T","E","$","R","M","M","R","B",null,"M","M","?","$","?","R","E","R","T","?","M","R","E","M","R","B",null,"M","M","T","$","?","R","M","E","T","?","R","M","M","E","R","B"],"character_chosen":"DEFECT","items_purchased":["Cables","HandDrill","Dead Branch"],"campfire_rested":5,"item_purchase_floors":[11,21,38],"current_hp_per_floor":[67,52,52,52,51,31,53,29,29,27,27,49,42,34,56,15,75,75,57,57,57,57,57,50,50,50,50,36,58,40,40,62,35,75,75,75,75,75,66,66,49,20,20,75,75,68,59,52,52,0,0],"gold":243,"neow_bonus":"THREE_CARDS","is_daily":false,"chose_seed":false,"campfire_upgraded":4,"win_rate":0.0,"timestamp":1609193527,"path_taken":["M","?","M","?","M","E","R","E","T","E","$","R","M","M","R","BOSS","M","M","?","$","?","R","E","R","T","?","M","R","E","M","R","BOSS","M","M","?","?","?","R","M","E","T","?","R","?","M","E","R","BOSS"],"items_purchased_type":["Relic","Relic","Relic"],"build_version":"2020-12-22","purchased_purges":1,"victory":false,"max_hp_per_floor":[75,75,75,75,75,75,75,75,75,75,75,75,75,75,75,75,75,75,75,75,75,75,75,75,75,75,75,75,75,75,75,75,75,75,75,75,75,75,75,75,75,75,75,75,75,75,75,75,75,75,75],"card_choices":[{"not_picked":["Double Energy","Fusion"],"picked":"Compile Driver","floor":0},{"not_picked":["Reinforced Body","Turbo","Steam"],"picked":"SKIP","floor":1},{"not_picked":["Skim","Compile Driver"],"picked":"Rebound","floor":3},{"not_picked":["Barrage","Core Surge"],"picked":"Chaos","floor":5},{"not_picked":["Rip and Tear","Barrage"],"picked":"FTL","floor":6},{"not_picked":["Go for the Eyes","Turbo"],"picked":"Cold Snap","floor":8},{"not_picked":["Compile Driver","Scrape"],"picked":"Beam Cell","floor":10},{"not_picked":["Cold Snap","Conserve Battery"],"picked":"Blizzard","floor":13},{"not_picked":["Amplify","Aggregate"],"picked":"Beam Cell","floor":14},{"not_picked":["Meteor Strike","Amplify"],"picked":"Electrodynamics","floor":16},{"not_picked":["Sweeping Beam","Turbo"],"picked":"Darkness+1","floor":18},{"not_picked":["Compile Driver","Tempest"],"picked":"Beam Cell+1","floor":19},{"not_picked":["Reboot","Conserve Battery"],"picked":"Compile Driver+1","floor":24},{"not_picked":["Beam Cell","Steam","Double Energy+1"],"picked":"SKIP","floor":28},{"not_picked":["Melter","Multi-Cast"],"picked":"Defragment+1","floor":30},{"not_picked":["Rebound","Redo"],"picked":"Self Repair+1","floor":31},{"not_picked":["Thunder Strike","Biased Cognition+1"],"picked":"Amplify","floor":33},{"not_picked":["Hologram+1","Sweeping Beam"],"picked":"Ball Lightning","floor":35},{"not_picked":["Leap+1","Stack"],"picked":"Streamline+1","floor":36},{"not_picked":["Rip and Tear+1","Leap+1"],"picked":"Redo+1","floor":41},{"not_picked":["Coolheaded","Tempest+1"],"picked":"Auto Shields+1","floor":42},{"not_picked":["Go for the Eyes+1","Blizzard"],"picked":"Stack+1","floor":46},{"not_picked":["Hologram+1","Static Discharge+1"],"picked":"Loop+1","floor":47},{"not_picked":["Steam","Turbo+1"],"picked":"Self Repair+1","floor":48}],"player_experience":251015,"relics_obtained":[{"floor":6,"key":"CeramicFish"},{"floor":8,"key":"Bottled Flame"},{"floor":10,"key":"Gremlin Horn"},{"floor":24,"key":"Frozen Egg 2"},{"floor":26,"key":"Toy Ornithopter"},{"floor":30,"key":"Peace Pipe"},{"floor":37,"key":"War Paint"},{"floor":42,"key":"Bag of Marbles"},{"floor":43,"key":"Boot"},{"floor":48,"key":"Ancient Tea Set"}],"event_choices":[{"damage_healed":0,"gold_gain":0,"player_choice":"Entered Light","damage_taken":15,"max_hp_gain":0,"max_hp_loss":0,"event_name":"Shining Light","floor":2,"gold_loss":0,"cards_upgraded":["Dualcast","Defend_B"]},{"damage_healed":0,"gold_gain":0,"player_choice":"Upgraded","damage_taken":0,"max_hp_gain":0,"max_hp_loss":0,"event_name":"Upgrade Shrine","floor":4,"gold_loss":0,"cards_upgraded":["Zap"]},{"damage_healed":0,"gold_gain":0,"player_choice":"Stole Relic","damage_taken":0,"relics_obtained":["Ornamental Fan"],"max_hp_gain":0,"max_hp_loss":0,"event_name":"Addict","floor":20,"gold_loss":0,"cards_obtained":["Shame"]},{"damage_healed":0,"gold_gain":0,"player_choice":"Ignored","damage_taken":0,"max_hp_gain":0,"max_hp_loss":0,"event_name":"Vampires","floor":22,"gold_loss":0},{"damage_healed":0,"gold_gain":0,"player_choice":"Bought 0 Potions","damage_taken":0,"max_hp_gain":0,"max_hp_loss":0,"event_name":"The Woman in Blue","floor":27,"gold_loss":0},{"damage_healed":0,"gold_gain":0,"player_choice":"Embrace Madness","damage_taken":9,"max_hp_gain":0,"max_hp_loss":0,"event_name":"Winding Halls","floor":39,"gold_loss":0,"cards_obtained":["Madness","Madness"]},{"cards_removed":["Madness"],"damage_healed":55,"gold_gain":0,"player_choice":"Offered Uncommon","damage_taken":0,"max_hp_gain":0,"max_hp_loss":0,"event_name":"Bonfire Elementals","floor":44,"gold_loss":0}],"is_beta":false,"boss_relics":[{"not_picked":["Runic Pyramid","Fusion Hammer"],"picked":"Nuclear Battery"},{"not_picked":["Philosopher\u0027s Stone","Runic Dome"],"picked":"Sozu"}],"items_purged_floors":[21],"is_endless":false,"potions_floor_spawned":[1,5,10,13,14,18,19,31,41,48],"killed_by":"Awakened One","ascension_level":1}}