{"host":"zig6x0mxqzam82fb","time":1609170906,"event":{"mods":["BaseMod","Block Reminder","Colored Map","Colored Powertips","Minty Spire (QoL Compilation)","Relic Stats","StSLib","The Marked"],"gold_per_floor":[117,129,129,100,110,110,110],"floor_reached":6,"playtime":244,"items_purged":[],"score":41,"play_id":"f9ac3abf-2526-4675-815b-bdb1382b0d3b","local_time":"20201228105506","is_ascension_mode":true,"campfire_choices":[],"circlet_count":0,"master_deck":["theMarked:Strike","theMarked:Strike","theMarked:Strike","theMarked:Strike","theMarked:Defend","theMarked:Defend","theMarked:Defend","theMarked:Defend","theMarked:SoldierOfQuellstein","theMarked:WardOff","theMarked:TakeCover","theMarked:Overthink","theMarked:Static"],"relics":["theMarked:ArtifactOfAir","Shovel"],"acts_visited":["Exordium"],"potions_floor_usage":[],"damage_taken":[{"damage":12,"enemies":"Jaw Worm","floor":1,"turns":3},{"damage":0,"enemies":"Small Slimes","floor":2,"turns":3},{"damage":0,"enemies":"Cultist","floor":5,"turns":4},{"damage":46,"enemies":"Gremlin Nob","floor":6,"turns":5}],"seed_played":"6074949878228864440","potions_obtained":[{"floor":2,"key":"Swift Potion"}],"is_trial":false,"path_per_floor":["M","M","?","?","M","E"],"character_chosen":"THE_DEFAULT","items_purchased":[],"campfire_rested":0,"item_purchase_floors":[],"current_hp_per_floor":[37,37,37,37,37,0,0],"gold":110,"neow_bonus":"ONE_RARE_RELIC","is_daily":false,"chose_seed":false,"campfire_upgraded":0,"win_rate":0.0,"timestamp":1609170906,"path_taken":["M","M","?","?","M","E"],"items_purchased_type":[],"build_version":"2020-12-22","purchased_purges":0,"victory":false,"max_hp_per_floor":[70,70,70,70,70,70,70],"relic_stats":{"Shovel":0,"counters":[4,15],"obtain_stats":[{"theMarked:ArtifactOfAir":0,"Shovel":0},{"theMarked:ArtifactOfAir":0,"Shovel":0},{"theMarked:ArtifactOfAir":0,"Shovel":0}]},"card_choices":[{"not_picked":["theMarked:TwofoldDefense","theMarked:MagicAdept"],"picked":"theMarked:WardOff","floor":1},{"not_picked":["theMarked:Overthink","theMarked:Generate"],"picked":"theMarked:TakeCover","floor":2},{"not_picked":["theMarked:TwofoldDefense","theMarked:ComboAttacks"],"picked":"theMarked:Static","floor":5}],"player_experience":371995,"relics_obtained":[],"event_choices":[{"damage_healed":0,"gold_gain":0,"cards_transformed":["theMarked:Strike"],"player_choice":"Change","damage_taken":0,"max_hp_gain":0,"max_hp_loss":0,"event_name":"Living Wall","floor":3,"gold_loss":0,"cards_obtained":["theMarked:Overthink"]},{"damage_healed":0,"gold_gain":0,"player_choice":"Left Gold","damage_taken":0,"max_hp_gain":0,"max_hp_loss":0,"event_name":"World of Goop","floor":4,"gold_loss":29}],"is_beta":false,"boss_relics":[],"items_purged_floors":[],"is_endless":false,"potions_floor_spawned":[2],"killed_by":"Gremlin Nob","ascension_level":3}}