{"host":"qc268ltokmxwqyrx","time":1609192143,"event":{"mods":["BaseMod","Colored Map","Colored Powertips","Minty Spire (QoL Compilation)","Relic Stats","Slay the Relics Exporter","StSLib","ojb\u0027s Info Mod"],"gold_per_floor":[112,112,132,151,171,212,227,227,250,250,273,298,311,354,354,443,443,463,478,478,60,78,78,121,135,158,201,201,201,201,241,241,332,332,347,367,391,391,134,175,175,218,245,245,284,284,284],"floor_reached":46,"playtime":5107,"items_purged":["Strike_R","Strike_R"],"score":1310,"play_id":"d4e19af3-ed0d-4936-8123-0326e960af9b","local_time":"20201228154903","is_ascension_mode":true,"campfire_choices":[{"data":"Uppercut","floor":8.0,"key":"SMITH"},{"data":"Perfected Strike","floor":10.0,"key":"SMITH"},{"data":"Hemokinesis","floor":15.0,"key":"SMITH"},{"data":"Immolate","floor":23.0,"key":"SMITH"},{"data":"Fiend Fire","floor":28.0,"key":"SMITH"},{"data":"Whirlwind","floor":30.0,"key":"SMITH"},{"data":"Rupture","floor":32.0,"key":"SMITH"},{"floor":41,"key":"RECALL"}],"circlet_count":0,"master_deck":["AscendersBane","Strike_R","Defend_R+1","Defend_R","Defend_R+1","Bash","Uppercut+1","Perfected Strike+1","Pommel Strike","Hemokinesis+1","Cleave","Rupture+1","Whirlwind+1","Immolate+1","Carnage+1","Shrug It Off+1","Uppercut+1","Blood for Blood+1","Fiend Fire+1","Demon Form","Entrench+1","Clash+1","Sentinel+1","Feel No Pain+1","Disarm","Dark Embrace"],"relics":["Burning Blood","Pen Nib","Golden Idol","Nunchaku","Juzu Bracelet","War Paint","Snecko Eye","Nilry\u0027s Codex","Happy Flower","Bag of Marbles","Toy Ornithopter","Orichalcum","Potion Belt","Whetstone","Astrolabe","Frozen Eye","Smiling Mask","Centennial Puzzle","Boot"],"acts_visited":["Exordium","TheCity","TheBeyond"],"potions_floor_usage":[40,40,42,42,45],"damage_taken":[{"damage":7.0,"enemies":"Jaw Worm","floor":1.0,"turns":3.0},{"damage":1.0,"enemies":"Small Slimes","floor":3.0,"turns":3.0},{"damage":2.0,"enemies":"2 Louse","floor":4.0,"turns":3.0},{"damage":9.0,"enemies":"Exordium Wildlife","floor":5.0,"turns":4.0},{"damage":20.0,"enemies":"Lagavulin","floor":6.0,"turns":6.0},{"damage":2.0,"enemies":"Large Slime","floor":7.0,"turns":2.0},{"damage":4.0,"enemies":"Blue Slaver","floor":11.0,"turns":2.0},{"damage":17.0,"enemies":"Exordium Thugs","floor":12.0,"turns":3.0},{"damage":15.0,"enemies":"Gremlin Gang","floor":13.0,"turns":5.0},{"damage":0.0,"enemies":"Gremlin Nob","floor":14.0,"turns":2.0},{"damage":11.0,"enemies":"Slime Boss","floor":16.0,"turns":8.0},{"damage":0.0,"enemies":"2 Thieves","floor":18.0,"turns":1.0},{"damage":2.0,"enemies":"Chosen","floor":19.0,"turns":2.0},{"damage":0.0,"enemies":"Centurion and Healer","floor":22.0,"turns":1.0},{"damage":1.0,"enemies":"Gremlin Leader","floor":24.0,"turns":3.0},{"damage":11.0,"enemies":"Cultist and Chosen","floor":25.0,"turns":3.0},{"damage":0.0,"enemies":"Slavers","floor":27.0,"turns":1.0},{"damage":2.0,"enemies":"Gremlin Leader","floor":31.0,"turns":3.0},{"damage":18.0,"enemies":"Collector","floor":33.0,"turns":6.0},{"damage":0.0,"enemies":"Orb Walker","floor":35.0,"turns":2.0},{"damage":3.0,"enemies":"3 Shapes","floor":36.0,"turns":4.0},{"damage":0.0,"enemies":"Spire Growth","floor":37.0,"turns":2.0},{"damage":28,"enemies":"Reptomancer","floor":40,"turns":4},{"damage":36,"enemies":"Nemesis","floor":42,"turns":7},{"damage":13,"enemies":"Reptomancer","floor":45,"turns":3},{"damage":34,"enemies":"4 Shapes","floor":46,"turns":3}],"seed_played":"-2446370967736788609","potions_obtained":[{"floor":1.0,"key":"Energy Potion"},{"floor":4.0,"key":"Weak Potion"},{"floor":5.0,"key":"FearPotion"},{"floor":12.0,"key":"AttackPotion"},{"floor":13.0,"key":"BlessingOfTheForge"},{"floor":14.0,"key":"DistilledChaos"},{"floor":16.0,"key":"Strength Potion"},{"floor":19.0,"key":"Block Potion"},{"floor":22.0,"key":"Explosive Potion"},{"floor":24.0,"key":"DistilledChaos"},{"floor":36.0,"key":"Energy Potion"},{"floor":40,"key":"PowerPotion"},{"floor":42,"key":"ColorlessPotion"}],"is_trial":false,"path_per_floor":["M","?","M","M","M","E","M","R","T","R","M","M","M","E","R","B",null,"M","M","?","$","M","R","E","M","T","E","R","?","R","E","R","B",null,"M","M","M","?","$","E","R","E","T","?","E","M"],"character_chosen":"IRONCLAD","items_purchased":["Happy Flower","Bag of Marbles","Frozen Eye"],"campfire_rested":0,"item_purchase_floors":[21,21,39],"current_hp_per_floor":[67,41,46,50,47,33,37,37,37,37,39,28,19,25,25,20,61,67,71,50,50,56,56,61,56,56,62,62,62,62,66,66,54,70,75,75,75,65,65,53,53,33,33,33,31,0,0],"gold":284,"neow_bonus":"RANDOM_COMMON_RELIC","is_daily":false,"chose_seed":false,"campfire_upgraded":7,"win_rate":0.0,"timestamp":1609192143,"path_taken":["M","?","M","M","M","E","M","R","T","R","M","M","M","E","R","BOSS","M","M","?","$","M","R","E","M","T","E","R","?","R","E","R","BOSS","M","M","M","?","$","E","R","E","T","?","E","M"],"items_purchased_type":["Relic","Relic","Relic"],"build_version":"2020-12-22","purchased_purges":2,"victory":false,"max_hp_per_floor":[75,75,75,75,75,75,75,75,75,75,75,75,75,75,75,75,75,75,75,75,75,75,75,75,75,75,75,75,75,75,75,75,75,75,75,75,75,75,75,75,75,75,75,75,75,75,75],"relic_stats":{"Happy Flower":[14],"counters":[26,86],"Golden Idol":158,"Astrolabe":["Entrench","Clash","Sentinel"],"Pen Nib":[16],"Juzu Bracelet":0,"Whetstone":["Carnage","Uppercut"],"War Paint":["Defend_R","Defend_R"],"Orichalcum":[84],"Smiling Mask":0,"Boot":[0],"Burning Blood":140,"Nunchaku":[13],"Centennial Puzzle":[6],"Snecko Eye":[73,66,74,81],"obtain_stats":[{"Potion Belt":27,"Happy Flower":21,"Golden Idol":2,"Nilry\u0027s Codex":20,"Astrolabe":34,"Pen Nib":0,"Juzu Bracelet":9,"Whetstone":31,"War Paint":14,"Orichalcum":26,"Smiling Mask":40,"Boot":45,"Burning Blood":0,"Frozen Eye":39,"Nunchaku":6,"Centennial Puzzle":42,"Snecko Eye":17,"Bag of Marbles":21,"Toy Ornithopter":24},{"Potion Belt":17,"Happy Flower":13,"Golden Idol":1,"Nilry\u0027s Codex":13,"Astrolabe":19,"Pen Nib":0,"Juzu Bracelet":6,"Whetstone":18,"War Paint":10,"Orichalcum":16,"Smiling Mask":23,"Boot":25,"Burning Blood":0,"Frozen Eye":22,"Nunchaku":5,"Centennial Puzzle":24,"Snecko Eye":11,"Bag of Marbles":13,"Toy Ornithopter":15},{"Potion Belt":52,"Happy Flower":44,"Golden Idol":3,"Nilry\u0027s Codex":44,"Astrolabe":61,"Pen Nib":0,"Juzu Bracelet":21,"Whetstone":55,"War Paint":33,"Orichalcum":51,"Smiling Mask":73,"Boot":83,"Burning Blood":0,"Frozen Eye":69,"Nunchaku":19,"Centennial Puzzle":80,"Snecko Eye":41,"Bag of Marbles":44,"Toy Ornithopter":48}],"Toy Ornithopter":25},"card_choices":[{"not_picked":["Flex","Dropkick"],"picked":"Uppercut","floor":1.0},{"not_picked":["Havoc","Headbutt"],"picked":"Perfected Strike","floor":3.0},{"not_picked":["Sentinel","Blood for Blood","Headbutt"],"picked":"SKIP","floor":4.0},{"not_picked":["True Grit","Iron Wave"],"picked":"Pommel Strike","floor":5.0},{"not_picked":["Cleave","Pommel Strike"],"picked":"Hemokinesis","floor":6.0},{"not_picked":["Fire Breathing","Clash","Blood for Blood"],"picked":"SKIP","floor":7.0},{"not_picked":["Uppercut","Sword Boomerang","Body Slam"],"picked":"SKIP","floor":11.0},{"not_picked":["Corruption","Perfected Strike"],"picked":"Cleave","floor":12.0},{"not_picked":["Pommel Strike","Shrug It Off"],"picked":"Rupture","floor":13.0},{"not_picked":["Evolve","Twin Strike"],"picked":"Whirlwind","floor":14.0},{"not_picked":["Barricade","Offering"],"picked":"Immolate","floor":16.0},{"not_picked":["Pommel Strike","Headbutt"],"picked":"Carnage","floor":18.0},{"not_picked":["Sword Boomerang","Limit Break"],"picked":"Shrug It Off+1","floor":19.0},{"not_picked":["Whirlwind","Seeing Red"],"picked":"Uppercut","floor":22.0},{"not_picked":["Iron Wave","Heavy Blade"],"picked":"Blood for Blood+1","floor":24.0},{"not_picked":["Rampage","Sword Boomerang+1","Second Wind"],"picked":"SKIP","floor":25.0},{"not_picked":["Burning Pact","Twin Strike"],"picked":"Fiend Fire","floor":27.0},{"not_picked":["Thunderclap","Headbutt","Wild Strike"],"picked":"SKIP","floor":31.0},{"not_picked":["Double Tap","Barricade"],"picked":"Demon Form","floor":33.0},{"not_picked":["Clothesline+1","Searing Blow+1","Pommel Strike+1"],"picked":"SKIP","floor":35.0},{"not_picked":["Iron Wave+1","Twin Strike","Ghostly Armor+1"],"picked":"SKIP","floor":36.0},{"not_picked":["Armaments+1","Havoc","Flex"],"picked":"SKIP","floor":37.0},{"not_picked":["Headbutt","Reckless Charge+1"],"picked":"Feel No Pain+1","floor":40},{"not_picked":["Warcry+1","Hemokinesis"],"picked":"Disarm","floor":42},{"not_picked":["Anger+1","Clothesline+1"],"picked":"Dark Embrace","floor":45}],"player_experience":1730131,"relics_obtained":[{"floor":6.0,"key":"Nunchaku"},{"floor":9.0,"key":"Juzu Bracelet"},{"floor":14.0,"key":"War Paint"},{"floor":20.0,"key":"Nilry\u0027s Codex"},{"floor":24.0,"key":"Toy Ornithopter"},{"floor":26.0,"key":"Orichalcum"},{"floor":27.0,"key":"Potion Belt"},{"floor":31.0,"key":"Whetstone"},{"floor":40,"key":"Smiling Mask"},{"floor":42,"key":"Centennial Puzzle"},{"floor":45,"key":"Boot"}],"event_choices":[{"damage_healed":0.0,"max_hp_gain":0.0,"max_hp_loss":0.0,"gold_gain":0.0,"event_name":"Golden Idol","player_choice":"Take Damage","floor":2.0,"gold_loss":0.0,"damage_taken":26.0,"relics_obtained":["Golden Idol"]},{"damage_healed":0.0,"max_hp_gain":0.0,"max_hp_loss":0.0,"gold_gain":0.0,"event_name":"Cursed Tome","player_choice":"Obtained Book","floor":20.0,"gold_loss":0.0,"damage_taken":21.0},{"damage_healed":0.0,"max_hp_gain":0.0,"max_hp_loss":0.0,"gold_gain":0.0,"event_name":"Vampires","player_choice":"Ignored","floor":29.0,"gold_loss":0.0,"damage_taken":0.0},{"damage_healed":0,"gold_gain":0,"player_choice":"Memory 3","damage_taken":10,"max_hp_gain":0,"max_hp_loss":0,"event_name":"SensoryStone","floor":38,"gold_loss":0},{"damage_healed":0,"gold_gain":0,"player_choice":"Ignored","damage_taken":0,"max_hp_gain":0,"max_hp_loss":0,"event_name":"Tomb of Lord Red Mask","floor":44,"gold_loss":0}],"is_beta":false,"boss_relics":[{"not_picked":["Runic Cube","Mark of Pain"],"picked":"Snecko Eye"},{"not_picked":["Runic Pyramid","Sozu"],"picked":"Astrolabe"}],"items_purged_floors":[21,39],"is_endless":false,"potions_floor_spawned":[1,4,5,12,13,14,16,19,22,24,25,36,40,42],"killed_by":"4 Shapes","ascension_level":20}}