{"host":"2n2g1vowfllvjtvi","time":1609189015,"event":{"mods":["AchievementEnabler","BaseMod","Custom Start","GifTheSpireLib","Keyboard Shortcuts","Minty Spire (QoL Compilation)","Quick Restart","Rare Cards Sparkle","StSLib","SuperFastMode"],"gold_per_floor":[118,4,154,154,166,166,196,212,212,112,130,130,160,178,178,252,252,272,272,288,298,93,121,121,140,165,165,191,203,214,64,64,141,141,153,166,18,28,28,28,62,62,109,119,151,167,492,492,492,492],"floor_reached":51,"playtime":1167,"items_purged":["Strike_R","Strike_R","Strike_R","Defend_R"],"score":1356,"play_id":"09137bff-02ca-40c4-b032-eec0dd80f734","local_time":"20201229055655","is_ascension_mode":true,"campfire_choices":[{"data":"Shockwave","floor":6.0,"key":"SMITH"},{"data":"Fire Breathing","floor":15.0,"key":"SMITH"},{"data":"Berserk","floor":24.0,"key":"SMITH"},{"data":"Immolate","floor":32.0,"key":"SMITH"},{"data":"Offering","floor":40.0,"key":"SMITH"},{"data":"Juggernaut","floor":42.0,"key":"SMITH"},{"data":"Apotheosis","floor":49,"key":"SMITH"}],"circlet_count":0,"master_deck":["AscendersBane","Defend_R","Defend_R","Bash","Wild Strike","Fire Breathing+1","Doubt","Shockwave+1","Immolate+1","Berserk+1","Shrug It Off","Evolve","Second Wind","Offering","Offering+1","Decay","Juggernaut+1","Power Through","Reckless Charge+1","Apotheosis+1"],"relics":["Black Blood","NeowsBlessing","Magic Flower","Ornamental Fan","Bag of Preparation","Coffee Dripper","Regal Pillow","Toy Ornithopter","Lizard Tail","DollysMirror","Sundial","Bag of Marbles","Vajra","Old Coin"],"acts_visited":["Exordium","TheCity","TheBeyond"],"potions_floor_usage":[50,50],"damage_taken":[{"damage":0.0,"enemies":"Small Slimes","floor":1.0,"turns":1.0},{"damage":0.0,"enemies":"Jaw Worm","floor":5.0,"turns":1.0},{"damage":0.0,"enemies":"Gremlin Nob","floor":7.0,"turns":1.0},{"damage":4.0,"enemies":"2 Louse","floor":8.0,"turns":4.0},{"damage":0.0,"enemies":"Large Slime","floor":11.0,"turns":3.0},{"damage":18.0,"enemies":"Lagavulin","floor":13.0,"turns":7.0},{"damage":8.0,"enemies":"Exordium Thugs","floor":14.0,"turns":3.0},{"damage":30.0,"enemies":"The Guardian","floor":16.0,"turns":10.0},{"damage":20.0,"enemies":"Spheric Guardian","floor":18.0,"turns":4.0},{"damage":14.0,"enemies":"2 Thieves","floor":20.0,"turns":4.0},{"damage":8.0,"enemies":"Chosen and Byrds","floor":21.0,"turns":5.0},{"damage":43.0,"enemies":"Slavers","floor":23.0,"turns":3.0},{"damage":13.0,"enemies":"Sentry and Sphere","floor":25.0,"turns":4.0},{"damage":13.0,"enemies":"Book of Stabbing","floor":28.0,"turns":5.0},{"damage":22.0,"enemies":"Centurion and Healer","floor":29.0,"turns":5.0},{"damage":3.0,"enemies":"Snecko","floor":30.0,"turns":4.0},{"damage":76.0,"enemies":"Collector","floor":33.0,"turns":8.0},{"damage":12.0,"enemies":"3 Darklings","floor":35.0,"turns":3.0},{"damage":6.0,"enemies":"3 Shapes","floor":36.0,"turns":1.0},{"damage":12.0,"enemies":"3 Darklings","floor":38.0,"turns":1.0},{"damage":33.0,"enemies":"Nemesis","floor":41.0,"turns":7.0},{"damage":12.0,"enemies":"Transient","floor":44.0,"turns":5.0},{"damage":36.0,"enemies":"Giant Head","floor":45.0,"turns":7.0},{"damage":13.0,"enemies":"Maw","floor":46.0,"turns":5.0},{"damage":8.0,"enemies":"Mind Bloom Boss Battle","floor":47.0,"turns":4.0},{"damage":61,"enemies":"Awakened One","floor":50,"turns":12}],"seed_played":"-5172495988137887357","potions_obtained":[{"floor":8.0,"key":"Block Potion"},{"floor":11.0,"key":"Regen Potion"},{"floor":13.0,"key":"GamblersBrew"},{"floor":16.0,"key":"LiquidMemories"},{"floor":18.0,"key":"Energy Potion"},{"floor":28.0,"key":"Weak Potion"},{"floor":29.0,"key":"Swift Potion"},{"floor":35.0,"key":"Swift Potion"},{"floor":38.0,"key":"Ancient Potion"},{"floor":47,"key":"Regen Potion"}],"is_trial":false,"path_per_floor":["M","$","?","?","M","R","E","M","T","$","M","?","E","M","R","B",null,"M","?","M","M","$","E","R","M","T","?","E","M","M","$","R","B",null,"M","M","$","M","?","R","E","R","T","M","E","M","?","?","R","B",null],"character_chosen":"IRONCLAD","items_purchased":["Fire Breathing","Evolve","DollysMirror"],"campfire_rested":0,"item_purchase_floors":[2,22,37],"current_hp_per_floor":[74,74,74,74,75,75,75,75,75,75,75,68,59,60,60,39,66,55,55,64,65,65,31,31,27,27,27,31,26,40,40,40,65,73,75,75,75,75,75,75,60,60,60,66,48,53,63,53,53,50],"gold":492,"neow_bonus":"THREE_ENEMY_KILL","is_daily":false,"chose_seed":false,"campfire_upgraded":7,"win_rate":0.0,"timestamp":1609189015,"path_taken":["M","$","?","?","M","R","E","M","T","$","M","?","E","M","R","BOSS","M","?","M","M","$","E","R","M","T","?","E","M","M","$","R","BOSS","M","M","$","M","?","R","E","R","T","M","E","?","?","?","R","BOSS"],"items_purchased_type":["Card","Card","Relic"],"build_version":"2020-12-22","purchased_purges":4,"victory":true,"max_hp_per_floor":[75,75,75,75,75,75,75,75,75,75,75,75,75,75,75,75,75,75,75,75,75,75,75,75,75,75,75,75,75,75,75,75,75,75,75,75,75,75,75,75,75,75,75,75,75,75,75,75,75,75],"card_choices":[{"not_picked":["Armaments","Dark Embrace"],"picked":"Wild Strike","floor":1.0},{"not_picked":["Flex","Wild Strike"],"picked":"Shockwave","floor":5.0},{"not_picked":["Body Slam","Havoc","Wild Strike"],"picked":"SKIP","floor":7.0},{"not_picked":["Flex","Shrug It Off"],"picked":"Immolate","floor":8.0},{"not_picked":["Cleave","Rage","Flex"],"picked":"SKIP","floor":11.0},{"not_picked":["True Grit","Thunderclap","Wild Strike"],"picked":"SKIP","floor":13.0},{"not_picked":["Wild Strike","Warcry","Entrench"],"picked":"SKIP","floor":14.0},{"not_picked":["Barricade","Brutality"],"picked":"Berserk","floor":16.0},{"not_picked":["Heavy Blade","Warcry"],"picked":"Shrug It Off","floor":18.0},{"not_picked":["Infernal Blade","Pummel+1","Shrug It Off"],"picked":"SKIP","floor":20.0},{"not_picked":["Cleave","Uppercut","Dual Wield"],"picked":"SKIP","floor":21.0},{"not_picked":["Body Slam","Perfected Strike"],"picked":"Second Wind","floor":23.0},{"not_picked":["Iron Wave","Demon Form","Pommel Strike"],"picked":"SKIP","floor":25.0},{"not_picked":["Searing Blow+1","Warcry","Limit Break"],"picked":"SKIP","floor":28.0},{"not_picked":["Pummel","Clash","Warcry"],"picked":"SKIP","floor":29.0},{"not_picked":["Entrench","Heavy Blade","Pommel Strike"],"picked":"SKIP","floor":30.0},{"not_picked":["Impervious","Barricade"],"picked":"Offering","floor":33.0},{"not_picked":["Intimidate+1","Cleave","Heavy Blade"],"picked":"SKIP","floor":35.0},{"not_picked":["Burning Pact+1","Twin Strike","Exhume"],"picked":"SKIP","floor":36.0},{"not_picked":["Body Slam","Twin Strike","Clothesline"],"picked":"SKIP","floor":38.0},{"not_picked":["Flex","Anger+1"],"picked":"Juggernaut","floor":41.0},{"not_picked":["Ghostly Armor+1","Intimidate+1"],"picked":"Power Through","floor":44.0},{"not_picked":["Shrug It Off","Clothesline","Clash+1"],"picked":"SKIP","floor":45.0},{"not_picked":["Body Slam","Havoc+1"],"picked":"Reckless Charge+1","floor":46.0},{"not_picked":["Sadistic Nature","Forethought"],"picked":"Apotheosis","floor":48}],"player_experience":454724,"relics_obtained":[{"floor":7.0,"key":"Magic Flower"},{"floor":9.0,"key":"Ornamental Fan"},{"floor":13.0,"key":"Bag of Preparation"},{"floor":23.0,"key":"Regal Pillow"},{"floor":26.0,"key":"Toy Ornithopter"},{"floor":28.0,"key":"Lizard Tail"},{"floor":41.0,"key":"Sundial"},{"floor":43.0,"key":"Bag of Marbles"},{"floor":45.0,"key":"Vajra"},{"floor":47,"key":"Old Coin"}],"event_choices":[{"damage_healed":0.0,"max_hp_gain":0.0,"max_hp_loss":0.0,"gold_gain":150.0,"event_name":"Liars Game","player_choice":"AGREE","floor":3.0,"gold_loss":0.0,"damage_taken":0.0,"cards_obtained":["Doubt"]},{"cards_removed":["Strike_R"],"damage_healed":0.0,"max_hp_gain":0.0,"max_hp_loss":0.0,"gold_gain":0.0,"event_name":"Living Wall","player_choice":"Forget","floor":4.0,"gold_loss":0.0,"damage_taken":0.0},{"cards_removed":["Strike_R"],"damage_healed":0.0,"max_hp_gain":0.0,"max_hp_loss":0.0,"gold_gain":0.0,"event_name":"Golden Wing","player_choice":"Card Removal","floor":12.0,"gold_loss":0.0,"damage_taken":7.0},{"damage_healed":0.0,"max_hp_gain":0.0,"max_hp_loss":0.0,"gold_gain":0.0,"event_name":"Ghosts","player_choice":"Ignored","floor":19.0,"gold_loss":0.0,"damage_taken":0.0},{"cards_removed":["Defend_R"],"damage_healed":0.0,"max_hp_gain":0.0,"max_hp_loss":0.0,"gold_gain":0.0,"event_name":"Back to Basics","player_choice":"Elegance","floor":27.0,"gold_loss":0.0,"damage_taken":0.0},{"damage_healed":0.0,"max_hp_gain":0.0,"max_hp_loss":0.0,"gold_gain":0.0,"event_name":"Wheel of Change","player_choice":"Cursed","floor":39.0,"gold_loss":0.0,"damage_taken":0.0,"cards_obtained":["Decay"]},{"damage_healed":0.0,"max_hp_gain":0.0,"max_hp_loss":0.0,"gold_gain":0.0,"event_name":"MindBloom","player_choice":"Fight","floor":47.0,"gold_loss":0.0,"damage_taken":0.0},{"damage_healed":0,"gold_gain":0,"player_choice":"Memory 3","damage_taken":10,"max_hp_gain":0,"max_hp_loss":0,"event_name":"SensoryStone","floor":48,"gold_loss":0}],"is_beta":false,"boss_relics":[{"not_picked":["Black Star","Velvet Choker"],"picked":"Coffee Dripper"},{"not_picked":["Busted Crown","Runic Dome"],"picked":"Black Blood"}],"items_purged_floors":[2,10,22,31],"is_endless":false,"potions_floor_spawned":[8,11,13,16,18,28,29,35,38,45,47],"ascension_level":15}}