{"host":"sgwqwgbtco1nn2mb","time":1609140749,"event":{"mods":["ATMod(°¢èªMod)","Act Like it!","BaseMod","Gensokyo","KinomotoSakuraMod(Ä¾Ö®±¾Ó£)","Lobotomy","LobotomyExtend","Marisa£¨ìFÓê¡¡Ä§ÀíÉ³£©","Minty Spire (QoL Compilation)","MostiFishMod","Quick Restart","Replay The Spire","RumiaBox-Â¶Ã×æ«µÄÉñÃØºÐ×Ó","StSLib","¡¾¹¦ÄÜMod¡¿»ìãçÖ®»·ÐÞ¸´²¹¶¡","¡¾ÒÅÎï¿¨ÅÆ¡¿REMEMod"],"gold_per_floor":[112,112,112,123,136,166,91,123,149,149,166,185,211,211,211,311,311,330,12,12,23,122,148,148,148,194,194,271,285,320,331,331,431,431,450,500,500,525,538,571,571,588,611,611,629,661,661,696,696,726],"floor_reached":51,"playtime":3112,"items_purged":["SpecialBullet","DreamingCurrent"],"score":977,"play_id":"c1132a15-5afb-48ea-84f6-accca298bc29","local_time":"20201228153229","is_ascension_mode":true,"campfire_choices":[{"floor":44,"key":"RECALL"}],"circlet_count":0,"master_deck":["LongBird","SpecialBullet","SpecialBullet","SpecialBullet","SpecialBullet","SpecialBullet","InformationCode","DisciplinaryCode","CentralCode","ClowCardTheFight+1","AT_KingSlayer+1","CENSORED_ego","Bloodbath","Harvest","SoundOfStar+1","Scorched","OSAHOGD","OldLady","SecurityCode","UniverseFragment","Ecstasy","WelfareCode","MostiFishMod:Neptune","MostiFishMod:TheEndOfMoonlight","MostiFishMod:SparklingWater","MostiFishMod:FantasySummer","MostiFishMod:NightSea","Variant","BlueScar+1","Lamp+1","Laetitia","ShedSkin+1","QueenOfHatred","CENSORED"],"relics":["CogitoBucket","DaveBox","AT_ATBox","REME_ComplimentaryCards","ShadowXiaoBlade","LetterFromLob","Boot","Regal Pillow","Theresia","REME_HandOfSuture","MoonlightInvasionPlan","Lantern","ChangeAnything","GodSword6","Tiny Chest","Pantograph","PreservedInsect","Busted Crown","BackwardClock","AtMidnight","OriginationStaff","Replay:Baseball","SSSystem","ReplayFunnel","Justitia_r","CaptainsWheel","AT_SunfireAegis"],"acts_visited":["Exordium","TheCity","TheBeyond"],"potions_floor_usage":[48,50,50],"damage_taken":[{"damage":11,"enemies":"Jaw Worm","floor":1,"turns":2},{"damage":6,"enemies":"2 Louse","floor":4,"turns":2},{"damage":0,"enemies":"Cultist","floor":5,"turns":2},{"damage":18,"enemies":"Lagavulin","floor":6,"turns":3},{"damage":0,"enemies":"Gremlin Nob","floor":8,"turns":2},{"damage":10,"enemies":"Red Slaver","floor":11,"turns":2},{"damage":10,"enemies":"Looter","floor":12,"turns":2},{"damage":28,"enemies":"Lagavulin","floor":13,"turns":4},{"damage":11,"enemies":"Fading Forest","floor":16,"turns":11},{"damage":0,"enemies":"Chosen","floor":18,"turns":1},{"damage":37,"enemies":"Shell Parasite","floor":21,"turns":3},{"damage":7,"enemies":"Book of Stabbing","floor":23,"turns":2},{"damage":0,"enemies":"Snecko","floor":29,"turns":2},{"damage":38,"enemies":"Slavers","floor":30,"turns":3},{"damage":0,"enemies":"Sentry and Sphere","floor":31,"turns":1},{"damage":7,"enemies":"Champ","floor":33,"turns":8},{"damage":0,"enemies":"Orb Walker","floor":35,"turns":1},{"damage":8,"enemies":"Mind Bloom Boss Battle","floor":36,"turns":5},{"damage":0,"enemies":"3 Shapes","floor":39,"turns":2},{"damage":0,"enemies":"R_Hoarder","floor":40,"turns":1},{"damage":0,"enemies":"Jaw Worm Horde","floor":42,"turns":1},{"damage":14,"enemies":"Sphere and 2 Shapes","floor":45,"turns":3},{"damage":0,"enemies":"Reptomancer","floor":46,"turns":1},{"damage":0,"enemies":"Nemesis","floor":48,"turns":2},{"damage":5,"enemies":"Awakened One","floor":50,"turns":7},{"damage":5,"enemies":"Malkuth","floor":51,"turns":2},{"damage":5,"enemies":"Hod","floor":51,"turns":1},{"damage":48,"enemies":"Geburah","floor":51,"turns":5}],"seed_played":"-207705191950540213","potions_obtained":[{"floor":4,"key":"Flashbang"},{"floor":16,"key":"Elixir"},{"floor":31,"key":"REME_GoldPotion"}],"is_trial":false,"path_per_floor":["M","?","?","M","M","E","$","E","T","R","M","M","E","?","R","B",null,"M","$","?","M","?","E","R","$","T","E","T","M","E","M","R","B",null,"M","?","?","T","M","E","R","M","T","R","M","E","R","E","R","B",null],"character_chosen":"Angela","items_purchased":["Lamp","Lantern"],"campfire_rested":0,"item_purchase_floors":[19,19],"current_hp_per_floor":[59,59,59,53,54,37,37,49,49,49,57,70,54,40,40,54,70,70,70,70,46,46,52,52,52,52,52,52,70,50,68,68,74,74,74,74,74,74,74,74,74,78,78,78,82,86,86,86,86,86],"gold":726,"neow_bonus":"ONE_RANDOM_RARE_CARD","is_daily":false,"chose_seed":false,"campfire_upgraded":0,"win_rate":0.0,"timestamp":1609140749,"path_taken":["M","?","?","?","M","E","$","E","T","R","M","M","E","?","R","BOSS","M","$","?","?","?","E","R","$","T","E","?","M","E","M","R","BOSS","M","?","?","?","M","E","R","M","T","R","M","E","R","E","R","BOSS"],"items_purchased_type":["Card","Card"],"build_version":"2020-12-22","purchased_purges":2,"victory":true,"max_hp_per_floor":[70,70,70,70,70,70,70,70,70,70,70,70,70,70,70,70,70,70,70,70,70,70,70,70,70,70,70,70,70,70,70,70,74,74,74,74,74,74,74,74,74,78,78,78,82,86,86,86,86,86],"card_choices":[{"not_picked":["FairyFestival","SpiderBud"],"picked":"Bloodbath","floor":1},{"not_picked":["SomewhereSpear"],"picked":"Harvest","floor":1},{"not_picked":["UniverseFragment","DreamingCurrent"],"picked":"Scorched","floor":4},{"not_picked":["TodaysExpression","Galaxy"],"picked":"SKIP","floor":4},{"not_picked":["FairyFestival","SingingMachine"],"picked":"OSAHOGD","floor":5},{"not_picked":["GreenStem","TodaysExpression"],"picked":"SKIP","floor":5},{"not_picked":["UniverseFragment","WallGazer"],"picked":"DreamingCurrent","floor":6},{"not_picked":["RedEyes","Pinks"],"picked":"SKIP","floor":6},{"not_picked":["MeatLantern","CherryBlossoms"],"picked":"OldLady","floor":8},{"not_picked":["Loneliness","GreenStem"],"picked":"SKIP","floor":8},{"not_picked":["Wellcheers","BeautyBeast"],"picked":"UniverseFragment","floor":11},{"not_picked":["CherryBlossom","Hornet"],"picked":"SKIP","floor":11},{"not_picked":["TheSmile","Loneliness"],"picked":"SKIP","floor":12},{"not_picked":["Beak"],"picked":"Ecstasy","floor":13},{"not_picked":["BigBadWolf","Murderer"],"picked":"Variant","floor":18},{"not_picked":["GreenStem"],"picked":"BlueScar+1","floor":18},{"not_picked":["Moonlight+1","Horn+1"],"picked":"SKIP","floor":21},{"not_picked":["SnowQueen","QueenBee"],"picked":"DreamingCurrent","floor":23},{"not_picked":["Heaven","Diffraction"],"picked":"SKIP","floor":23},{"not_picked":["VoidDream","CherryBlossoms"],"picked":"Laetitia","floor":29},{"not_picked":["CUTE"],"picked":"ShedSkin+1","floor":29},{"not_picked":["DaCapo","WristCuter+1"],"picked":"SKIP","floor":30},{"not_picked":["Hornet","ShedSkin+1"],"picked":"SKIP","floor":31},{"not_picked":["Alriune","SilentOrchestra"],"picked":"QueenOfHatred","floor":33},{"not_picked":["QueenBee","FieryBird"],"picked":"LongBird","floor":42},{"not_picked":["BlackArmy","GreedKing"],"picked":"MeltingLove","floor":45},{"not_picked":["FieryBird","Freischutz"],"picked":"CENSORED","floor":46}],"player_experience":492702,"relics_obtained":[{"floor":5,"key":"LetterFromLob"},{"floor":6,"key":"Boot"},{"floor":8,"key":"Regal Pillow"},{"floor":13,"key":"REME_HandOfSuture"},{"floor":23,"key":"GodSword6"},{"floor":26,"key":"Tiny Chest"},{"floor":28,"key":"Pantograph"},{"floor":30,"key":"PreservedInsect"},{"floor":35,"key":"AtMidnight"},{"floor":36,"key":"OriginationStaff"},{"floor":38,"key":"Replay:Baseball"},{"floor":40,"key":"SSSystem"},{"floor":43,"key":"ReplayFunnel"},{"floor":46,"key":"CaptainsWheel"},{"floor":48,"key":"AT_SunfireAegis"}],"event_choices":[{"damage_healed":0,"gold_gain":0,"player_choice":"Grow","damage_taken":0,"max_hp_gain":0,"max_hp_loss":0,"event_name":"Living Wall","floor":2,"gold_loss":0,"cards_upgraded":["AT_KingSlayer"]},{"damage_healed":0,"gold_gain":0,"player_choice":"1 cards matched","damage_taken":0,"max_hp_gain":0,"max_hp_loss":0,"event_name":"Match and Keep!","floor":3,"gold_loss":0,"cards_obtained":["SoundOfStar"]},{"damage_healed":0,"gold_gain":0,"player_choice":"Entered Light","damage_taken":14,"max_hp_gain":0,"max_hp_loss":0,"event_name":"Shining Light","floor":14,"gold_loss":0,"cards_upgraded":["SoundOfStar","ClowCardTheFight"]},{"cards_removed":["SpecialBullet"],"damage_healed":0,"gold_gain":0,"player_choice":"Purged","damage_taken":0,"max_hp_gain":0,"max_hp_loss":0,"event_name":"Purifier","floor":20,"gold_loss":0},{"damage_healed":0,"gold_gain":99,"player_choice":"Stole From Cult","damage_taken":0,"max_hp_gain":0,"max_hp_loss":0,"event_name":"Nest","floor":22,"gold_loss":0},{"damage_healed":0,"gold_gain":0,"player_choice":"Fight","damage_taken":0,"max_hp_gain":0,"max_hp_loss":0,"event_name":"MindBloom","floor":36,"gold_loss":0},{"cards_removed":["DreamingCurrent"],"damage_healed":0,"gold_gain":0,"player_choice":"Removed Skill","damage_taken":0,"max_hp_gain":0,"max_hp_loss":0,"event_name":"Falling","floor":37,"gold_loss":0}],"is_beta":false,"boss_relics":[{"not_picked":["Fusion Hammer","ChewingGum"],"picked":"MoonlightInvasionPlan"},{"not_picked":["Replay:Ancient Bell","Ring of Chaos"],"picked":"Busted Crown"}],"items_purged_floors":[7,19],"is_endless":false,"potions_floor_spawned":[4,16,31,33,39],"ascension_level":1}}