{"host":"daa8jqyg4gqfaysm","time":1609158893,"event":{"mods":["BaseMod","Colored Powertips","Minty Spire (QoL Compilation)","StSLib"],"gold_per_floor":[109,21,21,34,34,79,79,79,79,79,36,63,90,130,130,232,232,264,179,38,83,116,116,169,169,239,239,273,303,352,377,377,377,377],"floor_reached":33,"playtime":1460,"items_purged":["Strike_B"],"score":793,"play_id":"0768747f-d5ed-406c-af0d-ca56bd1a07ff","local_time":"20201228203453","is_ascension_mode":true,"campfire_choices":[{"data":"Rip and Tear","floor":8,"key":"SMITH"},{"floor":10,"key":"REST"},{"data":"Barrage","floor":15,"key":"SMITH"},{"data":"Hologram","floor":23,"key":"SMITH"},{"data":"Go for the Eyes","floor":25,"key":"SMITH"},{"data":"Zap","floor":27,"key":"SMITH"},{"data":"Consume","floor":32,"key":"SMITH"}],"circlet_count":0,"master_deck":["AscendersBane","Defend_B","Defend_B","Defend_B","Defend_B+1","Zap+1","Dualcast","Cold Snap+1","Rip and Tear+1","Glacier","Hologram+1","Compile Driver","Barrage+1","Go for the Eyes+1","Electrodynamics+1","Rebound","Doom and Gloom","Bite","Bite","Bite","Bite","Bite","FTL","Conserve Battery+1","Consume+1"],"relics":["Cracked Core","Golden Idol","CeramicFish","Frozen Egg 2","Velvet Choker","InkBottle","Red Mask","MealTicket","Bottled Tornado","FossilizedHelix","TungstenRod"],"acts_visited":["Exordium","TheCity"],"potions_floor_usage":[13,14,14,22,28,30],"damage_taken":[{"damage":4,"enemies":"2 Louse","floor":1,"turns":3},{"damage":6,"enemies":"Small Slimes","floor":4,"turns":2},{"damage":27,"enemies":"3 Sentries","floor":6,"turns":11},{"damage":2,"enemies":"Jaw Worm","floor":12,"turns":3},{"damage":2,"enemies":"Exordium Wildlife","floor":13,"turns":4},{"damage":0,"enemies":"Gremlin Nob","floor":14,"turns":2},{"damage":12,"enemies":"The Guardian","floor":16,"turns":14},{"damage":9,"enemies":"Shell Parasite","floor":18,"turns":6},{"damage":9,"enemies":"Masked Bandits","floor":22,"turns":4},{"damage":0,"enemies":"Gremlin Leader","floor":24,"turns":4},{"damage":24,"enemies":"Slavers","floor":28,"turns":4},{"damage":0,"enemies":"Spheric Guardian","floor":29,"turns":3},{"damage":0,"enemies":"Gremlin Leader","floor":30,"turns":5},{"damage":0,"enemies":"Snecko","floor":31,"turns":6},{"damage":97,"enemies":"Collector","floor":33,"turns":13}],"seed_played":"-8679782259736293634","potions_obtained":[{"floor":1,"key":"Dexterity Potion"},{"floor":12,"key":"DistilledChaos"},{"floor":13,"key":"Fire Potion"},{"floor":14,"key":"LiquidMemories"},{"floor":18,"key":"Dexterity Potion"},{"floor":24,"key":"Strength Potion"},{"floor":28,"key":"SkillPotion"}],"is_trial":false,"path_per_floor":["M","$","?","M","?","E","?","R","T","R","$","M","M","E","R","B",null,"M","?","$","?","?","R","E","R","T","R","E","M","E","M","R","B"],"character_chosen":"DEFECT","items_purchased":["Rip and Tear","Compile Driver","Doom and Gloom"],"campfire_rested":1,"item_purchase_floors":[2,11,20],"current_hp_per_floor":[62,62,62,58,39,14,14,14,14,33,33,33,33,35,35,25,54,47,47,47,47,40,40,48,48,48,48,28,36,44,56,56,0,0],"gold":377,"neow_bonus":"RANDOM_COMMON_RELIC","is_daily":false,"chose_seed":false,"campfire_upgraded":6,"win_rate":0.0,"timestamp":1609158893,"path_taken":["M","$","?","M","?","E","?","R","T","R","?","M","M","E","R","BOSS","M","?","$","?","?","R","E","R","T","R","E","M","E","M","R","BOSS"],"items_purchased_type":["Card","Card","Card"],"build_version":"2020-12-22","purchased_purges":1,"victory":false,"max_hp_per_floor":[71,71,64,64,64,64,64,64,64,64,64,64,64,64,64,64,64,64,64,64,64,64,64,64,64,64,64,64,64,64,64,64,64,64],"card_choices":[{"not_picked":["Genetic Algorithm","Redo"],"picked":"Cold Snap","floor":1},{"not_picked":["Rebound","Hello World"],"picked":"Glacier","floor":4},{"not_picked":["Force Field","All For One"],"picked":"Hologram","floor":6},{"not_picked":["Force Field","Skim"],"picked":"Barrage","floor":12},{"not_picked":["Hologram","Steam"],"picked":"Go for the Eyes","floor":13},{"not_picked":["Cold Snap","Glacier","Gash"],"picked":"SKIP","floor":14},{"not_picked":["Rainbow","Echo Form+1"],"picked":"Electrodynamics+1","floor":16},{"not_picked":["Beam Cell+1","Rebound","Genetic Algorithm"],"picked":"SKIP","floor":18},{"not_picked":["Beam Cell+1","Genetic Algorithm"],"picked":"Rebound","floor":18},{"not_picked":["Steam Power","Compile Driver+1"],"picked":"FTL","floor":24},{"not_picked":["Sweeping Beam","Ball Lightning","Double Energy"],"picked":"SKIP","floor":28},{"not_picked":["Coolheaded","Leap"],"picked":"Conserve Battery+1","floor":29},{"not_picked":["Melter","Scrape"],"picked":"Consume","floor":30},{"not_picked":["Coolheaded","Streamline","Hello World+1"],"picked":"SKIP","floor":31}],"player_experience":747636,"relics_obtained":[{"floor":6,"key":"CeramicFish"},{"floor":14,"key":"Frozen Egg 2"},{"floor":22,"key":"Red Mask"},{"floor":24,"key":"MealTicket"},{"floor":26,"key":"Bottled Tornado"},{"floor":28,"key":"FossilizedHelix"},{"floor":30,"key":"TungstenRod"}],"event_choices":[{"damage_healed":0,"gold_gain":0,"player_choice":"Lose Max HP","damage_taken":0,"relics_obtained":["Golden Idol"],"max_hp_gain":0,"max_hp_loss":7,"event_name":"Golden Idol","floor":3,"gold_loss":0},{"damage_healed":0,"gold_gain":0,"player_choice":"Entered Light","damage_taken":19,"max_hp_gain":0,"max_hp_loss":0,"event_name":"Shining Light","floor":5,"gold_loss":0,"cards_upgraded":["Defend_B","Cold Snap"]},{"damage_healed":0,"gold_gain":0,"player_choice":"Searched \u00270\u0027 times","damage_taken":0,"max_hp_gain":0,"max_hp_loss":0,"event_name":"Dead Adventurer","floor":7,"gold_loss":0},{"damage_healed":0,"gold_gain":0,"player_choice":"Obtained Relic","damage_taken":0,"relics_obtained":["InkBottle"],"max_hp_gain":0,"max_hp_loss":0,"event_name":"Addict","floor":19,"gold_loss":85},{"damage_healed":0,"gold_gain":0,"player_choice":"Became a vampire (Vial)","damage_taken":0,"max_hp_gain":0,"max_hp_loss":0,"event_name":"Vampires","floor":21,"relics_lost":["Blood Vial"],"gold_loss":0,"cards_obtained":["Bite","Bite","Bite","Bite","Bite"]},{"damage_healed":0,"gold_gain":0,"player_choice":"Fought Bandits","damage_taken":0,"max_hp_gain":0,"max_hp_loss":0,"event_name":"Masked Bandits","floor":22,"gold_loss":0}],"is_beta":false,"boss_relics":[{"not_picked":["Busted Crown","Nuclear Battery"],"picked":"Velvet Choker"}],"items_purged_floors":[20],"is_endless":false,"potions_floor_spawned":[1,12,13,14,18,24,28],"killed_by":"Collector","ascension_level":20}}