{"host":"b0l902yh1rk3g5bq","time":1609174365,"event":{"mods":["AchievementEnabler","Act Like it!","Aspiration","BaseMod","Better Match","Better Sensory Stone","Better Skull","Better Third Choice","BetterRewards","Challenge The Spire","Colored Map","Colored Powertips","Conspire","Downfall","Energized Spire","GifTheSpireLib","Halation","Hubris","Infinite Spire","Minty Spire (QoL Compilation)","Quick Restart","Rare Cards Sparkle","Replay The Spire","StSLib","Stuff the Spire","Trackpad","Virulent Crown","Wandering Minibosses","egg","everything is the same but u backflip on backflip","vexMod"],"gold_per_floor":[99,116,116,116,130,130,182,213,228,239,257,290,290,290,310,310,310,310],"floor_reached":16,"playtime":1069,"items_purged":[],"score":112,"play_id":"cb867371-a9b2-4888-9373-29fe38bb4a46","local_time":"20201228175245","is_ascension_mode":false,"campfire_choices":[{"data":"Guardian:TwinSlam","floor":1,"key":"SMITH"},{"data":"Guardian:CurlUp","floor":13,"key":"SMITH"}],"circlet_count":0,"master_deck":["Guardian:Strike_Guardian","Guardian:Strike_Guardian","Guardian:Strike_Guardian","Guardian:Defend_Guardian","Guardian:Defend_Guardian","Guardian:Defend_Guardian","Guardian:Defend_Guardian","Guardian:CurlUp+1","Guardian:TwinSlam+1","Guardian:ShieldCharger","Guardian:TimeBomb","Guardian:ChargeCore","Guardian:ExploitGems","StuffTheSpire:CelestialWarden","Guardian:Harden"],"relics":["Guardian:ModeShifter","infinitespire:Satchel","hubris:Icosahedron","Blood Vial","hubris:Reverence"],"acts_visited":["Exordium"],"potions_floor_usage":[16,16],"damage_taken":[{"damage":1,"enemies":"2 Louse","floor":2,"turns":2},{"damage":6,"enemies":"Jaw Worm","floor":5,"turns":3},{"damage":11,"enemies":"Replay:BlueRogue","floor":8,"turns":6},{"damage":0,"enemies":"Cultist","floor":9,"turns":3},{"damage":0,"enemies":"Large Slime","floor":10,"turns":6},{"damage":3,"enemies":"3 Louse","floor":11,"turns":3},{"damage":49,"enemies":"Gremlin Nob","floor":12,"turns":5},{"damage":5,"enemies":"Exordium Thugs","floor":15,"turns":4},{"damage":35,"enemies":"downfall:Ironclad","floor":16,"turns":10}],"seed_played":"-7407710267915343888","potions_obtained":[{"floor":2,"key":"infinitespire:BlackPotion"},{"floor":6,"key":"Regen Potion"},{"floor":6,"key":"Weak Potion"},{"floor":10,"key":"Strength Potion"}],"is_trial":false,"path_per_floor":["R","M","?","?","M","?","T","E","M","M","M","E","R","?","M","B"],"character_chosen":"GUARDIAN","items_purchased":[],"campfire_rested":0,"item_purchase_floors":[],"current_hp_per_floor":[80,79,79,79,73,73,73,62,64,66,65,18,18,18,15,0,0,0],"gold":310,"neow_bonus":"RANDOM_COMMON_RELIC","is_daily":false,"chose_seed":false,"campfire_upgraded":2,"win_rate":0.0,"timestamp":1609174365,"path_taken":["R","M","?","?","M","?","T","E","M","M","?","E","R","?","M","BOSS"],"items_purchased_type":[],"build_version":"2020-12-22","purchased_purges":0,"victory":false,"max_hp_per_floor":[80,80,80,80,80,80,80,80,80,80,80,80,80,80,80,80,80,80],"card_choices":[{"not_picked":["Guardian:ChargeCore","Guardian:VentSteam","Guardian:Gem_Red"],"picked":"SKIP","floor":2},{"not_picked":["Guardian:Gem_Cyan","Guardian:Planning"],"picked":"Guardian:Gem_Fragmented","floor":5},{"not_picked":["Guardian:TimeCapacitor","Guardian:BronzeOrb"],"picked":"Guardian:Gem_Purple","floor":8},{"not_picked":["Guardian:TemporalStrike","Guardian:TimeBomb"],"picked":"Guardian:ShieldCharger","floor":9},{"not_picked":["Guardian:Planning","Guardian:StasisStrike"],"picked":"Guardian:TimeBomb","floor":10},{"not_picked":["Guardian:TemporalStrike","Guardian:Emergency"],"picked":"Guardian:ChargeCore","floor":11},{"not_picked":["Guardian:DecasProtection","Guardian:CrystalBeam"],"picked":"Guardian:ExploitGems","floor":12},{"not_picked":["StuffTheSpire:Innocence","StuffTheSpire:Vigor"],"picked":"StuffTheSpire:CelestialWarden","floor":14},{"not_picked":["Guardian:TimeCapacitor","Guardian:Gem_Lightblue"],"picked":"Guardian:Harden","floor":15}],"player_experience":602073,"relics_obtained":[{"floor":7,"key":"trackpad:CultistFigurine"},{"floor":8,"key":"Blood Vial"},{"floor":12,"key":"hubris:Reverence"}],"event_choices":[{"damage_healed":0,"gold_gain":0,"player_choice":"Got Potions","damage_taken":0,"max_hp_gain":0,"max_hp_loss":0,"event_name":"Lab","floor":6,"gold_loss":0}],"is_beta":false,"boss_relics":[],"items_purged_floors":[],"is_endless":false,"potions_floor_spawned":[2,9,10,11],"killed_by":"downfall:Ironclad","ascension_level":0}}