{"host":"873t0y8ybyo38pfq","time":1609196921,"event":{"mods":["BaseMod","Bestiary","Colored Map","Colored Powertips","Highlight Path","Minty Spire (QoL Compilation)","Quick Restart","RNG Fix","Rare Cards Sparkle","Relic Stats","StSLib"],"gold_per_floor":[110,110,33,33,43,43,78,78,102,132,132,183,22,22,22,115,115,131,149,149,0,0,0,13,13,13,13,13,13,13,40,40,40,40],"floor_reached":33,"playtime":847,"items_purged":[],"score":580,"play_id":"c47090c2-b2a0-49ce-a07d-a76a39a43e02","local_time":"20201228180841","is_ascension_mode":true,"campfire_choices":[{"data":"Eviscerate","floor":6,"key":"SMITH"},{"data":"Crippling Poison","floor":8,"key":"SMITH"},{"floor":11,"key":"REST"},{"data":"Noxious Fumes","floor":15,"key":"SMITH"},{"floor":23,"key":"REST"},{"floor":25,"key":"REST"},{"floor":27,"key":"REST"},{"data":"Ghostly","floor":29,"key":"SMITH"},{"data":"Ghostly","floor":32,"key":"SMITH"}],"circlet_count":0,"master_deck":["AscendersBane","Strike_G+1","Defend_G","Defend_G","Defend_G","Defend_G","Defend_G","Survivor","Neutralize","Underhanded Strike","Masterful Stab","Eviscerate+1","Dagger Throw+1","Crippling Poison+1","Backflip","Noxious Fumes+1","Secret Weapon","Choke+1","Tactician+1","Tactician+1","Shrug It Off","Hello World","Discovery","Ghostly+1","Ghostly+1","Ghostly","FollowUp","DeceiveReality","Tantrum","ForeignInfluence+1"],"relics":["Ring of the Snake","NeowsBlessing","Pocketwatch","Whetstone","Orichalcum","Dream Catcher","PrismaticShard","Bloody Idol","Astrolabe","Nilry\u0027s Codex","White Beast Statue","Frozen Egg 2"],"acts_visited":["Exordium","TheCity"],"potions_floor_usage":[10,16,18,19,24,24,33],"damage_taken":[{"damage":0,"enemies":"Cultist","floor":1,"turns":1},{"damage":0,"enemies":"Small Slimes","floor":5,"turns":1},{"damage":0,"enemies":"Gremlin Nob","floor":7,"turns":1},{"damage":10,"enemies":"Lagavulin","floor":10,"turns":3},{"damage":6,"enemies":"Slime Boss","floor":16,"turns":9},{"damage":17,"enemies":"Chosen","floor":18,"turns":4},{"damage":19,"enemies":"Spheric Guardian","floor":19,"turns":4},{"damage":0,"enemies":"Cultist and Chosen","floor":24,"turns":3},{"damage":9,"enemies":"Slavers","floor":31,"turns":4},{"damage":76,"enemies":"Champ","floor":33,"turns":14}],"seed_played":"-3669145369441225604","potions_obtained":[{"floor":7,"key":"DistilledChaos"},{"floor":10,"key":"SpeedPotion"},{"floor":16,"key":"Weak Potion"},{"floor":18,"key":"Weak Potion"},{"floor":19,"key":"LiquidMemories"},{"floor":31,"key":"Ancient Potion"}],"is_trial":false,"path_per_floor":["M","?","$","?","M","R","E","R","T","E","R","?","$","?","R","B",null,"M","M","?","$","?","R","M","R","T","R","$","R","?","E","R","B"],"character_chosen":"THE_SILENT","items_purchased":["Eviscerate","PrismaticShard","Discovery","Energy Potion"],"campfire_rested":4,"item_purchase_floors":[3,13,21,21],"current_hp_per_floor":[59,59,59,48,48,48,48,48,48,38,57,57,57,57,57,51,58,41,22,1,1,1,10,10,19,19,28,28,28,28,24,24,0,0],"gold":40,"neow_bonus":"THREE_ENEMY_KILL","is_daily":false,"chose_seed":false,"campfire_upgraded":5,"win_rate":0.0,"timestamp":1609196921,"path_taken":["M","?","$","?","?","R","E","R","T","E","R","?","$","?","R","BOSS","M","M","?","?","?","R","M","R","T","R","?","R","?","E","R","BOSS"],"items_purchased_type":["Card","Relic","Card","Potion"],"build_version":"2020-12-22","purchased_purges":0,"victory":false,"max_hp_per_floor":[66,66,66,66,66,66,66,66,66,66,66,66,66,60,60,60,60,60,60,60,60,30,30,30,30,30,30,30,30,30,30,30,30,30],"relic_stats":{"Dream Catcher":4,"counters":[10,44],"Bloody Idol":5,"Astrolabe":["Choke","Tactician","Tactician"],"Whetstone":["Strike_G","Dagger Throw"],"Orichalcum":[96],"obtain_stats":[{"NeowsBlessing":0,"Golden Idol":14,"Nilry\u0027s Codex":20,"Astrolabe":17,"Whetstone":7,"Orichalcum":9,"Frozen Egg 2":31,"PrismaticShard":13,"White Beast Statue":26,"Dream Catcher":10,"Bloody Idol":30,"Ring of the Snake":0,"Pocketwatch":4},{"NeowsBlessing":0,"Golden Idol":4,"Nilry\u0027s Codex":7,"Astrolabe":5,"Whetstone":3,"Orichalcum":3,"Frozen Egg 2":9,"PrismaticShard":4,"White Beast Statue":8,"Dream Catcher":4,"Bloody Idol":8,"Ring of the Snake":0,"Pocketwatch":1},{"NeowsBlessing":0,"Golden Idol":6,"Nilry\u0027s Codex":23,"Astrolabe":15,"Whetstone":3,"Orichalcum":3,"Frozen Egg 2":30,"PrismaticShard":6,"White Beast Statue":26,"Dream Catcher":6,"Bloody Idol":26,"Ring of the Snake":0,"Pocketwatch":1}],"Ring of the Snake":[20],"Pocketwatch":[42]},"card_choices":[{"not_picked":["Deflect","Distraction"],"picked":"Underhanded Strike","floor":1},{"not_picked":["Dagger Spray","Quick Slash"],"picked":"Dagger Throw","floor":5},{"not_picked":["Sucker Punch","Underhanded Strike"],"picked":"Crippling Poison","floor":7},{"not_picked":["Flying Knee","Catalyst"],"picked":"Backflip","floor":10},{"not_picked":["Outmaneuver","Dagger Spray"],"picked":"Noxious Fumes","floor":11},{"not_picked":["Venomology","Thunder Strike"],"picked":"Secret Weapon","floor":16},{"not_picked":["JustLucky","Finisher"],"picked":"Shrug It Off","floor":18},{"not_picked":["PathToVictory","Halt"],"picked":"Hello World","floor":19},{"not_picked":["ForeignInfluence","Crippling Poison"],"picked":"FollowUp","floor":23},{"not_picked":["Stack","Dagger Spray"],"picked":"DeceiveReality","floor":24},{"not_picked":["Twin Strike","Lockon"],"picked":"Tantrum","floor":25},{"not_picked":["Accuracy+1","Dagger Throw"],"picked":"ForeignInfluence+1","floor":31}],"player_experience":1390479,"relics_obtained":[{"floor":7,"key":"Whetstone"},{"floor":9,"key":"Orichalcum"},{"floor":10,"key":"Dream Catcher"},{"floor":20,"key":"Nilry\u0027s Codex"},{"floor":26,"key":"White Beast Statue"},{"floor":31,"key":"Frozen Egg 2"}],"event_choices":[{"damage_healed":0,"gold_gain":0,"cards_transformed":["Strike_G"],"player_choice":"Change","damage_taken":0,"max_hp_gain":0,"max_hp_loss":0,"event_name":"Living Wall","floor":2,"gold_loss":0,"cards_obtained":["Masterful Stab"]},{"damage_healed":0,"gold_gain":0,"player_choice":"Success","damage_taken":11,"relics_obtained":["Pocketwatch"],"max_hp_gain":0,"max_hp_loss":0,"event_name":"Scrap Ooze","floor":4,"gold_loss":0},{"damage_healed":0,"gold_gain":51,"player_choice":"Gained Gold","damage_taken":0,"max_hp_gain":0,"max_hp_loss":0,"event_name":"Golden Wing","floor":12,"gold_loss":0},{"damage_healed":0,"gold_gain":0,"player_choice":"Lose Max HP","damage_taken":0,"relics_obtained":["Golden Idol"],"max_hp_gain":0,"max_hp_loss":6,"event_name":"Golden Idol","floor":14,"gold_loss":0},{"damage_healed":0,"gold_gain":0,"player_choice":"Obtained Book","damage_taken":21,"max_hp_gain":0,"max_hp_loss":0,"event_name":"Cursed Tome","floor":20,"gold_loss":0},{"damage_healed":0,"gold_gain":0,"player_choice":"Became a Ghost","damage_taken":0,"max_hp_gain":0,"max_hp_loss":30,"event_name":"Ghosts","floor":22,"gold_loss":0,"cards_obtained":["Ghostly","Ghostly","Ghostly"]},{"damage_healed":0,"gold_gain":0,"player_choice":"Gave Idol","damage_taken":0,"relics_obtained":["Bloody Idol"],"max_hp_gain":0,"max_hp_loss":0,"event_name":"Forgotten Altar","floor":30,"relics_lost":["Golden Idol"],"gold_loss":0}],"is_beta":false,"boss_relics":[{"not_picked":["Tiny House","SlaversCollar"],"picked":"Astrolabe"}],"items_purged_floors":[],"is_endless":false,"potions_floor_spawned":[7,10,16,18,19,31],"killed_by":"Champ","ascension_level":20}}