{"host":"s1gi8xs3so6zkrm7","time":1609181374,"event":{"mods":["BaseMod","Filter the Spire","Minty Spire (QoL Compilation)"],"gold_per_floor":[117,129,7,7,7,34,34,69,92,92,120,130,144,159,159,262,262,280,280,205,205,216,216,229,229,229,229,229],"floor_reached":27,"playtime":1030,"items_purged":[],"score":323,"play_id":"4e227e1e-95a1-4d32-ae59-ac005057188d","local_time":"20201228124934","is_ascension_mode":true,"campfire_choices":[{"data":"Perfected Strike","floor":7.0,"key":"SMITH"},{"floor":10,"key":"RECALL"},{"data":"Burning Pact","floor":15,"key":"SMITH"},{"data":"Perfected Strike","floor":23,"key":"SMITH"}],"circlet_count":0,"master_deck":["Strike_R","Strike_R","Strike_R","Strike_R","Strike_R","Defend_R","Defend_R","Defend_R","Defend_R","Bash","Perfected Strike+1","Inflame","Twin Strike","Pommel Strike","Pommel Strike","Burning Pact+1","Perfected Strike+1"],"relics":["Coffee Dripper","Gremlin Horn","Bottled Flame","Toy Ornithopter","Art of War","Ancient Tea Set","Dead Branch","Mark of Pain","Enchiridion","Ornamental Fan"],"acts_visited":["Exordium","TheCity"],"potions_floor_usage":[16,16,25,25],"damage_taken":[{"damage":0.0,"enemies":"Cultist","floor":1.0,"turns":2.0},{"damage":7.0,"enemies":"Jaw Worm","floor":2.0,"turns":2.0},{"damage":24.0,"enemies":"Gremlin Nob","floor":6.0,"turns":4.0},{"damage":25,"enemies":"Lagavulin","floor":8,"turns":4},{"damage":0,"enemies":"Gremlin Nob","floor":11,"turns":2},{"damage":0,"enemies":"Small Slimes","floor":12,"turns":1},{"damage":0,"enemies":"Looter","floor":13,"turns":1},{"damage":0,"enemies":"Gremlin Gang","floor":14,"turns":3},{"damage":39,"enemies":"The Guardian","floor":16,"turns":12},{"damage":9,"enemies":"2 Thieves","floor":18,"turns":3},{"damage":12,"enemies":"3 Byrds","floor":22,"turns":4},{"damage":14,"enemies":"Cultist and Chosen","floor":24,"turns":4},{"damage":0,"enemies":"Snake Plant","floor":25,"turns":2},{"damage":5,"enemies":"Book of Stabbing","floor":27,"turns":2}],"seed_played":"-5609976693886688855","potions_obtained":[{"floor":2.0,"key":"DuplicationPotion"},{"floor":8,"key":"Swift Potion"},{"floor":14,"key":"EntropicBrew"},{"floor":24,"key":"DistilledChaos"}],"is_trial":false,"path_per_floor":["M","M","$","?","T","E","R","E","T","R","E","M","M","M","R","B",null,"M","?","?","?","M","R","M","M","T","E"],"character_chosen":"IRONCLAD","items_purchased":["Twin Strike","FairyPotion"],"campfire_rested":0,"item_purchase_floors":[3,3],"current_hp_per_floor":[80,73,73,55,55,31,31,6,6,6,6,6,6,6,6,1,60,51,35,35,29,17,17,3,13,13,8,8],"gold":229,"neow_bonus":"BOSS_RELIC","is_daily":false,"chose_seed":false,"campfire_upgraded":3,"win_rate":0.0,"timestamp":1609181374,"path_taken":["M","?","$","?","?","E","R","E","T","R","E","?","?","M","R","BOSS","M","?","?","?","M","R","M","M","T","E"],"items_purchased_type":["Card","Potion"],"build_version":"2020-12-22","purchased_purges":0,"victory":false,"max_hp_per_floor":[80,80,80,80,80,80,80,80,80,80,80,80,80,80,80,80,80,80,80,80,80,80,80,80,80,80,80,80],"card_choices":[{"not_picked":["Headbutt","Clothesline"],"picked":"Perfected Strike","floor":1.0},{"not_picked":["Sentinel","Reckless Charge"],"picked":"Inflame","floor":2.0},{"not_picked":["Intimidate","Clash"],"picked":"Pommel Strike","floor":6.0},{"not_picked":["Wild Strike","Carnage"],"picked":"Pommel Strike","floor":8},{"not_picked":["Thunderclap","Battle Trance"],"picked":"Burning Pact","floor":11},{"not_picked":["Reckless Charge","Cleave","Iron Wave"],"picked":"SKIP","floor":12},{"not_picked":["Body Slam","Clash","Armaments"],"picked":"SKIP","floor":13},{"not_picked":["Reckless Charge","Thunderclap","Iron Wave"],"picked":"SKIP","floor":14},{"not_picked":["Bludgeon","Exhume"],"picked":"Barricade","floor":16},{"not_picked":["Body Slam","Blood for Blood","Iron Wave"],"picked":"SKIP","floor":18},{"not_picked":["Wild Strike+1","Shrug It Off"],"picked":"Perfected Strike","floor":22},{"not_picked":["Anger+1","Sever Soul+1","True Grit"],"picked":"SKIP","floor":24}],"player_experience":197284,"relics_obtained":[{"floor":5.0,"key":"Bottled Flame"},{"floor":6.0,"key":"Toy Ornithopter"},{"floor":8,"key":"Art of War"},{"floor":9,"key":"Ancient Tea Set"},{"floor":11,"key":"Dead Branch"},{"floor":19,"key":"Enchiridion"},{"floor":26,"key":"Ornamental Fan"}],"event_choices":[{"damage_healed":0.0,"max_hp_gain":0.0,"max_hp_loss":0.0,"gold_gain":0.0,"event_name":"Scrap Ooze","player_choice":"Success","floor":4.0,"gold_loss":0.0,"damage_taken":18.0,"relics_obtained":["Gremlin Horn"]},{"damage_healed":0,"gold_gain":0,"player_choice":"Obtained Book","damage_taken":16,"max_hp_gain":0,"max_hp_loss":0,"event_name":"Cursed Tome","floor":19,"gold_loss":0},{"cards_removed":["Barricade"],"damage_healed":0,"gold_gain":0,"player_choice":"Gave Gold","damage_taken":0,"max_hp_gain":0,"max_hp_loss":0,"event_name":"Beggar","floor":20,"gold_loss":75},{"damage_healed":0,"gold_gain":0,"player_choice":"","damage_taken":6,"max_hp_gain":0,"max_hp_loss":0,"event_name":"Knowing Skull","floor":21,"potions_obtained":[],"gold_loss":0,"cards_obtained":[]}],"is_beta":false,"boss_relics":[{"not_picked":["Snecko Eye","Black Star"],"picked":"Mark of Pain"}],"items_purged_floors":[],"is_endless":false,"potions_floor_spawned":[2,8,12,14,24],"killed_by":"Book of Stabbing","ascension_level":5}}