{"host":"vcrofm1hbk0ziuql","time":1609137416,"event":{"mods":["2.2 Compatiblity","BaseMod","Colored Map","DeckTracker","Googly Eyes","Highlight Path","Minty Spire (QoL Compilation)","StSLib"],"gold_per_floor":[118,68,68,32,207,247,247,271,271,307,307,332,332,53,53,181,181,204,213,243,270,279,279,279],"floor_reached":23,"playtime":662,"items_purged":["Doubt"],"score":247,"play_id":"959e4d54-831d-41a7-bb22-86ffa82ba05a","local_time":"20201228063656","is_ascension_mode":false,"campfire_choices":[{"data":"Bash","floor":7,"key":"SMITH"},{"data":"Sentinel","floor":11,"key":"SMITH"},{"data":"Fire Breathing","floor":13,"key":"SMITH"},{"data":"Headbutt","floor":15,"key":"SMITH"}],"circlet_count":0,"master_deck":["Strike_R","Strike_R","Strike_R","Strike_R","Defend_R","Defend_R","Defend_R","Defend_R","Bash+1","Feel No Pain","Fire Breathing+1","Headbutt+1","Cleave","Sentinel+1","Wild Strike+1","Immolate+1","Writhe","Power Through","Rampage+1","Power Through"],"relics":["Burning Blood","NeowsBlessing","Golden Idol","Pear","Molten Egg 2","Ornamental Fan","Medical Kit","Black Star","CeramicFish"],"acts_visited":["Exordium","TheCity"],"potions_floor_usage":[10,10,16,23],"damage_taken":[{"damage":0,"enemies":"2 Louse","floor":1,"turns":1},{"damage":0,"enemies":"3 Sentries","floor":6,"turns":3},{"damage":0,"enemies":"Jaw Worm","floor":8,"turns":1},{"damage":49,"enemies":"Lagavulin","floor":10,"turns":8},{"damage":15,"enemies":"Small Slimes","floor":12,"turns":4},{"damage":14,"enemies":"Slime Boss","floor":16,"turns":9},{"damage":2,"enemies":"Chosen","floor":18,"turns":4},{"damage":45,"enemies":"Shell Parasite","floor":20,"turns":7},{"damage":42,"enemies":"Snake Plant","floor":21,"turns":5},{"damage":25,"enemies":"Gremlin Leader","floor":23,"turns":4}],"seed_played":"-8940203297343887887","potions_obtained":[{"floor":1,"key":"ColorlessPotion"},{"floor":6,"key":"BloodPotion"},{"floor":20,"key":"FearPotion"},{"floor":21,"key":"Fruit Juice"}],"is_trial":false,"path_per_floor":["M","?","?","$","?","E","R","M","T","E","R","M","R","$","R","B",null,"M","?","M","M","?","E"],"character_chosen":"IRONCLAD","items_purchased":["Fire Breathing","Medical Kit","Strength Potion"],"campfire_rested":0,"item_purchase_floors":[4,14,14],"current_hp_per_floor":[80,80,60,60,60,76,76,82,82,57,57,48,48,48,48,40,90,90,90,51,15,15,0,0],"gold":279,"neow_bonus":"THREE_ENEMY_KILL","is_daily":false,"chose_seed":false,"campfire_upgraded":4,"win_rate":0.0,"timestamp":1609137416,"path_taken":["M","?","?","?","?","E","R","M","T","E","R","M","R","$","R","BOSS","M","?","M","M","?","E"],"items_purchased_type":["Card","Relic","Potion"],"build_version":"2020-12-22","purchased_purges":1,"victory":false,"max_hp_per_floor":[80,80,80,80,80,90,90,90,90,90,90,90,90,90,90,90,90,90,90,90,90,90,95,95],"card_choices":[{"not_picked":["Blood for Blood","Body Slam"],"picked":"Feel No Pain","floor":1},{"not_picked":["Uppercut","Clash"],"picked":"Headbutt","floor":6},{"not_picked":["Blood for Blood","Bloodletting"],"picked":"Cleave","floor":8},{"not_picked":["Seeing Red","Iron Wave+1"],"picked":"Sentinel","floor":10},{"not_picked":["Warcry","Shrug It Off"],"picked":"Wild Strike+1","floor":12},{"not_picked":["Juggernaut","Bludgeon+1"],"picked":"Immolate+1","floor":16},{"not_picked":["Cleave+1","Flex+1","Clothesline+1"],"picked":"SKIP","floor":18},{"not_picked":["Armaments+1","Perfected Strike+1"],"picked":"Power Through","floor":20},{"not_picked":["Carnage+1","Flex"],"picked":"Rampage+1","floor":21}],"player_experience":545071,"relics_obtained":[{"floor":6,"key":"Pear"},{"floor":9,"key":"Molten Egg 2"},{"floor":10,"key":"Ornamental Fan"}],"event_choices":[{"cards_removed":["Strike_R"],"damage_healed":0,"gold_gain":0,"player_choice":"Card Removal","damage_taken":0,"max_hp_gain":0,"max_hp_loss":0,"event_name":"The Cleric","floor":2,"gold_loss":50},{"damage_healed":0,"gold_gain":0,"player_choice":"Take Damage","damage_taken":20,"relics_obtained":["Golden Idol"],"max_hp_gain":0,"max_hp_loss":0,"event_name":"Golden Idol","floor":3,"gold_loss":0},{"damage_healed":0,"gold_gain":175,"player_choice":"AGREE","damage_taken":0,"max_hp_gain":0,"max_hp_loss":0,"event_name":"Liars Game","floor":5,"gold_loss":0,"cards_obtained":["Doubt"]},{"damage_healed":0,"gold_gain":0,"player_choice":"Opened","damage_taken":0,"relics_obtained":["CeramicFish"],"max_hp_gain":0,"max_hp_loss":0,"event_name":"The Mausoleum","floor":19,"gold_loss":0,"cards_obtained":["Writhe"]},{"damage_healed":0,"gold_gain":0,"player_choice":"Copied","damage_taken":0,"max_hp_gain":0,"max_hp_loss":0,"event_name":"Duplicator","floor":22,"gold_loss":0,"cards_obtained":["Power Through"]}],"is_beta":false,"boss_relics":[{"not_picked":["SlaversCollar","Runic Dome"],"picked":"Black Star"}],"items_purged_floors":[14],"is_endless":false,"potions_floor_spawned":[1,6,20,21],"killed_by":"Gremlin Leader","ascension_level":0}}