{"host":"640uue19m79c7wbt","time":1609187115,"event":{"mods":["BaseMod","Colored Map","Googly Eyes","Highlight Path","Minty Spire (QoL Compilation)","Quick Restart","StSLib"],"gold_per_floor":[114,126,201,201,201,229,229,254,266,278,303,325,350,392,404,416,416],"floor_reached":16,"playtime":480,"items_purged":[],"score":225,"play_id":"586c8f7e-ce74-4e85-8ff3-463dd07f504d","local_time":"20201228152515","is_ascension_mode":true,"campfire_choices":[{"data":"Cloak And Dagger","floor":7.0,"key":"SMITH"},{"floor":10.0,"key":"REST"},{"floor":15.0,"key":"REST"}],"circlet_count":0,"master_deck":["AscendersBane","Strike_G","Strike_G","Strike_G","Strike_G","Strike_G","Defend_G","Defend_G","Defend_G","Defend_G","Defend_G","Survivor","Neutralize","PiercingWail","Well Laid Plans","Cloak And Dagger+1","Dagger Spray","Caltrops+1","Terror","Corpse Explosion","Corpse Explosion"],"relics":["Ring of the Snake","NeowsBlessing","Frozen Egg 2","Blood Vial","MawBank","Vajra","Sundial"],"acts_visited":["Exordium"],"potions_floor_usage":[16],"damage_taken":[{"damage":0.0,"enemies":"Cultist","floor":1.0,"turns":1.0},{"damage":0.0,"enemies":"2 Louse","floor":2.0,"turns":1.0},{"damage":0.0,"enemies":"Gremlin Nob","floor":6.0,"turns":1.0},{"damage":41.0,"enemies":"3 Sentries","floor":8.0,"turns":13.0},{"damage":3.0,"enemies":"Jaw Worm","floor":11.0,"turns":2.0},{"damage":12.0,"enemies":"Exordium Wildlife","floor":12.0,"turns":4.0},{"damage":4.0,"enemies":"2 Fungi Beasts","floor":13.0,"turns":3.0},{"damage":10.0,"enemies":"Gremlin Nob","floor":14.0,"turns":3.0},{"damage":52,"enemies":"Slime Boss","floor":16,"turns":6}],"seed_played":"5168991408025269073","potions_obtained":[{"floor":1.0,"key":"Fruit Juice"},{"floor":8.0,"key":"CultistPotion"},{"floor":12.0,"key":"BlessingOfTheForge"}],"is_trial":false,"path_per_floor":["M","M","?","?","T","E","R","E","T","R","M","M","M","E","R","B"],"character_chosen":"THE_SILENT","items_purchased":[],"campfire_rested":2,"item_purchase_floors":[],"current_hp_per_floor":[68,68,57,62,62,62,62,23,23,47,46,36,34,26,50,0,0],"gold":416,"neow_bonus":"THREE_ENEMY_KILL","is_daily":false,"chose_seed":false,"campfire_upgraded":1,"win_rate":0.0,"timestamp":1609187115,"path_taken":["M","?","?","?","?","E","R","E","T","R","M","M","M","E","R","BOSS"],"items_purchased_type":[],"build_version":"2020-12-22","purchased_purges":0,"victory":false,"max_hp_per_floor":[75,75,75,80,80,80,80,80,80,80,80,80,80,80,80,80,80],"card_choices":[{"not_picked":["Escape Plan","Dagger Throw"],"picked":"PiercingWail","floor":1.0},{"not_picked":["Finisher","Deflect"],"picked":"Well Laid Plans","floor":2.0},{"not_picked":["Dash","Poisoned Stab"],"picked":"Cloak And Dagger","floor":6.0},{"not_picked":["Acrobatics","Dodge and Roll"],"picked":"Dagger Spray","floor":8.0},{"not_picked":["Deadly Poison","Eviscerate"],"picked":"Caltrops+1","floor":11.0},{"not_picked":["Bouncing Flask","Deflect"],"picked":"Terror","floor":12.0},{"not_picked":["Dagger Spray","Blade Dance"],"picked":"Corpse Explosion","floor":13.0},{"not_picked":["Backflip","Crippling Poison"],"picked":"Corpse Explosion","floor":14.0}],"player_experience":1244909,"relics_obtained":[{"floor":5.0,"key":"Frozen Egg 2"},{"floor":6.0,"key":"Blood Vial"},{"floor":8.0,"key":"MawBank"},{"floor":9.0,"key":"Vajra"},{"floor":14.0,"key":"Sundial"}],"event_choices":[{"damage_healed":0.0,"max_hp_gain":0.0,"max_hp_loss":0.0,"gold_gain":75.0,"event_name":"World of Goop","player_choice":"Gather Gold","floor":3.0,"gold_loss":0.0,"damage_taken":11.0},{"damage_healed":0.0,"max_hp_gain":5.0,"max_hp_loss":0.0,"gold_gain":0.0,"event_name":"Big Fish","player_choice":"Donut","floor":4.0,"gold_loss":0.0,"damage_taken":0.0}],"is_beta":false,"boss_relics":[],"items_purged_floors":[],"is_endless":false,"potions_floor_spawned":[1,8,12,13],"killed_by":"Slime Boss","ascension_level":11}}