{"host":"kfy60dohpfs0wpkg","time":1609181101,"event":{"mods":["Act Like it!","BaseMod","CapriCore","Challenge The Spire","Chen","Gensokyo","Koishi","Marisa£®ÏF”Í°°ƒß¿Ì…≥£©","Minty Spire (QoL Compilation)","Quick Restart","Reimu£®≤©¿ˆ¡È√Œ£©","Remilia£®¿Ÿ√◊¿Ú—«£©","Replay The Spire","StSLib","The Administrix","The Animator","The Bug Knight","The Cursed","The Immortal","The Servant 0.9.4","Yakumo Yukari mod","Youmu£®ªÍ∆«—˝√Œ£©","Yuyuko"],"gold_per_floor":[114,130,147,107,57,86,100,126,126,157,157,11,11,39,39,136,136,146,446,463,478,489,514,544,544,595,623,623,670,47,89,89,216,216,258,328,78,115,148,226,226,248,271,271,306,306,350,98,98,108,108,108,4,60,84,84],"floor_reached":55,"playtime":3609,"items_purged":["Looming Evil"],"score":1099,"play_id":"5eff0657-1130-428b-9386-f5db28501f83","local_time":"20201229024501","is_ascension_mode":true,"campfire_choices":[{"floor":11.0,"key":"REST"},{"floor":13.0,"key":"REST"},{"data":"FinalSpark","floor":15.0,"key":"SMITH"},{"floor":25.0,"key":"REST"},{"floor":28.0,"key":"REST"},{"floor":32.0,"key":"REST"},{"data":"1","floor":41,"key":"LIFT"},{"floor":44,"key":"REST"},{"floor":49,"key":"RECALL"},{"data":"2","floor":52,"key":"LIFT"}],"circlet_count":0,"master_deck":["Strike_MRS","Strike_MRS","Strike_MRS","Strike_MRS","Defend_MRS","Defend_MRS","Defend_MRS","MasterSpark","UpSweep","StarlightTyphoon","MagicAbsorber","StarlightTyphoon","MilkyWay","WitchLeyline","OrrerysSun","StarDustReverie","Pot Of Greed","Pot Of Greed","FinalSpark+1","MaximisePower","Orbital+1","OortCloud+1","Greed_TH","SporeBomb","ChargeUpSpray+1","PropBag","Pot Of Greed","DarkMatter","MagicAbsorber","DragonMeteor+1","StarlightTyphoon","SprinkleStarSeal","PowerUp","MysteriousBeam+1","JA","MaximisePower","MillisecondPulsars+1","GrandCross","Pot Of Greed","AbsoluteMagnitude+1","BlazeAway+1","DragonMeteor+1","AsteroidBelt+1","SporeBomb+1","Orbital"],"relics":["MiniHakkero","PaintedHorse:ReiMu","Counterbalance","Darkstone Periapt","Prayer Wheel","PureWhite:ReiMu","Sling","Grinning Jar","ChewingGum","Replay:Bandana","Oddly Smooth Stone","StoneCalendar","CaptainsWheel","ReplayTheSpireMod:CursedCoin","Golden Egg","Busted Crown","Girya","Replay:WaspNest","Replay:Accelerometer","TungstenRod","Chameleon Ring","CrazyTorch:ReiMu","Mercury Hourglass"],"acts_visited":["Exordium","TheCity","TheBeyond","TheEnding"],"potions_floor_usage":[50,55],"damage_taken":[{"damage":0.0,"enemies":"Cultist","floor":1.0,"turns":3.0},{"damage":3.0,"enemies":"Jaw Worm","floor":2.0,"turns":4.0},{"damage":7.0,"enemies":"Small Slimes","floor":3.0,"turns":3.0},{"damage":14.0,"enemies":"Replay:BlueRogue","floor":6.0,"turns":4.0},{"damage":3.0,"enemies":"Blue Slaver","floor":7.0,"turns":3.0},{"damage":30.0,"enemies":"Lagavulin","floor":8.0,"turns":6.0},{"damage":23.0,"enemies":"Gremlin Nob","floor":10.0,"turns":4.0},{"damage":16.0,"enemies":"Lagavulin","floor":14.0,"turns":4.0},{"damage":31.0,"enemies":"The Guardian","floor":16.0,"turns":9.0},{"damage":2.0,"enemies":"Shell Parasite","floor":18.0,"turns":3.0},{"damage":34.0,"enemies":"Snake Plant","floor":20.0,"turns":5.0},{"damage":13.0,"enemies":"Snecko","floor":21.0,"turns":3.0},{"damage":4.0,"enemies":"Centurion and Healer","floor":22.0,"turns":3.0},{"damage":17.0,"enemies":"HollowMod:Nosk","floor":23.0,"turns":3.0},{"damage":7.0,"enemies":"Shelled Parasite and Fungi","floor":24.0,"turns":3.0},{"damage":12.0,"enemies":"Cultist and Chosen","floor":27.0,"turns":3.0},{"damage":17.0,"enemies":"Slavers","floor":29.0,"turns":3.0},{"damage":0.0,"enemies":"Replay:Snechameleon","floor":31.0,"turns":2.0},{"damage":36.0,"enemies":"Collector","floor":33.0,"turns":7.0},{"damage":26.0,"enemies":"3 Darklings","floor":35.0,"turns":3.0},{"damage":0.0,"enemies":"Mind Bloom Boss Battle","floor":36.0,"turns":2.0},{"damage":11.0,"enemies":"3 Shapes","floor":38.0,"turns":3.0},{"damage":17.0,"enemies":"Jaw Worm Horde","floor":39.0,"turns":3.0},{"damage":0,"enemies":"Reptomancer","floor":40,"turns":1},{"damage":20,"enemies":"4 Shapes","floor":42,"turns":3},{"damage":10,"enemies":"3 Darklings","floor":45,"turns":3},{"damage":15,"enemies":"Nemesis","floor":47,"turns":5},{"damage":0,"enemies":"Awakened One","floor":50,"turns":7},{"damage":18,"enemies":"Shield and Spear","floor":54,"turns":3},{"damage":70,"enemies":"The Heart","floor":55,"turns":3}],"seed_played":"-5499108937497770666","potions_obtained":[{"floor":1.0,"key":"GamblersBrew"},{"floor":3.0,"key":"BlessingOfTheForge"},{"floor":10.0,"key":"Strength Potion"},{"floor":16.0,"key":"DistilledChaos"},{"floor":22.0,"key":"AttackPotion"},{"floor":23.0,"key":"PowerPotion"},{"floor":27.0,"key":"SpeedPotion"},{"floor":29.0,"key":"SteroidPotion"},{"floor":31.0,"key":"SteroidPotion"},{"floor":40,"key":"ColorlessPotion"},{"floor":45,"key":"DuplicationPotion"}],"is_trial":false,"path_per_floor":["M","M","M","?","?","E","M","E","T","E","R","$","R","E","R","B",null,"M","?","M","M","M","E","M","R","T","M","R","E","$","E","R","B",null,"M","?","$","M","M","E","R","M","T","R","M","?","E","$","R","B",null,"R","$","E","B"],"character_chosen":"MARISA","items_purchased":["Sling","CaptainsWheel","JA","MaximisePower","ReplayTheSpireMod:CursedCoin","MillisecondPulsars+1","Replay:WaspNest","Chameleon Ring","CultistPotion"],"campfire_rested":6,"item_purchase_floors":[12,30,30,30,30,30,37,48,53],"current_hp_per_floor":[82,79,72,72,72,58,55,25,25,2,26,26,50,34,34,3,82,80,86,52,39,35,18,11,37,37,25,51,34,15,15,43,7,94,68,68,63,52,35,35,35,15,15,43,33,82,67,63,63,63,82,82,78,60,0,0],"gold":84,"neow_bonus":"TEN_PERCENT_HP_BONUS","is_daily":false,"chose_seed":false,"campfire_upgraded":1,"win_rate":0.0,"timestamp":1609181101,"path_taken":["M","M","M","?","?","E","M","E","T","E","R","$","R","E","R","BOSS","M","?","M","M","M","E","M","R","T","M","R","E","$","E","R","BOSS","M","?","$","M","M","E","R","M","T","R","M","?","E","$","R","BOSS","R","$","E","BOSS"],"items_purchased_type":["Relic","Relic","Card","Card","Relic","Card","Relic","Relic","Potion"],"build_version":"2020-12-22","purchased_purges":1,"victory":false,"max_hp_per_floor":[82,82,82,82,82,82,82,82,82,82,82,82,82,82,82,82,82,82,88,88,88,88,88,88,88,88,88,88,88,94,94,94,94,94,94,94,94,94,94,94,94,94,94,94,94,82,82,82,82,82,82,82,82,82,82,82],"card_choices":[{"not_picked":["ShootingEcho","GravityBeat"],"picked":"StarlightTyphoon","floor":1.0},{"not_picked":["Acceleration","GravityBeat"],"picked":"MagicAbsorber","floor":2.0},{"not_picked":["ShootTheMoon","MilkyWay"],"picked":"StarlightTyphoon","floor":3.0},{"not_picked":["Occultation","6A"],"picked":"MilkyWay","floor":6.0},{"not_picked":["EnergyRecoil","GalacticHalo"],"picked":"WitchLeyline","floor":7.0},{"not_picked":["LuminesStrike","SprinkleStarSeal"],"picked":"OrrerysSun","floor":8.0},{"not_picked":["6A","ShootingEcho"],"picked":"StarDustReverie","floor":10.0},{"not_picked":["PropBag","Orbital"],"picked":"FinalSpark","floor":14.0},{"not_picked":["ManaRampage","AbsoluteMagnitude"],"picked":"MaximisePower","floor":16.0},{"not_picked":["WitchOfGreed","MysteriousBeam"],"picked":"Orbital+1","floor":18.0},{"not_picked":["MagicAbsorber","OortCloud+1","SporeBomb"],"picked":"SKIP","floor":18.0},{"not_picked":["MagicAbsorber","SporeBomb"],"picked":"OortCloud+1","floor":18.0},{"not_picked":["Orbital","WitchOfGreed+1"],"picked":"SporeBomb","floor":20.0},{"not_picked":["ShootTheMoon","MilkyWay"],"picked":"ChargeUpSpray+1","floor":20.0},{"not_picked":["OneTimeOff","DC"],"picked":"PropBag","floor":21.0},{"not_picked":["ChargingUp+1","ManaRampage"],"picked":"DarkMatter","floor":21.0},{"not_picked":["WitchOfGreed","UnstableBomb"],"picked":"MagicAbsorber","floor":22.0},{"not_picked":["OpenUniverse","WitchOfGreed+1","ShootTheMoon"],"picked":"SKIP","floor":22.0},{"not_picked":["EarthLightRay","IllusionStar"],"picked":"DragonMeteor+1","floor":23.0},{"not_picked":["MagicChant","DeepEcoloBomb"],"picked":"StarlightTyphoon","floor":24.0},{"not_picked":["GrandCross","CasketOfStar"],"picked":"SprinkleStarSeal","floor":24.0},{"not_picked":["DoubleSpark","MagicChant+1"],"picked":"PowerUp","floor":27.0},{"not_picked":["ShootingEcho","MilkyWay+1"],"picked":"MysteriousBeam+1","floor":27.0},{"not_picked":["WitchOfGreed","PulseMagic","GravityBeat"],"picked":"SKIP","floor":29.0},{"not_picked":["DragonMeteor","FairyDestructionRay"],"picked":"GrandCross","floor":31.0},{"not_picked":["UltimateShortwave","MaximisePower"],"picked":"AbsoluteMagnitude","floor":33.0},{"not_picked":["PulseMagic"],"picked":"SKIP","floor":35.0},{"not_picked":["UnstableBomb+1"],"picked":"SKIP","floor":35.0},{"not_picked":[],"picked":"BlazeAway+1","floor":38.0},{"not_picked":["ShootingEcho"],"picked":"SKIP","floor":38.0},{"not_picked":["StarBarrage"],"picked":"SKIP","floor":39.0},{"not_picked":["Occultation"],"picked":"SKIP","floor":39.0},{"not_picked":["ShootingEcho"],"picked":"SKIP","floor":40},{"not_picked":[],"picked":"DragonMeteor+1","floor":42},{"not_picked":[],"picked":"AsteroidBelt+1","floor":42},{"not_picked":["DC+1"],"picked":"SKIP","floor":45},{"not_picked":["WitchOfGreed+1"],"picked":"SKIP","floor":45},{"not_picked":[],"picked":"SporeBomb+1","floor":47},{"not_picked":[],"picked":"Orbital","floor":54}],"player_experience":76064,"relics_obtained":[{"floor":6.0,"key":"Counterbalance"},{"floor":8.0,"key":"Darkstone Periapt"},{"floor":9.0,"key":"Prayer Wheel"},{"floor":10.0,"key":"PureWhite:ReiMu"},{"floor":14.0,"key":"Grinning Jar"},{"floor":23.0,"key":"Replay:Bandana"},{"floor":26.0,"key":"Oddly Smooth Stone"},{"floor":29.0,"key":"StoneCalendar"},{"floor":31.0,"key":"Golden Egg"},{"floor":36.0,"key":"Girya"},{"floor":40,"key":"Replay:Accelerometer"},{"floor":47,"key":"TungstenRod"},{"floor":54,"key":"CrazyTorch:ReiMu"}],"event_choices":[{"damage_healed":0.0,"max_hp_gain":0.0,"max_hp_loss":0.0,"gold_gain":0.0,"event_name":"yidonshenshe","player_choice":"»˚«Æ","floor":4.0,"gold_loss":40.0,"damage_taken":0.0,"relics_obtained":["PaintedHorse:ReiMu"]},{"cards_removed":["Defend_MRS"],"damage_healed":0.0,"max_hp_gain":0.0,"max_hp_loss":0.0,"gold_gain":0.0,"event_name":"The Cleric","player_choice":"Card Removal","floor":5.0,"gold_loss":50.0,"damage_taken":0.0},{"damage_healed":0.0,"max_hp_gain":0.0,"max_hp_loss":0.0,"gold_gain":0.0,"event_name":"MindBloom","player_choice":"Fight","floor":36.0,"gold_loss":0.0,"damage_taken":0.0},{"damage_healed":82,"gold_gain":0,"player_choice":"Heal","damage_taken":0,"max_hp_gain":0,"max_hp_loss":12,"event_name":"The Moai Head","floor":46,"gold_loss":0}],"is_beta":false,"boss_relics":[{"not_picked":["Replay:Wanted Poster","Empty Cage"],"picked":"ChewingGum"},{"not_picked":["Replay:Bronze Core","ReplayTheSpireMod:DimensionalGlitch"],"picked":"Busted Crown"}],"items_purged_floors":[30],"is_endless":false,"potions_floor_spawned":[1,3,10,16,22,23,27,29,31,40,45],"killed_by":"The Heart","ascension_level":3}}