{"host":"le69utka9ynaq64d","time":1609197807,"event":{"mods":["AchievementEnabler","Aspiration","BaseMod","Block Reminder","Conspire","Energized Spire","GifTheSpireLib","Halation","Hubris","Minty Spire (QoL Compilation)","Permanent Neow","Quick Restart","Replay The Spire","RiskOfSpire","StSLib","Stuff the Spire","The Bug Knight","Trackpad","vexMod"],"gold_per_floor":[109,109,0,0,0,27,202,237,237,267,267,267,419,454,454,549,549,563,583,168,137,137,142,142,21,21,21,21,41,41,116,116,116,116],"floor_reached":33,"playtime":2392,"items_purged":["Doubt"],"score":415,"play_id":"b4601d35-bf93-4b97-ac0c-3ff79b1870c5","local_time":"20201228182327","daily_mods":["Heirloom","DeadlyEvents","Elite Swarm"],"is_ascension_mode":false,"campfire_choices":[{"floor":11.0,"key":"REST"},{"floor":15.0,"key":"REST"},{"floor":24.0,"key":"REST"},{"floor":27,"key":"REST"},{"data":"HollowMod:MantisMark","floor":32,"key":"SMITH"}],"circlet_count":0,"master_deck":["HollowMod:NailStrikeStart+1","HollowMod:NailStrikeStart+1","HollowMod:NailStrikeStart","HollowMod:NailStrikeStart","HollowMod:QuickDashStart","HollowMod:QuickDashStart","HollowMod:QuickDashStart","HollowMod:FocusHealStart","HollowMod:PogoStrike+1","HollowMod:DoubleDash","HollowMod:SoulShaman+1","HollowMod:SoulStrike","HollowMod:ZotesMagnificence","HollowMod:Weaversong","HollowMod:Weaversong","HollowMod:SoulMaster","HollowMod:Weaversong","HollowMod:HowlingWraiths","HollowMod:MantisMark+1","HollowMod:SoulStrike","HollowMod:AwokenDreamNail","HollowMod:SlysStrikes"],"relics":["HollowMod:VesselMask","Replay:Multitool","Snack Pack","trackpad:ByrdBGone","Shuriken","Whetstone","Orichalcum","trackpad:IceCube","aspiration:ChemicalBlood","vexMod:MysteryBossChallenge","Philosopher\u0027s Stone","vexMod:Spyglass","StuffTheSpire:GrapeVine","riskOfSpire:Chronobauble","Replay:Mystery Machine","riskOfSpire:BundleOfFireworks","Onion Ring","riskOfSpire:RustyKey","riskOfSpire:WillOWisp","Bottled Tornado"],"acts_visited":["Exordium","TheCity"],"potions_floor_usage":[25,33,33],"damage_taken":[{"damage":7.0,"enemies":"Small Slimes","floor":1.0,"turns":6.0},{"damage":5.0,"enemies":"3 Sentries","floor":6.0,"turns":7.0},{"damage":33.0,"enemies":"HollowMod:MossKnight","floor":8.0,"turns":8.0},{"damage":12.0,"enemies":"3 Sentries","floor":10.0,"turns":6.0},{"damage":24.0,"enemies":"Gremlin Nob","floor":13.0,"turns":4.0},{"damage":18.0,"enemies":"Lagavulin","floor":14.0,"turns":5.0},{"damage":17.0,"enemies":"Hexaghost","floor":16.0,"turns":7.0},{"damage":18.0,"enemies":"3 Byrds","floor":18.0,"turns":3.0},{"damage":20.0,"enemies":"conspire:FuzzyDice","floor":19.0,"turns":4.0},{"damage":18.0,"enemies":"3 Cultists","floor":21.0,"turns":4.0},{"damage":16.0,"enemies":"Book of Stabbing","floor":23.0,"turns":4.0},{"damage":40,"enemies":"Slavers","floor":25,"turns":5},{"damage":26,"enemies":"Cultist and Chosen","floor":29,"turns":5},{"damage":4,"enemies":"Champ","floor":33,"turns":1}],"seed_played":"-1611850360029230207","potions_obtained":[{"floor":2.0,"key":"LiquidBronze"},{"floor":6.0,"key":"Weak Potion"},{"floor":10.0,"key":"Energy Potion"},{"floor":16.0,"key":"Strength Potion"},{"floor":19.0,"key":"Energy Potion"},{"floor":21.0,"key":"Flashbang"},{"floor":29,"key":"Weak Potion"}],"is_trial":true,"path_per_floor":["M","?","$","?","$","E","R","E","T","E","R","T","E","E","R","B",null,"M","M","$","M","?","E","R","E","T","R","$","M","$","?","R","B"],"character_chosen":"THE_BUGKNIGHT","items_purchased":["HollowMod:SoulShaman+1","HollowMod:SoulStrike","vexMod:Spyglass","StuffTheSpire:GrapeVine","HollowMod:SoulStrike"],"campfire_rested":4,"item_purchase_floors":[3,3,20,20,20],"current_hp_per_floor":[73,73,73,73,73,68,68,51,51,43,65,65,23,7,29,24,75,62,42,42,30,30,22,46,14,14,38,38,12,12,4,4,0,0],"gold":116,"neow_bonus":"","is_daily":false,"chose_seed":false,"campfire_upgraded":1,"win_rate":0.0,"timestamp":1609197807,"path_taken":["M","?","$","?","$","E","R","E","T","E","R","?","E","?","R","BOSS","M","M","$","M","?","E","R","E","T","R","$","M","?","?","R","BOSS"],"items_purchased_type":["Card","Card","Relic","Relic","Card"],"build_version":"2020-12-22","purchased_purges":1,"victory":false,"max_hp_per_floor":[75,75,75,75,75,75,75,75,75,75,75,75,75,75,75,75,75,80,80,80,80,80,80,80,80,80,80,80,80,80,80,80,80,80],"card_choices":[{"not_picked":["HollowMod:InfectedAttack","HollowMod:SiblingsSouls"],"picked":"HollowMod:DoubleDash","floor":1.0},{"not_picked":["HollowMod:NewInfectedGuardian","HollowMod:PaleKingsBlessing"],"picked":"HollowMod:ZotesMagnificence","floor":6.0},{"not_picked":["HollowMod:NewInfectedGuardian","HollowMod:VoidDash"],"picked":"HollowMod:Weaversong","floor":8.0},{"not_picked":["HollowMod:RadiancesLament","HollowMod:theNailsmith"],"picked":"HollowMod:Weaversong","floor":10.0},{"not_picked":["HollowMod:MidwifesHunger","HollowMod:theNailsmith"],"picked":"HollowMod:SoulMaster","floor":13.0},{"not_picked":["HollowMod:MidwifesHunger","HollowMod:VoidDash","HollowMod:PaleKingsBlessing"],"picked":"SKIP","floor":14.0},{"not_picked":["HollowMod:theNailsmith","HollowMod:PaleKingsBlessing"],"picked":"HollowMod:Weaversong","floor":16.0},{"not_picked":["HollowMod:RecoilStrike","HollowMod:MothsMistake"],"picked":"HollowMod:HowlingWraiths","floor":18.0},{"not_picked":["HollowMod:DashSlash+1","HollowMod:HeavyBlow+1"],"picked":"HollowMod:MantisMark","floor":19.0},{"not_picked":["HollowMod:theNailsmith","HollowMod:RadiancesLament"],"picked":"HollowMod:AwokenDreamNail","floor":23.0},{"not_picked":["HollowMod:VoidDash","HollowMod:ZotesMagnificence"],"picked":"HollowMod:SlysStrikes","floor":25},{"not_picked":["HollowMod:CoiledNail","HollowMod:NewGlowingWomb","HollowMod:Grubsong"],"picked":"SKIP","floor":29}],"player_experience":507625,"relics_obtained":[{"floor":1.0,"key":"riskOfSpire:DisposableMissileLauncher"},{"floor":6.0,"key":"Snack Pack"},{"floor":8.0,"key":"trackpad:ByrdBGone"},{"floor":9.0,"key":"Shuriken"},{"floor":10.0,"key":"Whetstone"},{"floor":12.0,"key":"Orichalcum"},{"floor":13.0,"key":"trackpad:IceCube"},{"floor":14.0,"key":"aspiration:ChemicalBlood"},{"floor":21.0,"key":"riskOfSpire:Chronobauble"},{"floor":23.0,"key":"Replay:Mystery Machine"},{"floor":25,"key":"Onion Ring"},{"floor":26,"key":"riskOfSpire:WillOWisp"},{"floor":26,"key":"Bottled Tornado"}],"event_choices":[{"damage_healed":0.0,"max_hp_gain":0.0,"max_hp_loss":0.0,"gold_gain":175.0,"event_name":"Liars Game","player_choice":"AGREE","floor":7.0,"gold_loss":0.0,"damage_taken":0.0,"cards_obtained":["Doubt"]},{"cards_removed":["HollowMod:QuickDashStart"],"damage_healed":0.0,"max_hp_gain":0.0,"max_hp_loss":0.0,"gold_gain":0.0,"event_name":"Purifier","player_choice":"Purged","floor":22.0,"gold_loss":0.0,"damage_taken":0.0},{"damage_healed":0,"gold_gain":75,"player_choice":"Touch","damage_taken":8,"max_hp_gain":0,"max_hp_loss":0,"event_name":"FaceTrader","floor":31,"gold_loss":0}],"is_beta":false,"boss_relics":[{"not_picked":["ChewingGum","hubris:VirtuousBlindfold"],"picked":"vexMod:MysteryBossChallenge"}],"items_purged_floors":[20],"is_endless":true,"potions_floor_spawned":[6,10,13,16,19,21,29],"killed_by":"Champ","ascension_level":0}}