{"host":"cyiefo55v5hz1ih5","time":1609188274,"event":{"mods":["2.2 Compatiblity","AchievementEnabler","BaseMod","GifTheSpireLib","Hubris","Minty Spire (QoL Compilation)","Replay The Spire","Spicy Shops","StSLib","The Marked"],"gold_per_floor":[114,128,128,144,144,144,124,154,154,4,23,37,37,50,50,151,151,161,71,91,105,105,105,130,145,145,158,158,175,186,186,186,283,283,298,315,325,325,345,376,376,388,388,388,399,119,132,142,142,142,142],"floor_reached":50,"playtime":3725,"items_purged":["theMarked:Strike","Doubt"],"score":577,"play_id":"06f9147f-4af8-41e4-a60a-7fc7c69be1ee","local_time":"20201228154434","is_ascension_mode":false,"campfire_choices":[{"data":"theMarked:Overcharge","floor":6,"key":"SMITH"},{"floor":15,"key":"REST"},{"data":"theMarked:SummonStrength","floor":23,"key":"SMITH"},{"floor":28,"key":"REST"},{"data":"theMarked:Strike","floor":32,"key":"PURGE"},{"floor":41,"key":"REST"},{"floor":44,"key":"REST"},{"floor":49,"key":"REST"}],"circlet_count":0,"master_deck":["theMarked:Strike","theMarked:Defend","theMarked:Defend","theMarked:Defend+1","theMarked:Defend","theMarked:SoldierOfQuellstein+1","theMarked:Overcharge+1","theMarked:ComboAttacks","theMarked:Overthink","theMarked:ChainLightning","theMarked:SummonStrength+1","theMarked:MagicAdept","theMarked:EnhanceMovement+1","theMarked:EternalStudent","theMarked:StartUp","theMarked:Defy","theMarked:BanishingStrike+1"],"relics":["theMarked:BronzeBlade","hubris:Icosahedron","Pear","The Courier","hubris:ScarierMask","Replay:WaspNest","Peace Pipe","Regal Pillow","Replay:Accelerometer","Pantograph","Nunchaku"],"acts_visited":["Exordium","TheCity","TheBeyond"],"potions_floor_usage":[16,24,24,29,33,33,33,39,39,39,40,40,50,50],"damage_taken":[{"damage":7,"enemies":"Small Slimes","floor":1,"turns":3},{"damage":1,"enemies":"2 Louse","floor":2,"turns":3},{"damage":1,"enemies":"Jaw Worm","floor":4,"turns":4},{"damage":25,"enemies":"Gremlin Nob","floor":7,"turns":4},{"damage":10,"enemies":"Looter","floor":11,"turns":3},{"damage":16,"enemies":"Lots of Slimes","floor":12,"turns":4},{"damage":1,"enemies":"Exordium Thugs","floor":14,"turns":4},{"damage":12,"enemies":"Slime Boss","floor":16,"turns":5},{"damage":0,"enemies":"Chosen","floor":18,"turns":4},{"damage":5,"enemies":"2 Thieves","floor":20,"turns":3},{"damage":10,"enemies":"Centurion and Healer","floor":21,"turns":5},{"damage":7,"enemies":"Slavers","floor":24,"turns":5},{"damage":11,"enemies":"Snake Plant","floor":25,"turns":4},{"damage":10,"enemies":"Snecko","floor":27,"turns":3},{"damage":0,"enemies":"3 Cultists","floor":29,"turns":3},{"damage":4,"enemies":"Shelled Parasite and Fungi","floor":30,"turns":4},{"damage":15,"enemies":"Collector","floor":33,"turns":8},{"damage":6,"enemies":"3 Shapes","floor":35,"turns":2},{"damage":4,"enemies":"Orb Walker","floor":36,"turns":3},{"damage":0,"enemies":"Maw","floor":37,"turns":6},{"damage":28,"enemies":"Writhing Mass","floor":39,"turns":4},{"damage":33,"enemies":"R_Hoarder","floor":40,"turns":7},{"damage":17,"enemies":"4 Shapes","floor":42,"turns":4},{"damage":17,"enemies":"Maw","floor":45,"turns":7},{"damage":7,"enemies":"3 Darklings","floor":47,"turns":3},{"damage":39,"enemies":"Spire Growth","floor":48,"turns":5},{"damage":85,"enemies":"Time Eater","floor":50,"turns":5}],"seed_played":"-638615349126767910","potions_obtained":[{"floor":2,"key":"SneckoOil"},{"floor":11,"key":"theMarked:SummonPotion"},{"floor":12,"key":"Death Potion"},{"floor":21,"key":"Weak Potion"},{"floor":24,"key":"SpeedPotion"},{"floor":25,"key":"Reflective Coating"},{"floor":30,"key":"SkillPotion"},{"floor":36,"key":"EntropicBrew"},{"floor":37,"key":"AttackPotion"},{"floor":42,"key":"BlessingOfTheForge"},{"floor":45,"key":"DuplicationPotion"},{"floor":47,"key":"Milkshake"}],"is_trial":false,"path_per_floor":["M","M","?","M","?","R","E","?","T","$","M","M","T","M","R","B",null,"M","?","M","M","?","R","E","M","T","M","R","M","M","?","R","B",null,"M","M","M","?","M","E","R","M","T","R","M","$","M","M","R","B"],"character_chosen":"THE_DEFAULT","items_purchased":["theMarked:ComboAttacks","Pantograph","Nunchaku"],"campfire_rested":5,"item_purchase_floors":[10,46,46],"current_hp_per_floor":[70,69,69,68,68,68,53,53,53,53,43,27,27,26,52,40,87,87,87,82,72,72,72,65,54,54,44,70,70,66,66,66,51,87,81,77,77,77,49,16,57,40,40,81,64,64,57,18,59,0,0],"gold":142,"neow_bonus":"TEN_PERCENT_HP_BONUS","is_daily":false,"chose_seed":false,"campfire_upgraded":2,"win_rate":0.0,"timestamp":1609188274,"path_taken":["M","M","?","M","?","R","E","?","T","?","?","M","?","M","R","BOSS","M","?","?","M","?","R","E","M","T","M","R","?","M","?","R","BOSS","M","M","M","?","M","E","R","M","T","R","M","$","?","M","R","BOSS"],"items_purchased_type":["Card","Relic","Relic"],"build_version":"2020-12-22","purchased_purges":2,"victory":false,"max_hp_per_floor":[77,77,77,77,77,77,87,87,87,87,87,87,87,87,87,87,87,87,87,87,87,87,87,87,87,87,87,87,87,87,87,87,87,87,87,87,87,87,87,87,87,87,87,87,87,87,87,87,87,87,87],"card_choices":[{"not_picked":["theMarked:ResourceFulStrike","theMarked:ElectricStrings"],"picked":"theMarked:Overcharge","floor":1},{"not_picked":["theMarked:Aftermath","theMarked:Reabsorb","theMarked:TunnelVision"],"picked":"SKIP","floor":2},{"not_picked":["theMarked:ContemptForTheProud","theMarked:SwordAndMagic","theMarked:Electrocute"],"picked":"SKIP","floor":4},{"not_picked":["theMarked:Electrocute","theMarked:WastefulDefense","theMarked:HeightenedSenses"],"picked":"SKIP","floor":7},{"not_picked":["theMarked:Parkour","theMarked:EmpowerWeapon","theMarked:ElectricStrings"],"picked":"SKIP","floor":11},{"not_picked":["theMarked:ResourceFulStrike","theMarked:Overcharge"],"picked":"theMarked:Overthink","floor":12},{"not_picked":["theMarked:Indomitable","theMarked:Aftermath"],"picked":"theMarked:ChainLightning","floor":14},{"not_picked":["theMarked:Levitate","theMarked:SoldierForm"],"picked":"theMarked:SummonStrength","floor":16},{"not_picked":["theMarked:HeightenedSenses+1","theMarked:Frustration+1","theMarked:WardOff"],"picked":"SKIP","floor":18},{"not_picked":["theMarked:ResourceFulStrike+1","theMarked:ContemptForTheProud","theMarked:DeterminationOfTheMarked"],"picked":"SKIP","floor":20},{"not_picked":["theMarked:TunnelVision","theMarked:ElectricStrings"],"picked":"theMarked:MagicAdept","floor":21},{"not_picked":["theMarked:EmpowerWeapon","theMarked:Static"],"picked":"theMarked:EnhanceMovement+1","floor":24},{"not_picked":["theMarked:HeritageOfTheMarked","theMarked:Improvise","theMarked:Frustration"],"picked":"SKIP","floor":25},{"not_picked":["theMarked:ShockingTouch","theMarked:RepellingDischarge+1"],"picked":"theMarked:EternalStudent","floor":27},{"not_picked":["theMarked:Polarize+1","theMarked:ParalyzingBlade","theMarked:EmpowerWeapon"],"picked":"SKIP","floor":29},{"not_picked":["theMarked:Aftermath","theMarked:Electrocute","theMarked:WastefulAttack"],"picked":"SKIP","floor":30},{"not_picked":["theMarked:TurnInvisible","theMarked:MuscleMemory"],"picked":"theMarked:Defy","floor":33},{"not_picked":["theMarked:StartUp+1","theMarked:Aftermath","theMarked:Indomitable+1"],"picked":"SKIP","floor":35},{"not_picked":["theMarked:Seal","theMarked:StartUp","theMarked:Parkour+1"],"picked":"SKIP","floor":36},{"not_picked":["theMarked:WastefulAttack","theMarked:BanishingStrike","theMarked:Electrocute"],"picked":"SKIP","floor":37},{"not_picked":["theMarked:SwordAndMagic","theMarked:HeightenedSenses","theMarked:MaelstromOfLightning"],"picked":"SKIP","floor":39},{"not_picked":["theMarked:EnhancedHearing","theMarked:UnarmedFury","theMarked:Parkour"],"picked":"SKIP","floor":40},{"not_picked":["theMarked:ElectricStrings","theMarked:ChainLightning","theMarked:Indomitable+1"],"picked":"SKIP","floor":42},{"not_picked":["theMarked:Frustration","theMarked:Static+1","theMarked:Electrocute"],"picked":"SKIP","floor":45},{"not_picked":["theMarked:Improvise+1","theMarked:Convert"],"picked":"theMarked:BanishingStrike+1","floor":47},{"not_picked":["theMarked:ResourceFulStrike","theMarked:ChainLightning","theMarked:TakeCover"],"picked":"SKIP","floor":48}],"player_experience":580249,"relics_obtained":[{"floor":7,"key":"Pear"},{"floor":13,"key":"The Courier"},{"floor":24,"key":"Replay:WaspNest"},{"floor":26,"key":"Peace Pipe"},{"floor":40,"key":"Regal Pillow"},{"floor":43,"key":"Replay:Accelerometer"}],"event_choices":[{"damage_healed":0,"gold_gain":30,"player_choice":"Searched \u00272\u0027 times","damage_taken":0,"max_hp_gain":0,"max_hp_loss":0,"event_name":"Dead Adventurer","floor":8,"gold_loss":0},{"cards_removed":["theMarked:Strike"],"damage_healed":0,"gold_gain":0,"player_choice":"Upgrade and Remove","damage_taken":0,"max_hp_gain":0,"max_hp_loss":0,"event_name":"Designer","floor":19,"gold_loss":90,"cards_upgraded":["theMarked:Defend"]},{"damage_healed":0,"gold_gain":0,"player_choice":"Bought 0 Potions","damage_taken":0,"max_hp_gain":0,"max_hp_loss":0,"event_name":"The Woman in Blue","floor":22,"gold_loss":0},{"damage_healed":0,"gold_gain":0,"cards_transformed":["theMarked:Strike"],"player_choice":"Transformed","damage_taken":0,"max_hp_gain":0,"max_hp_loss":0,"event_name":"Transmorgrifier","floor":31,"gold_loss":0,"cards_obtained":["theMarked:StartUp"]},{"damage_healed":0,"gold_gain":0,"player_choice":"Ignored","damage_taken":0,"max_hp_gain":0,"max_hp_loss":0,"event_name":"NoteForYourself","floor":38,"gold_loss":0}],"is_beta":false,"boss_relics":[{"not_picked":["Black Star","hubris:CrackedHourglass"],"picked":"hubris:ScarierMask"},{"not_picked":["hubris:TerracottaHorce","Coffee Dripper"],"picked":"theMarked:BronzeBlade"}],"items_purged_floors":[10,46],"is_endless":false,"potions_floor_spawned":[2,11,12,21,24,25,30,36,37,42,45,47],"killed_by":"Time Eater","ascension_level":0}}