{"host":"4eao2pkwlmv012cz","time":1609126642,"event":{"mods":["BaseMod","Colored Powertips","Minty Spire (QoL Compilation)","Permanent Neow","Quick Restart","Random Character Button","StSLib"],"gold_per_floor":[209,227,377,391,391,391,426,501,549,36,63,80,80,93,93,166,166,178,178,191,202,25,25,58,77,77,77,107,107,118,64,64,141,141,153,178,53,53,53,53,84,102,102,113,138,0,0,0,0,0,0,0],"floor_reached":51,"playtime":1986,"items_purged":["Doubt","Strike_B","Strike_B"],"score":1427,"play_id":"fe078fac-57ea-459b-8cc8-11516b3c5ce8","local_time":"20201227223722","is_ascension_mode":true,"campfire_choices":[{"floor":6.0,"key":"REST"},{"data":"Chaos","floor":13.0,"key":"SMITH"},{"floor":15.0,"key":"REST"},{"floor":23.0,"key":"REST"},{"floor":27.0,"key":"REST"},{"floor":29.0,"key":"REST"},{"data":"Echo Form","floor":32.0,"key":"SMITH"},{"data":"1","floor":40,"key":"LIFT"},{"data":"2","floor":47,"key":"LIFT"},{"data":"3","floor":49,"key":"LIFT"}],"circlet_count":0,"master_deck":["AscendersBane","Strike_B","Strike_B","Defend_B+1","Defend_B","Defend_B","Defend_B","Zap","Dualcast","Doom and Gloom+1","Cold Snap","Genetic Algorithm","Machine Learning","Undo","Echo Form+1","Chaos+1","Compile Driver","Electrodynamics","Defragment","Biased Cognition","Barrage","Self Repair","Force Field","Force Field","Loop","Fission","Barrage","Coolheaded","Dark Shackles","Apotheosis","Transmutation","FTL+1","Cold Snap","Core Surge","Cold Snap+1"],"relics":["Cracked Core","Toy Ornithopter","MealTicket","Mummified Hand","Pear","SlaversCollar","Singing Bowl","HornCleat","Letter Opener","Sozu","Girya","StrikeDummy","Blue Candle","Molten Egg 2","Red Mask"],"acts_visited":["Exordium","TheCity","TheBeyond"],"potions_floor_usage":[36],"damage_taken":[{"damage":1.0,"enemies":"Cultist","floor":1.0,"turns":3.0},{"damage":4.0,"enemies":"Small Slimes","floor":2.0,"turns":3.0},{"damage":0.0,"enemies":"2 Louse","floor":4.0,"turns":1.0},{"damage":24.0,"enemies":"3 Sentries","floor":7.0,"turns":6.0},{"damage":22.0,"enemies":"Gremlin Nob","floor":11.0,"turns":4.0},{"damage":15.0,"enemies":"Blue Slaver","floor":12.0,"turns":5.0},{"damage":0.0,"enemies":"3 Louse","floor":14.0,"turns":1.0},{"damage":2.0,"enemies":"Slime Boss","floor":16.0,"turns":8.0},{"damage":14.0,"enemies":"Shell Parasite","floor":18.0,"turns":7.0},{"damage":7.0,"enemies":"3 Byrds","floor":20.0,"turns":2.0},{"damage":40.0,"enemies":"Centurion and Healer","floor":21.0,"turns":5.0},{"damage":30.0,"enemies":"Slavers","floor":24.0,"turns":4.0},{"damage":33.0,"enemies":"Snake Plant","floor":25.0,"turns":5.0},{"damage":48.0,"enemies":"Book of Stabbing","floor":28.0,"turns":5.0},{"damage":23.0,"enemies":"Shelled Parasite and Fungi","floor":30.0,"turns":6.0},{"damage":47.0,"enemies":"Collector","floor":33.0,"turns":8.0},{"damage":6,"enemies":"3 Shapes","floor":35,"turns":5},{"damage":5,"enemies":"Mind Bloom Boss Battle","floor":36,"turns":7},{"damage":13,"enemies":"Reptomancer","floor":41,"turns":5},{"damage":2,"enemies":"Orb Walker","floor":42,"turns":3},{"damage":10,"enemies":"4 Shapes","floor":44,"turns":6},{"damage":41,"enemies":"Nemesis","floor":45,"turns":6},{"damage":29,"enemies":"Donu and Deca","floor":50,"turns":11},{"damage":26,"enemies":"Awakened One","floor":51,"turns":3}],"seed_played":"-4400468070306023178","potions_obtained":[{"floor":4.0,"key":"SpeedPotion"},{"floor":7.0,"key":"PotionOfCapacity"},{"floor":12.0,"key":"SpeedPotion"},{"floor":20.0,"key":"PowerPotion"},{"floor":24.0,"key":"ColorlessPotion"},{"floor":25.0,"key":"PowerPotion"},{"floor":28.0,"key":"GamblersBrew"},{"floor":33.0,"key":"BlessingOfTheForge"}],"is_trial":false,"path_per_floor":["M","M","?","M","?","R","E","?","T","$","E","M","R","M","R","B",null,"M","?","M","M","$","R","E","M","T","R","E","R","M","$","R","B",null,"M","?","$","?","?","R","E","M","T","M","E","?","R","$","R","B","B"],"character_chosen":"DEFECT","items_purchased":["Mummified Hand","Machine Learning","Undo","Force Field","AttackPotion"],"campfire_rested":5,"item_purchase_floors":[10,10,10,22,31],"current_hp_per_floor":[63,59,59,59,38,59,35,24,24,39,32,17,17,17,41,49,73,59,59,52,19,34,58,40,21,21,45,18,43,29,44,44,14,69,63,83,87,77,72,72,69,67,67,64,33,33,33,48,48,26,0,0],"gold":0,"neow_bonus":"HUNDRED_GOLD","is_daily":false,"chose_seed":false,"campfire_upgraded":2,"win_rate":0.0,"timestamp":1609126642,"path_taken":["M","M","?","M","?","R","E","?","T","?","E","M","R","M","R","BOSS","M","?","M","M","$","R","E","M","T","R","E","R","M","$","R","BOSS","M","?","?","?","?","R","E","M","T","?","E","?","R","?","R","BOSS","BOSS"],"items_purchased_type":["Relic","Card","Card","Card","Potion"],"build_version":"2020-12-22","purchased_purges":3,"victory":false,"max_hp_per_floor":[71,71,71,71,71,71,71,71,71,71,81,81,81,81,81,81,81,81,81,81,81,81,81,81,83,83,83,85,85,87,87,87,87,87,87,87,87,87,87,87,87,87,87,87,87,87,87,87,87,87,87,87],"card_choices":[{"not_picked":["Go for the Eyes","Hologram"],"picked":"Doom and Gloom","floor":1.0},{"not_picked":["Streamline","Coolheaded"],"picked":"Cold Snap","floor":2.0},{"not_picked":["Rebound","Steam","Hologram"],"picked":"SKIP","floor":4.0},{"not_picked":["Barrage","Stack"],"picked":"Genetic Algorithm","floor":7.0},{"not_picked":["Self Repair","Reinforced Body"],"picked":"Echo Form","floor":11.0},{"not_picked":["Sweeping Beam","Rip and Tear"],"picked":"Chaos","floor":12.0},{"not_picked":["Tempest","Steam Power"],"picked":"Compile Driver","floor":14.0},{"not_picked":["Seek","All For One"],"picked":"Electrodynamics","floor":16.0},{"not_picked":["Redo","Sweeping Beam"],"picked":"Defragment","floor":18.0},{"not_picked":["Gash","Barrage"],"picked":"Self Repair","floor":20.0},{"not_picked":["Cold Snap","Rebound"],"picked":"Force Field","floor":21.0},{"not_picked":["Barrage","Rip and Tear"],"picked":"Loop","floor":24.0},{"not_picked":["Chaos","Stack","Reprogram"],"picked":"Singing Bowl","floor":25.0},{"not_picked":["Tempest","All For One","Turbo"],"picked":"Singing Bowl","floor":28.0},{"not_picked":["Streamline","Skim","Coolheaded"],"picked":"Singing Bowl","floor":30.0},{"not_picked":["Electrodynamics","Multi-Cast"],"picked":"Fission","floor":33.0},{"not_picked":["Go for the Eyes","Hello World"],"picked":"Barrage","floor":35},{"not_picked":["Redo","Streamline"],"picked":"Coolheaded","floor":36},{"not_picked":["HandOfGreed","Good Instincts"],"picked":"Dark Shackles","floor":38},{"not_picked":["Blind","Trip"],"picked":"Apotheosis","floor":38},{"not_picked":["Discovery","Trip"],"picked":"Transmutation","floor":38},{"not_picked":["Coolheaded","Rebound"],"picked":"FTL+1","floor":41},{"not_picked":["Hologram","Beam Cell"],"picked":"Cold Snap","floor":42},{"not_picked":["Hologram+1","Cold Snap+1"],"picked":"Core Surge","floor":44},{"not_picked":["Auto Shields","Steam"],"picked":"Cold Snap+1","floor":45}],"player_experience":2846503,"relics_obtained":[{"floor":7.0,"key":"Toy Ornithopter"},{"floor":9.0,"key":"MealTicket"},{"floor":11.0,"key":"Pear"},{"floor":24.0,"key":"Singing Bowl"},{"floor":26.0,"key":"HornCleat"},{"floor":28.0,"key":"Letter Opener"},{"floor":36,"key":"Girya"},{"floor":41,"key":"StrikeDummy"},{"floor":43,"key":"Blue Candle"},{"floor":45,"key":"Molten Egg 2"}],"event_choices":[{"damage_healed":0.0,"max_hp_gain":0.0,"max_hp_loss":0.0,"gold_gain":150.0,"event_name":"Liars Game","player_choice":"AGREE","floor":3.0,"gold_loss":0.0,"damage_taken":0.0,"cards_obtained":["Doubt"]},{"damage_healed":0.0,"max_hp_gain":0.0,"max_hp_loss":0.0,"gold_gain":0.0,"event_name":"Shining Light","player_choice":"Entered Light","floor":5.0,"gold_loss":0.0,"damage_taken":21.0,"cards_upgraded":["Doom and Gloom","Defend_B"]},{"damage_healed":0.0,"max_hp_gain":0.0,"max_hp_loss":0.0,"gold_gain":75.0,"event_name":"World of Goop","player_choice":"Gather Gold","floor":8.0,"gold_loss":0.0,"damage_taken":11.0},{"damage_healed":0.0,"max_hp_gain":0.0,"max_hp_loss":0.0,"gold_gain":0.0,"event_name":"Match and Keep!","player_choice":"2 cards matched","floor":19.0,"gold_loss":0.0,"damage_taken":0.0,"cards_obtained":["Biased Cognition","Barrage"]},{"damage_healed":0,"gold_gain":0,"player_choice":"Fight","damage_taken":0,"max_hp_gain":0,"max_hp_loss":0,"event_name":"MindBloom","floor":36,"gold_loss":0},{"damage_healed":0,"gold_gain":0,"player_choice":"Memory 3","damage_taken":10,"max_hp_gain":0,"max_hp_loss":0,"event_name":"SensoryStone","floor":38,"gold_loss":0},{"damage_healed":0,"gold_gain":0,"player_choice":"Bought 0 Potions","damage_taken":0,"max_hp_gain":0,"max_hp_loss":0,"event_name":"The Woman in Blue","floor":39,"gold_loss":0},{"damage_healed":0,"gold_gain":0,"player_choice":"Paid","damage_taken":0,"relics_obtained":["Red Mask"],"max_hp_gain":0,"max_hp_loss":0,"event_name":"Tomb of Lord Red Mask","floor":46,"gold_loss":138}],"is_beta":false,"boss_relics":[{"not_picked":["Astrolabe","Fusion Hammer"],"picked":"SlaversCollar"},{"not_picked":["SacredBark","Calling Bell"],"picked":"Sozu"}],"items_purged_floors":[10,22,37],"is_endless":false,"potions_floor_spawned":[4,7,12,14,20,24,25,28,33,41,42,44],"killed_by":"Awakened One","ascension_level":20}}