{"host":"pynofkhbweftzsaw","time":1609162117,"event":{"mods":["BaseMod","Colored Map","Minty Spire (QoL Compilation)","StSLib"],"gold_per_floor":[115,79,254,254,272,272,306,323,404,404,437,449,162,191,191,296,296,311,215,215,228,228,228],"floor_reached":22,"playtime":1505,"items_purged":[],"score":227,"play_id":"994a7647-4927-4ec9-9abf-11be446cf9ff","local_time":"20201228212837","is_ascension_mode":false,"campfire_choices":[{"floor":6,"key":"RECALL"},{"data":"Terror","floor":10,"key":"SMITH"},{"data":"1","floor":15,"key":"LIFT"}],"circlet_count":0,"master_deck":["Strike_G","Strike_G","Strike_G","Strike_G","Strike_G","Defend_G","Defend_G","Defend_G","Defend_G","Defend_G","Survivor","Neutralize","Prepared","Terror","Quick Slash","Terror+1","Slice","Malaise","Heel Hook","Burst","Venomology","Accuracy+1","Acrobatics","Infinite Blades","Endless Agony"],"relics":["Runic Dome","Vajra","Ancient Tea Set","Girya","PreservedInsect","Philosopher\u0027s Stone"],"acts_visited":["Exordium","TheCity"],"potions_floor_usage":[11,14,14,16,18,21,21,21,22],"damage_taken":[{"damage":0,"enemies":"Jaw Worm","floor":1,"turns":4},{"damage":0,"enemies":"Small Slimes","floor":5,"turns":4},{"damage":32,"enemies":"3 Sentries","floor":7,"turns":10},{"damage":0,"enemies":"Cultist","floor":8,"turns":3},{"damage":0,"enemies":"Lagavulin","floor":11,"turns":4},{"damage":16,"enemies":"Lots of Slimes","floor":12,"turns":5},{"damage":9,"enemies":"Gremlin Nob","floor":14,"turns":3},{"damage":2,"enemies":"Hexaghost","floor":16,"turns":9},{"damage":33,"enemies":"Spheric Guardian","floor":18,"turns":4},{"damage":11,"enemies":"Shell Parasite","floor":21,"turns":4},{"damage":20,"enemies":"Centurion and Healer","floor":22,"turns":3}],"seed_played":"4855620753049134020","potions_obtained":[{"floor":1,"key":"Strength Potion"},{"floor":5,"key":"SpeedPotion"},{"floor":11,"key":"AttackPotion"},{"floor":14,"key":"SteroidPotion"}],"is_trial":false,"path_per_floor":["M","$","?","?","M","R","E","M","T","R","E","M","$","E","R","B",null,"M","$","?","M","M"],"character_chosen":"THE_SILENT","items_purchased":["Terror","Girya","Acrobatics","Infinite Blades"],"campfire_rested":0,"item_purchase_floors":[2,13,19,19],"current_hp_per_floor":[70,70,70,70,70,70,38,38,38,38,38,22,22,13,13,11,70,37,37,31,20,0,0],"gold":228,"neow_bonus":"BOSS_RELIC","is_daily":false,"chose_seed":false,"campfire_upgraded":1,"win_rate":0.0,"timestamp":1609162117,"path_taken":["M","$","?","?","M","R","E","M","T","R","E","M","$","E","R","BOSS","M","$","?","?","?"],"items_purchased_type":["Card","Relic","Card","Card"],"build_version":"2020-12-22","purchased_purges":0,"victory":false,"max_hp_per_floor":[70,70,70,70,70,70,70,70,70,70,70,70,70,70,70,70,70,70,70,70,70,70,70],"card_choices":[{"not_picked":["Skewer","Deadly Poison"],"picked":"Prepared","floor":1},{"not_picked":["Deflect","Sucker Punch"],"picked":"Quick Slash","floor":5},{"not_picked":["Dodge and Roll","Flying Knee"],"picked":"Terror","floor":7},{"not_picked":["Bane","All Out Attack"],"picked":"Slice","floor":8},{"not_picked":["Unload","Backstab"],"picked":"Malaise","floor":11},{"not_picked":["PiercingWail","Flying Knee"],"picked":"Heel Hook","floor":12},{"not_picked":["Dodge and Roll","Deadly Poison"],"picked":"Burst","floor":14},{"not_picked":["Tools of the Trade","Bullet Time"],"picked":"Venomology","floor":16},{"not_picked":["Skewer+1","Catalyst+1"],"picked":"Accuracy+1","floor":18},{"not_picked":["Noxious Fumes","Dodge and Roll+1"],"picked":"Endless Agony","floor":21}],"player_experience":31632,"relics_obtained":[{"floor":7,"key":"Vajra"},{"floor":11,"key":"Ancient Tea Set"},{"floor":14,"key":"PreservedInsect"}],"event_choices":[{"damage_healed":0,"gold_gain":175,"player_choice":"AGREE","damage_taken":0,"max_hp_gain":0,"max_hp_loss":0,"event_name":"Liars Game","floor":3,"gold_loss":0,"cards_obtained":["Doubt"]},{"cards_removed":["Doubt"],"damage_healed":0,"gold_gain":0,"player_choice":"Forget","damage_taken":0,"max_hp_gain":0,"max_hp_loss":0,"event_name":"Living Wall","floor":4,"gold_loss":0},{"damage_healed":0,"gold_gain":0,"player_choice":"","damage_taken":6,"max_hp_gain":0,"max_hp_loss":0,"event_name":"Knowing Skull","floor":20,"potions_obtained":[],"gold_loss":0,"cards_obtained":[]}],"is_beta":false,"boss_relics":[{"not_picked":["Tiny House","Cursed Key"],"picked":"Philosopher\u0027s Stone"}],"items_purged_floors":[],"is_endless":false,"potions_floor_spawned":[1,5,11,14],"killed_by":"Centurion and Healer","ascension_level":0}}