{"host":"vumwfieg2b2mnrfl","time":1609123335,"event":{"mods":["AchievementEnabler","BaseMod","Minty Spire (QoL Compilation)","Rare Cards Sparkle","Relic Stats"],"gold_per_floor":[114,26,40,40,59,93,93,128,153,187,43,43,70,84,84,157,157,170,187,187,187,201,201,201],"floor_reached":23,"playtime":1013,"items_purged":[],"score":383,"play_id":"3875a2bf-9800-4d36-aef8-7ad895afd89e","local_time":"20201227204215","is_ascension_mode":true,"campfire_choices":[{"floor":7.0,"key":"REST"},{"data":"Disarm","floor":15,"key":"SMITH"}],"circlet_count":0,"master_deck":["AscendersBane","Strike_R","Strike_R","Strike_R","Defend_R","Defend_R","Defend_R","Defend_R","Bash","Cleave","Pommel Strike","Hemokinesis","Battle Trance","Disarm+1","Pommel Strike","Clothesline","Barricade","Armaments","Flame Barrier","Sentinel","Wild Strike"],"relics":["Burning Blood","NeowsBlessing","Bag of Preparation","Bag of Marbles","Omamori","Lantern","Anchor","Lee\u0027s Waffle","Smiling Mask","Cursed Key"],"acts_visited":["Exordium","TheCity"],"potions_floor_usage":[16,23],"damage_taken":[{"damage":0.0,"enemies":"Cultist","floor":1.0,"turns":1.0},{"damage":0.0,"enemies":"Small Slimes","floor":3.0,"turns":1.0},{"damage":0.0,"enemies":"2 Louse","floor":5.0,"turns":1.0},{"damage":53.0,"enemies":"Lagavulin","floor":6.0,"turns":9.0},{"damage":24.0,"enemies":"3 Sentries","floor":8.0,"turns":6.0},{"damage":10.0,"enemies":"Gremlin Nob","floor":10.0,"turns":3.0},{"damage":20,"enemies":"3 Sentries","floor":13,"turns":7},{"damage":8,"enemies":"Blue Slaver","floor":14,"turns":3},{"damage":58,"enemies":"Hexaghost","floor":16,"turns":13},{"damage":7,"enemies":"Chosen","floor":18,"turns":5},{"damage":6,"enemies":"Shell Parasite","floor":19,"turns":7},{"damage":2,"enemies":"Centurion and Healer","floor":22,"turns":7},{"damage":69,"enemies":"Gremlin Leader","floor":23,"turns":9}],"seed_played":"3433933582398687933","potions_obtained":[{"floor":3.0,"key":"Weak Potion"},{"floor":5.0,"key":"SkillPotion"},{"floor":13,"key":"LiquidMemories"},{"floor":14,"key":"SkillPotion"},{"floor":19,"key":"SpeedPotion"}],"is_trial":false,"path_per_floor":["M","?","M","$","M","E","R","E","T","E","$","?","E","M","R","B",null,"M","M","?","?","M","E"],"character_chosen":"IRONCLAD","items_purchased":["Lee\u0027s Waffle"],"campfire_rested":1,"item_purchase_floors":[11],"current_hp_per_floor":[74,74,75,75,75,28,50,32,32,28,82,82,68,66,66,14,65,64,64,64,64,68,0,0],"gold":201,"neow_bonus":"THREE_ENEMY_KILL","is_daily":false,"chose_seed":false,"campfire_upgraded":1,"win_rate":0.0,"timestamp":1609123335,"path_taken":["M","?","?","$","M","E","R","E","T","E","$","?","E","M","R","BOSS","M","M","?","?","M","E"],"items_purchased_type":["Relic"],"build_version":"2020-12-22","purchased_purges":0,"victory":false,"max_hp_per_floor":[75,75,75,75,75,75,75,75,75,75,82,82,82,82,82,82,82,82,82,82,82,82,82,82],"relic_stats":{"Lee\u0027s Waffle":54,"counters":[13,72],"Bag of Preparation":[24],"Smiling Mask":0,"Cursed Key":0,"obtain_stats":[{"Lantern":9,"Anchor":10,"Lee\u0027s Waffle":11,"NeowsBlessing":0,"Bag of Preparation":2,"Bag of Marbles":6,"Omamori":8,"Smiling Mask":13,"Cursed Key":17,"Burning Blood":0},{"Lantern":5,"Anchor":6,"Lee\u0027s Waffle":6,"NeowsBlessing":0,"Bag of Preparation":1,"Bag of Marbles":4,"Omamori":5,"Smiling Mask":7,"Cursed Key":9,"Burning Blood":0},{"Lantern":18,"Anchor":21,"Lee\u0027s Waffle":21,"NeowsBlessing":0,"Bag of Preparation":1,"Bag of Marbles":12,"Omamori":18,"Smiling Mask":28,"Cursed Key":44,"Burning Blood":0}],"Burning Blood":61},"card_choices":[{"not_picked":["Flex","Rupture"],"picked":"Cleave","floor":1.0},{"not_picked":["Seeing Red","Wild Strike"],"picked":"Pommel Strike","floor":3.0},{"not_picked":["Sword Boomerang","Warcry"],"picked":"Hemokinesis","floor":5.0},{"not_picked":["Headbutt","Heavy Blade"],"picked":"Battle Trance","floor":6.0},{"not_picked":["Corruption","Thunderclap","True Grit"],"picked":"SKIP","floor":8.0},{"not_picked":["Anger","Juggernaut"],"picked":"Disarm","floor":10.0},{"not_picked":["Iron Wave","Seeing Red"],"picked":"Pommel Strike","floor":13},{"not_picked":["Sword Boomerang","Pommel Strike"],"picked":"Clothesline","floor":14},{"not_picked":["Immolate","Feed"],"picked":"Barricade","floor":16},{"not_picked":["True Grit","Carnage"],"picked":"Armaments","floor":18},{"not_picked":["Thunderclap","Wild Strike","Armaments"],"picked":"SKIP","floor":19},{"not_picked":["Flex","Power Through","Shockwave"],"picked":"SKIP","floor":22}],"player_experience":320322,"relics_obtained":[{"floor":6.0,"key":"Bag of Marbles"},{"floor":8.0,"key":"Omamori"},{"floor":9.0,"key":"Lantern"},{"floor":10.0,"key":"Anchor"},{"floor":13,"key":"Smiling Mask"}],"event_choices":[{"damage_healed":0.0,"max_hp_gain":0.0,"max_hp_loss":0.0,"gold_gain":0.0,"event_name":"WeMeetAgain","player_choice":"Paid Gold","floor":2.0,"gold_loss":88.0,"damage_taken":0.0,"relics_obtained":["Bag of Preparation"]},{"damage_healed":0.0,"max_hp_gain":0.0,"max_hp_loss":0.0,"gold_gain":0.0,"event_name":"Shining Light","player_choice":"Ignored","floor":12.0,"gold_loss":0.0,"damage_taken":0.0},{"damage_healed":0,"gold_gain":0,"player_choice":"Read","damage_taken":0,"max_hp_gain":0,"max_hp_loss":0,"event_name":"The Library","floor":20,"gold_loss":0,"cards_obtained":["Flame Barrier"]},{"damage_healed":0,"gold_gain":0,"cards_transformed":["Strike_R","Strike_R"],"player_choice":"Became Test Subject","damage_taken":0,"max_hp_gain":0,"max_hp_loss":0,"event_name":"Drug Dealer","floor":21,"gold_loss":0,"cards_obtained":["Sentinel","Wild Strike"]}],"is_beta":false,"boss_relics":[{"not_picked":["Velvet Choker","Empty Cage"],"picked":"Cursed Key"}],"items_purged_floors":[],"is_endless":false,"potions_floor_spawned":[3,5,13,14,19],"killed_by":"Gremlin Leader","ascension_level":15}}