{"host":"s1gi8xs3so6zkrm7","time":1609177591,"event":{"mods":["BaseMod","Filter the Spire","Minty Spire (QoL Compilation)"],"gold_per_floor":[115,115,67,17,17,17,50,69,137,137,149,149,162,196,196,298,298,309,323,503,77,91,91,91,91],"floor_reached":24,"playtime":979,"items_purged":["Strike_R"],"score":245,"play_id":"c9b11da3-ee0d-48f2-ae98-8050c6060b4f","local_time":"20201228114631","is_ascension_mode":true,"campfire_choices":[{"data":"Warcry","floor":6.0,"key":"SMITH"},{"data":"Pommel Strike","floor":12.0,"key":"SMITH"},{"floor":15.0,"key":"REST"},{"floor":23.0,"key":"REST"}],"circlet_count":0,"master_deck":["Defend_R","Defend_R","Defend_R","Bash","Rampage+1","Headbutt+1","Hemokinesis+1","Warcry+1","Pommel Strike+1","Rampage","Offering","Offering","Exhume"],"relics":["Astrolabe","Singing Bowl","Eternal Feather","Potion Belt","Busted Crown","Orichalcum"],"acts_visited":["Exordium","TheCity"],"potions_floor_usage":[24],"damage_taken":[{"damage":2.0,"enemies":"Small Slimes","floor":1.0,"turns":2.0},{"damage":20.0,"enemies":"Lagavulin","floor":7.0,"turns":3.0},{"damage":12.0,"enemies":"Jaw Worm","floor":8.0,"turns":2.0},{"damage":0.0,"enemies":"Cultist","floor":11.0,"turns":2.0},{"damage":19.0,"enemies":"Gremlin Gang","floor":13.0,"turns":3.0},{"damage":32.0,"enemies":"3 Sentries","floor":14.0,"turns":5.0},{"damage":61.0,"enemies":"Hexaghost","floor":16.0,"turns":6.0},{"damage":20.0,"enemies":"Shell Parasite","floor":18.0,"turns":2.0},{"damage":8.0,"enemies":"Chosen","floor":19.0,"turns":3.0},{"damage":13.0,"enemies":"Sentry and Sphere","floor":22.0,"turns":3.0},{"damage":36,"enemies":"Book of Stabbing","floor":24,"turns":3}],"seed_played":"7001985308618822562","potions_obtained":[{"floor":1.0,"key":"GamblersBrew"},{"floor":8.0,"key":"Strength Potion"},{"floor":11.0,"key":"Swift Potion"},{"floor":18.0,"key":"LiquidMemories"},{"floor":19.0,"key":"EssenceOfSteel"}],"is_trial":false,"path_per_floor":["M","?","$","?","$","R","E","M","T","?","M","R","M","E","R","B",null,"M","M","?","$","M","R","E"],"character_chosen":"IRONCLAD","items_purchased":["Warcry","Orichalcum","Energy Potion","Exhume"],"campfire_rested":2,"item_purchase_floors":[3,21,21,21],"current_hp_per_floor":[78,78,78,78,78,78,58,46,46,72,74,80,63,31,62,1,84,66,60,20,20,9,42,6,6],"gold":91,"neow_bonus":"BOSS_RELIC","is_daily":false,"chose_seed":false,"campfire_upgraded":2,"win_rate":0.0,"timestamp":1609177591,"path_taken":["M","?","$","?","?","R","E","M","T","?","M","R","M","E","R","BOSS","M","M","?","$","M","R","E"],"items_purchased_type":["Card","Relic","Potion","Card"],"build_version":"2020-12-22","purchased_purges":1,"victory":false,"max_hp_per_floor":[80,80,80,80,80,80,80,80,80,80,82,82,84,84,84,84,84,86,88,88,88,90,90,90,90],"card_choices":[{"not_picked":["Reckless Charge","Body Slam","Clash"],"picked":"SKIP","floor":1.0},{"not_picked":["Wild Strike","Heavy Blade"],"picked":"Pommel Strike","floor":7.0},{"not_picked":["Body Slam","Shockwave"],"picked":"Rampage","floor":8.0},{"not_picked":["Shrug It Off","Flame Barrier","Whirlwind"],"picked":"Singing Bowl","floor":11.0},{"not_picked":["Immolate","Evolve","Warcry"],"picked":"Singing Bowl","floor":13.0},{"not_picked":["True Grit","Cleave"],"picked":"Offering","floor":14.0},{"not_picked":["Bludgeon","Corruption"],"picked":"Offering","floor":16.0},{"not_picked":["Body Slam"],"picked":"Singing Bowl","floor":18.0},{"not_picked":["Sword Boomerang"],"picked":"Singing Bowl","floor":19.0},{"not_picked":["Armaments"],"picked":"Singing Bowl","floor":22.0}],"player_experience":193779,"relics_obtained":[{"floor":7.0,"key":"Singing Bowl"},{"floor":9.0,"key":"Eternal Feather"},{"floor":14.0,"key":"Potion Belt"}],"event_choices":[{"cards_removed":["Strike_R"],"damage_healed":0.0,"max_hp_gain":0.0,"max_hp_loss":0.0,"gold_gain":0.0,"event_name":"Living Wall","player_choice":"Forget","floor":2.0,"gold_loss":0.0,"damage_taken":0.0},{"cards_removed":["Strike_R"],"damage_healed":0.0,"max_hp_gain":0.0,"max_hp_loss":0.0,"gold_gain":0.0,"event_name":"The Cleric","player_choice":"Card Removal","floor":4.0,"gold_loss":50.0,"damage_taken":0.0},{"damage_healed":26.0,"max_hp_gain":0.0,"max_hp_loss":0.0,"gold_gain":0.0,"event_name":"Big Fish","player_choice":"Banana","floor":10.0,"gold_loss":0.0,"damage_taken":0.0},{"damage_healed":0.0,"max_hp_gain":0.0,"max_hp_loss":0.0,"gold_gain":180.0,"event_name":"Knowing Skull","player_choice":"GOLD POTION POTION POTION GOLD ","floor":20.0,"potions_obtained":["SmokeBomb","PowerPotion","GamblersBrew"],"gold_loss":0.0,"damage_taken":40.0,"cards_obtained":[]}],"is_beta":false,"boss_relics":[{"not_picked":["Coffee Dripper","Mark of Pain"],"picked":"Busted Crown"}],"items_purged_floors":[21],"is_endless":false,"potions_floor_spawned":[1,8,11,18,19],"killed_by":"Book of Stabbing","ascension_level":4}}