{"host":"w7o06k3e8uel8euj","time":1609134246,"event":{"mods":["AchievementEnabler","BaseMod","Colored Powertips","Custom Start","DeckTracker","Keyboard Shortcuts","Minty Spire (QoL Compilation)","Quick Restart","Relic Stats","StSLib","SuperFastMode","everything is the same but u backflip on backflip"],"gold_per_floor":[111,43,63,63,24,53,53,85,110,124,144,176,176,195,195,267,267,287,306,306,306,322,347,347,380,380,408,204,238,248,274,274,345,345,362,410,410,286,299,329,349,379,379,395,221,221,252,270,270,270,270,270,10,43,43],"floor_reached":56,"playtime":1686,"items_purged":["Strike_P","Defend_P","Defend_P","Consecrate+1"],"score":2543,"play_id":"e2d0d84c-a950-43e2-bd9b-4007c5a838fa","local_time":"20201228144406","is_ascension_mode":true,"campfire_choices":[{"data":"WheelKick","floor":7.0,"key":"SMITH"},{"data":"SandsOfTime","floor":13.0,"key":"SMITH"},{"data":"Scrawl","floor":15.0,"key":"SMITH"},{"floor":32.0,"key":"REST"},{"data":"Scrawl","floor":46,"key":"SMITH"},{"floor":49,"key":"RECALL"},{"data":"Omniscience","floor":52,"key":"SMITH"}],"circlet_count":0,"master_deck":["AscendersBane","Defend_P","Eruption+1","Vigilance","EmptyFist","WheelKick+1","Wallop","Adaptation","SandsOfTime+1","Scrawl+1","FearNoEvil","Scrawl+1","SashWhip+1","MasterReality+1","Necronomicurse","MentalFortress+1","Scrawl+1","Study+1","Deep Breath+1","MentalFortress+1","InnerPeace+1","Omniscience+1","Tantrum","Adaptation+1","Halt+1"],"relics":["PureWater","NeowsBlessing","Membership Card","Ancient Tea Set","Prayer Wheel","Centennial Puzzle","Thread and Needle","Astrolabe","Necronomicon","Frozen Egg 2","Damaru","Vajra","Pocketwatch","Lizard Tail","Potion Belt","Boot","VioletLotus","Unceasing Top","Orrery","TungstenRod","MealTicket","TheAbacus","War Paint","Pantograph","Art of War"],"acts_visited":["Exordium","TheCity","TheBeyond","TheEnding"],"potions_floor_usage":[42,50,50,50,55,55,55],"damage_taken":[{"damage":0.0,"enemies":"Jaw Worm","floor":1.0,"turns":1.0},{"damage":0.0,"enemies":"Cultist","floor":3.0,"turns":1.0},{"damage":0.0,"enemies":"3 Sentries","floor":6.0,"turns":1.0},{"damage":16.0,"enemies":"Gremlin Nob","floor":8.0,"turns":3.0},{"damage":0.0,"enemies":"Small Slimes","floor":10.0,"turns":3.0},{"damage":0.0,"enemies":"3 Louse","floor":11.0,"turns":3.0},{"damage":11.0,"enemies":"3 Sentries","floor":12.0,"turns":6.0},{"damage":8.0,"enemies":"Exordium Wildlife","floor":14.0,"turns":3.0},{"damage":1.0,"enemies":"Hexaghost","floor":16.0,"turns":7.0},{"damage":8.0,"enemies":"2 Thieves","floor":18.0,"turns":2.0},{"damage":8.0,"enemies":"Chosen","floor":19.0,"turns":3.0},{"damage":0.0,"enemies":"Snake Plant","floor":22.0,"turns":2.0},{"damage":1.0,"enemies":"Slavers","floor":23.0,"turns":2.0},{"damage":14.0,"enemies":"Book of Stabbing","floor":25.0,"turns":3.0},{"damage":0.0,"enemies":"Gremlin Leader","floor":27.0,"turns":4.0},{"damage":0.0,"enemies":"Book of Stabbing","floor":29.0,"turns":3.0},{"damage":0.0,"enemies":"Sentry and Sphere","floor":30.0,"turns":2.0},{"damage":1.0,"enemies":"Gremlin Leader","floor":31.0,"turns":4.0},{"damage":0.0,"enemies":"Collector","floor":33.0,"turns":5.0},{"damage":0.0,"enemies":"Orb Walker","floor":35.0,"turns":2.0},{"damage":14.0,"enemies":"2 Orb Walkers","floor":36.0,"turns":4.0},{"damage":20,"enemies":"3 Darklings","floor":39,"turns":4},{"damage":0,"enemies":"Giant Head","floor":40,"turns":7},{"damage":1,"enemies":"Maw","floor":41,"turns":6},{"damage":0,"enemies":"Reptomancer","floor":42,"turns":4},{"damage":0,"enemies":"Jaw Worm Horde","floor":44,"turns":3},{"damage":0,"enemies":"Nemesis","floor":47,"turns":5},{"damage":10,"enemies":"4 Shapes","floor":48,"turns":5},{"damage":24,"enemies":"Time Eater","floor":50,"turns":6},{"damage":0,"enemies":"Shield and Spear","floor":54,"turns":4},{"damage":48,"enemies":"The Heart","floor":55,"turns":8}],"seed_played":"-2418559130533226434","potions_obtained":[{"floor":3.0,"key":"FearPotion"},{"floor":6.0,"key":"Energy Potion"},{"floor":11.0,"key":"Swift Potion"},{"floor":16.0,"key":"BottledMiracle"},{"floor":22.0,"key":"SneckoOil"},{"floor":23.0,"key":"LiquidBronze"},{"floor":33.0,"key":"EssenceOfSteel"},{"floor":35.0,"key":"Block Potion"},{"floor":36.0,"key":"GamblersBrew"},{"floor":39,"key":"GamblersBrew"},{"floor":42,"key":"Block Potion"}],"is_trial":false,"path_per_floor":["M","$","M","?","$","E","R","E","T","M","M","E","R","M","R","B",null,"M","M","?","?","M","E","?","E","T","E","$","E","M","E","R","B",null,"M","?","?","$","M","E","M","E","T","M","$","R","E","M","R","B",null,"R","$","E","B",null],"character_chosen":"WATCHER","items_purchased":["WheelKick","Membership Card","Adaptation","MentalFortress+1","Lizard Tail","Orrery","Adaptation+1","TheAbacus","Strength Potion","DuplicationPotion","Pantograph"],"campfire_rested":1,"item_purchase_floors":[2,5,5,28,28,38,45,45,53,53,53],"current_hp_per_floor":[61,61,61,61,61,61,61,45,45,45,45,34,34,26,26,25,57,49,41,20,20,20,19,19,5,5,5,5,5,5,4,24,24,57,57,43,33,33,13,13,12,12,12,12,27,27,27,17,17,34,60,60,68,68,20],"gold":43,"neow_bonus":"THREE_ENEMY_KILL","is_daily":false,"chose_seed":false,"campfire_upgraded":5,"win_rate":0.0,"timestamp":1609134246,"path_taken":["M","$","M","?","$","E","R","E","T","?","M","E","R","M","R","BOSS","M","M","?","?","M","E","?","E","T","E","$","E","M","E","R","BOSS","M","?","?","$","M","E","M","E","T","M","$","R","E","M","R","BOSS","R","$","E","BOSS"],"items_purchased_type":["Card","Relic","Card","Card","Relic","Relic","Card","Relic","Potion","Potion","Relic"],"build_version":"2020-12-22","purchased_purges":4,"victory":true,"max_hp_per_floor":[68,68,68,68,68,68,68,68,68,68,68,68,68,68,68,68,68,68,68,68,68,68,68,68,68,68,68,68,68,68,68,68,68,68,68,68,68,68,68,68,68,68,68,68,68,68,68,68,68,68,68,68,68,68,68],"relic_stats":{"counters":[31,116],"Astrolabe":["SashWhip","Consecrate","MasterReality"],"War Paint":["Deep Breath","Scrawl"],"Boot":[93],"Centennial Puzzle":[42],"Lizard Tail":34,"TheAbacus":[138],"Pantograph":0,"Prayer Wheel":14,"MealTicket":23,"VioletLotus":[38],"Necronomicon":[49],"Art of War":[1],"obtain_stats":[{"Vajra":26,"Ancient Tea Set":6,"Boot":31,"Centennial Puzzle":9,"Lizard Tail":28,"TheAbacus":45,"Pantograph":53,"Prayer Wheel":8,"MealTicket":42,"VioletLotus":34,"Necronomicon":20,"Potion Belt":29,"NeowsBlessing":0,"Astrolabe":17,"Damaru":25,"Thread and Needle":12,"Frozen Egg 2":23,"War Paint":47,"Orrery":38,"Art of War":54,"Membership Card":5,"PureWater":0,"Unceasing Top":36,"TungstenRod":40,"Pocketwatch":27},{"Vajra":14,"Ancient Tea Set":3,"Boot":18,"Centennial Puzzle":4,"Lizard Tail":15,"TheAbacus":26,"Pantograph":29,"Prayer Wheel":4,"MealTicket":25,"VioletLotus":19,"Necronomicon":11,"Potion Belt":16,"NeowsBlessing":0,"Astrolabe":9,"Damaru":14,"Thread and Needle":7,"Frozen Egg 2":13,"War Paint":27,"Orrery":21,"Art of War":30,"Membership Card":2,"PureWater":0,"Unceasing Top":21,"TungstenRod":23,"Pocketwatch":15},{"Vajra":40,"Ancient Tea Set":3,"Boot":53,"Centennial Puzzle":6,"Lizard Tail":44,"TheAbacus":88,"Pantograph":104,"Prayer Wheel":6,"MealTicket":85,"VioletLotus":58,"Necronomicon":33,"Potion Belt":47,"NeowsBlessing":0,"Astrolabe":28,"Damaru":40,"Thread and Needle":18,"Frozen Egg 2":37,"War Paint":93,"Orrery":64,"Art of War":108,"Membership Card":2,"PureWater":0,"Unceasing Top":64,"TungstenRod":75,"Pocketwatch":44}],"Unceasing Top":[0],"TungstenRod":9,"Pocketwatch":[24]},"card_choices":[{"not_picked":["CrushJoints","LikeWater"],"picked":"EmptyFist","floor":1.0},{"not_picked":["Meditate","FlurryOfBlows"],"picked":"Wallop","floor":3.0},{"not_picked":["EmptyFist","Prostrate"],"picked":"SandsOfTime","floor":6.0},{"not_picked":["Vengeance","FlyingSleeves","Indignation"],"picked":"SKIP","floor":8.0},{"not_picked":["WheelKick","CutThroughFate"],"picked":"Scrawl","floor":10.0},{"not_picked":["Consecrate","FollowUp","Prostrate"],"picked":"SKIP","floor":10.0},{"not_picked":["Consecrate","PathToVictory","ReachHeaven"],"picked":"SKIP","floor":11.0},{"not_picked":["ThirdEye","SandsOfTime","JustLucky"],"picked":"SKIP","floor":11.0},{"not_picked":["LikeWater","FollowUp"],"picked":"FearNoEvil","floor":12.0},{"not_picked":["WindmillStrike","Blasphemy","Protect"],"picked":"SKIP","floor":14.0},{"not_picked":["FollowUp","Wireheading","WindmillStrike"],"picked":"SKIP","floor":14.0},{"not_picked":["Omniscience","ConjureBlade"],"picked":"Scrawl","floor":16.0},{"not_picked":["CarveReality","Evaluate","FlurryOfBlows"],"picked":"SKIP","floor":18.0},{"not_picked":["Wireheading","FlyingSleeves","Worship"],"picked":"SKIP","floor":18.0},{"not_picked":["Halt+1","FlurryOfBlows","SashWhip"],"picked":"SKIP","floor":19.0},{"not_picked":["Worship","BattleHymn+1","BowlingBash"],"picked":"SKIP","floor":19.0},{"not_picked":["FlurryOfBlows","FlyingSleeves","Perseverance"],"picked":"SKIP","floor":22.0},{"not_picked":["FlyingSleeves","Protect","Consecrate"],"picked":"SKIP","floor":22.0},{"not_picked":["SashWhip","FlurryOfBlows","Worship"],"picked":"SKIP","floor":23.0},{"not_picked":["FlurryOfBlows","EmptyBody","Wish"],"picked":"SKIP","floor":25.0},{"not_picked":["Pray","Conclude+1","Indignation"],"picked":"SKIP","floor":27.0},{"not_picked":["BattleHymn+1","CrushJoints","Weave"],"picked":"SKIP","floor":29.0},{"not_picked":["Conclude+1","Swivel","JustLucky"],"picked":"SKIP","floor":30.0},{"not_picked":["FlyingSleeves","CutThroughFate","ThirdEye+1"],"picked":"SKIP","floor":30.0},{"not_picked":["Crescendo","Pray","Wallop"],"picked":"SKIP","floor":31.0},{"not_picked":["Alpha","Judgement"],"picked":"Scrawl","floor":33.0},{"not_picked":["LikeWater+1","FlurryOfBlows"],"picked":"Study+1","floor":35.0},{"not_picked":["FlyingSleeves","PathToVictory","Vengeance+1"],"picked":"SKIP","floor":35.0},{"not_picked":["Discovery","Panacea"],"picked":"Deep Breath","floor":37},{"not_picked":["EmptyMind","CutThroughFate+1"],"picked":"MentalFortress+1","floor":38},{"not_picked":["BowlingBash","Halt"],"picked":"InnerPeace+1","floor":38},{"not_picked":["SashWhip+1","Sanctity"],"picked":"Omniscience","floor":39},{"not_picked":["CutThroughFate","CarveReality","WheelKick"],"picked":"SKIP","floor":39},{"not_picked":["CutThroughFate","FlyingSleeves","EmptyMind"],"picked":"SKIP","floor":40},{"not_picked":["SignatureMove+1","BattleHymn+1","FollowUp+1"],"picked":"SKIP","floor":41},{"not_picked":["Nirvana+1","FlyingSleeves","Sanctity+1"],"picked":"SKIP","floor":41},{"not_picked":["ReachHeaven","Fasting2+1"],"picked":"Tantrum","floor":42},{"not_picked":["FlyingSleeves","BowlingBash+1"],"picked":"Establishment+1","floor":44},{"not_picked":["Consecrate+1","Swivel","JustLucky"],"picked":"SKIP","floor":44},{"not_picked":["EmptyBody","MasterReality+1","Conclude+1"],"picked":"SKIP","floor":47},{"not_picked":["PathToVictory","Indignation+1","JustLucky"],"picked":"SKIP","floor":48},{"not_picked":["Halt+1","FearNoEvil","EmptyBody"],"picked":"SKIP","floor":48},{"not_picked":["FearNoEvil","EmptyBody"],"picked":"Halt+1","floor":48},{"not_picked":["PathToVictory","Indignation+1","JustLucky"],"picked":"SKIP","floor":48},{"not_picked":["BattleHymn+1","Crescendo","Prostrate"],"picked":"SKIP","floor":54}],"player_experience":573024,"relics_obtained":[{"floor":6.0,"key":"Ancient Tea Set"},{"floor":8.0,"key":"Prayer Wheel"},{"floor":9.0,"key":"Centennial Puzzle"},{"floor":12.0,"key":"Thread and Needle"},{"floor":20.0,"key":"Necronomicon"},{"floor":23.0,"key":"Frozen Egg 2"},{"floor":25.0,"key":"Damaru"},{"floor":26.0,"key":"Vajra"},{"floor":27.0,"key":"Pocketwatch"},{"floor":29.0,"key":"Potion Belt"},{"floor":31.0,"key":"Boot"},{"floor":36.0,"key":"Unceasing Top"},{"floor":40,"key":"TungstenRod"},{"floor":42,"key":"MealTicket"},{"floor":47,"key":"War Paint"},{"floor":54,"key":"Art of War"}],"event_choices":[{"damage_healed":0.0,"max_hp_gain":0.0,"max_hp_loss":0.0,"gold_gain":0.0,"event_name":"Accursed Blacksmith","player_choice":"Forge","floor":4.0,"gold_loss":0.0,"damage_taken":0.0,"cards_upgraded":["Eruption"]},{"damage_healed":0.0,"max_hp_gain":0.0,"max_hp_loss":0.0,"gold_gain":0.0,"event_name":"Cursed Tome","player_choice":"Obtained Book","floor":20.0,"gold_loss":0.0,"damage_taken":21.0},{"cards_removed":["Defend_P"],"damage_healed":0.0,"max_hp_gain":0.0,"max_hp_loss":0.0,"gold_gain":0.0,"event_name":"Back to Basics","player_choice":"Elegance","floor":21.0,"gold_loss":0.0,"damage_taken":0.0},{"damage_healed":0.0,"max_hp_gain":0.0,"max_hp_loss":0.0,"gold_gain":0.0,"event_name":"The Mausoleum","player_choice":"Ignored","floor":24.0,"gold_loss":0.0,"damage_taken":0.0},{"damage_healed":0.0,"max_hp_gain":0.0,"max_hp_loss":0.0,"gold_gain":0.0,"event_name":"Mysterious Sphere","player_choice":"Fight","floor":36.0,"gold_loss":0.0,"damage_taken":0.0},{"damage_healed":0,"gold_gain":0,"player_choice":"Memory 3","damage_taken":10,"max_hp_gain":0,"max_hp_loss":0,"event_name":"SensoryStone","floor":37,"gold_loss":0}],"is_beta":false,"boss_relics":[{"not_picked":["Velvet Choker","SacredBark"],"picked":"Astrolabe"},{"not_picked":["Busted Crown","Sozu"],"picked":"VioletLotus"}],"items_purged_floors":[28,38,45,53],"is_endless":false,"potions_floor_spawned":[3,6,8,11,16,22,23,25,33,35,36,39,42,47],"ascension_level":15}}