{"host":"pr6x8hyknev46vut","time":1609172488,"event":{"mods":["Aspiration","BaseMod","CCEM","Colored Map","Downfall","Googly Eyes","Hermit","Highlight Path","Minty Spire (QoL Compilation)","Permanent Neow","Replay The Spire","Shop Mod","StSLib","The Bug Knight","The Construct","The Cursed","The Disciple","The Necromancer","The Runesmith","The Servant 0.9.4"],"gold_per_floor":[99,119,119,135,153,78,78,105,5,0,0,0,100,114,129,224,224,74,88,100,113,128,128,210,222,240,33,50,81,98,84,101,202,202,202,214,214,227,79,91,91,141,141,141,141],"floor_reached":43,"playtime":2687,"items_purged":[],"score":554,"play_id":"1897fcf1-9c49-42d5-9ed1-91bd40c82040","local_time":"20201228172128","is_ascension_mode":false,"campfire_choices":[{"floor":1,"key":"RECALL"},{"data":"Slimebound:Split","floor":6,"key":"SMITH"},{"data":"Slimebound:TongueLash","floor":12,"key":"SMITH"},{"data":"Slimebound:SlimeSlap","floor":18,"key":"SMITH"},{"floor":23,"key":"REST"},{"data":"Slimebound:Defend_Slimebound","floor":35,"key":"SMITH"}],"circlet_count":0,"master_deck":["Slimebound:Strike_Slimebound","Slimebound:Strike_Slimebound","Slimebound:Tackle","Slimebound:Defend_Slimebound+1","Slimebound:Defend_Slimebound","Slimebound:Defend_Slimebound","Slimebound:Split+1","Slimebound:CorrosiveSpit+1","Slimebound:Overexert","Slimebound:GrowthPunch","Slimebound:SplitMire","Slimebound:RejuvenatingLick","Slimebound:GrowthPunch","Slimebound:FinishingTackle","Slimebound:TongueLash+1","Slimebound:GoopSpray","Slimebound:ViciousTackle","Slimebound:LeadByExample","Slimebound:ItLooksTasty","Slimebound:SlimeSlap+1","Slimebound:GrowthPunch+1","Slimebound:Equalize","Slimebound:ItLooksTasty","Slimebound:OozeBath","Slimebound:ForwardTackle+1","Slimebound:HauntingLick","Slimebound:RainOfGoop","Slimebound:AcidTongue","Slimebound:Grow","Slimebound:SplitAcid+1","Slimebound:GrowthPunch+1","Slimebound:TongueLash","Slimebound:Schlurp","Slimebound:MegaLick","Slimebound:GoopSpray","Pot Of Greed","Pot Of Greed","Pot Of Greed","Slimebound:ViciousTackle+1","Pot Of Greed"],"relics":["Slimebound:AbsorbEndCombat","downfall:HeartBlessingRed","CCEMRelics:FryingPan","downfall:GremlinWheel","aspiration:PoetsPen_weak","downfall:HeartBlessingGreen","downfall:HeartBlessingBlue","Bottled Lightning","Orichalcum","Bottled Tornado","Lantern","Pen Nib","CCEMRelics:TransientCore","Grinning Jar","InkBottle","Durian"],"acts_visited":["Exordium","TheCity","TheBeyond"],"potions_floor_usage":[13,16,16,26,31,33,40,42,42],"damage_taken":[{"damage":8,"enemies":"Cultist","floor":2,"turns":3},{"damage":9,"enemies":"Jaw Worm","floor":4,"turns":4},{"damage":14,"enemies":"Small Slimes","floor":5,"turns":3},{"damage":49,"enemies":"Gremlin Nob","floor":8,"turns":5},{"damage":16,"enemies":"downfall:FleeingMerchant","floor":9,"turns":4},{"damage":17,"enemies":"downfall:FleeingMerchant","floor":10,"turns":4},{"damage":44,"enemies":"downfall:FleeingMerchant","floor":13,"turns":5},{"damage":29,"enemies":"Gremlin Gang","floor":14,"turns":4},{"damage":22,"enemies":"Lots of Slimes","floor":15,"turns":4},{"damage":57,"enemies":"downfall:Ironclad","floor":16,"turns":8},{"damage":56,"enemies":"3 Byrds","floor":19,"turns":5},{"damage":26,"enemies":"Sentry and Sphere","floor":20,"turns":4},{"damage":14,"enemies":"Snake Plant","floor":21,"turns":4},{"damage":26,"enemies":"Snecko","floor":22,"turns":4},{"damage":42,"enemies":"Chosen and Byrds","floor":25,"turns":5},{"damage":31,"enemies":"Snake Plant","floor":26,"turns":4},{"damage":26,"enemies":"downfall:FleeingMerchant","floor":27,"turns":4},{"damage":20,"enemies":"3 Cultists","floor":28,"turns":4},{"damage":28,"enemies":"HollowMod:Nosk","floor":29,"turns":6},{"damage":32,"enemies":"Centurion and Healer","floor":30,"turns":4},{"damage":16,"enemies":"downfall:FleeingMerchant","floor":31,"turns":2},{"damage":28,"enemies":"Sentry and Sphere","floor":32,"turns":4},{"damage":82,"enemies":"downfall:Watcher","floor":33,"turns":6},{"damage":36,"enemies":"3 Darklings","floor":36,"turns":4},{"damage":20,"enemies":"3 Shapes","floor":38,"turns":3},{"damage":43,"enemies":"Sphere and 2 Shapes","floor":40,"turns":4},{"damage":57,"enemies":"2 Orb Walkers","floor":42,"turns":5},{"damage":89,"enemies":"Nemesis","floor":43,"turns":5}],"seed_played":"-9095129570670689920","potions_obtained":[{"floor":4,"key":"LiquidBronze"},{"floor":8,"key":"construct:ShiftPotion"},{"floor":13,"key":"LiquidBronze"},{"floor":14,"key":"sneckomod:MuddlingPotion"},{"floor":21,"key":"GamblersBrew"},{"floor":22,"key":"Venom Potion"},{"floor":25,"key":"Explosive Potion"},{"floor":26,"key":"Adrenaline Potion"},{"floor":28,"key":"sneckomod:MuddlingPotion"},{"floor":30,"key":"Death Potion"},{"floor":33,"key":"SkillPotion"},{"floor":38,"key":"Cursed Concoction"},{"floor":40,"key":"Swift Potion"}],"is_trial":false,"path_per_floor":["R","M","?","M","M","R","T","E","$","$","?","R","?","M","M","B",null,"R","M","M","M","M","R","T","M","M","$","M","E","M","$","M","B",null,"R","M","?","M","$","M","T","?","E"],"character_chosen":"SLIMEBOUND","items_purchased":["Slimebound:TongueLash","Slimebound:GoopSpray","Orichalcum","Slimebound:AcidTongue","Lantern","Slimebound:Schlurp","Pen Nib","Grinning Jar"],"campfire_rested":1,"item_purchase_floors":[9,9,27,27,31,31,31,39],"current_hp_per_floor":[60,60,60,55,60,60,60,33,47,52,52,52,38,39,43,36,60,70,38,32,52,48,69,69,57,54,56,70,65,69,58,64,28,70,70,50,57,61,61,44,44,36,0,0,0],"gold":141,"neow_bonus":"TRANSFORM_CARD","is_daily":false,"chose_seed":false,"campfire_upgraded":4,"win_rate":0.0,"timestamp":1609172488,"path_taken":["R","M","?","M","?","R","T","E","?","$","?","R","?","M","M","BOSS","R","M","?","M","M","R","T","?","M","$","M","E","M","$","M","BOSS","R","M","?","M","$","M","T","?","E"],"items_purchased_type":["Card","Card","Relic","Card","Relic","Card","Relic","Relic"],"build_version":"2020-12-22","purchased_purges":0,"victory":false,"max_hp_per_floor":[60,60,60,60,60,60,60,60,60,60,60,60,60,60,60,60,60,70,70,70,70,70,70,70,70,70,70,70,70,70,70,70,70,70,70,73,73,77,77,80,80,87,88,88,88],"card_choices":[{"not_picked":["Slimebound:PressTheAttack","Slimebound:SplitMire"],"picked":"Slimebound:GrowthPunch","floor":2},{"not_picked":["Slimebound:LeadByExample","Slimebound:Prepare"],"picked":"Slimebound:SplitMire","floor":4},{"not_picked":["Slimebound:SplitAcid","Slimebound:ServeAndProtect"],"picked":"Slimebound:RejuvenatingLick","floor":5},{"not_picked":["Slimebound:LevelUp","Slimebound:LeadByExample"],"picked":"Slimebound:GrowthPunch","floor":8},{"not_picked":["Slimebound:SplitMire","Slimebound:AcidTongue"],"picked":"Slimebound:FinishingTackle","floor":9},{"not_picked":["Slimebound:SelfFormingGoo","Slimebound:SplitLeeching"],"picked":"Slimebound:ViciousTackle","floor":10},{"not_picked":["Slimebound:SplitBruiser","Slimebound:ProtectTheBoss"],"picked":"Slimebound:LeadByExample","floor":14},{"not_picked":["Slimebound:GoopSpray","Slimebound:ViciousTackle"],"picked":"Slimebound:ItLooksTasty","floor":15},{"not_picked":["Slimebound:SelfFormingGoo","Slimebound:DouseInSlime"],"picked":"Slimebound:SlimeSlap","floor":16},{"not_picked":["Slimebound:Chomp","Slimebound:ComboTackle+1"],"picked":"Slimebound:GrowthPunch+1","floor":19},{"not_picked":["Slimebound:Repurpose","Slimebound:SpikyOuterGoop"],"picked":"Slimebound:Equalize","floor":20},{"not_picked":["Slimebound:SplitMire","Slimebound:Chomp"],"picked":"Slimebound:ItLooksTasty","floor":21},{"not_picked":["Slimebound:ServeAndProtect","Slimebound:SlimeBrawl"],"picked":"Slimebound:OozeBath","floor":22},{"not_picked":["Slimebound:BestDefense","Slimebound:SlimeBarrage"],"picked":"Slimebound:ForwardTackle+1","floor":25},{"not_picked":["Slimebound:ViciousTackle+1","Slimebound:RollThrough+1"],"picked":"Slimebound:HauntingLick","floor":26},{"not_picked":["Slimebound:SplitAcid","Slimebound:ViciousTackle"],"picked":"Slimebound:RainOfGoop","floor":27},{"not_picked":["Slimebound:SplitAcid","Slimebound:Chomp"],"picked":"Slimebound:Grow","floor":28},{"not_picked":["Slimebound:SplitLeeching","Slimebound:Prepare"],"picked":"Slimebound:SplitAcid+1","floor":29},{"not_picked":["Slimebound:ViciousTackle","Slimebound:FinishingTackle+1"],"picked":"Slimebound:GrowthPunch+1","floor":30},{"not_picked":["Slimebound:GoopSpray","Slimebound:ItLooksTasty"],"picked":"Slimebound:TongueLash","floor":31},{"not_picked":["Slimebound:DivideAndConquer","Slimebound:GrowthPunch"],"picked":"Slimebound:MegaLick","floor":32},{"not_picked":["Slimebound:Equalize","Slimebound:RollThrough+1","Slimebound:DisruptingSlam"],"picked":"SKIP","floor":36},{"not_picked":["Slimebound:BestDefense","Slimebound:Chomp+1"],"picked":"Slimebound:GoopSpray","floor":38},{"not_picked":["Slimebound:AcidTongue","Slimebound:GoopSpray"],"picked":"Slimebound:ViciousTackle+1","floor":40}],"player_experience":49858,"relics_obtained":[{"floor":8,"key":"CCEMRelics:FryingPan"},{"floor":13,"key":"downfall:GremlinWheel"},{"floor":24,"key":"Bottled Lightning"},{"floor":29,"key":"Bottled Tornado"},{"floor":41,"key":"InkBottle"},{"floor":42,"key":"Durian"}],"event_choices":[{"damage_healed":0,"gold_gain":0,"player_choice":"Ignored","damage_taken":0,"max_hp_gain":0,"max_hp_loss":0,"event_name":"Purifier","floor":3,"gold_loss":0},{"cards_removed":["Slimebound:Strike_Slimebound"],"damage_healed":0,"gold_gain":0,"player_choice":"Card Removal","damage_taken":0,"max_hp_gain":0,"max_hp_loss":0,"event_name":"Wheel of Change","floor":18,"gold_loss":0},{"damage_healed":0,"gold_gain":0,"player_choice":"Fight","damage_taken":0,"max_hp_gain":0,"max_hp_loss":0,"event_name":"Mysterious Sphere","floor":42,"gold_loss":0}],"is_beta":false,"boss_relics":[{"not_picked":["aspiration:DefectSkillbook","Cursed Key"],"picked":"aspiration:PoetsPen_weak"},{"not_picked":["Replay:Grab Bag","construct:WeddingRing"],"picked":"CCEMRelics:TransientCore"}],"items_purged_floors":[],"is_endless":false,"potions_floor_spawned":[4,8,13,14,21,22,25,26,28,30,33,38,40],"killed_by":"Nemesis","ascension_level":0}}