{"host":"w3q5ijqu8eoknil3","time":1609120464,"event":{"mods":["AchievementEnabler","BaseMod","Block Reminder","Colored Powertips","Minty Spire (QoL Compilation)","Quick Restart","Relic Stats","ojb\u0027s Better Paths Mod","ojb\u0027s Info Mod","slay the spire mod where everything is the same but ironclad has a cowboy hat"],"gold_per_floor":[112,123,123,123,137,137,170,170,196,231,244,244,169,211,211,211,211],"floor_reached":16,"playtime":551,"items_purged":[],"score":236,"play_id":"d442ad70-cd81-4d72-ae7b-a8863df349f1","local_time":"20201228015424","is_ascension_mode":true,"campfire_choices":[{"data":"Uppercut","floor":6,"key":"SMITH"},{"data":"Feel No Pain","floor":12,"key":"SMITH"},{"data":"Barricade","floor":15,"key":"SMITH"}],"circlet_count":0,"master_deck":["AscendersBane","Strike_R","Strike_R","Strike_R","Defend_R","Defend_R","Defend_R","Defend_R","Bash","Uppercut+1","Iron Wave","Heavy Blade","Metallicize","Rage","Feel No Pain+1","Second Wind","Barricade+1"],"relics":["Burning Blood","NeowsBlessing","Vajra","Shuriken","Nunchaku","Blood Vial","CeramicFish"],"acts_visited":["Exordium"],"potions_floor_usage":[16],"damage_taken":[{"damage":0,"enemies":"Jaw Worm","floor":1,"turns":1},{"damage":0,"enemies":"2 Louse","floor":2,"turns":1},{"damage":0,"enemies":"Cultist","floor":5,"turns":1},{"damage":45,"enemies":"3 Sentries","floor":7,"turns":12},{"damage":13,"enemies":"Gremlin Nob","floor":10,"turns":4},{"damage":4,"enemies":"3 Louse","floor":11,"turns":3},{"damage":7,"enemies":"3 Sentries","floor":14,"turns":16},{"damage":46,"enemies":"Hexaghost","floor":16,"turns":12}],"seed_played":"-8067475298428917928","potions_obtained":[{"floor":1,"key":"Ancient Potion"},{"floor":11,"key":"BlessingOfTheForge"},{"floor":14,"key":"DistilledChaos"}],"is_trial":false,"path_per_floor":["M","M","?","?","M","R","E","?","T","E","M","R","?","E","R","B"],"character_chosen":"IRONCLAD","items_purchased":[],"campfire_rested":0,"item_purchase_floors":[],"current_hp_per_floor":[74,75,80,80,80,80,41,41,41,34,38,38,38,39,39,0,0],"gold":211,"neow_bonus":"THREE_ENEMY_KILL","is_daily":false,"chose_seed":false,"campfire_upgraded":3,"win_rate":0.0,"timestamp":1609120464,"path_taken":["M","M","?","?","?","R","E","?","T","E","?","R","?","E","R","BOSS"],"items_purchased_type":[],"build_version":"2020-12-22","purchased_purges":0,"victory":false,"max_hp_per_floor":[75,75,80,80,80,80,80,80,80,80,80,80,80,80,80,80,80],"relic_stats":{"Blood Vial":6,"Nunchaku":[4],"counters":[8,50],"Shuriken":[3],"CeramicFish":9,"obtain_stats":[{"Blood Vial":10,"Nunchaku":9,"NeowsBlessing":0,"Shuriken":7,"CeramicFish":14,"Vajra":4,"Burning Blood":0},{"Blood Vial":5,"Nunchaku":4,"NeowsBlessing":0,"Shuriken":4,"CeramicFish":7,"Vajra":2,"Burning Blood":0},{"Blood Vial":19,"Nunchaku":15,"NeowsBlessing":0,"Shuriken":15,"CeramicFish":38,"Vajra":2,"Burning Blood":0}],"Burning Blood":31},"card_choices":[{"not_picked":["Rage","Armaments"],"picked":"Uppercut","floor":1},{"not_picked":["Flex","Brutality"],"picked":"Iron Wave","floor":2},{"not_picked":["Blood for Blood","Pommel Strike"],"picked":"Heavy Blade","floor":5},{"not_picked":["Headbutt","Sentinel"],"picked":"Metallicize","floor":7},{"not_picked":["Warcry","Clash"],"picked":"Feel No Pain","floor":10},{"not_picked":["Combust","Reckless Charge"],"picked":"Second Wind","floor":11},{"not_picked":["Pommel Strike","Clash"],"picked":"Barricade","floor":14}],"player_experience":949131,"relics_obtained":[{"floor":4,"key":"Vajra"},{"floor":7,"key":"Shuriken"},{"floor":9,"key":"Nunchaku"},{"floor":10,"key":"Blood Vial"},{"floor":14,"key":"CeramicFish"}],"event_choices":[{"damage_healed":0,"gold_gain":0,"player_choice":"Donut","damage_taken":0,"max_hp_gain":5,"max_hp_loss":0,"event_name":"Big Fish","floor":3,"gold_loss":0},{"damage_healed":0,"gold_gain":0,"player_choice":"Relic","damage_taken":0,"max_hp_gain":0,"max_hp_loss":0,"event_name":"Wheel of Change","floor":4,"gold_loss":0},{"damage_healed":0,"gold_gain":0,"cards_transformed":["Strike_R"],"player_choice":"Transformed","damage_taken":0,"max_hp_gain":0,"max_hp_loss":0,"event_name":"Transmorgrifier","floor":8,"gold_loss":0,"cards_obtained":["Rage"]},{"cards_removed":["Strike_R"],"damage_healed":0,"gold_gain":0,"player_choice":"Card Removal","damage_taken":0,"max_hp_gain":0,"max_hp_loss":0,"event_name":"The Cleric","floor":13,"gold_loss":75}],"is_beta":false,"boss_relics":[],"items_purged_floors":[],"is_endless":false,"potions_floor_spawned":[1,11,14],"killed_by":"Hexaghost","ascension_level":20}}