{"host":"bf9sa99gaumonoeu","time":1609191979,"event":{"mods":["AchievementEnabler","BaseMod","Colored Map","Downfall","Infinite Spire","Marisa????????","Minty Spire (QoL Compilation)","Replay The Spire","StSLib","The Cursed","The Disciple","The Servant 0.9.4","everything is the same but u backflip on backflip","slay the spire mod where everything is the same but ironclad has a cowboy hat"],"gold_per_floor":[99,116,126,126,141,141,192,211,211,226,255,273,299,299,314,418,418,418,429,444,444,456,483,568,597,637,662,689,715,742,786,809,918,930,942,966,989,1001,1023,1035,1047,1127,1166,1028,1053,1065,1088,1125,1154,1166],"floor_reached":51,"playtime":5227,"items_purged":[],"score":859,"play_id":"9622e6d5-5d2d-44d2-987b-2ea7635f95d9","local_time":"20201228194619","is_ascension_mode":true,"campfire_choices":[{"floor":1.0,"key":"DIG"},{"data":"Slimebound:OozeBath","floor":18.0,"key":"SMITH"},{"floor":40,"key":"RECALL"},{"floor":44,"key":"REST"}],"circlet_count":0,"master_deck":["Slimebound:Strike_Slimebound","Slimebound:Strike_Slimebound","Slimebound:Tackle","Slimebound:Defend_Slimebound","Slimebound:Defend_Slimebound","Slimebound:Defend_Slimebound","Slimebound:Split+1","Slimebound:CorrosiveSpit","Slimebound:SplitBruiser","Slimebound:ForwardTackle","Slimebound:SplitBruiser+1","Slimebound:SplitMire","Slimebound:SplitMire","Slimebound:SplitSpecialist","Slimebound:SlimeSpikes","Slimebound:SlimeBrawl","Slimebound:OozeBath+1","Slimebound:MassRepurpose","Slimebound:DivideAndConquer+1","Slimebound:ProtectTheBoss","Slimebound:Gluttony","Slimebound:DivideAndConquer+1","Slimebound:SpikyOuterGoop","Slimebound:SpikyOuterGoop+1","Slimebound:TagTeam","Slimebound:PressTheAttack","Slimebound:SplitAcid+1","Slimebound:ServeAndProtect+1","Slimebound:AcidTongue","Slimebound:MegaLick","Slimebound:SlimeSpikes","Slimebound:Schlurp+1"],"relics":["Slimebound:AbsorbEndCombat","Replay:Bottled Flurry","downfall:ShatteredFragment","Anchor","infinitespire:CursedDice","Pantograph","ReplayFunnel","Painkiller Herb","MawBank","downfall:KnowingSkull","Bottled Flame","Incense Burner","Replay:Accelerometer","Fusion Hammer","infinitespire:Broken Mirror","ReplayTheSpireMod:Ninjato","Replay:Rubber Ducky","downfall:HeartBlessingRed","downfall:HeartBlessingGreen","Blue Doll"],"acts_visited":["TheBeyond"],"potions_floor_usage":[43,45,47,50,50],"damage_taken":[{"damage":10.0,"enemies":"2 Louse","floor":2.0,"turns":3.0},{"damage":13.0,"enemies":"Jaw Worm","floor":3.0,"turns":3.0},{"damage":10.0,"enemies":"Cultist","floor":5.0,"turns":2.0},{"damage":23.0,"enemies":"Large Slime","floor":8.0,"turns":3.0},{"damage":15.0,"enemies":"2 Fungi Beasts","floor":10.0,"turns":2.0},{"damage":15.0,"enemies":"Gremlin Nob","floor":11.0,"turns":2.0},{"damage":19.0,"enemies":"Red Slaver","floor":12.0,"turns":2.0},{"damage":15.0,"enemies":"Replay:BlueRogue","floor":13.0,"turns":3.0},{"damage":18.0,"enemies":"Blue Slaver","floor":15.0,"turns":2.0},{"damage":23.0,"enemies":"downfall:Watcher","floor":16.0,"turns":6.0},{"damage":27.0,"enemies":"Spheric Guardian","floor":19.0,"turns":3.0},{"damage":23.0,"enemies":"Snecko","floor":20.0,"turns":3.0},{"damage":37.0,"enemies":"3 Cultists","floor":23.0,"turns":4.0},{"damage":42.0,"enemies":"Shelled Parasite and Fungi","floor":25.0,"turns":4.0},{"damage":36.0,"enemies":"Gremlin Leader","floor":26.0,"turns":4.0},{"damage":32.0,"enemies":"Centurion and Healer","floor":27.0,"turns":5.0},{"damage":25.0,"enemies":"Chosen and Byrds","floor":28.0,"turns":4.0},{"damage":17.0,"enemies":"Cultist and Chosen","floor":29.0,"turns":6.0},{"damage":34.0,"enemies":"Snake Plant","floor":30.0,"turns":3.0},{"damage":42.0,"enemies":"Book of Stabbing","floor":31.0,"turns":4.0},{"damage":45.0,"enemies":"3 Cultists","floor":32.0,"turns":6.0},{"damage":44.0,"enemies":"downfall:Silent","floor":33.0,"turns":8.0},{"damage":51,"enemies":"3 Darklings","floor":36,"turns":4},{"damage":14,"enemies":"3 Shapes","floor":37,"turns":2},{"damage":21,"enemies":"Transient","floor":39,"turns":5},{"damage":39,"enemies":"Reptomancer","floor":43,"turns":7},{"damage":13,"enemies":"4 Shapes","floor":45,"turns":3},{"damage":18,"enemies":"Sphere and 2 Shapes","floor":47,"turns":4},{"damage":29,"enemies":"Giant Head","floor":48,"turns":7},{"damage":13,"enemies":"Jaw Worm Horde","floor":49,"turns":3},{"damage":23,"enemies":"downfall:Ironclad","floor":50,"turns":9}],"seed_played":"-1721850274665445591","potions_obtained":[{"floor":5.0,"key":"Toxic Potion"},{"floor":11.0,"key":"AttackPotion"},{"floor":15.0,"key":"Slimebound:SlimedPotion"},{"floor":16.0,"key":"Block Potion"},{"floor":20.0,"key":"Adrenaline Potion"},{"floor":25.0,"key":"Fire Potion"},{"floor":26.0,"key":"LifebloodPotion"},{"floor":27.0,"key":"Explosive Potion"},{"floor":28.0,"key":"Slimebound:SlimedPotion"},{"floor":29.0,"key":"Swift Potion"},{"floor":37,"key":"hexamod:EctoCoolerPotion"},{"floor":43,"key":"Adrenaline Potion"},{"floor":45,"key":"Languid Potion"},{"floor":46,"key":"Energy Potion"},{"floor":46,"key":"Weak Potion"}],"is_trial":false,"path_per_floor":["R_BF","M","M","?","M","?","T","M","?","M","E","M","E","?","M","B",null,"T","?","?","?","?","?","T","?","E","?","?","?","?","E","?","B",null,"T","?","?","?","?","T","T","?","E","T","?","?","?","E","?","B",null],"character_chosen":"SLIMEBOUND","items_purchased":[],"campfire_rested":1,"item_purchase_floors":[],"current_hp_per_floor":[60,60,60,60,54,36,36,29,29,34,31,32,45,45,51,60,60,60,57,57,57,51,55,55,37,39,55,56,60,38,30,31,55,60,60,58,59,59,60,60,60,60,60,60,60,60,60,60,60,60],"gold":1178,"neow_bonus":"UPGRADE_CARD","is_daily":false,"chose_seed":false,"campfire_upgraded":1,"win_rate":0.0,"timestamp":1609191979,"path_taken":["R_BF","M","M","?","M","?","T","?","?","M","E","M","E","?","M","BOSS","T","?","?","?","?","?","T","?","E","?","?","?","?","E","?","BOSS","T","?","?","?","?","T","T","?","E","T","?","?","?","E","?","BOSS"],"items_purchased_type":[],"build_version":"2020-12-22","purchased_purges":0,"victory":true,"max_hp_per_floor":[60,60,60,60,60,60,60,60,60,60,60,60,60,60,60,60,60,60,60,60,60,60,60,60,60,60,60,60,60,60,60,60,60,60,60,60,60,60,60,60,60,60,60,60,60,60,60,60,60,60],"card_choices":[{"not_picked":["Slimebound:GrowthPunch","Slimebound:GoopSpray"],"picked":"Slimebound:SplitBruiser","floor":2.0},{"not_picked":["Slimebound:GoopSpray","Slimebound:LeechingTouch"],"picked":"Slimebound:ForwardTackle","floor":3.0},{"not_picked":["Slimebound:GoopSpray","Slimebound:Dissolve"],"picked":"Slimebound:SplitMire","floor":5.0},{"not_picked":["Slimebound:SamplingLick","Slimebound:LeechEnergy","Slimebound:RollThrough"],"picked":"SKIP","floor":8.0},{"not_picked":["Slimebound:Chomp","Slimebound:ViciousTackle"],"picked":"Slimebound:SplitMire","floor":10.0},{"not_picked":["Slimebound:ItLooksTasty","Slimebound:ViciousTackle"],"picked":"Slimebound:SplitSpecialist","floor":11.0},{"not_picked":["Slimebound:SplitBruiser","Slimebound:ViciousTackle"],"picked":"Slimebound:SlimeSpikes","floor":12.0},{"not_picked":["Slimebound:LevelUp","Slimebound:FormOfPuddle"],"picked":"Slimebound:SlimeBrawl","floor":13.0},{"not_picked":["Slimebound:SlimeSpikes","Slimebound:SlimeTap"],"picked":"Slimebound:OozeBath","floor":15.0},{"not_picked":["Slimebound:DouseInSlime","Slimebound:SelfFormingGoo"],"picked":"Slimebound:MassRepurpose","floor":16.0},{"not_picked":["Slimebound:SplitAcid","Slimebound:Schlurp","Slimebound:PressTheAttack"],"picked":"SKIP","floor":19.0},{"not_picked":["Slimebound:MegaLick","Slimebound:Chomp","Slimebound:HauntingLick"],"picked":"SKIP","floor":20.0},{"not_picked":["Slimebound:Nibble","Slimebound:PressTheAttack"],"picked":"Slimebound:DivideAndConquer+1","floor":23.0},{"not_picked":["Slimebound:ForwardTackle","Slimebound:Grow"],"picked":"Slimebound:ProtectTheBoss","floor":25.0},{"not_picked":["Slimebound:MegaLick","Slimebound:RejuvenatingLick"],"picked":"Slimebound:Gluttony","floor":26.0},{"not_picked":["Slimebound:GrowthPunch","Slimebound:RollThrough+1","Slimebound:LeechEnergy+1"],"picked":"SKIP","floor":27.0},{"not_picked":["Slimebound:GrowthPunch","Slimebound:RollThrough+1","Slimebound:LeechEnergy+1"],"picked":"SKIP","floor":27.0},{"not_picked":["Slimebound:Schlurp","Slimebound:Gluttony","Slimebound:MassFeed"],"picked":"SKIP","floor":28.0},{"not_picked":["Slimebound:LeechEnergy","Slimebound:SplitMire"],"picked":"Slimebound:DivideAndConquer+1","floor":29.0},{"not_picked":["Slimebound:DisruptingSlam","Slimebound:SamplingLick"],"picked":"Slimebound:SpikyOuterGoop","floor":30.0},{"not_picked":["Slimebound:SplitAcid+1","Slimebound:SplitBruiser+1"],"picked":"Slimebound:SpikyOuterGoop+1","floor":31.0},{"not_picked":["Slimebound:DivideAndConquer","Slimebound:SplitMire","Slimebound:SplitBruiser+1"],"picked":"SKIP","floor":32.0},{"not_picked":["Slimebound:Overexert","Slimebound:Darklings"],"picked":"Slimebound:TagTeam","floor":33.0},{"not_picked":["Slimebound:ViciousTackle","Slimebound:SplitMire"],"picked":"Slimebound:SplitAcid+1","floor":36},{"not_picked":["Slimebound:PressTheAttack","Slimebound:SplitAcid"],"picked":"Slimebound:ServeAndProtect+1","floor":37},{"not_picked":["Slimebound:GoopSpray","Slimebound:TongueLash","Slimebound:SplitLeeching+1"],"picked":"SKIP","floor":39},{"not_picked":["Slimebound:DivideAndConquer","Slimebound:FormOfPuddle"],"picked":"Slimebound:AcidTongue","floor":43},{"not_picked":["Slimebound:FinishingTackle+1","Slimebound:LeechingTouch","Slimebound:RejuvenatingLick"],"picked":"SKIP","floor":45},{"not_picked":["Slimebound:RollThrough+1","Slimebound:Overexert"],"picked":"Slimebound:MegaLick","floor":47},{"not_picked":["Slimebound:FirmFortitude+1","Slimebound:RollThrough"],"picked":"Slimebound:SlimeSpikes","floor":48},{"not_picked":["Slimebound:RollThrough+1","Slimebound:SamplingLick"],"picked":"Slimebound:Schlurp+1","floor":49}],"player_experience":521367,"relics_obtained":[{"floor":1.0,"key":"Replay:Bottled Flurry"},{"floor":7.0,"key":"Anchor"},{"floor":9.0,"key":"infinitespire:CursedDice"},{"floor":11.0,"key":"Pantograph"},{"floor":13.0,"key":"ReplayFunnel"},{"floor":24.0,"key":"Bottled Flame"},{"floor":26.0,"key":"Incense Burner"},{"floor":31.0,"key":"Replay:Accelerometer"},{"floor":41,"key":"infinitespire:Broken Mirror"},{"floor":42,"key":"ReplayTheSpireMod:Ninjato"},{"floor":43,"key":"Replay:Rubber Ducky"},{"floor":48,"key":"Blue Doll"}],"event_choices":[{"damage_healed":0,"gold_gain":0,"player_choice":"Got Potions","damage_taken":0,"max_hp_gain":0,"max_hp_loss":0,"event_name":"Lab","floor":46,"gold_loss":0}],"is_beta":false,"boss_relics":[{"not_picked":["Replay:Drink Me","Runic Dome"],"picked":"Painkiller Herb"},{"not_picked":["Tiny House","Kintsugi"],"picked":"Fusion Hammer"}],"items_purged_floors":[],"is_endless":false,"potions_floor_spawned":[5,11,15,16,20,25,26,27,28,29,37,43,45],"ascension_level":1}}