{"host":"8vqjvqze17j4iyaj","time":1609188976,"event":{"mods":["Act Like it!","BaseMod","Chen","Colored Powertips","Duelist Mod","Elementarium","Gensokyo","GifTheSpireLib","Infinite Spire","Jorbs\u0027s Wanderer Trilogy","Koishi","Marisa????????","Minty Spire (QoL Compilation)","Rare Cards Sparkle","Reimu??????","Remilia??????","Replay The Spire","StSLib","The Animator","The Cursed","The Forsaken","The Servant 0.9.4","Wandering Minibosses"],"gold_per_floor":[114,131,131,146,156,156,156],"floor_reached":6,"playtime":459,"items_purged":[],"score":42,"play_id":"3f0158b1-7d63-4f16-9b43-f33f1842ae63","local_time":"20201228135616","is_ascension_mode":true,"campfire_choices":[],"circlet_count":0,"master_deck":["theForsaken:TheForsaken_Strike","theForsaken:TheForsaken_Strike","theForsaken:TheForsaken_Strike","theForsaken:TheForsaken_Strike","theForsaken:TheForsaken_Defend","theForsaken:TheForsaken_Defend","theForsaken:TheForsaken_Defend","theForsaken:TheForsaken_Defend","theForsaken:Smite","theForsaken:Penitence","theForsaken:PowerUp","theForsaken:Backlash","theForsaken:Preservation","Pain","theForsaken:BlessedWeapon","theForsaken:Purification"],"relics":["theForsaken:JudgementScales","Gensokyo:LunaticRedEyes"],"acts_visited":["Gensokyo:Gensokyo"],"potions_floor_usage":[4,5],"damage_taken":[{"damage":1,"enemies":"Gensokyo:Python","floor":1,"turns":4},{"damage":5,"enemies":"Gensokyo:3_Fairies","floor":2,"turns":5},{"damage":10,"enemies":"Gensokyo:Gryphon","floor":4,"turns":4},{"damage":48,"enemies":"Gensokyo:LivingMonolith","floor":5,"turns":6},{"damage":22,"enemies":"Gensokyo:Aya","floor":6,"turns":5}],"seed_played":"2169792693807451994","potions_obtained":[{"floor":2,"key":"Adrenaline Potion"},{"floor":4,"key":"Fruit Juice"}],"is_trial":false,"path_per_floor":["M","M","?","M","M","E"],"character_chosen":"THE_FORSAKEN","items_purchased":[],"campfire_rested":0,"item_purchase_floors":[],"current_hp_per_floor":[65,60,60,58,13,0,0],"gold":156,"neow_bonus":"THREE_CARDS","is_daily":false,"chose_seed":false,"campfire_upgraded":0,"win_rate":0.0,"timestamp":1609188976,"path_taken":["M","M","?","M","?","E"],"items_purchased_type":[],"build_version":"2020-12-22","purchased_purges":0,"victory":false,"max_hp_per_floor":[65,65,65,70,70,70,70],"card_choices":[{"not_picked":["theForsaken:AncientWords","theForsaken:Preservation"],"picked":"theForsaken:PowerUp","floor":0},{"not_picked":["theForsaken:QuickAttack","theForsaken:ShieldBash"],"picked":"theForsaken:Backlash","floor":1},{"not_picked":["theForsaken:HorrifyingStrike","theForsaken:Eulogy"],"picked":"theForsaken:Preservation","floor":2},{"not_picked":["theForsaken:PowerUp","theForsaken:NobleSacrifice"],"picked":"theForsaken:BlessedWeapon","floor":4},{"not_picked":["theForsaken:Eulogy","theForsaken:StoreUp"],"picked":"theForsaken:Purification","floor":5}],"player_experience":272274,"relics_obtained":[],"event_choices":[],"is_beta":false,"boss_relics":[],"items_purged_floors":[],"is_endless":false,"potions_floor_spawned":[2,4],"killed_by":"Gensokyo:Aya","ascension_level":2}}