{"host":"4sgoj70bvr8ov3jh","time":1609165237,"event":{"mods":["2.2 Compatiblity","AchievementEnabler","BaseMod","Chen","GifTheSpireLib","Hero for Fun","Marisa????????","Minty Spire (QoL Compilation)","Permanent Neow","Remilia_Scarlet Moed?????·?????3.3.5","StSLib","The Alterego","The Servant 0.9.4"],"gold_per_floor":[19,38,53,72,88,120,120,120,147,166,194,194,214,225,225,329,329,345,345,49,65,81,111,111,111,111,111,111,111,165,179,179,284,284,299,299,299,310,321,321,336,336,336,354,380,380,0,17,17,17],"floor_reached":51,"playtime":486,"items_purged":[],"score":1111,"play_id":"d8986a7a-57be-421a-a789-71da69fa29e4","local_time":"20201228062037","is_ascension_mode":false,"campfire_choices":[{"data":"Consecutive_Normal_Punch","floor":8,"key":"SMITH"},{"data":"Normal_Punch","floor":12,"key":"SMITH"},{"data":"Consecutive_Normal_Punch","floor":15,"key":"SMITH"},{"data":"Bite","floor":28,"key":"SMITH"},{"data":"Terrifying_Presence","floor":32,"key":"SMITH"},{"floor":40,"key":"REST"},{"floor":46,"key":"REST"},{"floor":49,"key":"REST"}],"circlet_count":0,"master_deck":["Defend_Y+1","Defend_Y+1","Defend_Y+1","Side_Hop","Consecutive_Normal_Punch+1","Side_Hop+1","Normal_Punch+1","Ignore","Ignore","Hop","Serious_Punch","Consecutive_Normal_Punch+1","Side_Hop","Terrifying_Presence+1","Side_Hop","Do_Nothing","Do_Nothing","Slap","Bite+1","Bite","Bite","Bite","Bite","Hop","Serious_Side_Hops","Consecutive_Normal_Punch","Serious_Side_Hops","Side_Hop+1","Wraith","Normal_Punch","Side_Hop","Toss_Stone+1","Slap+1","Toss_Stone","Do_Nothing","Slap"],"relics":["Runic Dome","Pantograph","Tiny Chest","MealTicket","SlaversCollar","Chemical X","Regal Pillow","Bag of Marbles","Ornamental Fan","Bottled Flame","Blood Vial","Fusion Hammer","Art of War","Boot","Gremlin Horn","Red Mask"],"acts_visited":["Exordium","TheCity","TheBeyond"],"potions_floor_usage":[],"damage_taken":[{"damage":0,"enemies":"2 Louse","floor":1,"turns":1},{"damage":0,"enemies":"Cultist","floor":2,"turns":1},{"damage":0,"enemies":"Small Slimes","floor":3,"turns":2},{"damage":0,"enemies":"Gremlin Gang","floor":4,"turns":2},{"damage":0,"enemies":"Blue Slaver","floor":5,"turns":1},{"damage":0,"enemies":"Gremlin Nob","floor":6,"turns":1},{"damage":0,"enemies":"Looter","floor":10,"turns":1},{"damage":0,"enemies":"Lagavulin","floor":11,"turns":1},{"damage":0,"enemies":"Large Slime","floor":13,"turns":1},{"damage":0,"enemies":"2 Fungi Beasts","floor":14,"turns":2},{"damage":0,"enemies":"Hexaghost","floor":16,"turns":1},{"damage":0,"enemies":"Spheric Guardian","floor":18,"turns":1},{"damage":0,"enemies":"3 Byrds","floor":21,"turns":3},{"damage":0,"enemies":"Snake Plant","floor":22,"turns":1},{"damage":0,"enemies":"Book of Stabbing","floor":23,"turns":2},{"damage":0,"enemies":"Snecko","floor":31,"turns":1},{"damage":0,"enemies":"Champ","floor":33,"turns":1},{"damage":0,"enemies":"Orb Walker","floor":35,"turns":1},{"damage":0,"enemies":"3 Darklings","floor":38,"turns":1},{"damage":0,"enemies":"Jaw Worm Horde","floor":39,"turns":1},{"damage":0,"enemies":"Transient","floor":41,"turns":1},{"damage":0,"enemies":"Spire Growth","floor":44,"turns":1},{"damage":0,"enemies":"Nemesis","floor":45,"turns":1},{"damage":0,"enemies":"Sphere and 2 Shapes","floor":48,"turns":1},{"damage":0,"enemies":"Donu and Deca","floor":50,"turns":1}],"seed_played":"3769234469348893319","potions_obtained":[{"floor":1,"key":"DistilledChaos"},{"floor":3,"key":"BlessingOfTheForge"},{"floor":6,"key":"GamblersBrew"},{"floor":14,"key":"Explosive Potion"},{"floor":31,"key":"DuplicationPotion"}],"is_trial":false,"path_per_floor":["M","M","M","M","M","E","?","R","T","M","E","R","M","M","R","B",null,"M","?","$","M","M","E","T","?","T","?","R","?","T","M","R","B",null,"M","?","?","M","M","R","M","T","T","M","E","R","?","M","R","B",null],"character_chosen":"OPM","items_purchased":["Chemical X","Regal Pillow"],"campfire_rested":3,"item_purchase_floors":[20,20],"current_hp_per_floor":[999,999,999,999,999,999,999,999,999,999,999,999,999,999,999,999,999,999,999,999,999,999,999,999,999,999,699,699,699,699,699,699,699,699,699,699,699,699,699,699,699,699,699,699,699,699,699,699,699,699],"gold":17,"neow_bonus":"BOSS_RELIC","is_daily":false,"chose_seed":false,"campfire_upgraded":5,"win_rate":0.0,"timestamp":1609165237,"path_taken":["M","M","M","M","M","E","?","R","T","M","E","R","?","M","R","BOSS","M","?","$","?","M","E","?","?","T","?","R","?","?","M","R","BOSS","M","?","?","?","M","R","M","?","T","M","E","R","?","M","R","BOSS"],"items_purchased_type":["Relic","Relic"],"build_version":"2020-12-22","purchased_purges":0,"victory":true,"max_hp_per_floor":[999,999,999,999,999,999,999,999,999,999,999,999,999,999,999,999,999,999,999,999,999,999,999,999,999,999,699,699,699,699,699,699,699,699,699,699,699,699,699,699,699,699,699,699,699,699,699,699,699,699],"card_choices":[{"not_picked":["Do_Nothing","Slap"],"picked":"Side_Hop","floor":1},{"not_picked":["Side_Hop","Ignore"],"picked":"Consecutive_Normal_Punch","floor":2},{"not_picked":["Hop","Serious_Punch"],"picked":"Side_Hop","floor":3},{"not_picked":["Side_Hop","Ignore"],"picked":"Normal_Punch","floor":4},{"not_picked":["Toss_Stone","Wear_Disguise"],"picked":"Ignore","floor":5},{"not_picked":["Hop","Consecutive_Normal_Punch"],"picked":"Ignore","floor":6},{"not_picked":["Do_Nothing","Ignore"],"picked":"Hop","floor":10},{"not_picked":["Ignore","Wear_Disguise"],"picked":"Serious_Punch","floor":11},{"not_picked":["Slap","Wear_Disguise"],"picked":"Consecutive_Normal_Punch","floor":13},{"not_picked":["Wear_Disguise","Consecutive_Normal_Punch"],"picked":"Side_Hop","floor":14},{"not_picked":["Serious_Punch","Serious_Side_Hops"],"picked":"Terrifying_Presence","floor":16},{"not_picked":["Consecutive_Normal_Punch","Hop+1"],"picked":"Side_Hop","floor":18},{"not_picked":["Normal_Punch","Hop"],"picked":"Do_Nothing","floor":21},{"not_picked":["Do_Nothing+1","Toss_Stone","Side_Hop"],"picked":"SKIP","floor":22},{"not_picked":["Consecutive_Normal_Punch","Ignore+1"],"picked":"Slap","floor":23},{"not_picked":["Side_Hop","Wear_Disguise"],"picked":"Consecutive_Normal_Punch","floor":31},{"not_picked":["Terrifying_Presence","Get_Hopes_Up"],"picked":"Serious_Side_Hops","floor":33},{"not_picked":["Wear_Disguise+1","Hop+1"],"picked":"Side_Hop+1","floor":35},{"not_picked":["Yawn+1","Toss_Stone","Side_Hop"],"picked":"SKIP","floor":38},{"not_picked":["Wear_Disguise","Hop"],"picked":"Toss_Stone+1","floor":39},{"not_picked":["Hop+1","Wear_Disguise"],"picked":"Slap+1","floor":41},{"not_picked":["Normal_Punch+1","Yawn+1"],"picked":"Toss_Stone","floor":44},{"not_picked":["Side_Hop","Wear_Disguise"],"picked":"Do_Nothing","floor":45},{"not_picked":["Wear_Disguise+1","Consecutive_Normal_Punch"],"picked":"Slap","floor":48}],"player_experience":168329,"relics_obtained":[{"floor":6,"key":"Pantograph"},{"floor":9,"key":"Tiny Chest"},{"floor":11,"key":"MealTicket"},{"floor":23,"key":"Bag of Marbles"},{"floor":24,"key":"Ornamental Fan"},{"floor":26,"key":"Bottled Flame"},{"floor":30,"key":"Blood Vial"},{"floor":42,"key":"Art of War"},{"floor":43,"key":"Boot"},{"floor":45,"key":"Gremlin Horn"}],"event_choices":[{"damage_healed":0,"gold_gain":0,"player_choice":"Upgraded","damage_taken":0,"max_hp_gain":0,"max_hp_loss":0,"event_name":"Upgrade Shrine","floor":7,"gold_loss":0,"cards_upgraded":["Side_Hop"]},{"damage_healed":0,"gold_gain":0,"cards_transformed":["Strike_Y"],"player_choice":"Transformed","damage_taken":0,"max_hp_gain":0,"max_hp_loss":0,"event_name":"Transmorgrifier","floor":19,"gold_loss":0,"cards_obtained":["Do_Nothing"]},{"damage_healed":0,"gold_gain":0,"player_choice":"Simplicity","damage_taken":0,"max_hp_gain":0,"max_hp_loss":0,"event_name":"Back to Basics","floor":25,"gold_loss":0,"cards_upgraded":["Strike_Y","Strike_Y","Strike_Y","Strike_Y","Defend_Y","Defend_Y","Defend_Y","Defend_Y","Defend_Y"]},{"damage_healed":0,"gold_gain":0,"player_choice":"Became a vampire","damage_taken":0,"max_hp_gain":0,"max_hp_loss":300,"event_name":"Vampires","floor":27,"gold_loss":0,"cards_obtained":["Bite","Bite","Bite","Bite","Bite"]},{"damage_healed":0,"gold_gain":0,"cards_transformed":["Defend_Y","Defend_Y"],"player_choice":"Became Test Subject","damage_taken":0,"max_hp_gain":0,"max_hp_loss":0,"event_name":"Drug Dealer","floor":29,"gold_loss":0,"cards_obtained":["Hop","Serious_Side_Hops"]},{"damage_healed":0,"gold_gain":0,"player_choice":"Ignored","damage_taken":0,"max_hp_gain":0,"max_hp_loss":0,"event_name":"OrinTheCat","floor":36,"gold_loss":0},{"damage_healed":0,"gold_gain":0,"player_choice":"2 cards matched","damage_taken":0,"max_hp_gain":0,"max_hp_loss":0,"event_name":"Match and Keep!","floor":37,"gold_loss":0,"cards_obtained":["Normal_Punch","Side_Hop"]},{"damage_healed":0,"gold_gain":0,"player_choice":"Paid","damage_taken":0,"relics_obtained":["Red Mask"],"max_hp_gain":0,"max_hp_loss":0,"event_name":"Tomb of Lord Red Mask","floor":47,"gold_loss":380}],"is_beta":false,"boss_relics":[{"not_picked":["Ectoplasm","Empty Cage"],"picked":"SlaversCollar"},{"not_picked":["Busted Crown","Sozu"],"picked":"Fusion Hammer"}],"items_purged_floors":[],"is_endless":false,"potions_floor_spawned":[1,3,6,14,16,22,23,31,38,41,48],"ascension_level":0}}