{"host":"3t6uby4o5waaq95r","time":1609138699,"event":{"mods":["AchievementEnabler","BaseMod","Bestiary","Colored Map","Highlight Path","Minty Spire (QoL Compilation)","Permanent Neow","Quick Restart","Random Character Button","SuperFastMode"],"gold_per_floor":[114,189,189,200,200,200,211,211,211,211,136,152,152,165,165,262,262,279,293,304,304,316,316,164,164,218,218,230,255,288,288,288,388,388,406,406,127,12,30,30,30,30,53,65,123,217,241,282,294,306,306],"floor_reached":50,"playtime":1459,"items_purged":["Strike_B"],"score":501,"play_id":"80f47137-a65e-4187-bd66-d59b99f27260","local_time":"20201228005819","is_ascension_mode":false,"campfire_choices":[{"floor":6,"key":"REST"},{"data":"Sunder","floor":8,"key":"SMITH"},{"data":"Defend_B","floor":13,"key":"PURGE"},{"data":"Rainbow","floor":15,"key":"SMITH"},{"data":"Strike_B","floor":23,"key":"PURGE"},{"data":"Defend_B","floor":25,"key":"PURGE"},{"floor":27,"key":"REST"},{"data":"Barrage","floor":32,"key":"SMITH"},{"floor":40,"key":"REST"},{"data":"Loop","floor":44,"key":"SMITH"},{"floor":49,"key":"REST"}],"circlet_count":0,"master_deck":["Defend_B+1","Zap+1","Dualcast","BootSequence","Rip and Tear","Sunder+1","Rainbow+1","Barrage+1","Capacitor","Core Surge","Sweeping Beam+1","Leap+1","Sweeping Beam+1","Go for the Eyes+1","Compile Driver","Electrodynamics","Fusion+1","Loop+1","Ball Lightning","Madness","Madness","Ball Lightning+1","Double Energy","All For One"],"relics":["Empty Cage","Peace Pipe","Philosopher\u0027s Stone","Oddly Smooth Stone","Bag of Preparation","Red Mask","Bottled Tornado","Busted Crown","Membership Card","Symbiotic Virus","Nunchaku","MawBank","TungstenRod","Blue Candle","The Courier"],"acts_visited":["Exordium","TheCity","TheBeyond"],"potions_floor_usage":[10,16,19,22,22,33,50],"damage_taken":[{"damage":10,"enemies":"Jaw Worm","floor":1,"turns":4},{"damage":2,"enemies":"Small Slimes","floor":4,"turns":4},{"damage":0,"enemies":"Cultist","floor":7,"turns":2},{"damage":4,"enemies":"Large Slime","floor":12,"turns":3},{"damage":0,"enemies":"Gremlin Gang","floor":14,"turns":3},{"damage":14,"enemies":"The Guardian","floor":16,"turns":9},{"damage":2,"enemies":"Chosen","floor":18,"turns":3},{"damage":10,"enemies":"2 Thieves","floor":19,"turns":3},{"damage":10,"enemies":"Cultist and Chosen","floor":20,"turns":5},{"damage":7,"enemies":"Centurion and Healer","floor":22,"turns":4},{"damage":6,"enemies":"3 Cultists","floor":28,"turns":4},{"damage":9,"enemies":"Masked Bandits","floor":29,"turns":3},{"damage":8,"enemies":"Slavers","floor":30,"turns":4},{"damage":31,"enemies":"Automaton","floor":33,"turns":8},{"damage":11,"enemies":"3 Shapes","floor":35,"turns":3},{"damage":24,"enemies":"3 Darklings","floor":39,"turns":3},{"damage":25,"enemies":"2 Orb Walkers","floor":45,"turns":4},{"damage":4,"enemies":"4 Shapes","floor":47,"turns":3},{"damage":26,"enemies":"Reptomancer","floor":48,"turns":4},{"damage":42,"enemies":"Awakened One","floor":50,"turns":5}],"seed_played":"395674616728217085","potions_obtained":[{"floor":1,"key":"PotionOfCapacity"},{"floor":10,"key":"Fruit Juice"},{"floor":10,"key":"PowerPotion"},{"floor":10,"key":"Fire Potion"},{"floor":16,"key":"SteroidPotion"},{"floor":22,"key":"Fruit Juice"},{"floor":30,"key":"BlessingOfTheForge"},{"floor":35,"key":"Strength Potion"},{"floor":45,"key":"DuplicationPotion"}],"is_trial":false,"path_per_floor":["M","?","?","M","?","R","M","R","T","?","$","M","R","M","R","B",null,"M","M","M","?","M","R","$","R","T","R","M","?","E","?","R","B",null,"M","?","$","$","M","R","?","?","T","R","?","T","M","E","R","B"],"character_chosen":"DEFECT","items_purchased":["Oddly Smooth Stone","Membership Card","Symbiotic Virus","Nunchaku","Loop"],"campfire_rested":4,"item_purchase_floors":[24,37,37,38,38],"current_hp_per_floor":[65,54,39,37,37,59,59,59,59,64,64,60,60,60,60,46,80,78,68,58,58,56,56,56,56,56,81,75,66,58,58,58,27,85,74,79,79,79,55,80,69,69,69,69,44,44,40,14,39,0,0],"gold":306,"neow_bonus":"BOSS_RELIC","is_daily":false,"chose_seed":false,"campfire_upgraded":4,"win_rate":0.0,"timestamp":1609138699,"path_taken":["M","?","?","M","?","R","?","R","T","?","$","M","R","M","R","BOSS","M","?","M","?","M","R","$","R","T","R","M","?","E","?","R","BOSS","M","?","?","$","M","R","?","?","T","R","?","?","M","E","R","BOSS"],"items_purchased_type":["Relic","Relic","Relic","Relic","Card"],"build_version":"2020-12-22","purchased_purges":1,"victory":false,"max_hp_per_floor":[75,75,75,75,75,75,75,75,75,80,80,80,80,80,80,80,80,80,80,80,80,85,85,85,85,85,85,85,85,85,85,85,85,85,85,85,85,85,85,85,85,85,85,85,85,85,85,85,85,85,85],"card_choices":[{"not_picked":["Heatsinks","Turbo"],"picked":"BootSequence","floor":1},{"not_picked":["Cold Snap","Leap"],"picked":"Rip and Tear","floor":4},{"not_picked":["Beam Cell","Fusion"],"picked":"Rainbow","floor":7},{"not_picked":["Beam Cell","Turbo"],"picked":"Barrage","floor":12},{"not_picked":["Conserve Battery","Sweeping Beam"],"picked":"Capacitor","floor":14},{"not_picked":["Creative AI","Machine Learning"],"picked":"Core Surge","floor":16},{"not_picked":["Auto Shields","Rebound"],"picked":"Sweeping Beam+1","floor":18},{"not_picked":["Gash","BootSequence"],"picked":"Leap+1","floor":19},{"not_picked":["Steam","Ball Lightning"],"picked":"Sweeping Beam+1","floor":20},{"not_picked":["Gash+1","BootSequence"],"picked":"Rebound","floor":22},{"not_picked":["Conserve Battery","Gash"],"picked":"Compile Driver","floor":28},{"not_picked":["Ball Lightning","Steam"],"picked":"Go for the Eyes+1","floor":29},{"not_picked":["Loop","Skim"],"picked":"Compile Driver","floor":30},{"not_picked":["Rainbow","Core Surge"],"picked":"Electrodynamics","floor":33},{"not_picked":[],"picked":"Fusion+1","floor":35},{"not_picked":[],"picked":"Ball Lightning","floor":39},{"not_picked":[],"picked":"Ball Lightning+1","floor":45},{"not_picked":[],"picked":"Double Energy","floor":47},{"not_picked":[],"picked":"All For One","floor":48}],"player_experience":798672,"relics_obtained":[{"floor":9,"key":"Peace Pipe"},{"floor":26,"key":"Bag of Preparation"},{"floor":29,"key":"Red Mask"},{"floor":30,"key":"Bottled Tornado"},{"floor":43,"key":"MawBank"},{"floor":45,"key":"TungstenRod"},{"floor":46,"key":"Blue Candle"},{"floor":48,"key":"The Courier"}],"event_choices":[{"damage_healed":0,"gold_gain":75,"player_choice":"Gather Gold","damage_taken":11,"max_hp_gain":0,"max_hp_loss":0,"event_name":"World of Goop","floor":2,"gold_loss":0},{"damage_healed":0,"gold_gain":0,"player_choice":"Entered Light","damage_taken":15,"max_hp_gain":0,"max_hp_loss":0,"event_name":"Shining Light","floor":3,"gold_loss":0,"cards_upgraded":["Defend_B","Zap"]},{"damage_healed":0,"gold_gain":0,"cards_transformed":["Strike_B"],"player_choice":"Transformed","damage_taken":0,"max_hp_gain":0,"max_hp_loss":0,"event_name":"Transmorgrifier","floor":5,"gold_loss":0,"cards_obtained":["Sunder"]},{"damage_healed":0,"gold_gain":0,"player_choice":"Got Potions","damage_taken":0,"max_hp_gain":0,"max_hp_loss":0,"event_name":"Lab","floor":10,"gold_loss":0},{"damage_healed":0,"gold_gain":0,"player_choice":"Ignored","damage_taken":0,"max_hp_gain":0,"max_hp_loss":0,"event_name":"Ghosts","floor":21,"gold_loss":0},{"damage_healed":0,"gold_gain":0,"player_choice":"Fought Bandits","damage_taken":0,"max_hp_gain":0,"max_hp_loss":0,"event_name":"Masked Bandits","floor":29,"gold_loss":0},{"damage_healed":0,"gold_gain":0,"player_choice":"Ignored","damage_taken":0,"max_hp_gain":0,"max_hp_loss":0,"event_name":"Beggar","floor":31,"gold_loss":0},{"cards_removed":["Rebound"],"damage_healed":5,"gold_gain":0,"player_choice":"Offered Common","damage_taken":0,"max_hp_gain":0,"max_hp_loss":0,"event_name":"Bonfire Elementals","floor":36,"gold_loss":0},{"cards_removed":["Rebound"],"damage_healed":5,"gold_gain":0,"player_choice":"Offered Special","damage_taken":0,"max_hp_gain":0,"max_hp_loss":0,"event_name":"Bonfire Elementals","floor":36,"gold_loss":0},{"damage_healed":0,"gold_gain":0,"player_choice":"Embrace Madness","damage_taken":11,"max_hp_gain":0,"max_hp_loss":0,"event_name":"Winding Halls","floor":41,"gold_loss":0,"cards_obtained":["Madness","Madness"]},{"cards_removed":["Compile Driver"],"damage_healed":0,"gold_gain":0,"player_choice":"Removed Attack","damage_taken":0,"max_hp_gain":0,"max_hp_loss":0,"event_name":"Falling","floor":42,"gold_loss":0},{"damage_healed":0,"gold_gain":0,"player_choice":"Fight","damage_taken":0,"max_hp_gain":0,"max_hp_loss":0,"event_name":"Mysterious Sphere","floor":45,"gold_loss":0}],"is_beta":false,"boss_relics":[{"not_picked":["Pandora\u0027s Box","Velvet Choker"],"picked":"Philosopher\u0027s Stone"},{"not_picked":["SacredBark","Black Star"],"picked":"Busted Crown"}],"items_purged_floors":[11],"is_endless":false,"potions_floor_spawned":[1,12,16,18,22,30,35,45,48],"killed_by":"Awakened One","ascension_level":0}}