{"host":"Jedit","time":1609177945,"event":{"mods":["BaseMod","Minty Spire (QoL Compilation)","Relic Stats","StSLib"],"gold_per_floor":[109,127,127,127,148,148,181,202,202,42,42,75,75,88,88,181,181,200,200,215,14,37,77,91,9,60,60,78,78,78,111,111,207,207,221,554,75,95,45,45,65,65,65,98,112,112,138,138,138,138,138],"floor_reached":50,"playtime":3604,"items_purged":["Defend_P"],"score":1242,"play_id":"4bb30733-7598-4a65-9a29-4f569b909b67","local_time":"20201228175225","is_ascension_mode":true,"campfire_choices":[{"data":"ConjureBlade","floor":6.0,"key":"SMITH"},{"floor":11.0,"key":"REST"},{"floor":15.0,"key":"REST"},{"floor":27.0,"key":"REST"},{"data":"Vault","floor":32.0,"key":"SMITH"},{"floor":40.0,"key":"REST"},{"floor":42.0,"key":"RECALL"},{"data":"SandsOfTime+1","floor":46.0,"key":"PURGE"},{"floor":49,"key":"REST"}],"circlet_count":0,"master_deck":["AscendersBane","Eruption","Vigilance","Halt","JustLucky","ConjureBlade+1","CutThroughFate","Nirvana","Evaluate","DevaForm","DeceiveReality+1","TalkToTheHand+1","FollowUp+1","FearNoEvil+1","Weave","CutThroughFate","Wireheading","JustLucky","FlurryOfBlows","EmptyMind","EmptyFist","Vault+1","Scrawl+1","ThirdEye+1","JustLucky","InnerPeace","Wireheading","Prostrate","WaveOfTheHand","Protect","ClearTheMind+1","FlurryOfBlows","Blind"],"relics":["VioletLotus","HornCleat","TungstenRod","Toolbox","Peace Pipe","Astrolabe","NlothsMask","DollysMirror","Mercury Hourglass","Ancient Tea Set","FossilizedHelix","Empty Cage","Strawberry","Gremlin Horn","Smiling Mask"],"acts_visited":["Exordium","TheCity","TheBeyond"],"potions_floor_usage":[50],"damage_taken":[{"damage":4.0,"enemies":"Small Slimes","floor":1.0,"turns":4.0},{"damage":5.0,"enemies":"Cultist","floor":2.0,"turns":4.0},{"damage":1.0,"enemies":"2 Louse","floor":5.0,"turns":3.0},{"damage":32.0,"enemies":"3 Sentries","floor":7.0,"turns":9.0},{"damage":0.0,"enemies":"Looter","floor":8.0,"turns":3.0},{"damage":24.0,"enemies":"Gremlin Nob","floor":12.0,"turns":4.0},{"damage":3.0,"enemies":"Lots of Slimes","floor":14.0,"turns":2.0},{"damage":25.0,"enemies":"The Guardian","floor":16.0,"turns":14.0},{"damage":0.0,"enemies":"Shell Parasite","floor":18.0,"turns":6.0},{"damage":0.0,"enemies":"Spheric Guardian","floor":20.0,"turns":1.0},{"damage":20.0,"enemies":"Gremlin Leader","floor":23.0,"turns":4.0},{"damage":10.0,"enemies":"3 Cultists","floor":24.0,"turns":4.0},{"damage":4.0,"enemies":"Cultist and Chosen","floor":28.0,"turns":6.0},{"damage":8.0,"enemies":"Book of Stabbing","floor":31.0,"turns":6.0},{"damage":23.0,"enemies":"Collector","floor":33.0,"turns":9.0},{"damage":9.0,"enemies":"3 Shapes","floor":35.0,"turns":6.0},{"damage":17.0,"enemies":"Orb Walker","floor":38.0,"turns":4.0},{"damage":0.0,"enemies":"Maw","floor":41.0,"turns":7.0},{"damage":0.0,"enemies":"Giant Head","floor":44.0,"turns":9.0},{"damage":0.0,"enemies":"Writhing Mass","floor":45.0,"turns":6.0},{"damage":14,"enemies":"Reptomancer","floor":47,"turns":6},{"damage":69,"enemies":"Time Eater","floor":50,"turns":8}],"seed_played":"6620784583916891376","potions_obtained":[{"floor":1.0,"key":"AttackPotion"},{"floor":2.0,"key":"StancePotion"},{"floor":8.0,"key":"BlessingOfTheForge"},{"floor":14.0,"key":"PowerPotion"},{"floor":18.0,"key":"Fire Potion"},{"floor":20.0,"key":"StancePotion"},{"floor":24.0,"key":"Weak Potion"},{"floor":31.0,"key":"AttackPotion"},{"floor":41.0,"key":"Block Potion"},{"floor":44.0,"key":"BottledMiracle"},{"floor":47,"key":"DuplicationPotion"}],"is_trial":false,"path_per_floor":["M","M","?","?","M","R","E","M","T","$","R","E","?","M","R","B",null,"M","?","M","$","T","E","M","$","T","R","M","?","?","E","R","B",null,"M","?","$","M","?","R","M","R","T","E","M","R","E","?","R","B"],"character_chosen":"WATCHER","items_purchased":["Toolbox","Weave","DollysMirror","JustLucky","FlurryOfBlows","Strawberry","JustLucky","InnerPeace","Wireheading","SkillPotion"],"campfire_rested":5,"item_purchase_floors":[10,21,21,25,25,37,37,37,37,37],"current_hp_per_floor":[57,52,52,52,51,51,19,19,19,19,37,13,13,10,28,3,47,47,47,47,47,47,27,17,17,17,35,31,31,43,35,35,12,50,41,41,48,31,31,51,51,51,51,51,51,51,37,37,57,0,0],"gold":138,"neow_bonus":"BOSS_RELIC","is_daily":false,"chose_seed":false,"campfire_upgraded":2,"win_rate":0.0,"timestamp":1609177945,"path_taken":["M","M","?","?","?","R","E","M","T","$","R","E","?","M","R","BOSS","M","?","?","$","?","E","?","$","T","R","M","?","?","E","R","BOSS","M","?","$","M","?","R","?","R","T","E","?","R","E","?","R","BOSS"],"items_purchased_type":["Relic","Card","Relic","Card","Card","Relic","Card","Card","Card","Potion"],"build_version":"2020-12-18","purchased_purges":1,"victory":false,"max_hp_per_floor":[68,68,62,62,62,62,62,62,62,62,62,62,62,62,62,62,62,62,62,62,62,62,62,62,62,62,62,62,62,62,62,62,62,62,62,62,69,69,69,69,69,69,69,69,69,69,69,69,69,69,69],"relic_stats":{"Peace Pipe":1,"Gremlin Horn":[7,7],"counters":[22,125],"Astrolabe":["SandsOfTime","DeceiveReality","TalkToTheHand"],"VioletLotus":[28],"Smiling Mask":0,"obtain_stats":[{"Gremlin Horn":44,"Golden Idol":3,"Astrolabe":17,"Ancient Tea Set":26,"Empty Cage":34,"Smiling Mask":47,"Mercury Hourglass":23,"Peace Pipe":12,"HornCleat":7,"DollysMirror":21,"Strawberry":37,"Toolbox":10,"VioletLotus":0,"PureWater":0,"TungstenRod":9,"FossilizedHelix":31,"NlothsMask":19},{"Gremlin Horn":19,"Golden Idol":2,"Astrolabe":8,"Ancient Tea Set":12,"Empty Cage":15,"Smiling Mask":21,"Mercury Hourglass":11,"Peace Pipe":6,"HornCleat":4,"DollysMirror":10,"Strawberry":16,"Toolbox":5,"VioletLotus":0,"PureWater":0,"TungstenRod":5,"FossilizedHelix":14,"NlothsMask":9},{"Gremlin Horn":105,"Golden Idol":8,"Astrolabe":43,"Ancient Tea Set":58,"Empty Cage":79,"Smiling Mask":117,"Mercury Hourglass":54,"Peace Pipe":27,"HornCleat":20,"DollysMirror":50,"Strawberry":85,"Toolbox":23,"VioletLotus":0,"PureWater":0,"TungstenRod":23,"FossilizedHelix":70,"NlothsMask":49}],"TungstenRod":25,"Mercury Hourglass":[324]},"card_choices":[{"not_picked":["ClearTheMind","Vengeance"],"picked":"Halt","floor":1.0},{"not_picked":["LikeWater","CutThroughFate"],"picked":"JustLucky","floor":2.0},{"not_picked":["EmptyMind","SashWhip"],"picked":"ConjureBlade","floor":5.0},{"not_picked":["Protect","CarveReality"],"picked":"CutThroughFate","floor":7.0},{"not_picked":["Sanctity","Fasting2"],"picked":"Nirvana","floor":8.0},{"not_picked":["FlyingSleeves","Worship"],"picked":"Conclude","floor":12.0},{"not_picked":["Swivel","Protect"],"picked":"Evaluate","floor":14.0},{"not_picked":["Brilliance","Establishment"],"picked":"DevaForm","floor":16.0},{"not_picked":["FlyingSleeves","SashWhip"],"picked":"FollowUp+1","floor":18.0},{"not_picked":["Protect","SashWhip"],"picked":"FearNoEvil+1","floor":20.0},{"not_picked":["ReachHeaven","Consecrate"],"picked":"Wireheading","floor":23.0},{"not_picked":["FlyingSleeves+1","Prostrate","CrushJoints"],"picked":"SKIP","floor":24.0},{"not_picked":["Worship","EmptyBody"],"picked":"EmptyMind","floor":28.0},{"not_picked":["EmptyBody","WreathOfFlame"],"picked":"Vault","floor":31.0},{"not_picked":["SpiritShield","Blasphemy"],"picked":"Scrawl","floor":33.0},{"not_picked":["Conclude+1","CutThroughFate+1"],"picked":"ThirdEye+1","floor":35.0},{"not_picked":["CrushJoints","EmptyFist"],"picked":"Prostrate","floor":38.0},{"not_picked":["PathToVictory+1","FollowUp"],"picked":"WaveOfTheHand","floor":41.0},{"not_picked":["Consecrate","WindmillStrike"],"picked":"Protect","floor":44.0},{"not_picked":["Worship","WreathOfFlame"],"picked":"ClearTheMind+1","floor":45.0},{"not_picked":["Worship","Conclude"],"picked":"FlurryOfBlows","floor":47},{"not_picked":["Good Instincts","Flash of Steel"],"picked":"Blind","floor":48}],"player_experience":3417115,"relics_obtained":[{"floor":7.0,"key":"HornCleat"},{"floor":9.0,"key":"TungstenRod"},{"floor":12.0,"key":"Peace Pipe"},{"floor":23.0,"key":"Mercury Hourglass"},{"floor":26.0,"key":"Ancient Tea Set"},{"floor":31.0,"key":"FossilizedHelix"},{"floor":44.0,"key":"Gremlin Horn"},{"floor":47,"key":"Smiling Mask"}],"event_choices":[{"damage_healed":0.0,"max_hp_gain":0.0,"max_hp_loss":6.0,"gold_gain":0.0,"event_name":"Golden Idol","player_choice":"Lose Max HP","floor":3.0,"gold_loss":0.0,"damage_taken":0.0,"relics_obtained":["Golden Idol"]},{"cards_removed":["Defend_P"],"damage_healed":0.0,"max_hp_gain":0.0,"max_hp_loss":0.0,"gold_gain":0.0,"event_name":"Purifier","player_choice":"Purged","floor":4.0,"gold_loss":0.0,"damage_taken":0.0},{"cards_removed":["Strike_P"],"damage_healed":0.0,"max_hp_gain":0.0,"max_hp_loss":0.0,"gold_gain":0.0,"event_name":"Living Wall","player_choice":"Forget","floor":13.0,"gold_loss":0.0,"damage_taken":0.0},{"damage_healed":0.0,"max_hp_gain":0.0,"max_hp_loss":0.0,"gold_gain":0.0,"event_name":"FaceTrader","player_choice":"Trade","floor":19.0,"gold_loss":0.0,"damage_taken":0.0,"relics_obtained":["NlothsMask"]},{"damage_healed":0.0,"max_hp_gain":0.0,"max_hp_loss":0.0,"gold_gain":0.0,"cards_transformed":["Defend_P","Defend_P"],"event_name":"Drug Dealer","player_choice":"Became Test Subject","floor":29.0,"gold_loss":0.0,"damage_taken":0.0,"cards_obtained":["EmptyFist","Swivel"]},{"damage_healed":12.0,"max_hp_gain":0.0,"max_hp_loss":0.0,"gold_gain":0.0,"event_name":"The Library","player_choice":"Heal","floor":30.0,"gold_loss":0.0,"damage_taken":0.0},{"damage_healed":0.0,"max_hp_gain":0.0,"max_hp_loss":0.0,"gold_gain":333.0,"event_name":"The Moai Head","player_choice":"Gave Idol","floor":36.0,"relics_lost":["Golden Idol"],"gold_loss":0.0,"damage_taken":0.0},{"damage_healed":0.0,"max_hp_gain":0.0,"max_hp_loss":0.0,"gold_gain":0.0,"event_name":"Designer","player_choice":"Upgrade","floor":39.0,"gold_loss":50.0,"damage_taken":0.0,"cards_upgraded":["Scrawl"]},{"damage_healed":0,"gold_gain":0,"player_choice":"Memory 1","damage_taken":0,"max_hp_gain":0,"max_hp_loss":0,"event_name":"SensoryStone","floor":48,"gold_loss":0}],"is_beta":true,"boss_relics":[{"not_picked":["Velvet Choker","Sozu"],"picked":"Astrolabe"},{"not_picked":["Black Star","Runic Pyramid"],"picked":"Empty Cage"}],"items_purged_floors":[37],"is_endless":false,"potions_floor_spawned":[1,2,8,14,18,20,24,31,41,44,47],"killed_by":"Time Eater","ascension_level":20}}