{"host":"j3h0p3l2xgzxhnx7","time":1609171153,"event":{"mods":["BaseMod","Luminous","Marisa????????","Minty Spire (QoL Compilation)","Remilia??????","StSLib","The Bug Knight","The Cursed","The Servant 0.9.4"],"gold_per_floor":[114,134,134,85,104,138,178,213,236,236,260,312,325,358,358,478,478,513,513,473,32,0,0,33,69,114,161,175,175,249,249,249,351,351,409,502,612,119,198,252,325,325,349,384,384,734,325,376,376,396],"floor_reached":51,"playtime":3267,"items_purged":["Defend_RM"],"score":910,"play_id":"6e4958a0-a728-44a3-85f6-937828e38e48","local_time":"20201228235913","is_ascension_mode":false,"campfire_choices":[{"floor":10,"key":"REST"},{"data":"CharismaGuard","floor":15,"key":"SMITH"},{"data":"RedMoon","floor":23,"key":"SMITH"},{"data":"ScarletMeister","floor":29,"key":"SMITH"},{"data":"BombardNight","floor":32,"key":"SMITH"},{"data":"DiffusionOfMisfortune","floor":42,"key":"SMITH"},{"data":"BloodHunter","floor":45,"key":"SMITH"},{"data":"CurseOfVladTepes","floor":49,"key":"SMITH"}],"circlet_count":0,"master_deck":["Strike_RM","Strike_RM","Strike_RM","Strike_RM","Defend_RM","Defend_RM","Defend_RM+1","RedMoon+1","ScarletShoot","ScarletImprint","RedRainbow","CharismaGuard+1","MastersStateliness","FavorOfDestiny","FavorOfDestiny","ScarletDevil","Septette+1","UnstableMagic","MiserableFate","ScarletMeister+1","BlasphemousPunishment+1","RedNightlessCastle","DiffusionOfMisfortune+1","BombardNight+1","Ultimatum+1","UnstableMagic+1","FavorOfDestiny","CeilingFear","CurseOfVladTepes+1","FitfulNightmare","Ultimatum","BloodHunter+1","VampireKiss","StarOfDavid","StarOfDavid+1","MastersStateliness"],"relics":["ScarletHat","NeowsBlessing","FaceOfCleric","Mercury Hourglass","Bronze Scales","Juzu Bracelet","Blood Vial","Centennial Puzzle","SlaversCollar","Luminous:MirrorRelic","Orichalcum","FossilizedHelix","Nunchaku","Boot","Regal Pillow","Busted Crown","CatCart","Mango","RedBat","Sundial","ScarletDevilRocket","Pen Nib","Old Coin","Lantern","Membership Card","MealTicket"],"acts_visited":["Exordium","TheCity","TheBeyond"],"potions_floor_usage":[6,6,8,12,12,14,14,16,16,25,27,27,30,30,33,33,36,36,37,37,37,40,40,40,46,50,50,50],"damage_taken":[{"damage":0,"enemies":"Jaw Worm","floor":1,"turns":1},{"damage":0,"enemies":"Cultist","floor":2,"turns":1},{"damage":0,"enemies":"2 Louse","floor":5,"turns":1},{"damage":16,"enemies":"3 Sentries","floor":6,"turns":10},{"damage":3,"enemies":"Lots of Slimes","floor":7,"turns":3},{"damage":22,"enemies":"Gremlin Nob","floor":8,"turns":5},{"damage":0,"enemies":"3 Sentries","floor":12,"turns":6},{"damage":0,"enemies":"Blue Slaver","floor":13,"turns":4},{"damage":0,"enemies":"Gremlin Gang","floor":14,"turns":3},{"damage":20,"enemies":"Slime Boss","floor":16,"turns":11},{"damage":0,"enemies":"3 Byrds","floor":18,"turns":3},{"damage":0,"enemies":"Chosen","floor":24,"turns":5},{"damage":13,"enemies":"3 Cultists","floor":25,"turns":5},{"damage":18,"enemies":"Slavers","floor":27,"turns":5},{"damage":16,"enemies":"Shelled Parasite and Fungi","floor":28,"turns":6},{"damage":0,"enemies":"Book of Stabbing","floor":30,"turns":5},{"damage":25,"enemies":"Automaton","floor":33,"turns":7},{"damage":13,"enemies":"3 Shapes","floor":35,"turns":5},{"damage":0,"enemies":"Orin","floor":36,"turns":7},{"damage":36,"enemies":"2 Orb Walkers","floor":37,"turns":6},{"damage":0,"enemies":"Orb Walker","floor":39,"turns":5},{"damage":4,"enemies":"Giant Head","floor":40,"turns":7},{"damage":11,"enemies":"Writhing Mass","floor":41,"turns":5},{"damage":10,"enemies":"3 Darklings","floor":44,"turns":5},{"damage":12,"enemies":"Mind Bloom Boss Battle","floor":46,"turns":6},{"damage":3,"enemies":"Spire Growth","floor":48,"turns":6},{"damage":65,"enemies":"Time Eater","floor":50,"turns":12}],"seed_played":"-1623149057527390605","potions_obtained":[{"floor":1,"key":"Dexterity Potion"},{"floor":2,"key":"Block Potion"},{"floor":5,"key":"Regen Potion"},{"floor":7,"key":"SneckoOil"},{"floor":8,"key":"EssenceOfSteel"},{"floor":8,"key":"SpeedPotion"},{"floor":12,"key":"PowerPotion"},{"floor":12,"key":"Ancient Potion"},{"floor":13,"key":"Strength Potion"},{"floor":13,"key":"AttackPotion"},{"floor":14,"key":"CultistPotion"},{"floor":16,"key":"DuplicationPotion"},{"floor":24,"key":"FearPotion"},{"floor":24,"key":"Swift Potion"},{"floor":25,"key":"SkillPotion"},{"floor":27,"key":"SkillPotion"},{"floor":27,"key":"SpeedPotion"},{"floor":28,"key":"ColorlessPotion"},{"floor":30,"key":"SmokeBomb"},{"floor":30,"key":"SneckoOil"},{"floor":33,"key":"Energy Potion"},{"floor":33,"key":"ColorlessPotion"},{"floor":33,"key":"AttackPotion"},{"floor":36,"key":"BlessingOfTheForge"},{"floor":36,"key":"Strength Potion"},{"floor":37,"key":"ColorlessPotion"},{"floor":39,"key":"SteroidPotion"},{"floor":39,"key":"ColorlessPotion"},{"floor":40,"key":"Weak Potion"},{"floor":40,"key":"SmokeBomb"},{"floor":41,"key":"Weak Potion"},{"floor":44,"key":"DuplicationPotion"},{"floor":44,"key":"EssenceOfSteel"},{"floor":46,"key":"FairyPotion"},{"floor":46,"key":"AttackPotion"}],"is_trial":false,"path_per_floor":["M","M","?","$","M","E","M","E","T","R","T","E","M","M","R","B",null,"M","?","?","$","?","R","M","M","T","E","M","R","E","?","R","B",null,"M","?","?","$","M","E","M","R","T","M","R","?","$","M","R","B",null],"character_chosen":"REMILIA","items_purchased":["CharismaGuard","Orichalcum","FossilizedHelix","RedBat","Sundial","Lantern","Membership Card","MealTicket"],"campfire_rested":1,"item_purchase_floors":[4,21,21,38,38,47,47,47],"current_hp_per_floor":[75,75,75,75,76,73,71,52,52,75,75,80,81,82,82,66,83,84,84,84,84,84,84,85,73,73,66,62,62,68,68,68,67,90,80,92,75,75,78,103,102,102,102,96,96,99,99,103,103,53],"gold":396,"neow_bonus":"THREE_ENEMY_KILL","is_daily":false,"chose_seed":false,"campfire_upgraded":7,"win_rate":0.0,"timestamp":1609171153,"path_taken":["M","M","?","$","?","E","?","E","T","R","?","E","M","M","R","BOSS","M","?","?","$","?","R","M","M","T","E","M","R","E","?","R","BOSS","M","?","?","$","M","E","M","R","T","M","R","?","?","M","R","BOSS"],"items_purchased_type":["Card","Relic","Relic","Relic","Relic","Relic","Relic","Relic"],"build_version":"2020-12-22","purchased_purges":1,"victory":true,"max_hp_per_floor":[75,75,75,75,76,77,78,79,79,79,79,80,81,82,82,83,83,84,84,84,84,84,84,85,86,86,87,88,88,89,89,89,90,90,91,92,107,107,108,109,110,110,110,111,111,112,112,113,113,114],"card_choices":[{"not_picked":["HunterOfTheNight","BlasphemousPunishment"],"picked":"ScarletImprint","floor":1},{"not_picked":["StarOfDavid","BloodyTrap"],"picked":"RedRainbow","floor":2},{"not_picked":["RedMagic","EmergencyRegeneration"],"picked":"MastersStateliness","floor":5},{"not_picked":["ForecastOfChange","MiserableFate"],"picked":"FavorOfDestiny","floor":6},{"not_picked":["UnderTheZenith","ChainGang"],"picked":"FavorOfDestiny","floor":7},{"not_picked":["Maim","BloodyMagicSquare"],"picked":"ScarletDevil","floor":8},{"not_picked":["UnderTheZenith","VampireFantasy"],"picked":"Septette","floor":12},{"not_picked":["ReincarnationDial","MastersStateliness"],"picked":"UnstableMagic","floor":13},{"not_picked":["BloodHunter","DiffusionOfMisfortune"],"picked":"MiserableFate","floor":14},{"not_picked":["EquivalentExchange","CeilingFear"],"picked":"ScarletMeister","floor":16},{"not_picked":["RedRainbow","NightDance"],"picked":"BlasphemousPunishment+1","floor":18},{"not_picked":["CharismaGuard","RedRainbow"],"picked":"RedNightlessCastle","floor":24},{"not_picked":["BloodyTrap","NightDance"],"picked":"DiffusionOfMisfortune","floor":25},{"not_picked":["FavorOfDestiny","Maim+1"],"picked":"BombardNight","floor":27},{"not_picked":["ScarletImprint","BlasphemousPunishment"],"picked":"Ultimatum+1","floor":28},{"not_picked":["BloodyHallows","ScarletImprint"],"picked":"UnstableMagic+1","floor":30},{"not_picked":["TransientEternity","HellCatastrophe"],"picked":"CurseOfVladTepes","floor":33},{"not_picked":[],"picked":"FitfulNightmare","floor":35},{"not_picked":[],"picked":"Ultimatum","floor":36},{"not_picked":["VampireClaw"],"picked":"SKIP","floor":39},{"not_picked":["NightDance"],"picked":"SKIP","floor":39},{"not_picked":[],"picked":"BloodHunter","floor":40},{"not_picked":[],"picked":"VampireKiss","floor":41},{"not_picked":["RedNightlessCastle"],"picked":"SKIP","floor":41},{"not_picked":[],"picked":"StarOfDavid","floor":44},{"not_picked":[],"picked":"StarOfDavid+1","floor":46},{"not_picked":[],"picked":"MastersStateliness","floor":48}],"player_experience":31039,"relics_obtained":[{"floor":6,"key":"Mercury Hourglass"},{"floor":8,"key":"Bronze Scales"},{"floor":9,"key":"Juzu Bracelet"},{"floor":11,"key":"Blood Vial"},{"floor":12,"key":"Centennial Puzzle"},{"floor":26,"key":"Nunchaku"},{"floor":27,"key":"Boot"},{"floor":30,"key":"Regal Pillow"},{"floor":36,"key":"CatCart"},{"floor":37,"key":"Mango"},{"floor":40,"key":"ScarletDevilRocket"},{"floor":43,"key":"Pen Nib"},{"floor":46,"key":"Old Coin"}],"event_choices":[{"damage_healed":0,"gold_gain":0,"player_choice":"Trade","damage_taken":0,"relics_obtained":["FaceOfCleric"],"max_hp_gain":0,"max_hp_loss":0,"event_name":"FaceTrader","floor":3,"gold_loss":0},{"damage_healed":0,"gold_gain":0,"player_choice":"Upgrade","damage_taken":0,"max_hp_gain":0,"max_hp_loss":0,"event_name":"Designer","floor":20,"gold_loss":40,"cards_upgraded":["Septette"]},{"damage_healed":0,"gold_gain":0,"player_choice":"Paid Fearfully","damage_taken":0,"max_hp_gain":0,"max_hp_loss":0,"event_name":"Masked Bandits","floor":22,"gold_loss":32},{"damage_healed":0,"gold_gain":0,"player_choice":"2 cards matched","damage_taken":0,"max_hp_gain":0,"max_hp_loss":0,"event_name":"Match and Keep!","floor":31,"gold_loss":0,"cards_obtained":["FavorOfDestiny","CeilingFear"]},{"damage_healed":0,"gold_gain":0,"player_choice":"Fight","damage_taken":0,"max_hp_gain":0,"max_hp_loss":0,"event_name":"OrinTheCat","floor":36,"gold_loss":0},{"damage_healed":0,"gold_gain":0,"player_choice":"Fight","damage_taken":0,"max_hp_gain":0,"max_hp_loss":0,"event_name":"Mysterious Sphere","floor":37,"gold_loss":0},{"damage_healed":0,"gold_gain":0,"player_choice":"Fight","damage_taken":0,"max_hp_gain":0,"max_hp_loss":0,"event_name":"MindBloom","floor":46,"gold_loss":0}],"is_beta":false,"boss_relics":[{"not_picked":["Runic Dome","Cursed Key"],"picked":"SlaversCollar"},{"not_picked":["SacredBark","Velvet Choker"],"picked":"Busted Crown"}],"items_purged_floors":[47],"is_endless":false,"potions_floor_spawned":[1,2,5,7,12,24,27,33,36,37,41,44],"ascension_level":0}}