{"host":"640uue19m79c7wbt","time":1609134374,"event":{"mods":["BaseMod","Colored Map","Googly Eyes","Highlight Path","Minty Spire (QoL Compilation)","Quick Restart","StSLib"],"gold_per_floor":[115,115,65,65,65,91,266,276,276,246,266,281,295,323,323,427,427,438,638,241,254,32,32,52,52,52,67,87,87,12,25,25,25,25],"floor_reached":33,"playtime":2175,"items_purged":["Doubt"],"score":409,"play_id":"98703662-d969-4bb3-bbca-43926abcf66d","local_time":"20201228004614","is_ascension_mode":true,"campfire_choices":[{"data":"Catalyst","floor":15.0,"key":"SMITH"},{"data":"Catalyst","floor":23,"key":"SMITH"},{"floor":25,"key":"REST"},{"floor":29,"key":"REST"},{"floor":32,"key":"REST"}],"circlet_count":0,"master_deck":["Strike_G","Strike_G","Strike_G","Defend_G","Defend_G","Defend_G","Defend_G","Defend_G","Survivor","Neutralize","Blade Dance+1","Catalyst+1","Bouncing Flask","Cloak And Dagger","Well Laid Plans","Infinite Blades","Bouncing Flask","A Thousand Cuts","Backstab","Adrenaline","PiercingWail+1","Sadistic Nature","Catalyst+1","Well Laid Plans+1","JustLucky"],"relics":["Ring of the Serpent","NeowsBlessing","PreservedInsect","Snake Skull","White Beast Statue","PrismaticShard","Pocketwatch"],"acts_visited":["Exordium","TheCity"],"potions_floor_usage":[21,24,24,24,27,28,31,33],"damage_taken":[{"damage":0.0,"enemies":"Jaw Worm","floor":1.0,"turns":1.0},{"damage":0.0,"enemies":"Gremlin Nob","floor":6.0,"turns":1.0},{"damage":0.0,"enemies":"Small Slimes","floor":8.0,"turns":1.0},{"damage":0.0,"enemies":"Cultist","floor":11.0,"turns":4.0},{"damage":8.0,"enemies":"Lots of Slimes","floor":12.0,"turns":5.0},{"damage":8.0,"enemies":"Red Slaver","floor":13.0,"turns":3.0},{"damage":9.0,"enemies":"3 Sentries","floor":14.0,"turns":6.0},{"damage":29.0,"enemies":"The Guardian","floor":16.0,"turns":7.0},{"damage":20,"enemies":"Shell Parasite","floor":18,"turns":3},{"damage":0,"enemies":"Chosen","floor":21,"turns":3},{"damage":12,"enemies":"Shelled Parasite and Fungi","floor":24,"turns":3},{"damage":13,"enemies":"Snake Plant","floor":27,"turns":3},{"damage":35,"enemies":"Sentry and Sphere","floor":28,"turns":5},{"damage":19,"enemies":"Cultist and Chosen","floor":31,"turns":4},{"damage":22,"enemies":"Collector","floor":33,"turns":3}],"seed_played":"6712218130697599785","potions_obtained":[{"floor":8.0,"key":"EssenceOfSteel"},{"floor":10.0,"key":"SpeedPotion"},{"floor":10.0,"key":"Strength Potion"},{"floor":11.0,"key":"Strength Potion"},{"floor":13.0,"key":"FearPotion"},{"floor":16.0,"key":"CunningPotion"},{"floor":18,"key":"Poison Potion"},{"floor":21,"key":"Poison Potion"},{"floor":24,"key":"Weak Potion"},{"floor":27,"key":"Explosive Potion"},{"floor":28,"key":"AttackPotion"},{"floor":31,"key":"ColorlessPotion"}],"is_trial":false,"path_per_floor":["M","?","?","$","?","E","?","M","T","?","M","M","M","E","R","B",null,"M","?","$","M","$","R","M","R","T","M","M","R","?","M","R","B"],"character_chosen":"THE_SILENT","items_purchased":["Backstab","Adrenaline","PrismaticShard","Sadistic Nature","Catalyst"],"campfire_rested":3,"item_purchase_floors":[20,20,20,22,22],"current_hp_per_floor":[63,68,68,68,68,68,68,68,68,68,68,60,52,43,43,14,60,40,40,40,40,40,40,28,50,50,37,2,24,24,5,27,5,5],"gold":25,"neow_bonus":"THREE_ENEMY_KILL","is_daily":false,"chose_seed":false,"campfire_upgraded":2,"win_rate":0.0,"timestamp":1609134374,"path_taken":["M","?","?","$","?","E","?","M","T","?","M","M","M","E","R","BOSS","M","?","$","?","?","R","M","R","T","?","M","R","?","M","R","BOSS"],"items_purchased_type":["Card","Card","Relic","Card","Card"],"build_version":"2020-12-22","purchased_purges":1,"victory":false,"max_hp_per_floor":[70,75,75,75,75,75,75,75,75,75,75,75,75,75,75,75,75,75,75,75,75,75,75,75,75,75,75,75,75,75,75,75,75,75],"card_choices":[{"not_picked":["Slice","Dagger Throw"],"picked":"Blade Dance","floor":1.0},{"not_picked":["Bane","Heel Hook"],"picked":"Catalyst","floor":6.0},{"not_picked":["Backflip","Poisoned Stab"],"picked":"Bouncing Flask","floor":8.0},{"not_picked":["Acrobatics","Infinite Blades"],"picked":"Cloak And Dagger","floor":11.0},{"not_picked":["Dash","Backflip"],"picked":"Well Laid Plans","floor":12.0},{"not_picked":["Eviscerate","Acrobatics"],"picked":"Infinite Blades","floor":13.0},{"not_picked":["Grand Finale","Choke"],"picked":"Bouncing Flask","floor":14.0},{"not_picked":["Unload","Glass Knife"],"picked":"A Thousand Cuts","floor":16.0},{"not_picked":["Outmaneuver+1","Backflip","Dagger Throw"],"picked":"SKIP","floor":18},{"not_picked":["Capacitor+1","SashWhip"],"picked":"PiercingWail+1","floor":21},{"not_picked":["Twin Strike","DeceiveReality+1"],"picked":"Well Laid Plans+1","floor":24},{"not_picked":["Wild Strike+1","Sucker Punch","Poisoned Stab"],"picked":"SKIP","floor":27},{"not_picked":["Scrape+1","Protect","Cloak And Dagger"],"picked":"SKIP","floor":28},{"not_picked":["Dash","Clash"],"picked":"JustLucky","floor":31}],"player_experience":1238227,"relics_obtained":[{"floor":6.0,"key":"PreservedInsect"},{"floor":9.0,"key":"Snake Skull"},{"floor":14.0,"key":"White Beast Statue"},{"floor":26,"key":"Pocketwatch"}],"event_choices":[{"damage_healed":0.0,"max_hp_gain":5.0,"max_hp_loss":0.0,"gold_gain":0.0,"event_name":"Big Fish","player_choice":"Donut","floor":2.0,"gold_loss":0.0,"damage_taken":0.0},{"cards_removed":["Strike_G"],"damage_healed":0.0,"max_hp_gain":0.0,"max_hp_loss":0.0,"gold_gain":0.0,"event_name":"The Cleric","player_choice":"Card Removal","floor":3.0,"gold_loss":50.0,"damage_taken":0.0},{"damage_healed":0.0,"max_hp_gain":0.0,"max_hp_loss":0.0,"gold_gain":0.0,"event_name":"Living Wall","player_choice":"Grow","floor":5.0,"gold_loss":0.0,"damage_taken":0.0,"cards_upgraded":["Blade Dance"]},{"damage_healed":0.0,"max_hp_gain":0.0,"max_hp_loss":0.0,"gold_gain":175.0,"event_name":"Liars Game","player_choice":"AGREE","floor":7.0,"gold_loss":0.0,"damage_taken":0.0,"cards_obtained":["Doubt"]},{"damage_healed":0.0,"max_hp_gain":0.0,"max_hp_loss":0.0,"gold_gain":0.0,"event_name":"The Woman in Blue","player_choice":"Bought 2 Potions","floor":10.0,"gold_loss":0.0,"damage_taken":0.0},{"damage_healed":0,"gold_gain":250,"player_choice":"Bet on Owner","damage_taken":0,"max_hp_gain":0,"max_hp_loss":0,"event_name":"The Joust","floor":19,"gold_loss":50},{"cards_removed":["Strike_G"],"damage_healed":0,"gold_gain":0,"player_choice":"Gave Gold","damage_taken":0,"max_hp_gain":0,"max_hp_loss":0,"event_name":"Beggar","floor":30,"gold_loss":75}],"is_beta":false,"boss_relics":[{"not_picked":["Black Star","Pandora\u0027s Box"],"picked":"Ring of the Serpent"}],"items_purged_floors":[20],"is_endless":false,"potions_floor_spawned":[8,11,13,16,18,21,24,27,28,31],"killed_by":"Collector","ascension_level":9}}