{"host":"e87rn453naquue3h","time":1609128587,"event":{"mods":["AchievementEnabler","BaseMod","Downfall","Minty Spire (QoL Compilation)","StSLib"],"gold_per_floor":[99,119,130,130,146,179,203,220,26,36,36,64,64,82,94,193,193,193,212,312,312,52,63,63,63,78,96,123,139,64,64,77,172,172,172,182,192,192,212,243,243,276,276,292,0,14,14,43,63,63],"floor_reached":51,"playtime":5074,"items_purged":["champ:Defend"],"score":930,"play_id":"54dd2333-d3a1-4a7e-a42d-33e46111f505","local_time":"20201227230947","is_ascension_mode":true,"campfire_choices":[{"data":"champ:CheapShot","floor":1,"key":"SMITH"},{"floor":11,"key":"REST"},{"data":"champ:PerfectForm","floor":13,"key":"SMITH"},{"data":"champ:SwordThrow","floor":18,"key":"SMITH"},{"floor":25,"key":"REST"},{"data":"champ:Devastate","floor":30,"key":"SMITH"},{"data":"champ:PerfectForm","floor":35,"key":"SMITH"},{"data":"champ:Lariat","floor":47,"key":"SMITH"}],"circlet_count":0,"master_deck":["champ:Strike","champ:Strike","champ:Defend","champ:Defend+1","champ:Execute","champ:Taunt","champ:CheapShot+1","champ:ShieldSigil","champ:PerfectForm+1","champ:SwordSigil","champ:Duel","champ:HeartStrike","champ:GutPunch+1","champ:Shatter","champ:SwordThrow+1","champ:RisingSlash","champ:Lariat+1","champ:IgnorePain","champ:Devastate+1","champ:RecklessLeap+1","champ:Encircle","champ:Aggression","champ:Lariat+1","champ:PerfectForm+1","champ:GutPunch","champ:FanOfKnives","champ:RapidStrikes+1","champ:GladiatorStyle","champ:GladiatorStyle","expansioncontent:TimeRipple","champ:IgnorePain+1","champ:RisingSlash+1","champ:ShieldWall+1"],"relics":["champ:ChampionCrown","Potion Belt","Omamori","Odd Mushroom","Philosopher\u0027s Stone","MutagenicStrength","Mummified Hand","Mango","downfall:HeartBlessingBlue","Cursed Key","Sundial","InkBottle","FossilizedHelix","champ:GladiatorsBookOfMartialProwess","Chemical X","War Paint","Anchor"],"acts_visited":["Exordium","TheCity","TheBeyond"],"potions_floor_usage":[12,16,16,26,32,33,50,50,50],"damage_taken":[{"damage":6,"enemies":"Jaw Worm","floor":2,"turns":5},{"damage":5,"enemies":"Cultist","floor":3,"turns":5},{"damage":6,"enemies":"2 Louse","floor":5,"turns":2},{"damage":49,"enemies":"Lagavulin","floor":6,"turns":11},{"damage":6,"enemies":"2 Fungi Beasts","floor":8,"turns":4},{"damage":24,"enemies":"downfall:FleeingMerchant","floor":9,"turns":5},{"damage":22,"enemies":"Blue Slaver","floor":10,"turns":3},{"damage":14,"enemies":"The Mushroom Lair","floor":12,"turns":2},{"damage":33,"enemies":"Exordium Thugs","floor":14,"turns":4},{"damage":17,"enemies":"2 Fungi Beasts","floor":15,"turns":3},{"damage":80,"enemies":"downfall:Defect","floor":16,"turns":7},{"damage":15,"enemies":"Spheric Guardian","floor":19,"turns":2},{"damage":55,"enemies":"downfall:Augmenter","floor":20,"turns":4},{"damage":78,"enemies":"downfall:FleeingMerchant","floor":22,"turns":5},{"damage":12,"enemies":"3 Byrds","floor":23,"turns":5},{"damage":51,"enemies":"Centurion and Healer","floor":26,"turns":2},{"damage":30,"enemies":"Snake Plant","floor":27,"turns":3},{"damage":45,"enemies":"Book of Stabbing","floor":28,"turns":3},{"damage":31,"enemies":"Cultist and Chosen","floor":29,"turns":4},{"damage":39,"enemies":"Shelled Parasite and Fungi","floor":32,"turns":3},{"damage":81,"enemies":"downfall:Silent","floor":33,"turns":4},{"damage":76,"enemies":"3 Darklings","floor":36,"turns":4},{"damage":31,"enemies":"Orb Walker","floor":37,"turns":4},{"damage":81,"enemies":"Maw","floor":39,"turns":5},{"damage":63,"enemies":"Giant Head","floor":40,"turns":4},{"damage":29,"enemies":"Reptomancer","floor":42,"turns":3},{"damage":53,"enemies":"Writhing Mass","floor":44,"turns":3},{"damage":36,"enemies":"downfall:FleeingMerchant","floor":45,"turns":3},{"damage":19,"enemies":"Sphere and 2 Shapes","floor":46,"turns":2},{"damage":37,"enemies":"Nemesis","floor":48,"turns":3},{"damage":55,"enemies":"Jaw Worm Horde","floor":49,"turns":5},{"damage":49,"enemies":"downfall:Watcher","floor":50,"turns":2}],"seed_played":"936003964677083850","potions_obtained":[{"floor":5,"key":"Guardian:BlockOnCardUsePotion"},{"floor":6,"key":"EssenceOfSteel"},{"floor":8,"key":"ColorlessPotion"},{"floor":15,"key":"champ:UltimateStancePotion"},{"floor":16,"key":"SpeedPotion"},{"floor":19,"key":"sneckomod:MuddlingPotion"},{"floor":23,"key":"SkillPotion"},{"floor":28,"key":"EssenceOfSteel"},{"floor":31,"key":"PowerPotion"},{"floor":31,"key":"Block Potion"},{"floor":39,"key":"AttackPotion"},{"floor":40,"key":"Weak Potion"},{"floor":42,"key":"DuplicationPotion"},{"floor":48,"key":"Dexterity Potion"},{"floor":49,"key":"Dexterity Potion"}],"is_trial":false,"path_per_floor":["R","M","M","?","M","E","T","M","$","M","R","?","R","M","M","B",null,"R","M","?","?","$","M","T","R","M","M","E","M","R","?","M","B",null,"R","M","M","?","M","E","T","E","?","M","$","M","R","E","M","B",null],"character_chosen":"THE_CHAMP","items_purchased":["champ:HeartStrike","champ:GutPunch","Mummified Hand","champ:GladiatorsBookOfMartialProwess","Chemical X","War Paint"],"campfire_rested":2,"item_purchase_floors":[9,9,22,45,45,45],"current_hp_per_floor":[81,80,80,65,64,45,45,44,44,37,61,61,61,54,54,9,81,81,81,61,53,38,41,41,65,50,50,55,55,65,65,61,55,105,105,85,74,74,85,88,88,105,105,105,87,100,100,105,105,105],"gold":63,"neow_bonus":"THREE_RARE_CARDS","is_daily":false,"chose_seed":false,"campfire_upgraded":6,"win_rate":0.0,"timestamp":1609128587,"path_taken":["R","M","M","?","M","E","T","?","$","?","R","?","R","M","M","BOSS","R","M","?","?","$","M","T","R","?","M","E","M","R","?","M","BOSS","R","M","?","?","?","E","T","E","?","M","$","M","R","E","M","BOSS"],"items_purchased_type":["Card","Card","Relic","Relic","Relic","Relic"],"build_version":"2020-12-22","purchased_purges":1,"victory":true,"max_hp_per_floor":[81,81,81,81,81,81,81,81,81,81,81,81,81,81,81,81,81,81,81,81,81,81,81,81,81,81,81,95,95,105,105,105,105,105,105,105,105,105,105,105,105,105,105,105,105,105,105,105,105,105],"card_choices":[{"not_picked":["champ:Improvising","champ:ShieldSlam"],"picked":"champ:CheapShot","floor":0},{"not_picked":["champ:FlashCut","champ:IronFortress","champ:GladiatorsShout"],"picked":"SKIP","floor":2},{"not_picked":["champ:GutPunch","champ:IronFortress"],"picked":"champ:ShieldSigil","floor":3},{"not_picked":["champ:GladiatorsShout","champ:BladeFlurry","champ:ShieldWall"],"picked":"SKIP","floor":5},{"not_picked":["champ:TornadoPunch","champ:DancingMaster"],"picked":"champ:PerfectForm","floor":6},{"not_picked":["champ:RageSigil","champ:AdrenalArmor"],"picked":"champ:SwordSigil","floor":8},{"not_picked":["champ:GladiatorsShout","champ:GladiatorStyle"],"picked":"champ:Duel","floor":9},{"not_picked":["champ:Backstep","champ:EnGarde","champ:FocusedDefense"],"picked":"SKIP","floor":10},{"not_picked":["champ:FlashCut","champ:FanOfKnives"],"picked":"champ:Shatter","floor":14},{"not_picked":["champ:BringItOn","champ:ShieldSigil","champ:CrookedStrike"],"picked":"SKIP","floor":15},{"not_picked":["champ:DancingMaster","champ:StrikeOfGenius"],"picked":"champ:SwordThrow","floor":16},{"not_picked":["champ:DefensiveShout+1","champ:BerserkerStyle"],"picked":"champ:RisingSlash","floor":19},{"not_picked":["champ:FalseCounter","champ:PerfectedStrike+1"],"picked":"champ:Lariat","floor":20},{"not_picked":["champ:DancingMaster","champ:FlashCut","champ:HeartStrike+1"],"picked":"SKIP","floor":22},{"not_picked":["champ:CalledShot+1","champ:ShieldWall"],"picked":"champ:RecklessLeap+1","floor":23},{"not_picked":["champ:Backstep","champ:RecklessLeap"],"picked":"champ:Encircle","floor":26},{"not_picked":["champ:BladeFlurry","champ:Circumvent","champ:FlashCut"],"picked":"SKIP","floor":27},{"not_picked":["champ:HeartStrike","champ:FlashCut","champ:FanOfKnives"],"picked":"SKIP","floor":28},{"not_picked":["champ:StanceDance","champ:GladiatorsShout"],"picked":"champ:Aggression","floor":29},{"not_picked":["champ:Shatter","champ:PreciseThrust"],"picked":"champ:Lariat","floor":32},{"not_picked":["champ:LastStand","champ:Devastate"],"picked":"champ:PerfectForm","floor":33},{"not_picked":["champ:PerfectedStrike+1","champ:Haymaker","champ:Backstep"],"picked":"SKIP","floor":36},{"not_picked":["champ:Backstep+1","champ:RecklessLeap"],"picked":"champ:GutPunch","floor":37},{"not_picked":["champ:FaceSlap","champ:DefensiveShout"],"picked":"champ:RapidStrikes+1","floor":39},{"not_picked":["champ:ShieldSigil","champ:BringItOn"],"picked":"champ:GladiatorStyle","floor":40},{"not_picked":["champ:BerserkersShout+1","champ:FocusedGladiator+1"],"picked":"champ:GladiatorStyle","floor":42},{"not_picked":["expansioncontent:DefensiveMode","expansioncontent:Flail"],"picked":"expansioncontent:TimeRipple","floor":43},{"not_picked":["champ:FightOn","champ:DefensiveShout"],"picked":"champ:IgnorePain","floor":44},{"not_picked":["champ:EnragedBash+1","champ:FocusedDefense","champ:AdrenalArmor+1"],"picked":"SKIP","floor":45},{"not_picked":["champ:FanOfKnives","champ:Haymaker+1"],"picked":"champ:RisingSlash+1","floor":46},{"not_picked":["champ:Shatter","champ:BladeFlurry+1"],"picked":"champ:ShieldWall+1","floor":48},{"not_picked":["champ:EnragedBash","champ:BladeFlurry+1","champ:Circumvent+1"],"picked":"SKIP","floor":49}],"player_experience":2419942,"relics_obtained":[{"floor":6,"key":"Potion Belt"},{"floor":7,"key":"Omamori"},{"floor":12,"key":"Odd Mushroom"},{"floor":20,"key":"MutagenicStrength"},{"floor":28,"key":"Mango"},{"floor":40,"key":"Sundial"},{"floor":41,"key":"InkBottle"},{"floor":42,"key":"FossilizedHelix"},{"floor":48,"key":"Anchor"}],"event_choices":[{"damage_healed":0,"gold_gain":0,"player_choice":"Fought Mushrooms","damage_taken":0,"max_hp_gain":0,"max_hp_loss":0,"event_name":"Mushrooms","floor":12,"gold_loss":0},{"damage_healed":0,"gold_gain":0,"player_choice":"Got Potions","damage_taken":0,"max_hp_gain":0,"max_hp_loss":0,"event_name":"Lab","floor":31,"gold_loss":0},{"damage_healed":0,"gold_gain":0,"cards_transformed":["champ:Strike"],"player_choice":"Transformed","damage_taken":0,"max_hp_gain":0,"max_hp_loss":0,"event_name":"Transmorgrifier","floor":38,"gold_loss":0,"cards_obtained":["champ:FanOfKnives"]}],"is_beta":false,"boss_relics":[{"not_picked":["SlaversCollar","SacredBark"],"picked":"Philosopher\u0027s Stone"},{"not_picked":["Runic Pyramid","Astrolabe"],"picked":"Cursed Key"}],"items_purged_floors":[9],"is_endless":false,"potions_floor_spawned":[5,6,8,15,16,19,23,28,39,40,42,46,48,49],"ascension_level":1}}