{"host":"i0avyit1s6jb1siw","time":1609168036,"event":{"mods":["BaseMod","DeckTracker","Dota2Spire","Highlight Path","Minty Spire (QoL Compilation)","Quick Restart","Replay The Spire","StSLib","SuperFastMode"],"gold_per_floor":[112,124,124,144,144,144,178,178,178,189,214,214,224,237,237,313,313,331,341,65,79,89,89,14,14,14,43,43,62,62,62,62,135,135,149,159,159,159,184,216,232,263,263,275,304,304,337,347,347,347,347,347],"floor_reached":51,"playtime":1733,"items_purged":["Strike_G"],"score":2024,"play_id":"b2a4a137-3a06-4294-b2d4-5ad71b4917bb","local_time":"20201228160716","is_ascension_mode":true,"campfire_choices":[{"data":"Well Laid Plans","floor":6.0,"key":"SMITH"},{"data":"Replay:Poison Smokescreen","floor":8.0,"key":"SMITH"},{"floor":12.0,"key":"REST"},{"data":"Footwork","floor":15.0,"key":"SMITH"},{"data":"Crippling Poison","floor":23.0,"key":"SMITH"},{"floor":25.0,"key":"REST"},{"floor":32.0,"key":"REST"},{"floor":46,"key":"REST"},{"floor":49,"key":"RECALL"}],"circlet_count":0,"master_deck":["AscendersBane","Strike_G","Strike_G","Strike_G","Defend_G","Defend_G","Defend_G","Defend_G","Defend_G","Survivor","Neutralize+1","Predator+1","Well Laid Plans+1","After Image","Replay:Poison Smokescreen+1","Footwork+1","Crippling Poison+1","Burst","Blur","Catalyst","ReplayTheSpireMod:Speed Training","Corpse Explosion"],"relics":["Ring of the Snake","Mummified Hand","Oddly Smooth Stone","Snake Skull","SacredBark","Paper Crane","Mercury Hourglass","Bag of Preparation","Busted Crown","Replay:Arrowhead","Pen Nib","MealTicket","Dota2Spire:PhaseBoots","Meat on the Bone"],"acts_visited":["Exordium","TheCity","TheBeyond"],"potions_floor_usage":[48],"damage_taken":[{"damage":9.0,"enemies":"Jaw Worm","floor":1.0,"turns":6.0},{"damage":0.0,"enemies":"2 Louse","floor":2.0,"turns":2.0},{"damage":0.0,"enemies":"Cultist","floor":4.0,"turns":4.0},{"damage":21.0,"enemies":"3 Sentries","floor":7.0,"turns":12.0},{"damage":9.0,"enemies":"Large Slime","floor":10.0,"turns":6.0},{"damage":8.0,"enemies":"2 Fungi Beasts","floor":13.0,"turns":4.0},{"damage":0.0,"enemies":"Exordium Wildlife","floor":14.0,"turns":5.0},{"damage":0.0,"enemies":"The Guardian","floor":16.0,"turns":10.0},{"damage":11.0,"enemies":"Shell Parasite","floor":18.0,"turns":7.0},{"damage":13.0,"enemies":"2 Thieves","floor":19.0,"turns":5.0},{"damage":0.0,"enemies":"3 Cultists","floor":21.0,"turns":6.0},{"damage":3.0,"enemies":"Cultist and Chosen","floor":22.0,"turns":9.0},{"damage":1.0,"enemies":"Replay:Snechameleon","floor":27.0,"turns":4.0},{"damage":12.0,"enemies":"Snecko","floor":29.0,"turns":5.0},{"damage":10.0,"enemies":"Automaton","floor":33.0,"turns":11.0},{"damage":10.0,"enemies":"3 Shapes","floor":35.0,"turns":3.0},{"damage":0.0,"enemies":"Orb Walker","floor":36.0,"turns":4.0},{"damage":4,"enemies":"Mind Bloom Boss Battle","floor":39,"turns":7},{"damage":11,"enemies":"Nemesis","floor":40,"turns":7},{"damage":10,"enemies":"Sphere and 2 Shapes","floor":41,"turns":7},{"damage":9,"enemies":"R_Hoarder","floor":42,"turns":8},{"damage":0,"enemies":"Maw","floor":44,"turns":9},{"damage":4,"enemies":"Nemesis","floor":45,"turns":9},{"damage":2,"enemies":"Giant Head","floor":47,"turns":8},{"damage":0,"enemies":"Transient","floor":48,"turns":6},{"damage":20,"enemies":"Time Eater","floor":50,"turns":8},{"damage":48,"enemies":"Replay:Hell Engine","floor":51,"turns":6}],"seed_played":"-7482279200842569810","potions_obtained":[{"floor":1.0,"key":"Doom Potion"},{"floor":2.0,"key":"Dota2Spire:HealingSalve"},{"floor":10.0,"key":"Strength Potion"},{"floor":18.0,"key":"Block Potion"},{"floor":21.0,"key":"Doom Potion"},{"floor":22.0,"key":"Swift Potion"},{"floor":35.0,"key":"Dexterity Potion"},{"floor":40,"key":"Dota2Spire:HealingSalve"}],"is_trial":false,"path_per_floor":["M","M","?","M","?","R","E","R","T","M","T","R","M","M","R","B",null,"M","M","$","M","M","R","$","R","T","E","?","M","?","?","R","B",null,"M","M","?","?","?","E","M","E","T","M","E","R","E","M","R","B","B"],"character_chosen":"THE_SILENT","items_purchased":["Paper Crane"],"campfire_rested":4,"item_purchase_floors":[20],"current_hp_per_floor":[50,50,50,50,43,43,40,40,40,31,31,50,42,42,42,42,60,49,36,36,36,33,33,33,52,52,51,51,39,39,39,58,48,62,52,52,52,52,48,37,27,22,22,22,18,37,35,53,53,45,0,0],"gold":347,"neow_bonus":"UPGRADE_CARD","is_daily":false,"chose_seed":false,"campfire_upgraded":4,"win_rate":0.0,"timestamp":1609168036,"path_taken":["M","M","?","M","?","R","E","R","T","M","?","R","M","M","R","BOSS","M","?","$","M","M","R","$","R","T","E","?","M","?","?","R","BOSS","M","M","?","?","?","E","M","E","T","M","E","R","E","M","R","BOSS","BOSS"],"items_purchased_type":["Relic"],"build_version":"2020-12-22","purchased_purges":1,"victory":false,"max_hp_per_floor":[66,66,66,66,66,66,66,66,66,66,66,66,66,66,66,66,66,66,66,66,66,66,66,66,66,66,66,66,66,66,66,66,66,66,66,66,66,66,66,66,66,66,66,66,66,66,66,66,66,66,66,66],"card_choices":[{"not_picked":["Sneak Up","Poisoned Stab"],"picked":"Predator","floor":1.0},{"not_picked":["Acrobatics","Blade Dance"],"picked":"Well Laid Plans","floor":2.0},{"not_picked":["Sucker Punch","Outmaneuver"],"picked":"After Image","floor":4.0},{"not_picked":["Underhanded Strike","Dodge and Roll"],"picked":"Replay:Poison Smokescreen","floor":7.0},{"not_picked":["Deadly Poison","Sucker Punch"],"picked":"Footwork","floor":10.0},{"not_picked":["Dagger Spray","Infinite Blades","Underhanded Strike"],"picked":"SKIP","floor":13.0},{"not_picked":["Prepared","ReplayTheSpireMod:Speed Training"],"picked":"Crippling Poison","floor":14.0},{"not_picked":["Phantasmal Killer","A Thousand Cuts"],"picked":"Burst","floor":16.0},{"not_picked":["Eviscerate","Sucker Punch+1"],"picked":"Blur","floor":18.0},{"not_picked":["Heel Hook+1","Underhanded Strike+1","Dagger Spray"],"picked":"SKIP","floor":19.0},{"not_picked":["Acrobatics","Dagger Spray+1","Outmaneuver"],"picked":"SKIP","floor":21.0},{"not_picked":["Dodge and Roll","ReplayTheSpireMod:Tripwire"],"picked":"Catalyst","floor":22.0},{"not_picked":["Well Laid Plans","Infinite Blades","ReplayTheSpireMod:Tripwire+1"],"picked":"SKIP","floor":27.0},{"not_picked":["Distraction","Dodge and Roll"],"picked":"ReplayTheSpireMod:Speed Training","floor":29.0},{"not_picked":["ReplayTheSpireMod:Necrosis","Venomology"],"picked":"Corpse Explosion","floor":33.0},{"not_picked":["Cloak And Dagger+1"],"picked":"SKIP","floor":35.0},{"not_picked":["Endless Agony+1"],"picked":"SKIP","floor":36.0},{"not_picked":["Flying Knee"],"picked":"SKIP","floor":40},{"not_picked":["Outmaneuver"],"picked":"SKIP","floor":41},{"not_picked":["Grand Finale"],"picked":"SKIP","floor":42},{"not_picked":["Dagger Throw+1"],"picked":"SKIP","floor":44},{"not_picked":["Prepared"],"picked":"SKIP","floor":45},{"not_picked":["Blade Dance"],"picked":"SKIP","floor":47},{"not_picked":["Expertise+1"],"picked":"SKIP","floor":48}],"player_experience":2121638,"relics_obtained":[{"floor":7.0,"key":"Mummified Hand"},{"floor":9.0,"key":"Oddly Smooth Stone"},{"floor":11.0,"key":"Snake Skull"},{"floor":26.0,"key":"Mercury Hourglass"},{"floor":27.0,"key":"Bag of Preparation"},{"floor":39,"key":"Replay:Arrowhead"},{"floor":40,"key":"Pen Nib"},{"floor":42,"key":"MealTicket"},{"floor":45,"key":"Dota2Spire:PhaseBoots"},{"floor":47,"key":"Meat on the Bone"}],"event_choices":[{"damage_healed":0.0,"max_hp_gain":0.0,"max_hp_loss":0.0,"gold_gain":0.0,"event_name":"Living Wall","player_choice":"Grow","floor":3.0,"gold_loss":0.0,"damage_taken":0.0,"cards_upgraded":["Predator"]},{"cards_removed":["Strike_G"],"damage_healed":0.0,"max_hp_gain":0.0,"max_hp_loss":0.0,"gold_gain":0.0,"event_name":"Golden Wing","player_choice":"Card Removal","floor":5.0,"gold_loss":0.0,"damage_taken":7.0},{"damage_healed":0.0,"max_hp_gain":0.0,"max_hp_loss":0.0,"gold_gain":0.0,"event_name":"Tomb of Lord Red Mask","player_choice":"Ignored","floor":37.0,"gold_loss":0.0,"damage_taken":0.0},{"damage_healed":0,"gold_gain":0,"player_choice":"Memory 1","damage_taken":0,"max_hp_gain":0,"max_hp_loss":0,"event_name":"SensoryStone","floor":38,"gold_loss":0},{"damage_healed":0,"gold_gain":0,"player_choice":"Fight","damage_taken":0,"max_hp_gain":0,"max_hp_loss":0,"event_name":"MindBloom","floor":39,"gold_loss":0}],"is_beta":false,"boss_relics":[{"not_picked":["Abe\u0027s Treasure","Replay:Drink Me"],"picked":"SacredBark"},{"not_picked":["Replay:Bronze Core","SlaversCollar"],"picked":"Busted Crown"}],"items_purged_floors":[24],"is_endless":false,"potions_floor_spawned":[1,2,10,18,21,22,35,36,40,42,44,47],"killed_by":"Replay:Hell Engine","ascension_level":20}}