{"host":"svwqvw2il1zfkkg0","time":1609142340,"event":{"mods":["AchievementEnabler","BaseMod","BetterRewards","Colored Map","Colored Powertips","Custom Start","Downfall","GifTheSpireLib","Highlight Path","Hubris","Infinite Spire","Minty Spire (QoL Compilation)","Quick Restart","Replay The Spire","Shop Mod","StSLib","SuperFastMode"],"gold_per_floor":[116,116,81,98,98,130,130,157,157,157,157,170,189,45,45,148,148,161,177,219,219,219,219,237,253,279,293,318,418,47,74,74,179,179,194,204,216,216,232,261,261,261,261,275,305,324,342,357,357,357],"floor_reached":51,"playtime":1729,"items_purged":[],"score":684,"play_id":"a544ab3f-e709-4d74-b42e-b701282933a9","local_time":"20201227235900","is_ascension_mode":false,"campfire_choices":[{"floor":7,"key":"REST"},{"data":"Blade Dance","floor":7,"key":"SMITH"},{"floor":11,"key":"REST"},{"data":"Masterful Stab","floor":11,"key":"SMITH"},{"floor":15,"key":"REST"},{"data":"Cloak And Dagger","floor":15,"key":"SMITH"},{"data":"Cloak And Dagger","floor":23,"key":"SMITH"},{"data":"A Thousand Cuts","floor":32,"key":"SMITH"},{"floor":49,"key":"REST"},{"data":"Die Die Die","floor":49,"key":"SMITH"}],"circlet_count":0,"master_deck":["Strike_G","Strike_G","Strike_G","Strike_G","Defend_G","Defend_G","Defend_G","Defend_G","Defend_G","Survivor","Neutralize","Masterful Stab+1","Sucker Punch","Blade Dance+1","Dagger Spray","Dash","Cloak And Dagger+1","Endless Agony","All Out Attack","Sucker Punch","Cloak And Dagger+1","Tools of the Trade+1","Leg Sweep+1","ReplayTheSpireMod:Splinters","A Thousand Cuts+1","Prepared","Dagger Throw+1","Blade Dance+1","Dash+1","Die Die Die+1","Accuracy+1","Cloak And Dagger+1","Prepared+1","Corpse Explosion+1","Dagger Spray+1"],"relics":["Ring of the Snake","infinitespire:Magic Flask","hubris:Towel","Mirror","hubris:CuriousFeather","hubris:SphereOfDissonance","Orrery","SlaversCollar","hubris:PeanutButter","MealTicket","infinitespire:EmpoweringShard","Replay:Multitool","Replay:Bottled Eggs","Lee\u0027s Waffle","Bag of Marbles","Replay:WaspNest","hubris:GrandSneckoEye","ReplayTheSpireMod:Ninjato","Pear","Letter Opener"],"acts_visited":["Exordium","TheCity","TheBeyond"],"potions_floor_usage":[6,16,16,25,25,27,28,31,33,40,40,50,50],"damage_taken":[{"damage":0,"enemies":"2 Louse","floor":1,"turns":3},{"damage":0,"enemies":"Small Slimes","floor":4,"turns":3},{"damage":29,"enemies":"Gremlin Nob","floor":6,"turns":5},{"damage":34,"enemies":"Lagavulin","floor":8,"turns":6},{"damage":3,"enemies":"Jaw Worm","floor":12,"turns":2},{"damage":1,"enemies":"2 Fungi Beasts","floor":13,"turns":3},{"damage":55,"enemies":"The Guardian","floor":16,"turns":6},{"damage":4,"enemies":"Spheric Guardian","floor":18,"turns":3},{"damage":7,"enemies":"Shell Parasite","floor":19,"turns":3},{"damage":12,"enemies":"Sentry and Sphere","floor":24,"turns":4},{"damage":2,"enemies":"Cultist and Chosen","floor":25,"turns":5},{"damage":0,"enemies":"Snecko","floor":27,"turns":3},{"damage":0,"enemies":"Gremlin Leader","floor":28,"turns":4},{"damage":0,"enemies":"Colosseum Slavers","floor":29,"turns":2},{"damage":0,"enemies":"Colosseum Nobs","floor":29,"turns":3},{"damage":12,"enemies":"Slavers","floor":31,"turns":3},{"damage":39,"enemies":"Champ","floor":33,"turns":7},{"damage":0,"enemies":"3 Darklings","floor":35,"turns":2},{"damage":16,"enemies":"3 Shapes","floor":36,"turns":1},{"damage":0,"enemies":"3 Darklings","floor":37,"turns":2},{"damage":0,"enemies":"Spire Growth","floor":39,"turns":2},{"damage":6,"enemies":"R_Hoarder","floor":40,"turns":3},{"damage":15,"enemies":"4 Shapes","floor":44,"turns":2},{"damage":20,"enemies":"Nemesis","floor":45,"turns":3},{"damage":0,"enemies":"3 Darklings","floor":46,"turns":2},{"damage":2,"enemies":"Spire Growth","floor":47,"turns":3},{"damage":0,"enemies":"4 Shapes","floor":48,"turns":2},{"damage":23,"enemies":"Replay:Hell Engine","floor":50,"turns":5}],"seed_played":"123002568900598236","potions_obtained":[{"floor":1,"key":"Fire Potion"},{"floor":12,"key":"Strength Potion"},{"floor":13,"key":"PowerPotion"},{"floor":16,"key":"DistilledChaos"},{"floor":19,"key":"Energy Potion"},{"floor":24,"key":"sneckomod:MuddlingPotion"},{"floor":27,"key":"PowerPotion"},{"floor":28,"key":"PowerPotion"},{"floor":35,"key":"BlessingOfTheForge"},{"floor":39,"key":"DistilledChaos"},{"floor":44,"key":"CunningPotion"},{"floor":45,"key":"ColorlessPotion"}],"is_trial":false,"path_per_floor":["M","?","?","M","?","E","R","E","T","?","R","M","M","$","R","B",null,"M","M","?","?","?","R","M","M","T","M","E","?","$","E","R","B",null,"M","M","M","?","M","E","R","?","T","M","E","M","M","M","R","B",null],"character_chosen":"THE_SILENT","items_purchased":["Orrery","Lee\u0027s Waffle","Bag of Marbles","DuplicationPotion"],"campfire_rested":4,"item_purchase_floors":[14,30,30,30],"current_hp_per_floor":[49,49,66,66,66,37,58,24,24,24,45,42,41,41,62,7,70,66,59,59,59,59,59,47,45,45,45,45,45,77,65,65,26,77,77,61,61,61,61,55,77,77,87,72,52,52,50,50,76,53],"gold":357,"neow_bonus":"ONE_RARE_RELIC","is_daily":false,"chose_seed":false,"campfire_upgraded":6,"win_rate":0.0,"timestamp":1609142340,"path_taken":["M","?","?","M","?","E","R","E","T","?","R","?","M","?","R","BOSS","M","M","?","?","?","R","M","M","T","M","E","?","?","E","R","BOSS","M","M","M","?","?","E","R","?","T","M","E","M","M","M","R","BOSS"],"items_purchased_type":["Relic","Relic","Relic","Potion"],"build_version":"2020-12-22","purchased_purges":0,"victory":true,"max_hp_per_floor":[70,70,70,70,70,70,70,70,70,70,70,70,70,70,70,70,70,70,70,70,70,70,70,70,70,70,70,70,70,77,77,77,77,77,77,77,77,77,77,77,77,77,87,87,87,87,87,87,87,87],"card_choices":[{"not_picked":["Dodge and Roll","Skewer"],"picked":"Masterful Stab","floor":1},{"not_picked":["Predator","Dagger Throw"],"picked":"Sucker Punch","floor":4},{"not_picked":["Accuracy","Predator"],"picked":"Blade Dance","floor":6},{"not_picked":["ReplayTheSpireMod:Exploit Weakness","Bouncing Flask","Expertise"],"picked":"SKIP","floor":8},{"not_picked":["hubris:SlightOfHand","Poisoned Stab"],"picked":"Dagger Spray","floor":12},{"not_picked":["Dagger Spray","Malaise"],"picked":"Dash","floor":13},{"not_picked":["ReplayTheSpireMod:Scrap Shanks","Quick Slash"],"picked":"Cloak And Dagger","floor":14},{"not_picked":["Replay:Poison Smokescreen","Poisoned Stab"],"picked":"Endless Agony","floor":14},{"not_picked":["Concentrate","Deflect"],"picked":"All Out Attack","floor":14},{"not_picked":["Bane","Outmaneuver"],"picked":"Sucker Punch","floor":14},{"not_picked":["ReplayTheSpireMod:Speed Training","Prepared"],"picked":"Cloak And Dagger","floor":14},{"not_picked":["Malaise","Poison Darts"],"picked":"Tools of the Trade","floor":16},{"not_picked":["Hidden Blade","Endless Agony"],"picked":"Leg Sweep+1","floor":18},{"not_picked":["Quick Slash","ReplayTheSpireMod:The Works","Underhanded Strike+1"],"picked":"SKIP","floor":19},{"not_picked":["Backflip","Underhanded Strike+1"],"picked":"A Thousand Cuts","floor":20},{"not_picked":["Dagger Throw","PiercingWail"],"picked":"Prepared","floor":24},{"not_picked":["Envenom","Slice"],"picked":"Dagger Throw+1","floor":25},{"not_picked":["Acrobatics","PiercingWail+1"],"picked":"Blade Dance","floor":27},{"not_picked":["hubris:SlightOfHand","Prepared","ReplayTheSpireMod:Speed Training+1"],"picked":"SKIP","floor":28},{"not_picked":["Prepared","Catalyst"],"picked":"Dash+1","floor":31},{"not_picked":["After Image","Unload"],"picked":"Die Die Die","floor":33},{"not_picked":["Dodge and Roll+1","Venomology"],"picked":"Accuracy+1","floor":35},{"not_picked":["Dodge and Roll","Hidden Blade+1"],"picked":"Cloak And Dagger+1","floor":36},{"not_picked":["Catalyst+1","Underhanded Strike"],"picked":"Prepared+1","floor":37},{"not_picked":["Flechettes","Hidden Blade"],"picked":"Corpse Explosion","floor":39},{"not_picked":["ReplayTheSpireMod:Tripwire+1","Escape Plan","Backflip"],"picked":"SKIP","floor":40},{"not_picked":["Underhanded Strike+1","Noxious Fumes","Hidden Blade"],"picked":"SKIP","floor":44},{"not_picked":["Cloak And Dagger","ReplayTheSpireMod:Necrosis"],"picked":"Dagger Spray+1","floor":45},{"not_picked":["PiercingWail","Acrobatics+1","Bane"],"picked":"SKIP","floor":46},{"not_picked":["Flying Knee+1","Dodge and Roll","Deadly Poison+1"],"picked":"SKIP","floor":47},{"not_picked":["PiercingWail","Bane","Escape Plan+1"],"picked":"SKIP","floor":48}],"player_experience":432006,"relics_obtained":[{"floor":6,"key":"Mirror"},{"floor":8,"key":"hubris:CuriousFeather"},{"floor":9,"key":"hubris:SphereOfDissonance"},{"floor":20,"key":"hubris:PeanutButter"},{"floor":26,"key":"MealTicket"},{"floor":28,"key":"infinitespire:EmpoweringShard"},{"floor":29,"key":"Replay:Multitool"},{"floor":29,"key":"Replay:Bottled Eggs"},{"floor":31,"key":"Replay:WaspNest"},{"floor":40,"key":"ReplayTheSpireMod:Ninjato"},{"floor":43,"key":"Pear"},{"floor":45,"key":"Letter Opener"}],"event_choices":[{"damage_healed":17,"gold_gain":0,"player_choice":"Healed","damage_taken":0,"max_hp_gain":0,"max_hp_loss":0,"event_name":"The Cleric","floor":3,"gold_loss":35},{"damage_healed":0,"gold_gain":0,"player_choice":"Ignored","damage_taken":0,"max_hp_gain":0,"max_hp_loss":0,"event_name":"Ghosts","floor":22,"gold_loss":0},{"damage_healed":0,"gold_gain":0,"player_choice":"Fight","damage_taken":0,"max_hp_gain":0,"max_hp_loss":0,"event_name":"Colosseum","floor":29,"gold_loss":0},{"damage_healed":0,"gold_gain":0,"player_choice":"Fought Nobs","damage_taken":0,"max_hp_gain":0,"max_hp_loss":0,"event_name":"Colosseum","floor":29,"gold_loss":0},{"damage_healed":0,"gold_gain":0,"player_choice":"Ignored","damage_taken":0,"max_hp_gain":0,"max_hp_loss":0,"event_name":"Purifier","floor":38,"gold_loss":0},{"cards_removed":["Strike_G"],"damage_healed":0,"gold_gain":0,"player_choice":"Removed Attack","damage_taken":0,"max_hp_gain":0,"max_hp_loss":0,"event_name":"Falling","floor":42,"gold_loss":0}],"is_beta":false,"boss_relics":[{"not_picked":["Replay:Wanted Poster","Replay:Bronze Core"],"picked":"SlaversCollar"},{"not_picked":["ReplayTheSpireMod:DimensionalGlitch","Empty Cage"],"picked":"hubris:GrandSneckoEye"}],"items_purged_floors":[],"is_endless":false,"potions_floor_spawned":[1,12,13,16,19,24,27,28,35,39,44,45],"ascension_level":0}}