{"host":"cyiefo55v5hz1ih5","time":1609114837,"event":{"mods":["2.2 Compatiblity","AchievementEnabler","Arknights The Spire","BaseMod","GifTheSpireLib","Hubris","Minty Spire (QoL Compilation)","Replay The Spire","Spicy Shops","StSLib"],"gold_per_floor":[119,119,133,208,221,221,254,269,345,345,345,30,55,94,94,213,213,232,232,13,13,13,13,32,32,58,94,94,114,153,177,177,307,307,323,198,198,198,48,64,64,98,98,111,120,165,178,178,178,197,215,215,215,215,5,43,43,43],"floor_reached":57,"playtime":4979,"items_purged":["ats:Strike S","ats:Strike C","ats:Strike G","ats:Defend","Delirium"],"score":783,"play_id":"0a4015fc-1574-43af-a88f-871a8a373623","local_time":"20201227192037","is_ascension_mode":false,"campfire_choices":[{"data":"ats:Emotion Absorption","floor":6.0,"key":"SMITH"},{"floor":11.0,"key":"REST"},{"floor":23.0,"key":"RECALL"},{"data":"ats:Nebulous Foxfire","floor":28.0,"key":"SMITH"},{"data":"ats:Soul Rend","floor":32.0,"key":"SMITH"},{"data":"ats:Closed Bolt Burst Fire","floor":43,"key":"SMITH"},{"data":"ats:Blood Oath","floor":54,"key":"SMITH"}],"circlet_count":0,"master_deck":["ats:Armor Crushing Shot","ats:Defend","ats:Defend","ats:Defend","ats:Emotion Absorption+1","ats:Leaping Hammer","ats:Spore Proliferation+1","ats:Charging Defense","ats:Blood Oath+1","ats:Wolf Pack+1","Finesse+1","ats:Closed Bolt Burst Fire+1","ats:Nebulous Foxfire+1","ats:Revitalization+1","ats:Soul Rend+1","ats:Cat Scratch","J.A.X.+1","ats:Part Time Job+1","ats:Thermite Blade+1","Madness","Madness"],"relics":["ats:Sanity","NeowsBlessing","ats:Originium","hubris:FunFungus","Golden Idol","Guide Book","ats:Originium","hubris:DisguiseKit","Coffee Dripper","HandDrill","Boot","ats:Originium","HornCleat","ats:Originium","CeramicFish","Cursed Key","Meat on the Bone","Mercury Hourglass","ReplayTheSpireMod:Ninjato","Blood Vial"],"acts_visited":["Exordium","TheCity","TheBeyond","TheEnding"],"potions_floor_usage":[46,52,57,57],"damage_taken":[{"damage":0.0,"enemies":"Jaw Worm","floor":1.0,"turns":1.0},{"damage":0.0,"enemies":"Cultist","floor":3.0,"turns":1.0},{"damage":0.0,"enemies":"2 Louse","floor":5.0,"turns":2.0},{"damage":52.0,"enemies":"Gremlin Nob","floor":7.0,"turns":6.0},{"damage":12.0,"enemies":"Lots of Slimes","floor":8.0,"turns":8.0},{"damage":0.0,"enemies":"Blue Slaver","floor":13.0,"turns":4.0},{"damage":0.0,"enemies":"Lagavulin","floor":14.0,"turns":9.0},{"damage":17.0,"enemies":"Slime Boss","floor":16.0,"turns":15.0},{"damage":11.0,"enemies":"2 Thieves","floor":18.0,"turns":5.0},{"damage":13.0,"enemies":"Shell Parasite","floor":24.0,"turns":6.0},{"damage":21.0,"enemies":"Slavers","floor":27.0,"turns":5.0},{"damage":16.0,"enemies":"Cultist and Chosen","floor":29.0,"turns":9.0},{"damage":50.0,"enemies":"Book of Stabbing","floor":30.0,"turns":7.0},{"damage":21.0,"enemies":"Sentry and Sphere","floor":31.0,"turns":7.0},{"damage":68.0,"enemies":"hubris:MusketHawk","floor":33.0,"turns":12.0},{"damage":3,"enemies":"3 Shapes","floor":35,"turns":5},{"damage":10,"enemies":"3 Darklings","floor":40,"turns":6},{"damage":5,"enemies":"R_Hoarder","floor":42,"turns":9},{"damage":36,"enemies":"Jaw Worm Horde","floor":44,"turns":4},{"damage":22,"enemies":"Nemesis","floor":46,"turns":7},{"damage":47,"enemies":"Transient","floor":47,"turns":5},{"damage":12,"enemies":"Spire Growth","floor":50,"turns":5},{"damage":72,"enemies":"Time Eater","floor":52,"turns":13},{"damage":68,"enemies":"Shield and Spear","floor":56,"turns":9},{"damage":286,"enemies":"The Heart","floor":57,"turns":15}],"seed_played":"8578118919215660628","potions_obtained":[{"floor":5.0,"key":"FairyPotion"},{"floor":8.0,"key":"SkillPotion"},{"floor":13.0,"key":"LifebloodPotion"},{"floor":18.0,"key":"BlessingOfTheForge"},{"floor":31.0,"key":"DuplicationPotion"},{"floor":33.0,"key":"SteroidPotion"},{"floor":47,"key":"Swift Potion"}],"is_trial":false,"path_per_floor":["M","?","M","?","M","R","E","M","T","?","R","$","M","E","R","B",null,"M","?","$","?","?","R","M","$","T","E","R","M","E","M","R","B",null,"M","$","PTL","PTL","$","M","?","E","R","M","T","E","M","?","T","M","R","B",null,"R","$","E","B"],"character_chosen":"DOCTOR_CLASS","items_purchased":["Finesse","Guide Book","HandDrill","ats:Cat Scratch","Elixir"],"campfire_rested":1,"item_purchase_floors":[12,12,20,20,55],"current_hp_per_floor":[72,72,72,65,65,65,22,21,21,21,41,41,47,56,67,61,67,62,62,62,62,62,62,67,67,67,60,60,67,37,55,55,52,67,67,67,67,67,67,67,67,67,67,54,54,67,37,37,37,58,50,65,67,67,67,61,0,0],"gold":43,"neow_bonus":"THREE_ENEMY_KILL","is_daily":false,"chose_seed":false,"campfire_upgraded":5,"win_rate":0.0,"timestamp":1609114837,"path_taken":["M","?","?","?","?","R","E","M","T","?","R","$","M","E","R","BOSS","M","?","?","?","?","R","?","$","T","E","R","M","E","M","R","BOSS","M","$","PTL","PTL","$","M","?","E","R","M","T","E","M","?","?","M","R","BOSS","R","$","E","BOSS"],"items_purchased_type":["Card","Relic","Relic","Card","Potion"],"build_version":"2020-12-22","purchased_purges":5,"victory":false,"max_hp_per_floor":[72,72,72,72,72,72,72,72,72,67,67,67,67,67,67,67,67,67,67,67,67,67,67,67,67,67,67,67,67,67,67,67,67,67,67,67,67,67,67,67,67,67,67,67,67,67,67,67,67,67,67,67,67,67,67,67,67,67],"card_choices":[{"not_picked":["ats:Powerful Strike","ats:Poison Spread"],"picked":"ats:Leaping Hammer","floor":1.0},{"not_picked":["ats:Cat Scratch","ats:Demon Strength"],"picked":"ats:Charging Defense","floor":3.0},{"not_picked":["ats:Overload","ats:Childhood Dance"],"picked":"ats:Blood Oath","floor":5.0},{"not_picked":["ats:Rat Pack","ats:Fractured Body"],"picked":"ats:Wolf Pack","floor":7.0},{"not_picked":["ats:Explosion Area Strengthen","ats:Shell Defense","ats:Guardian Obelisk"],"picked":"SKIP","floor":8.0},{"not_picked":["ats:Apocalypse","ats:Hammer On","ats:Flexible Camouflage"],"picked":"SKIP","floor":13.0},{"not_picked":["ats:Spore Proliferation","ats:Shell Defense"],"picked":"ats:Closed Bolt Burst Fire","floor":14.0},{"not_picked":["ats:Dogmatic Field","ats:Echo Reverb","Feed"],"picked":"ats:Nebulous Foxfire","floor":16.0},{"not_picked":["ats:Explosion Area Strengthen","ats:Shell Defense","Wild Strike"],"picked":"ats:Revitalization+1","floor":18.0},{"not_picked":["ats:Flexible Camouflage","ats:Curse Doll","ats:Childhood Dance","Twin Strike"],"picked":"SKIP","floor":24.0},{"not_picked":["ats:Hook Shot+1","ats:Explosion Area Strengthen","ats:Rapid Magazine","Fire Breathing"],"picked":"SKIP","floor":27.0},{"not_picked":["ats:Curse Doll","ats:Cat Scratch","Searing Blow"],"picked":"ats:Part Time Job+1","floor":29.0},{"not_picked":["ats:Shell Defense","ats:Encircling Forest","ats:Curse Doll","Bloodletting"],"picked":"SKIP","floor":30.0},{"not_picked":["ats:Explosion Area Strengthen+1","ats:Leaping Hammer","ats:Childhood Dance","Double Tap"],"picked":"SKIP","floor":31.0},{"not_picked":["ats:Poison Spread+1","ats:Magnetic Hammer+1","ats:Revitalization","Disarm"],"picked":"SKIP","floor":35},{"not_picked":["ats:Collapsing Strike+1","ats:Powerful Strike+1","ats:Rapid Magazine","Power Through"],"picked":"SKIP","floor":40},{"not_picked":["ats:Demon Strength+1","ats:Childhood Dance","ats:Shell Defense","Iron Wave"],"picked":"SKIP","floor":42},{"not_picked":["ats:Cat Scratch","ats:Curse Doll+1","ats:Volcano","Cleave"],"picked":"SKIP","floor":44},{"not_picked":["ats:Powerful Strike+1","ats:Ignite","Clash"],"picked":"ats:Thermite Blade+1","floor":46},{"not_picked":["ats:Apocalypse","ats:Explosion Area Strengthen","ats:Overload","Wild Strike"],"picked":"SKIP","floor":47},{"not_picked":["ats:Flexible Camouflage","ats:Mental Burst","ats:Revitalization+1","hubris:ReadiedAction"],"picked":"SKIP","floor":50},{"not_picked":["ats:Apocalypse","ats:Consecutive Shot Auto+1","ats:Powerful Strike+1","Berserk"],"picked":"SKIP","floor":56}],"player_experience":593568,"relics_obtained":[{"floor":7.0,"key":"ats:Originium"},{"floor":7.0,"key":"hubris:FunFungus"},{"floor":14.0,"key":"ats:Originium"},{"floor":14.0,"key":"hubris:DisguiseKit"},{"floor":26.0,"key":"Boot"},{"floor":27.0,"key":"ats:Originium"},{"floor":27.0,"key":"HornCleat"},{"floor":30.0,"key":"ats:Originium"},{"floor":30.0,"key":"CeramicFish"},{"floor":42,"key":"Meat on the Bone"},{"floor":45,"key":"Mercury Hourglass"},{"floor":46,"key":"ReplayTheSpireMod:Ninjato"},{"floor":56,"key":"Blood Vial"}],"event_choices":[{"damage_healed":0.0,"max_hp_gain":0.0,"max_hp_loss":0.0,"gold_gain":0.0,"cards_transformed":["ats:Strike V"],"event_name":"Transmorgrifier","player_choice":"Transformed","floor":2.0,"gold_loss":0.0,"damage_taken":0.0,"cards_obtained":["ats:Spore Proliferation"]},{"damage_healed":0.0,"max_hp_gain":0.0,"max_hp_loss":0.0,"gold_gain":75.0,"event_name":"FaceTrader","player_choice":"Touch","floor":4.0,"gold_loss":0.0,"damage_taken":7.0},{"damage_healed":0.0,"max_hp_gain":0.0,"max_hp_loss":5.0,"gold_gain":0.0,"event_name":"Golden Idol","player_choice":"Lose Max HP","floor":10.0,"gold_loss":0.0,"damage_taken":0.0,"relics_obtained":["Golden Idol"]},{"damage_healed":0.0,"max_hp_gain":0.0,"max_hp_loss":0.0,"gold_gain":0.0,"event_name":"Match and Keep!","player_choice":"1 cards matched","floor":19.0,"gold_loss":0.0,"damage_taken":0.0,"cards_obtained":["ats:Soul Rend"]},{"damage_healed":0.0,"max_hp_gain":0.0,"max_hp_loss":0.0,"gold_gain":0.0,"event_name":"Drug Dealer","player_choice":"Obtain J.A.X.","floor":22.0,"gold_loss":0.0,"damage_taken":0.0,"cards_obtained":["J.A.X."]},{"damage_healed":0,"gold_gain":0,"player_choice":"Embrace Madness","damage_taken":8,"max_hp_gain":0,"max_hp_loss":0,"event_name":"Winding Halls","floor":51,"gold_loss":0,"cards_obtained":["Madness","Madness"]}],"is_beta":false,"boss_relics":[{"not_picked":["hubris:GrandSneckoEye","Runic Pyramid"],"picked":"Coffee Dripper"},{"not_picked":["Busted Crown","Sozu"],"picked":"Cursed Key"}],"items_purged_floors":[12,20,36,39,55],"is_endless":false,"potions_floor_spawned":[5,8,13,18,31,33,35,44,47,56],"killed_by":"The Heart","ascension_level":0}}