{"host":"mi0eibewekhugwl1","time":1609176295,"event":{"mods":["AchievementEnabler","BaseMod","Colored Map","Colored Powertips","DeckTracker","Keyboard Shortcuts","Minty Spire (QoL Compilation)","Quick Restart","Rare Cards Sparkle","Relic Stats","StSLib","SuperFastMode","everything is the same but u backflip on backflip"],"gold_per_floor":[117,134,49,61,61,61,91,91,91,111,154,154,178,212,212,302,302,317,17,17,38,62,62,62,62],"floor_reached":24,"playtime":574,"items_purged":[],"score":412,"play_id":"82ea1b8d-62f0-46ac-921e-d53c2b775c0a","local_time":"20201229022455","is_ascension_mode":true,"campfire_choices":[{"data":"Zap","floor":6.0,"key":"SMITH"},{"data":"Streamline","floor":12,"key":"SMITH"},{"data":"Darkness","floor":15,"key":"SMITH"},{"floor":23,"key":"REST"}],"circlet_count":0,"master_deck":["AscendersBane","Strike_B","Strike_B","Strike_B","Strike_B","Defend_B","Defend_B","Defend_B","Defend_B","Zap+1","Dualcast","Streamline+1","Turbo","Self Repair","Glacier","Coolheaded","Sweeping Beam","Darkness+1","Coolheaded","Core Surge","Coolheaded","Seek","Core Surge","Blizzard","White Noise","Turbo"],"relics":["Cracked Core","NeowsBlessing","Boot","Golden Idol","Question Card","Dream Catcher","Oddly Smooth Stone","SacredBark","Orrery"],"acts_visited":["Exordium","TheCity"],"potions_floor_usage":[16],"damage_taken":[{"damage":0.0,"enemies":"Cultist","floor":1.0,"turns":1.0},{"damage":0.0,"enemies":"Small Slimes","floor":2.0,"turns":1.0},{"damage":0.0,"enemies":"Jaw Worm","floor":4.0,"turns":1.0},{"damage":6,"enemies":"2 Fungi Beasts","floor":10,"turns":3},{"damage":13,"enemies":"Lagavulin","floor":11,"turns":10},{"damage":3,"enemies":"Large Slime","floor":13,"turns":7},{"damage":29,"enemies":"3 Sentries","floor":14,"turns":7},{"damage":26,"enemies":"Slime Boss","floor":16,"turns":6},{"damage":14,"enemies":"Chosen","floor":18,"turns":6},{"damage":2,"enemies":"Spheric Guardian","floor":21,"turns":6},{"damage":82,"enemies":"Centurion and Healer","floor":22,"turns":13},{"damage":38,"enemies":"3 Cultists","floor":24,"turns":5}],"seed_played":"839653875536089208","potions_obtained":[{"floor":4.0,"key":"Fire Potion"},{"floor":11,"key":"Energy Potion"},{"floor":13,"key":"FairyPotion"}],"is_trial":false,"path_per_floor":["M","M","$","M","?","R","?","?","T","M","E","R","M","E","R","B",null,"M","$","?","M","M","R","M"],"character_chosen":"DEFECT","items_purchased":["Self Repair","Orrery","Blizzard","PowerPotion"],"campfire_rested":1,"item_purchase_floors":[3,19,19,19],"current_hp_per_floor":[64,64,64,71,60,60,60,60,60,61,55,55,59,37,37,18,53,46,46,46,51,15,34,0,0],"gold":62,"neow_bonus":"THREE_ENEMY_KILL","is_daily":false,"chose_seed":false,"campfire_upgraded":3,"win_rate":0.0,"timestamp":1609176295,"path_taken":["M","M","$","?","?","R","?","?","T","M","E","R","M","E","R","BOSS","M","$","?","M","M","R","M"],"items_purchased_type":["Card","Relic","Card","Potion"],"build_version":"2020-12-22","purchased_purges":0,"victory":false,"max_hp_per_floor":[71,71,71,71,71,71,71,64,64,64,64,64,64,64,64,64,64,64,64,64,64,64,64,64,64],"relic_stats":{"Dream Catcher":1,"counters":[12,66],"Golden Idol":55,"Boot":[11],"Question Card":14,"obtain_stats":[{"Dream Catcher":11,"NeowsBlessing":0,"Golden Idol":8,"SacredBark":17,"Oddly Smooth Stone":14,"Orrery":19,"Cracked Core":0,"Boot":5,"Question Card":9},{"Dream Catcher":5,"NeowsBlessing":0,"Golden Idol":3,"SacredBark":8,"Oddly Smooth Stone":7,"Orrery":9,"Cracked Core":0,"Boot":3,"Question Card":3},{"Dream Catcher":16,"NeowsBlessing":0,"Golden Idol":3,"SacredBark":36,"Oddly Smooth Stone":30,"Orrery":42,"Cracked Core":0,"Boot":3,"Question Card":3}]},"card_choices":[{"not_picked":["Redo","Cold Snap"],"picked":"Streamline","floor":1.0},{"not_picked":["Hologram","Compile Driver","Turbo"],"picked":"SKIP","floor":2.0},{"not_picked":["Hologram","Compile Driver"],"picked":"Turbo","floor":2.0},{"not_picked":["Beam Cell","Stack"],"picked":"Glacier","floor":4.0},{"not_picked":["Steam","Leap","Turbo"],"picked":"Coolheaded","floor":10},{"not_picked":["Scrape","Darkness","Turbo"],"picked":"Sweeping Beam","floor":11},{"not_picked":["Reinforced Body","Barrage","Undo"],"picked":"Darkness","floor":13},{"not_picked":["Turbo","Scrape","Fusion"],"picked":"Coolheaded","floor":14},{"not_picked":["Amplify","Echo Form","Meteor Strike"],"picked":"Core Surge","floor":16},{"not_picked":["Lockon","Turbo+1","Go for the Eyes"],"picked":"Coolheaded","floor":18},{"not_picked":["Recycle","Ball Lightning","Redo"],"picked":"Seek","floor":19},{"not_picked":["Melter","Glacier","Genetic Algorithm"],"picked":"Core Surge","floor":19},{"not_picked":["Glacier","Cold Snap","Lockon+1"],"picked":"White Noise","floor":21},{"not_picked":["Gash","Leap","Beam Cell"],"picked":"Turbo","floor":22}],"player_experience":1714722,"relics_obtained":[{"floor":9,"key":"Question Card"},{"floor":11,"key":"Dream Catcher"},{"floor":14,"key":"Oddly Smooth Stone"}],"event_choices":[{"damage_healed":0.0,"max_hp_gain":0.0,"max_hp_loss":0.0,"gold_gain":0.0,"event_name":"Scrap Ooze","player_choice":"Success","floor":5.0,"gold_loss":0.0,"damage_taken":11.0,"relics_obtained":["Boot"]},{"damage_healed":0,"gold_gain":30,"player_choice":"Searched \u00271\u0027 times","damage_taken":0,"max_hp_gain":0,"max_hp_loss":0,"event_name":"Dead Adventurer","floor":7,"gold_loss":0},{"damage_healed":0,"gold_gain":0,"player_choice":"Lose Max HP","damage_taken":0,"relics_obtained":["Golden Idol"],"max_hp_gain":0,"max_hp_loss":7,"event_name":"Golden Idol","floor":8,"gold_loss":0},{"damage_healed":0,"gold_gain":0,"player_choice":"Ignored","damage_taken":0,"max_hp_gain":0,"max_hp_loss":0,"event_name":"The Mausoleum","floor":20,"gold_loss":0}],"is_beta":false,"boss_relics":[{"not_picked":["Sozu","Runic Dome"],"picked":"SacredBark"}],"items_purged_floors":[],"is_endless":false,"potions_floor_spawned":[4,11,13],"killed_by":"3 Cultists","ascension_level":20}}