{"host":"u2grshebrc5rdzdn","time":1609198441,"event":{"mods":["AchievementEnabler","BaseMod","Minty Spire (QoL Compilation)","StSLib"],"gold_per_floor":[115,115,130,130,140,172,172,198,198,230,250,264,264,295,295,399,399,411,16,32,45,45,76,103,135,135,146,146,146,181,32,32,133,133,153,153,165,177,190,190,190,12,12,26,26,51,51,76,76,76],"floor_reached":51,"playtime":7726,"items_purged":["Shame","Decay"],"score":1072,"play_id":"35bf5e84-ec73-412c-bf3a-9665c080d66b","local_time":"20201229003401","is_ascension_mode":true,"campfire_choices":[{"floor":7.0,"key":"REST"},{"data":"Eruption","floor":15.0,"key":"SMITH"},{"floor":28.0,"key":"REST"},{"data":"FlurryOfBlows","floor":32.0,"key":"SMITH"},{"data":"FlurryOfBlows","floor":40.0,"key":"SMITH"},{"data":"BattleHymn","floor":45.0,"key":"SMITH"},{"floor":47.0,"key":"REST"},{"data":"FlurryOfBlows","floor":49.0,"key":"SMITH"}],"circlet_count":0,"master_deck":["Strike_P","Strike_P","Defend_P","Defend_P","Eruption+1","Vigilance+1","Vengeance+1","CarveReality","FollowUp","SashWhip","FlurryOfBlows+1","Conclude","Omniscience+1","SpiritShield+1","ReachHeaven+1","Wallop+1","ForeignInfluence+1","CutThroughFate+1","Consecrate","FlurryOfBlows+1","CutThroughFate+1","FlurryOfBlows+1","Scrawl+1","Purity+1","BowlingBash+1","BowlingBash+1","BattleHymn+1","Injury","FollowUp","Fasting2+1","CrushJoints"],"relics":["Cursed Key","Regal Pillow","Mercury Hourglass","Yang","Bronze Scales","Blue Candle","Toxic Egg 2","Astrolabe","War Paint","Frozen Eye","Dream Catcher","Red Mask","Ornamental Fan","Bottled Flame","Question Card","PreservedInsect","HandDrill","Sozu","Boot","Shuriken","Bird Faced Urn","Unceasing Top"],"acts_visited":["Exordium","TheCity","TheBeyond"],"potions_floor_usage":[50],"damage_taken":[{"damage":0.0,"enemies":"Small Slimes","floor":1.0,"turns":2.0},{"damage":0.0,"enemies":"Jaw Worm","floor":3.0,"turns":3.0},{"damage":2.0,"enemies":"2 Louse","floor":5.0,"turns":2.0},{"damage":0.0,"enemies":"Gremlin Nob","floor":6.0,"turns":2.0},{"damage":0.0,"enemies":"Lagavulin","floor":8.0,"turns":3.0},{"damage":0.0,"enemies":"Gremlin Nob","floor":10.0,"turns":2.0},{"damage":6.0,"enemies":"Exordium Wildlife","floor":11.0,"turns":2.0},{"damage":0.0,"enemies":"3 Louse","floor":12.0,"turns":1.0},{"damage":0.0,"enemies":"3 Sentries","floor":14.0,"turns":2.0},{"damage":60.0,"enemies":"Hexaghost","floor":16.0,"turns":5.0},{"damage":13.0,"enemies":"3 Byrds","floor":18.0,"turns":2.0},{"damage":11.0,"enemies":"2 Thieves","floor":20.0,"turns":2.0},{"damage":2.0,"enemies":"3 Cultists","floor":21.0,"turns":4.0},{"damage":0.0,"enemies":"Gremlin Leader","floor":23.0,"turns":3.0},{"damage":0.0,"enemies":"Masked Bandits","floor":24.0,"turns":3.0},{"damage":7.0,"enemies":"Slavers","floor":25.0,"turns":3.0},{"damage":0.0,"enemies":"Centurion and Healer","floor":27.0,"turns":3.0},{"damage":9.0,"enemies":"Book of Stabbing","floor":30.0,"turns":3.0},{"damage":28.0,"enemies":"Champ","floor":33.0,"turns":5.0},{"damage":0.0,"enemies":"3 Shapes","floor":35.0,"turns":3.0},{"damage":9.0,"enemies":"3 Darklings","floor":37.0,"turns":3.0},{"damage":7.0,"enemies":"4 Shapes","floor":38.0,"turns":4.0},{"damage":0.0,"enemies":"Sphere and 2 Shapes","floor":39.0,"turns":3.0},{"damage":11.0,"enemies":"Jaw Worm Horde","floor":44.0,"turns":3.0},{"damage":6.0,"enemies":"Giant Head","floor":46.0,"turns":4.0},{"damage":1.0,"enemies":"Reptomancer","floor":48.0,"turns":3.0},{"damage":29,"enemies":"Awakened One","floor":50,"turns":6}],"seed_played":"-5025352398159332351","potions_obtained":[{"floor":5.0,"key":"StancePotion"},{"floor":6.0,"key":"Fire Potion"},{"floor":11.0,"key":"DuplicationPotion"},{"floor":12.0,"key":"EssenceOfSteel"},{"floor":16.0,"key":"FearPotion"},{"floor":23.0,"key":"BottledMiracle"},{"floor":27.0,"key":"SteroidPotion"},{"floor":33.0,"key":"DuplicationPotion"}],"is_trial":false,"path_per_floor":["M","?","M","?","M","E","R","E","T","E","M","M","?","E","R","B",null,"M","$","M","M","?","E","?","E","T","M","R","?","E","$","R","B",null,"M","?","M","M","M","R","?","$","T","M","R","E","R","E","R","B",null],"character_chosen":"WATCHER","items_purchased":["War Paint","Consecrate","Frozen Eye","HandDrill","BattleHymn"],"campfire_rested":3,"item_purchase_floors":[19,19,19,31,42],"current_hp_per_floor":[72,72,72,47,45,45,72,72,72,72,66,66,71,71,71,11,77,64,64,53,51,51,51,51,44,44,44,77,77,68,68,68,40,77,77,77,68,61,61,61,61,61,61,50,50,44,77,77,77,48],"gold":76,"neow_bonus":"BOSS_RELIC","is_daily":false,"chose_seed":false,"campfire_upgraded":5,"win_rate":0.0,"timestamp":1609198441,"path_taken":["M","?","M","?","M","E","R","E","T","E","M","?","?","E","R","BOSS","M","$","M","M","?","E","?","E","T","M","R","?","E","?","R","BOSS","M","?","M","M","?","R","?","?","T","M","R","E","R","E","R","BOSS"],"items_purchased_type":["Relic","Card","Relic","Relic","Card"],"build_version":"2020-12-22","purchased_purges":2,"victory":true,"max_hp_per_floor":[72,72,72,72,72,72,72,72,72,72,72,72,77,77,77,77,77,77,77,77,77,77,77,77,77,77,77,77,77,77,77,77,77,77,77,77,77,77,77,77,77,77,77,77,77,77,77,77,77,77],"card_choices":[{"not_picked":["CrushJoints","WheelKick"],"picked":"Vengeance","floor":1.0},{"not_picked":["PathToVictory","Adaptation"],"picked":"FollowUp","floor":3.0},{"not_picked":["CrushJoints","Collect"],"picked":"SashWhip","floor":5.0},{"not_picked":["ClearTheMind","Perseverance"],"picked":"FlurryOfBlows","floor":6.0},{"not_picked":["DeceiveReality","Vengeance","Alpha"],"picked":"SKIP","floor":8.0},{"not_picked":["Study","Sanctity"],"picked":"Conclude","floor":10.0},{"not_picked":["Nirvana","Pray","EmptyBody"],"picked":"SKIP","floor":11.0},{"not_picked":["Protect","Prostrate","EmptyFist"],"picked":"SKIP","floor":12.0},{"not_picked":["EmptyBody+1","EmptyFist"],"picked":"Omniscience+1","floor":14.0},{"not_picked":["MasterReality","Judgement+1"],"picked":"SpiritShield+1","floor":16.0},{"not_picked":["FlurryOfBlows","Evaluate+1"],"picked":"CutThroughFate+1","floor":18.0},{"not_picked":["Conclude","LikeWater"],"picked":"FlurryOfBlows","floor":20.0},{"not_picked":["WreathOfFlame+1","SignatureMove","CutThroughFate"],"picked":"SKIP","floor":21.0},{"not_picked":["Ragnarok","ForeignInfluence+1","EmptyFist"],"picked":"SKIP","floor":23.0},{"not_picked":["Prostrate+1","Protect+1"],"picked":"CutThroughFate+1","floor":25.0},{"not_picked":["Alpha+1","SandsOfTime"],"picked":"FlurryOfBlows","floor":27.0},{"not_picked":["Wallop","JustLucky","SpiritShield+1","MasterReality"],"picked":"SKIP","floor":30.0},{"not_picked":["Alpha+1","LessonLearned","Devotion"],"picked":"Scrawl+1","floor":33.0},{"not_picked":["Meditate+1","ForeignInfluence+1","SashWhip","Evaluate+1"],"picked":"SKIP","floor":35.0},{"not_picked":["ClearTheMind+1","EmptyBody+1","PathToVictory+1","Wireheading+1"],"picked":"SKIP","floor":37.0},{"not_picked":["FlurryOfBlows","SignatureMove","Crescendo+1"],"picked":"BowlingBash+1","floor":38.0},{"not_picked":["Protect+1","EmptyFist","Devotion"],"picked":"BowlingBash+1","floor":39.0},{"not_picked":["Halt+1","Conclude","EmptyBody+1"],"picked":"FollowUp","floor":44.0},{"not_picked":["EmptyBody+1","SashWhip","Conclude"],"picked":"Fasting2+1","floor":46.0},{"not_picked":["FlyingSleeves+1","ClearTheMind+1","DeceiveReality+1"],"picked":"CrushJoints","floor":47.0},{"not_picked":["Brilliance","Halt+1","Perseverance+1","WindmillStrike"],"picked":"SKIP","floor":48.0}],"player_experience":410078,"relics_obtained":[{"floor":6.0,"key":"Mercury Hourglass"},{"floor":8.0,"key":"Yang"},{"floor":9.0,"key":"Bronze Scales"},{"floor":10.0,"key":"Blue Candle"},{"floor":14.0,"key":"Toxic Egg 2"},{"floor":23.0,"key":"Dream Catcher"},{"floor":24.0,"key":"Red Mask"},{"floor":25.0,"key":"Ornamental Fan"},{"floor":26.0,"key":"Bottled Flame"},{"floor":30.0,"key":"PreservedInsect"},{"floor":41.0,"key":"Boot"},{"floor":43.0,"key":"Shuriken"},{"floor":46.0,"key":"Bird Faced Urn"},{"floor":48.0,"key":"Unceasing Top"}],"event_choices":[{"damage_healed":0.0,"max_hp_gain":0.0,"max_hp_loss":0.0,"gold_gain":0.0,"cards_transformed":["Defend_P"],"event_name":"Living Wall","player_choice":"Change","floor":2.0,"gold_loss":0.0,"damage_taken":0.0,"cards_obtained":["CarveReality"]},{"damage_healed":0.0,"max_hp_gain":0.0,"max_hp_loss":0.0,"gold_gain":0.0,"event_name":"Scrap Ooze","player_choice":"Success","floor":4.0,"gold_loss":0.0,"damage_taken":25.0,"relics_obtained":["Regal Pillow"]},{"damage_healed":0.0,"max_hp_gain":5.0,"max_hp_loss":0.0,"gold_gain":0.0,"event_name":"Big Fish","player_choice":"Donut","floor":13.0,"gold_loss":0.0,"damage_taken":0.0},{"damage_healed":0.0,"max_hp_gain":0.0,"max_hp_loss":0.0,"gold_gain":0.0,"event_name":"Vampires","player_choice":"Ignored","floor":22.0,"gold_loss":0.0,"damage_taken":0.0},{"damage_healed":0.0,"max_hp_gain":0.0,"max_hp_loss":0.0,"gold_gain":0.0,"event_name":"Masked Bandits","player_choice":"Fought Bandits","floor":24.0,"gold_loss":0.0,"damage_taken":0.0},{"damage_healed":0.0,"max_hp_gain":0.0,"max_hp_loss":0.0,"gold_gain":0.0,"event_name":"The Mausoleum","player_choice":"Opened","floor":29.0,"gold_loss":0.0,"damage_taken":0.0,"relics_obtained":["Question Card"]},{"damage_healed":0.0,"max_hp_gain":0.0,"max_hp_loss":0.0,"gold_gain":0.0,"event_name":"Match and Keep!","player_choice":"1 cards matched","floor":36.0,"gold_loss":0.0,"damage_taken":0.0,"cards_obtained":["Purity"]},{"damage_healed":0.0,"max_hp_gain":0.0,"max_hp_loss":0.0,"gold_gain":0.0,"event_name":"Wheel of Change","player_choice":"Relic","floor":41.0,"gold_loss":0.0,"damage_taken":0.0}],"is_beta":false,"boss_relics":[{"not_picked":["Ectoplasm","Busted Crown"],"picked":"Astrolabe"},{"not_picked":["Empty Cage","Calling Bell"],"picked":"Sozu"}],"items_purged_floors":[19,42],"is_endless":false,"potions_floor_spawned":[5,6,11,12,16,20,23,27,33,37,48],"ascension_level":4}}