{"host":"9i65z0zqo49crzwy","time":1609176405,"event":{"mods":["AchievementEnabler","Aspiration","Bard","BaseMod","Beaked The Cultist","Bestiary","Better Altar","Better Match","Better Note","Better Sensory Stone","Better Skull","Better Third Choice","BetterRewards","CCEM","Clawfect","Colored Map","Conspire","Downfall","GifTheSpireLib","Halation","Hermit","Highlight Path","Hubris","Hunter ??","Infinite Spire","Jedi Mod","Jorbs\u0027s Wanderer Trilogy","Mad Scientist","Marisa????????","Mimic Mod","Minty Spire (QoL Compilation)","Permanent Neow","Quick Restart","Replay The Spire","Shade Mod","Shop Mod","Spicy Shops","StSLib","Stuff the Spire","The Administrix","The Alterego","The Blackbeard","The Bug Knight","The Caster","The Cursed","The Disciple","The Dragon Tamer","The Gatherer","The Hierophant","The IronCluck","The Jungle","The Mystic","The Necromancer","The Problem Sleuth","The Runesmith","The Servant 0.9.4","The Spell Scribe","The Witch","Treasure Hunter","Unceasing Turn Reminder"],"gold_per_floor":[116,41,55,55,78,78,3,3,49,80,161,161,161],"floor_reached":12,"playtime":822,"items_purged":["Strike_Witch"],"score":68,"play_id":"6c2e77bc-9960-45d9-a772-88e5c6cd2f32","local_time":"20201228092645","is_ascension_mode":false,"campfire_choices":[{"data":"ZombieSpit","floor":8,"key":"SMITH"}],"circlet_count":0,"master_deck":["Strike_Witch","Strike_Witch","Strike_Witch","Defend_Witch","Defend_Witch","Defend_Witch","Defend_Witch","Hexguard","ZombieSpit+1","WickedThoughts","UnnaturalEnergy+1","RoilingBarrier","infinitespire:UltimateForm","hubris:Greed","hubris:Greed","Atonement","TH:CursedSword","Malady","Thundercloud"],"relics":["BlackCat","ReplayTheSpireMod:Lightbulb","Golden Idol","Regal Pillow"],"acts_visited":["Exordium"],"potions_floor_usage":[11],"damage_taken":[{"damage":0,"enemies":"2 Louse","floor":1,"turns":3},{"damage":0,"enemies":"Cultist","floor":3,"turns":4},{"damage":12,"enemies":"Jaw Worm","floor":5,"turns":6},{"damage":1,"enemies":"2 Fungi Beasts","floor":10,"turns":6},{"damage":20,"enemies":"3 Sentries","floor":11,"turns":12},{"damage":1,"enemies":"3 Sentries","floor":12,"turns":2}],"seed_played":"8537068596375629016","potions_obtained":[{"floor":5,"key":"AttackPotion"},{"floor":11,"key":"Explosive Potion"}],"is_trial":false,"path_per_floor":["M","?","M","?","M","?","$","R","T","M","?","E"],"character_chosen":"WITCH","items_purchased":[],"campfire_rested":0,"item_purchase_floors":[],"current_hp_per_floor":[67,67,67,51,39,23,23,23,23,22,2,1,1],"gold":161,"neow_bonus":"RANDOM_COMMON_RELIC","is_daily":false,"chose_seed":false,"campfire_upgraded":1,"win_rate":0.0,"timestamp":1609176405,"path_taken":["M","?","M","?","M","?","?","R","T","?","?","E"],"items_purchased_type":[],"build_version":"2020-12-22","purchased_purges":1,"victory":false,"max_hp_per_floor":[67,67,67,67,67,67,67,67,67,67,67,67,67],"card_choices":[{"not_picked":["SoulBarrier","BlackShield"],"picked":"WickedThoughts","floor":1},{"not_picked":["Boline+1","FatalRay+1"],"picked":"UnnaturalEnergy+1","floor":2},{"not_picked":["BalefulWard","BlackBolt"],"picked":"RoilingBarrier","floor":3},{"not_picked":["infinitespire:Menacing","infinitespire:Starlight"],"picked":"infinitespire:UltimateForm","floor":4},{"not_picked":["GnarledBody","MercuryWand"],"picked":"Atonement","floor":5},{"not_picked":["TH:BikiniMail"],"picked":"TH:CursedSword","floor":9},{"not_picked":["SaltCircle","BleedOut"],"picked":"Malady","floor":10},{"not_picked":["Harmlessness","Decrepify"],"picked":"Thundercloud","floor":11}],"player_experience":127452,"relics_obtained":[{"floor":11,"key":"Regal Pillow"}],"event_choices":[{"damage_healed":0,"gold_gain":0,"player_choice":"2","damage_taken":0,"max_hp_gain":0,"max_hp_loss":0,"event_name":"betterMatch:BetterMatch","floor":2,"gold_loss":0,"cards_obtained":["betterMatch:RareCard"]},{"damage_healed":0,"gold_gain":0,"player_choice":"Take Damage","damage_taken":16,"relics_obtained":["Golden Idol"],"max_hp_gain":0,"max_hp_loss":0,"event_name":"Golden Idol","floor":6,"gold_loss":0},{"damage_healed":0,"gold_gain":0,"player_choice":"Searched \u00272\u0027 times","damage_taken":0,"max_hp_gain":0,"max_hp_loss":0,"event_name":"Dead Adventurer","floor":11,"gold_loss":0}],"is_beta":false,"boss_relics":[],"items_purged_floors":[7],"is_endless":false,"potions_floor_spawned":[5,11],"killed_by":"3 Sentries","ascension_level":0}}