{"host":"Alvar","time":1609148987,"event":{"mods":["AchievementEnabler","Aspiration","BaseMod","Minty Spire (QoL Compilation)","StSLib"],"gold_per_floor":[113,132,151,22,97,129,129,129,129,156,173,185,203,220,220,294,294,314,314,42,42,55,55,83,83,129,129,147,163,188,138,138,138,138],"floor_reached":33,"playtime":1095,"items_purged":["Strike_R","Strike_R","Defend_R"],"score":619,"play_id":"ad8473c4-bc7a-465b-a8f9-1967fac944ce","local_time":"20201228164947","is_ascension_mode":true,"campfire_choices":[{"data":"Bash","floor":7,"key":"SMITH"},{"floor":15,"key":"REST"},{"floor":23,"key":"REST"},{"data":"Shockwave","floor":25,"key":"SMITH"},{"floor":27,"key":"REST"},{"floor":32,"key":"REST"}],"circlet_count":0,"master_deck":["AscendersBane","Strike_R+1","Strike_R+1","Defend_R","Defend_R","Defend_R","Bash+1","Reckless Charge","Sword Boomerang","Shockwave+1","Feed","Thunderclap","Spot Weakness","Limit Break","Offering","Disarm","Pommel Strike+1","Demon Form"],"relics":["Burning Blood","Charon\u0027s Ashes","Whetstone","Red Skull","Tiny Chest","Velvet Choker","ClockworkSouvenir","Smiling Mask","Nunchaku","aspiration:Lifesprig"],"acts_visited":["Exordium","TheCity"],"potions_floor_usage":[6,16,16,29],"damage_taken":[{"damage":1,"enemies":"Cultist","floor":1,"turns":3},{"damage":14,"enemies":"Jaw Worm","floor":2,"turns":4},{"damage":7,"enemies":"Small Slimes","floor":3,"turns":3},{"damage":10,"enemies":"3 Sentries","floor":6,"turns":6},{"damage":25,"enemies":"Lagavulin","floor":10,"turns":6},{"damage":0,"enemies":"3 Louse","floor":11,"turns":2},{"damage":4,"enemies":"Lots of Slimes","floor":12,"turns":3},{"damage":8,"enemies":"Gremlin Gang","floor":13,"turns":3},{"damage":10,"enemies":"Blue Slaver","floor":14,"turns":3},{"damage":38,"enemies":"The Guardian","floor":16,"turns":12},{"damage":18,"enemies":"Chosen","floor":18,"turns":4},{"damage":23,"enemies":"Spheric Guardian","floor":22,"turns":4},{"damage":31,"enemies":"Gremlin Leader","floor":24,"turns":5},{"damage":9,"enemies":"3 Cultists","floor":28,"turns":4},{"damage":10,"enemies":"Centurion and Healer","floor":29,"turns":5},{"damage":35,"enemies":"Book of Stabbing","floor":30,"turns":5},{"damage":82,"enemies":"Automaton","floor":33,"turns":6}],"seed_played":"7304388522683147931","potions_obtained":[{"floor":1,"key":"Swift Potion"},{"floor":3,"key":"Block Potion"},{"floor":12,"key":"DistilledChaos"},{"floor":18,"key":"Energy Potion"},{"floor":22,"key":"Ancient Potion"},{"floor":29,"key":"SmokeBomb"}],"is_trial":false,"path_per_floor":["M","M","M","$","?","E","R","?","T","E","M","M","M","M","R","B",null,"M","?","$","?","M","R","E","R","T","R","M","M","E","$","R","B"],"character_chosen":"IRONCLAD","items_purchased":["Explosive Potion","ClockworkSouvenir"],"campfire_rested":4,"item_purchase_floors":[4,20],"current_hp_per_floor":[55,47,46,46,35,31,31,31,31,12,21,26,27,26,52,20,70,58,46,46,46,32,59,37,37,37,64,64,63,37,37,67,0,0],"gold":138,"neow_bonus":"ONE_RARE_RELIC","is_daily":false,"chose_seed":false,"campfire_upgraded":2,"win_rate":0.0,"timestamp":1609148987,"path_taken":["M","M","M","$","?","E","R","?","T","E","M","M","M","M","R","BOSS","M","?","$","?","M","R","E","R","T","R","M","M","E","$","R","BOSS"],"items_purchased_type":["Potion","Relic"],"build_version":"2020-12-18","purchased_purges":3,"victory":false,"max_hp_per_floor":[75,75,75,75,75,75,75,75,75,75,78,81,84,87,87,87,87,87,87,87,87,90,90,93,93,93,93,96,99,102,102,102,102,102],"card_choices":[{"not_picked":["Ghostly Armor","Havoc"],"picked":"Reckless Charge","floor":1},{"not_picked":["Combust","Havoc"],"picked":"Sword Boomerang","floor":2},{"not_picked":["Twin Strike","Havoc"],"picked":"Shockwave","floor":3},{"not_picked":["Heavy Blade","Barricade","Entrench"],"picked":"SKIP","floor":6},{"not_picked":["Wild Strike","Cleave","Berserk"],"picked":"SKIP","floor":10},{"not_picked":["Heavy Blade","Rupture"],"picked":"Thunderclap","floor":11},{"not_picked":["True Grit","Pommel Strike"],"picked":"Spot Weakness","floor":12},{"not_picked":["Clothesline","Anger","Sword Boomerang"],"picked":"SKIP","floor":13},{"not_picked":["Clash","Dropkick"],"picked":"Limit Break","floor":14},{"not_picked":["Juggernaut","Limit Break"],"picked":"Offering","floor":16},{"not_picked":["Pommel Strike","Wild Strike"],"picked":"Disarm","floor":18},{"not_picked":["Dark Embrace","Anger"],"picked":"Pommel Strike+1","floor":22},{"not_picked":["Bloodletting","Pommel Strike","Limit Break"],"picked":"SKIP","floor":24},{"not_picked":["Headbutt","Thunderclap","Evolve"],"picked":"SKIP","floor":28},{"not_picked":["Flex","Pommel Strike","Perfected Strike"],"picked":"SKIP","floor":29},{"not_picked":["Battle Trance","Clothesline"],"picked":"Demon Form","floor":30}],"player_experience":748949,"relics_obtained":[{"floor":6,"key":"Whetstone"},{"floor":9,"key":"Red Skull"},{"floor":10,"key":"Tiny Chest"},{"floor":24,"key":"Smiling Mask"},{"floor":26,"key":"Nunchaku"},{"floor":30,"key":"aspiration:Lifesprig"}],"event_choices":[{"damage_healed":0,"gold_gain":75,"player_choice":"Gather Gold","damage_taken":11,"max_hp_gain":0,"max_hp_loss":0,"event_name":"World of Goop","floor":5,"gold_loss":0},{"damage_healed":0,"gold_gain":0,"cards_transformed":["Strike_R"],"player_choice":"Transformed","damage_taken":0,"max_hp_gain":0,"max_hp_loss":0,"event_name":"Transmorgrifier","floor":8,"gold_loss":0,"cards_obtained":["Feed"]},{"damage_healed":0,"gold_gain":0,"player_choice":"Ignored","damage_taken":0,"max_hp_gain":0,"max_hp_loss":0,"event_name":"The Mausoleum","floor":21,"gold_loss":0}],"is_beta":true,"boss_relics":[{"not_picked":["Fusion Hammer","Empty Cage"],"picked":"Velvet Choker"}],"items_purged_floors":[4,20,31],"is_endless":false,"potions_floor_spawned":[1,3,12,13,18,22,29],"killed_by":"Automaton","ascension_level":20}}