{"host":"i9lxfrw7gw0fop00","time":1609177830,"event":{"mods":["2.2 Compatiblity","AchievementEnabler","BaseMod","Beaked The Cultist","Better Altar","Better Match","Better Note","Better Sensory Stone","Better Skull","Better Third Choice","Colored Map","Colored Powertips","Downfall","Friendly Minions","Glutton Mod","Hermit","Minty Spire (QoL Compilation)","Permanent Neow","Quick Restart","Rare Cards Sparkle","Relic Sorter","Replay The Spire","Robot Space Explorer","Shade Mod","StSLib","The Construct","The Dragon Tamer","The Jungle","The Marked"],"gold_per_floor":[99,99,99,99,99,99,151,26,52,2,0,12,12,32,43,145,145,95,110,110,95,113,113,113,123,158,176,318,349,224,86,99,202,202,152,163,163,76,90,103,129,129,156,170,188,188,63,83,100,100,100,132,23,23,23],"floor_reached":56,"playtime":3328,"items_purged":[],"score":1240,"play_id":"cf515a5b-d61d-4656-9678-82a6e06512e2","local_time":"20201228145030","is_ascension_mode":false,"campfire_choices":[{"floor":1,"key":"RECALL"},{"data":"Slimebound:SplitLeeching","floor":8,"key":"SMITH"},{"data":"Slimebound:Schlurp","floor":10,"key":"SMITH"},{"floor":13,"key":"REST"},{"data":"Slimebound:SlimeBarrage","floor":18,"key":"SMITH"},{"data":"Slimebound:Overexert","floor":30,"key":"SMITH"},{"data":"Slimebound:LevelUp","floor":35,"key":"SMITH"},{"data":"Slimebound:MinionMaster","floor":47,"key":"SMITH"},{"floor":54,"key":"REST"}],"circlet_count":0,"master_deck":["Slimebound:Strike_Slimebound","Slimebound:Strike_Slimebound","Slimebound:Strike_Slimebound","Slimebound:Tackle","Slimebound:Defend_Slimebound","Slimebound:Defend_Slimebound","Slimebound:Defend_Slimebound","Slimebound:Defend_Slimebound","Slimebound:Split+1","Slimebound:CorrosiveSpit","Slimebound:SplitLeeching+1","Slimebound:Schlurp+1","Slimebound:SlimeBarrage+1","Slimebound:SplitMire","Slimebound:SplitMire","Slimebound:SplitBruiser+1","Slimebound:SplitBruiser+1","Slimebound:SlimeSlap","Slimebound:Prepare+1","Slimebound:HauntingLick","Slimebound:Overexert+1","Slimebound:SplitBruiser+1","Slimebound:SplitMire+1","Slimebound:MegaLick+1","Slimebound:LevelUp+1","Apotheosis+1","Slimebound:WasteNot+1","CurseOfTheBell","Slimebound:Repurpose+1","Slimebound:SplitMire+1","Slimebound:SplitMire+1","Slimebound:Repurpose+1","Slimebound:SplitLeeching+1","Slimebound:MinionMaster+1","Replay:SS_forest_6","Master of Strategy+1","Slimebound:PressTheAttack","Slimebound:SpikyOuterGoop","Slimebound:SlimeTap+1","expansioncontent:AwakenDeath","Slimebound:Gluttony+1"],"relics":["Slimebound:AbsorbEndCombat","The Courier","Slimebound:GreedOozeRelic","Centennial Puzzle","downfall:HeartBlessingRed","Dream Catcher","construct:WeddingRing","WingedGreaves","Toxic Egg 2","Bronze Scales","Smiling Mask","downfall:HeartBlessingGreen","Calling Bell","MealTicket","Replay:Bottled Eggs","Counterbalance","Replay:WaspNest","Replay:Kaleidoscope","downfall:HeartBlessingBlue","Unceasing Top"],"acts_visited":["Exordium","TheCity","TheBeyond","TheEnding"],"potions_floor_usage":[33,33,33,45,49,55],"damage_taken":[{"damage":0,"enemies":"Cultist","floor":6,"turns":1},{"damage":25,"enemies":"Lagavulin","floor":9,"turns":6},{"damage":14,"enemies":"downfall:FleeingMerchant","floor":11,"turns":4},{"damage":16,"enemies":"2 Louse","floor":12,"turns":2},{"damage":14,"enemies":"Small Slimes","floor":14,"turns":2},{"damage":12,"enemies":"3 Louse","floor":15,"turns":2},{"damage":67,"enemies":"downfall:Watcher","floor":16,"turns":8},{"damage":16,"enemies":"Chosen","floor":19,"turns":2},{"damage":33,"enemies":"downfall:FleeingMerchant","floor":21,"turns":4},{"damage":13,"enemies":"Snecko","floor":22,"turns":4},{"damage":24,"enemies":"Snake Plant","floor":25,"turns":3},{"damage":22,"enemies":"Gremlin Leader","floor":26,"turns":4},{"damage":20,"enemies":"Chosen and Byrds","floor":27,"turns":4},{"damage":8,"enemies":"downfall:FleeingMerchant","floor":28,"turns":2},{"damage":46,"enemies":"Book of Stabbing","floor":29,"turns":4},{"damage":17,"enemies":"3 Cultists","floor":32,"turns":2},{"damage":53,"enemies":"downfall:Silent","floor":33,"turns":5},{"damage":19,"enemies":"Orb Walker","floor":36,"turns":2},{"damage":43,"enemies":"3 Darklings","floor":39,"turns":4},{"damage":40,"enemies":"Maw","floor":40,"turns":5},{"damage":44,"enemies":"beaked:SuperParasite","floor":43,"turns":4},{"damage":20,"enemies":"Sphere and 2 Shapes","floor":44,"turns":2},{"damage":38,"enemies":"3 Darklings","floor":45,"turns":3},{"damage":29,"enemies":"Spire Growth","floor":48,"turns":3},{"damage":29,"enemies":"Jaw Worm Horde","floor":49,"turns":4},{"damage":57,"enemies":"downfall:Defect","floor":50,"turns":5},{"damage":108,"enemies":"downfall:CharBossMerchant","floor":52,"turns":7},{"damage":136,"enemies":"downfall:NeowBoss","floor":55,"turns":24}],"seed_played":"7876147917401661698","potions_obtained":[{"floor":9,"key":"PowerPotion"},{"floor":12,"key":"champ:CounterPotion"},{"floor":14,"key":"SteroidPotion"},{"floor":25,"key":"Slimebound:ThreeZeroPotion"},{"floor":26,"key":"PowerPotion"},{"floor":33,"key":"Flashbang"},{"floor":39,"key":"Block Potion"},{"floor":40,"key":"Explosive Potion"},{"floor":45,"key":"Toxic Potion"},{"floor":48,"key":"FairyPotion"},{"floor":52,"key":"Slimebound:SlimedPotion"}],"is_trial":false,"path_per_floor":["R","?","?","?","?","M","T","R","E","R","$","M","R","M","M","B",null,"R","M","?","$","M","?","T","M","E","M","$","E","R","$","M","B",null,"R","M","?","?","M","M","T","T","E","M","M","?","R","M","M","B",null,"E","$","R","B",null],"character_chosen":"SLIMEBOUND","items_purchased":["Slimebound:AcidTongue","Bronze Scales","Apotheosis+1","Slimebound:Repurpose+1","Slimebound:SplitMire+1","Slimebound:SlimeTap+1","expansioncontent:AwakenDeath"],"campfire_rested":2,"item_purchase_floors":[28,28,31,38,38,53,53],"current_hp_per_floor":[60,48,48,48,53,53,53,53,48,48,58,58,65,65,65,34,65,65,65,65,64,65,65,65,57,63,61,65,47,47,47,46,9,65,65,62,62,62,46,50,50,50,34,46,44,44,54,49,48,19,75,34,49,71,35],"gold":23,"neow_bonus":"UPGRADE_CARD","is_daily":false,"chose_seed":false,"campfire_upgraded":6,"win_rate":0.0,"timestamp":1609177830,"path_taken":["R","?","?","?","?","M","T","R","E","R","$","M","R","M","M","BOSS","R","M","?","?","M","?","T","M","E","M","$","E","R","$","M","BOSS","R","M","?","?","?","M","T","?","E","M","M","?","R","M","M","BOSS","E","$","R","BOSS"],"items_purchased_type":["Card","Relic","Card","Card","Card","Card","Card"],"build_version":"2020-12-22","purchased_purges":0,"victory":true,"max_hp_per_floor":[60,60,60,60,65,65,65,65,65,65,65,65,65,65,65,65,65,65,65,65,65,65,65,65,65,65,65,65,65,65,65,65,65,65,65,65,65,65,65,65,65,65,65,65,65,65,75,75,75,75,75,75,75,75,75],"card_choices":[{"not_picked":["Slimebound:FormOfPuddle","Slimebound:Repurpose"],"picked":"Slimebound:SplitLeeching","floor":6},{"not_picked":["Slimebound:FormOfPuddle","Slimebound:SpikyOuterGoop"],"picked":"Slimebound:Schlurp","floor":9},{"not_picked":["Slimebound:FirmFortitude","Slimebound:ForwardTackle"],"picked":"Slimebound:SlimeBarrage","floor":11},{"not_picked":["Slimebound:SlimeSpikes","Slimebound:LivingWall"],"picked":"Slimebound:SplitMire","floor":12},{"not_picked":["Slimebound:SplitAcid","Slimebound:GoopSpray"],"picked":"Slimebound:SplitMire","floor":13},{"not_picked":["Slimebound:TongueLash","Slimebound:GrowthPunch"],"picked":"Slimebound:SplitBruiser","floor":14},{"not_picked":["Slimebound:GrowthPunch","Slimebound:SlimeSpikes"],"picked":"Slimebound:SplitBruiser","floor":15},{"not_picked":["Slimebound:OozeBath","Slimebound:DouseInSlime"],"picked":"Slimebound:SlimeSlap","floor":16},{"not_picked":["Slimebound:Dissolve","Slimebound:DisruptingSlam+1"],"picked":"Slimebound:Prepare+1","floor":19},{"not_picked":["Slimebound:SplitLeeching","Slimebound:SlimeBrawl+1"],"picked":"Slimebound:Overexert","floor":21},{"not_picked":["Slimebound:Chomp","Slimebound:RejuvenatingLick+1"],"picked":"Slimebound:SplitBruiser","floor":22},{"not_picked":["Slimebound:SplitAcid","Slimebound:SlimeTap"],"picked":"Slimebound:SplitMire+1","floor":25},{"not_picked":["Slimebound:Nibble","Slimebound:FirmFortitude+1"],"picked":"Slimebound:MegaLick+1","floor":26},{"not_picked":["Slimebound:ForwardTackle+1","Slimebound:DisruptingSlam","Slimebound:ComboTackle"],"picked":"SKIP","floor":27},{"not_picked":["Slimebound:SlimeBrawl+1","Slimebound:ProtectTheBoss","Slimebound:FinishingTackle+1"],"picked":"SKIP","floor":28},{"not_picked":["Slimebound:SplitBruiser+1","Slimebound:RallyTheTroops"],"picked":"Slimebound:LevelUp","floor":29},{"not_picked":["Slimebound:BestDefense+1","Slimebound:FinishingTackle","Slimebound:AcidTongue"],"picked":"SKIP","floor":32},{"not_picked":["Slimebound:OozeBath+1","Slimebound:CheckThePlaybook+1"],"picked":"Slimebound:WasteNot+1","floor":33},{"not_picked":["Slimebound:BestDefense","Slimebound:LeechingTouch","Slimebound:RainOfGoop+1"],"picked":"SKIP","floor":36},{"not_picked":["Slimebound:SlimeSpikes+1","Slimebound:LeadByExample"],"picked":"Slimebound:Repurpose+1","floor":39},{"not_picked":["Slimebound:SlimeSpikes+1","Slimebound:Equalize","Slimebound:DisruptingSlam"],"picked":"SKIP","floor":40},{"not_picked":["Slimebound:SamplingLick+1","Slimebound:FinishingTackle+1"],"picked":"Slimebound:SplitLeeching+1","floor":43},{"not_picked":["Slimebound:GrowthPunch","Slimebound:GoopSpray+1","Slimebound:Chomp+1"],"picked":"SKIP","floor":44},{"not_picked":["Slimebound:Chomp+1","Slimebound:Nibble+1"],"picked":"Slimebound:MinionMaster","floor":45},{"not_picked":["Replay:SS_forest_5+1","expansioncontent:TimeRipple"],"picked":"Replay:SS_forest_6","floor":46},{"not_picked":["HandOfGreed","Specialist"],"picked":"Master of Strategy+1","floor":46},{"not_picked":["Slimebound:Chomp","Slimebound:SamplingLick+1"],"picked":"Slimebound:PressTheAttack","floor":48},{"not_picked":["Slimebound:ComboTackle","Slimebound:GoopSpray+1"],"picked":"Slimebound:SpikyOuterGoop","floor":49},{"not_picked":["Slimebound:GrowthPunch+1","Slimebound:DisruptingSlam","Slimebound:FormOfPuddle+1"],"picked":"SKIP","floor":52},{"not_picked":["Slimebound:SlimeSpikes+1","Slimebound:GoopSpray+1"],"picked":"Slimebound:Gluttony+1","floor":54}],"player_experience":223067,"relics_obtained":[{"floor":7,"key":"Centennial Puzzle"},{"floor":9,"key":"Dream Catcher"},{"floor":24,"key":"WingedGreaves"},{"floor":26,"key":"Toxic Egg 2"},{"floor":29,"key":"Smiling Mask"},{"floor":34,"key":"MealTicket"},{"floor":34,"key":"Replay:Bottled Eggs"},{"floor":34,"key":"Counterbalance"},{"floor":42,"key":"Replay:WaspNest"},{"floor":43,"key":"Replay:Kaleidoscope"},{"floor":52,"key":"Unceasing Top"}],"event_choices":[{"damage_healed":0,"gold_gain":0,"player_choice":"Success","damage_taken":12,"relics_obtained":["The Courier"],"max_hp_gain":0,"max_hp_loss":0,"event_name":"Scrap Ooze","floor":2,"gold_loss":0},{"damage_healed":0,"gold_gain":0,"player_choice":"Donut","damage_taken":0,"max_hp_gain":5,"max_hp_loss":0,"event_name":"Big Fish","floor":5,"gold_loss":0},{"damage_healed":0,"gold_gain":0,"player_choice":"Ignored","damage_taken":0,"max_hp_gain":0,"max_hp_loss":0,"event_name":"betterNote:BetterNote","floor":23,"gold_loss":0,"cards_obtained":["Panacea"]},{"cards_removed":["Slimebound:AcidTongue"],"damage_healed":0,"gold_gain":0,"player_choice":"Removed Power","damage_taken":0,"max_hp_gain":0,"max_hp_loss":0,"event_name":"Falling","floor":37,"gold_loss":0},{"damage_healed":0,"gold_gain":3,"player_choice":"1","damage_taken":0,"max_hp_gain":0,"max_hp_loss":0,"event_name":"betterStone:BetterStone","floor":46,"gold_loss":0}],"is_beta":false,"boss_relics":[{"not_picked":["Sozu","Empty Cage"],"picked":"construct:WeddingRing"},{"not_picked":["Replay:Fungal Core","Astrolabe"],"picked":"Calling Bell"}],"items_purged_floors":[],"is_endless":false,"potions_floor_spawned":[9,12,14,15,25,26,27,29,33,39,40,44,45,48,52],"ascension_level":0}}