{"host":"9fh35csyvbzgxvf9","time":1609122099,"event":{"mods":["BaseMod","Block Reminder","Colored Map","DeckTracker","Minty Spire (QoL Compilation)"],"gold_per_floor":[116,133,148,160,160,160,160,178,247,257,271,303,303,316,316,418,418,428,128,178,32,48,48,78,78,78,110,134,160,172,209,221,334,346,369,393,422,284,294,294,294],"floor_reached":40,"playtime":3111,"items_purged":["Reprogram"],"score":434,"play_id":"e6c807c7-14f0-4a1f-bab3-12b5d2d03209","local_time":"20201227212139","is_ascension_mode":false,"campfire_choices":[{"data":"Zap","floor":6,"key":"SMITH"},{"data":"1","floor":13,"key":"LIFT"},{"data":"2","floor":15,"key":"LIFT"},{"data":"3","floor":23,"key":"LIFT"},{"floor":30,"key":"REST"},{"floor":32,"key":"REST"}],"circlet_count":0,"master_deck":["Zap+1","Dualcast","Glacier","Cold Snap","Undo","Capacitor+1","Sweeping Beam","Leap","Barrage","Doom and Gloom","Echo Form","Melter","Leap","Ball Lightning","Blizzard","Redo","Hologram","Auto Shields","Buffer","Hello World","Coolheaded","White Noise","Leap","Coolheaded","Chaos","Redo","Coolheaded+1","Chaos+1","Defragment"],"relics":["Sozu","Girya","Runic Pyramid","Torii","Bag of Preparation","Oddly Smooth Stone","MawBank","Pantograph","Pandora\u0027s Box"],"acts_visited":["Exordium","TheCity","TheBeyond"],"potions_floor_usage":[],"damage_taken":[{"damage":0,"enemies":"Cultist","floor":1,"turns":3},{"damage":0,"enemies":"Jaw Worm","floor":2,"turns":4},{"damage":1,"enemies":"2 Louse","floor":3,"turns":3},{"damage":3,"enemies":"Looter","floor":4,"turns":3},{"damage":0,"enemies":"Large Slime","floor":8,"turns":7},{"damage":5,"enemies":"Lots of Slimes","floor":10,"turns":4},{"damage":1,"enemies":"Blue Slaver","floor":11,"turns":3},{"damage":1,"enemies":"Lagavulin","floor":12,"turns":9},{"damage":0,"enemies":"Exordium Thugs","floor":14,"turns":2},{"damage":2,"enemies":"The Guardian","floor":16,"turns":10},{"damage":0,"enemies":"Chosen","floor":18,"turns":4},{"damage":20,"enemies":"Shell Parasite","floor":22,"turns":4},{"damage":19,"enemies":"Gremlin Leader","floor":24,"turns":5},{"damage":2,"enemies":"Shelled Parasite and Fungi","floor":27,"turns":4},{"damage":2,"enemies":"Snake Plant","floor":28,"turns":4},{"damage":9,"enemies":"Centurion and Healer","floor":29,"turns":5},{"damage":12,"enemies":"Book of Stabbing","floor":31,"turns":5},{"damage":24,"enemies":"Champ","floor":33,"turns":10},{"damage":1,"enemies":"Orb Walker","floor":35,"turns":5},{"damage":0,"enemies":"3 Shapes","floor":36,"turns":5},{"damage":0,"enemies":"Writhing Mass","floor":37,"turns":7},{"damage":1,"enemies":"4 Shapes","floor":39,"turns":6},{"damage":81,"enemies":"Reptomancer","floor":40,"turns":4}],"seed_played":"1874481716747117271","potions_obtained":[],"is_trial":false,"path_per_floor":["M","M","M","M","?","R","$","M","T","M","M","E","R","M","R","B",null,"M","$","?","$","M","R","E","$","T","M","M","M","R","E","R","B",null,"M","M","M","$","M","E"],"character_chosen":"DEFECT","items_purchased":["Torii","Bag of Preparation","Defragment"],"campfire_rested":2,"item_purchase_floors":[19,21,38],"current_hp_per_floor":[75,75,74,71,56,56,56,56,56,51,50,49,49,49,49,47,75,75,75,75,75,55,55,36,36,36,34,32,23,45,33,55,51,75,74,74,74,74,73,0,0],"gold":294,"neow_bonus":"BOSS_RELIC","is_daily":false,"chose_seed":false,"campfire_upgraded":1,"win_rate":0.0,"timestamp":1609122099,"path_taken":["M","M","M","M","?","R","$","M","T","M","M","E","R","M","R","BOSS","M","$","?","$","M","R","E","?","T","M","M","?","R","E","R","BOSS","M","M","M","$","M","E"],"items_purchased_type":["Relic","Relic","Card"],"build_version":"2020-12-22","purchased_purges":1,"victory":false,"max_hp_per_floor":[75,75,75,75,75,75,75,75,75,75,75,75,75,75,75,75,75,75,75,75,75,75,75,75,75,75,75,75,75,75,75,75,75,75,75,75,75,75,75,75,75],"card_choices":[{"not_picked":["Reprogram","Leap"],"picked":"Glacier","floor":1},{"not_picked":["Go for the Eyes","Fusion"],"picked":"Cold Snap","floor":2},{"not_picked":["Darkness","Barrage"],"picked":"Undo","floor":3},{"not_picked":["Storm","Undo"],"picked":"Capacitor","floor":4},{"not_picked":["Steam","Undo"],"picked":"Sweeping Beam","floor":8},{"not_picked":["Chill","Stack"],"picked":"Leap","floor":10},{"not_picked":["Streamline","Loop"],"picked":"Barrage","floor":11},{"not_picked":["Tempest","Reprogram"],"picked":"Doom and Gloom","floor":12},{"not_picked":["Fusion","Gash","Sweeping Beam"],"picked":"SKIP","floor":14},{"not_picked":["Electrodynamics","Machine Learning"],"picked":"Echo Form","floor":16},{"not_picked":["Stack","Gash+1"],"picked":"Melter","floor":18},{"not_picked":["Rip and Tear","Compile Driver"],"picked":"Leap","floor":22},{"not_picked":["Biased Cognition","Compile Driver+1"],"picked":"Ball Lightning","floor":24},{"not_picked":["Steam Power","Tempest+1"],"picked":"Blizzard","floor":27},{"not_picked":["FTL+1","Streamline"],"picked":"Redo","floor":28},{"not_picked":["Rebound","Go for the Eyes+1"],"picked":"Hologram","floor":29},{"not_picked":["Compile Driver","Fission"],"picked":"Auto Shields","floor":31},{"not_picked":["Amplify","Meteor Strike"],"picked":"Buffer","floor":33},{"not_picked":["Ball Lightning","Turbo"],"picked":"Coolheaded+1","floor":35},{"not_picked":["Multi-Cast","Sweeping Beam+1","Redo"],"picked":"SKIP","floor":36},{"not_picked":["Steam","Auto Shields"],"picked":"Chaos+1","floor":37},{"not_picked":["Go for the Eyes","Compile Driver+1","Beam Cell"],"picked":"SKIP","floor":39}],"player_experience":257283,"relics_obtained":[{"floor":12,"key":"Girya"},{"floor":24,"key":"Oddly Smooth Stone"},{"floor":26,"key":"MawBank"},{"floor":31,"key":"Pantograph"}],"event_choices":[{"damage_healed":0,"gold_gain":0,"player_choice":"Entered Light","damage_taken":15,"max_hp_gain":0,"max_hp_loss":0,"event_name":"Shining Light","floor":5,"gold_loss":0,"cards_upgraded":["Capacitor","Defend_B"]},{"damage_healed":0,"gold_gain":100,"player_choice":"Bet on Murderer","damage_taken":0,"max_hp_gain":0,"max_hp_loss":0,"event_name":"The Joust","floor":20,"gold_loss":50}],"is_beta":false,"boss_relics":[{"not_picked":["Black Star","Busted Crown"],"picked":"Runic Pyramid"},{"not_picked":["SacredBark","Velvet Choker"],"picked":"Pandora\u0027s Box"}],"items_purged_floors":[38],"is_endless":false,"potions_floor_spawned":[1,2,10,11,16,18,22,24,29,35,39],"killed_by":"Reptomancer","ascension_level":0}}