{"host":"wy23tj84iquxuyyu","time":1609119768,"event":{"mods":["Aspiration","BaseMod","Better Note","Colored Map","Fireblade Mod","Hermit","Marked Mod","Minty Spire (QoL Compilation)","Random Character Button","Rare Cards Sparkle","Relic Stats","Replay The Spire","Retaliation","Spicy Shops","StSLib","The Cursed","The Death Knight","The Necromancer","Trackpad"],"gold_per_floor":[114,114,129,139,155,155,171,171,171,171,94,122,146,146,146,253,253,279,302,302,315,315,315],"floor_reached":22,"playtime":1025,"items_purged":[],"score":186,"play_id":"d4ac4a1d-bd5c-4fdd-ab9c-c24c2e3c3bfa","local_time":"20201227204248","is_ascension_mode":false,"campfire_choices":[{"data":"DeathKnight:DancingRuneblade","floor":6,"key":"SMITH"},{"floor":8,"key":"REST"},{"data":"DeathKnight:MarkOfBlood","floor":10,"key":"SMITH"},{"floor":15,"key":"REST"}],"circlet_count":0,"master_deck":["DeathKnight:Strike_DeathKnight","DeathKnight:Strike_DeathKnight","DeathKnight:Strike_DeathKnight","DeathKnight:Strike_DeathKnight","DeathKnight:Strike_DeathKnight","DeathKnight:Defend_DeathKnight","DeathKnight:Defend_DeathKnight","DeathKnight:Defend_DeathKnight","DeathKnight:Defend_DeathKnight","DeathKnight:RuneTap","DeathKnight:RuneStrike","DeathKnight:HartStrike+1","DeathKnight:DancingRuneblade+1","DeathKnight:DreadStrike","DeathKnight:MarkOfBlood+1","DeathKnight:DancingRuneblade","DeathKnight:UnholyExperiment","DeathKnight:FesteringStrike","DeathKnight:DancingRuneblade+1"],"relics":["DeathKnight:BrokenRuneblade","Akabeko","Mercury Hourglass","CeramicFish","Odd Mushroom","SacredBark"],"acts_visited":["Exordium","TheCity"],"potions_floor_usage":[16,21,21,22],"damage_taken":[{"damage":0,"enemies":"Jaw Worm","floor":1,"turns":3},{"damage":0,"enemies":"Cultist","floor":3,"turns":3},{"damage":0,"enemies":"2 Louse","floor":4,"turns":2},{"damage":16,"enemies":"Large Slime","floor":5,"turns":6},{"damage":10,"enemies":"Red Slaver","floor":7,"turns":4},{"damage":17,"enemies":"3 Sentries","floor":12,"turns":6},{"damage":22,"enemies":"The Mushroom Lair","floor":13,"turns":3},{"damage":28,"enemies":"The Guardian","floor":16,"turns":7},{"damage":23,"enemies":"3 Byrds","floor":18,"turns":4},{"damage":17,"enemies":"Shell Parasite","floor":19,"turns":3},{"damage":34,"enemies":"Chosen and Byrds","floor":21,"turns":6},{"damage":2,"enemies":"Snake Plant","floor":22,"turns":1}],"seed_played":"2389567430991354988","potions_obtained":[{"floor":12,"key":"Doom Potion"},{"floor":13,"key":"SteroidPotion"},{"floor":19,"key":"Fire Potion"},{"floor":21,"key":"LiquidBronze"}],"is_trial":false,"path_per_floor":["M","?","M","M","M","R","M","R","T","R","$","E","?","?","R","B",null,"M","M","?","M","M"],"character_chosen":"DEATH_KNIGHT","items_purchased":["DeathKnight:DancingRuneblade"],"campfire_rested":2,"item_purchase_floors":[11],"current_hp_per_floor":[75,75,75,75,59,59,49,71,71,71,71,54,32,32,54,26,75,52,35,35,1,0,0],"gold":315,"neow_bonus":"RANDOM_COMMON_RELIC","is_daily":false,"chose_seed":false,"campfire_upgraded":2,"win_rate":0.0,"timestamp":1609119768,"path_taken":["M","?","M","?","M","R","M","R","T","R","$","E","?","?","R","BOSS","M","M","?","M","M"],"items_purchased_type":["Card"],"build_version":"2020-12-22","purchased_purges":0,"victory":false,"max_hp_per_floor":[75,75,75,75,75,75,75,75,75,75,75,75,75,75,75,75,75,75,75,75,75,75,75],"relic_stats":{"counters":[12,48],"CeramicFish":27,"obtain_stats":[{"CeramicFish":12,"SacredBark":17,"Odd Mushroom":13,"DeathKnight:BrokenRuneblade":0,"Akabeko":0,"Mercury Hourglass":9},{"CeramicFish":6,"SacredBark":8,"Odd Mushroom":7,"DeathKnight:BrokenRuneblade":0,"Akabeko":0,"Mercury Hourglass":5},{"CeramicFish":24,"SacredBark":34,"Odd Mushroom":27,"DeathKnight:BrokenRuneblade":0,"Akabeko":0,"Mercury Hourglass":18}],"Mercury Hourglass":[133]},"card_choices":[{"not_picked":["DeathKnight:IcyTouch","DeathKnight:DeathCoil"],"picked":"DeathKnight:HartStrike","floor":1},{"not_picked":["DeathKnight:Contagion","DeathKnight:Ossuary","DeathKnight:Rot"],"picked":"SKIP","floor":3},{"not_picked":["DeathKnight:BloodStrike","DeathKnight:FrostStrike"],"picked":"DeathKnight:DancingRuneblade","floor":4},{"not_picked":["DeathKnight:Obliterate","DeathKnight:UnholyAssault"],"picked":"DeathKnight:DreadStrike","floor":5},{"not_picked":["DeathKnight:IcyTouch","DeathKnight:DeathsAdvance"],"picked":"DeathKnight:MarkOfBlood","floor":7},{"not_picked":["DeathKnight:WraithWalk","DeathKnight:Parry","DeathKnight:Pestilence"],"picked":"SKIP","floor":12},{"not_picked":["DeathKnight:Frostscythe","DeathKnight:Outbreak"],"picked":"DeathKnight:UnholyExperiment","floor":16},{"not_picked":["DeathKnight:DarkSuccor+1","DeathKnight:ChainsOfIce"],"picked":"DeathKnight:FesteringStrike","floor":18},{"not_picked":["DeathKnight:FrostStrike","DeathKnight:FrosPresence"],"picked":"DeathKnight:DancingRuneblade+1","floor":19},{"not_picked":["DeathKnight:Ossuary+1","DeathKnight:BoneSpear","DeathKnight:UnholyFrenzy+1"],"picked":"SKIP","floor":21}],"player_experience":835619,"relics_obtained":[{"floor":9,"key":"Mercury Hourglass"},{"floor":12,"key":"CeramicFish"},{"floor":13,"key":"Odd Mushroom"}],"event_choices":[{"damage_healed":0,"gold_gain":0,"player_choice":"Forge","damage_taken":0,"max_hp_gain":0,"max_hp_loss":0,"event_name":"Accursed Blacksmith","floor":2,"gold_loss":0,"cards_upgraded":["DeathKnight:HartStrike"]},{"damage_healed":0,"gold_gain":0,"player_choice":"Fought Mushrooms","damage_taken":0,"max_hp_gain":0,"max_hp_loss":0,"event_name":"Mushrooms","floor":13,"gold_loss":0},{"damage_healed":0,"gold_gain":0,"player_choice":"Ignored","damage_taken":0,"max_hp_gain":0,"max_hp_loss":0,"event_name":"betterNote:BetterNote","floor":20,"gold_loss":0,"cards_obtained":["Sadistic Nature"]}],"is_beta":false,"boss_relics":[{"not_picked":["Replay:Grab Bag","Pandora\u0027s Box"],"picked":"SacredBark"}],"items_purged_floors":[],"is_endless":false,"potions_floor_spawned":[12,13,19,21],"killed_by":"Snake Plant","ascension_level":0}}