{"host":"ydujlihd8f5px9gp","time":1609194372,"event":{"mods":["AchievementEnabler","BaseMod","Block Reminder","Colored Map","Minty Spire (QoL Compilation)","ojb\u0027s Info Mod"],"gold_per_floor":[109,120,120,136,156,156,188,188,188,188,206,218,236,201,201,304,304,229,229,74,74,74,74,74,74,74,74,74,74,74],"floor_reached":29,"playtime":1448,"items_purged":[],"score":229,"play_id":"08e44a2d-f51a-4774-b1bd-d3df9732073b","local_time":"20201228202612","is_ascension_mode":false,"campfire_choices":[{"data":"Blade Dance","floor":6,"key":"SMITH"},{"data":"Neutralize","floor":8,"key":"SMITH"},{"data":"Burst","floor":15,"key":"SMITH"},{"data":"Prepared","floor":23,"key":"SMITH"},{"data":"Dodge and Roll","floor":27,"key":"SMITH"}],"circlet_count":0,"master_deck":["Strike_G","Strike_G","Strike_G","Strike_G","Strike_G","Defend_G","Defend_G","Defend_G","Defend_G","Defend_G","Survivor+1","Neutralize+1","Blade Dance+1","Acrobatics+1","Crippling Poison","Prepared+1","Caltrops+1","Flying Knee","Dodge and Roll+1","Burst+1","Storm of Steel","Choke","Flying Knee+1","Distraction+1","Infinite Blades"],"relics":["Ring of the Snake","Potion Belt","Happy Flower","Ornamental Fan","War Paint","Ectoplasm","Lee\u0027s Waffle","MutagenicStrength","Bottled Lightning"],"acts_visited":["Exordium","TheCity"],"potions_floor_usage":[28,28],"damage_taken":[{"damage":0,"enemies":"2 Louse","floor":1,"turns":3},{"damage":0,"enemies":"Small Slimes","floor":2,"turns":4},{"damage":0,"enemies":"Cultist","floor":4,"turns":4},{"damage":2,"enemies":"Blue Slaver","floor":5,"turns":5},{"damage":25,"enemies":"Lagavulin","floor":7,"turns":7},{"damage":16,"enemies":"2 Fungi Beasts","floor":11,"turns":7},{"damage":5,"enemies":"Large Slime","floor":12,"turns":5},{"damage":0,"enemies":"Blue Slaver","floor":13,"turns":4},{"damage":31,"enemies":"Slime Boss","floor":16,"turns":16},{"damage":9,"enemies":"2 Thieves","floor":18,"turns":5},{"damage":14,"enemies":"Spheric Guardian","floor":21,"turns":3},{"damage":41,"enemies":"Snecko","floor":22,"turns":7},{"damage":0,"enemies":"Chosen and Byrds","floor":28,"turns":4},{"damage":16,"enemies":"Sentry and Sphere","floor":29,"turns":4}],"seed_played":"7324332942795745758","potions_obtained":[{"floor":2,"key":"BlessingOfTheForge"},{"floor":4,"key":"Ancient Potion"},{"floor":5,"key":"BlessingOfTheForge"},{"floor":11,"key":"Poison Potion"},{"floor":13,"key":"CunningPotion"},{"floor":18,"key":"Fire Potion"},{"floor":22,"key":"Regen Potion"}],"is_trial":false,"path_per_floor":["M","M","?","M","M","R","E","R","T","?","M","M","M","?","R","B",null,"M","?","$","M","M","R","?","?","T","R","M","M"],"character_chosen":"THE_SILENT","items_purchased":["Lee\u0027s Waffle"],"campfire_rested":0,"item_purchase_floors":[20],"current_hp_per_floor":[70,70,67,67,65,65,40,40,40,40,24,19,19,36,36,5,70,61,61,77,63,22,22,22,22,22,22,34,18,18],"gold":74,"neow_bonus":"RANDOM_COMMON_RELIC","is_daily":false,"chose_seed":false,"campfire_upgraded":5,"win_rate":0.0,"timestamp":1609194372,"path_taken":["M","M","?","M","M","R","E","R","T","?","M","?","M","?","R","BOSS","M","?","$","M","M","R","?","?","T","R","M","M"],"items_purchased_type":["Relic"],"build_version":"2020-12-22","purchased_purges":0,"victory":false,"max_hp_per_floor":[70,70,70,70,70,70,70,70,70,70,70,70,70,70,70,70,70,70,70,77,77,77,77,77,77,77,77,77,77,77],"card_choices":[{"not_picked":["Deflect","Well Laid Plans"],"picked":"Blade Dance","floor":1},{"not_picked":["Quick Slash","Prepared"],"picked":"Acrobatics","floor":2},{"not_picked":["Bane","PiercingWail"],"picked":"Crippling Poison","floor":4},{"not_picked":["All Out Attack","Flying Knee"],"picked":"Prepared","floor":5},{"not_picked":["Expertise","Flying Knee"],"picked":"Caltrops","floor":7},{"not_picked":["Outmaneuver","Riddle With Holes"],"picked":"Flying Knee","floor":11},{"not_picked":["Reflex","Deadly Poison"],"picked":"Dodge and Roll","floor":12},{"not_picked":["PiercingWail","Poisoned Stab"],"picked":"Burst","floor":13},{"not_picked":["Unload","Die Die Die"],"picked":"Storm of Steel","floor":16},{"not_picked":["Deflect","Underhanded Strike","Outmaneuver"],"picked":"SKIP","floor":18},{"not_picked":["Predator","Flying Knee"],"picked":"Choke","floor":21},{"not_picked":["Dagger Throw+1","Outmaneuver"],"picked":"Flying Knee+1","floor":22},{"not_picked":["Skewer","Expertise"],"picked":"Distraction+1","floor":28},{"not_picked":["Finisher+1","Endless Agony"],"picked":"Infinite Blades","floor":29}],"player_experience":57206,"relics_obtained":[{"floor":7,"key":"Ornamental Fan"},{"floor":9,"key":"War Paint"},{"floor":26,"key":"Bottled Lightning"}],"event_choices":[{"damage_healed":0,"gold_gain":0,"player_choice":"Success","damage_taken":3,"relics_obtained":["Happy Flower"],"max_hp_gain":0,"max_hp_loss":0,"event_name":"Scrap Ooze","floor":3,"gold_loss":0},{"damage_healed":0,"gold_gain":0,"player_choice":"Forge","damage_taken":0,"max_hp_gain":0,"max_hp_loss":0,"event_name":"Accursed Blacksmith","floor":10,"gold_loss":0,"cards_upgraded":["Caltrops"]},{"damage_healed":17,"gold_gain":0,"player_choice":"Healed","damage_taken":0,"max_hp_gain":0,"max_hp_loss":0,"event_name":"The Cleric","floor":14,"gold_loss":35},{"damage_healed":0,"gold_gain":0,"player_choice":"Ignored","damage_taken":0,"max_hp_gain":0,"max_hp_loss":0,"event_name":"Vampires","floor":19,"gold_loss":0},{"damage_healed":0,"gold_gain":0,"player_choice":"Ignored","damage_taken":0,"max_hp_gain":0,"max_hp_loss":0,"event_name":"Cursed Tome","floor":24,"gold_loss":0},{"damage_healed":0,"gold_gain":0,"player_choice":"Inject Mutagens","damage_taken":0,"relics_obtained":["MutagenicStrength"],"max_hp_gain":0,"max_hp_loss":0,"event_name":"Drug Dealer","floor":25,"gold_loss":0}],"is_beta":false,"boss_relics":[{"not_picked":["Black Star","Runic Dome"],"picked":"Ectoplasm"}],"items_purged_floors":[],"is_endless":false,"potions_floor_spawned":[2,4,5,11,13,18,22],"killed_by":"Sentry and Sphere","ascension_level":0}}