{"host":"9ndbo4kgsfoemf7y","time":1609170412,"event":{"mods":["AchievementEnabler","BaseMod","Colored Map","DeckTracker","Keyboard Shortcuts","Minty Spire (QoL Compilation)","Permanent Neow","Quick Restart","Relic Stats","StSLib","SuperFastMode"],"gold_per_floor":[13,13,88,103,28,28,69,69,93,126,145,179,99,120,120,239,239,260,260,274,29,47,47,47,47,47,47,70,90,90,90],"floor_reached":30,"playtime":675,"items_purged":["Strike_B","Turbo"],"score":298,"play_id":"39c616e5-6812-4ff8-b82d-56aebd786cc4","local_time":"20201229004652","is_ascension_mode":true,"campfire_choices":[{"data":"Cold Snap","floor":6.0,"key":"SMITH"},{"floor":8.0,"key":"REST"},{"floor":15.0,"key":"REST"},{"floor":23,"key":"REST"},{"data":"Genetic Algorithm","floor":25,"key":"SMITH"},{"data":"White Noise","floor":27,"key":"SMITH"}],"circlet_count":0,"master_deck":["Zap","Dualcast","Melter","Cold Snap+1","Hologram","Sweeping Beam","Genetic Algorithm+1","All For One","Core Surge","Fusion","Turbo","White Noise+1","Heatsinks","Defragment","Sunder","Ball Lightning","Stack","Conserve Battery","Defragment+1","Shame","Coolheaded+1"],"relics":["Cracked Core","Bird Faced Urn","Golden Idol","Letter Opener","Regal Pillow","Vajra","Bronze Scales","Pandora\u0027s Box","TheAbacus","Pen Nib","Emotion Chip"],"acts_visited":["Exordium","TheCity"],"potions_floor_usage":[30,30],"damage_taken":[{"damage":2.0,"enemies":"Jaw Worm","floor":1.0,"turns":3.0},{"damage":5.0,"enemies":"Small Slimes","floor":4.0,"turns":2.0},{"damage":28.0,"enemies":"Lagavulin","floor":7.0,"turns":6.0},{"damage":15.0,"enemies":"3 Sentries","floor":10.0,"turns":8.0},{"damage":0.0,"enemies":"Cultist","floor":11.0,"turns":3.0},{"damage":36.0,"enemies":"Gremlin Nob","floor":12.0,"turns":4.0},{"damage":0.0,"enemies":"2 Fungi Beasts","floor":14.0,"turns":2.0},{"damage":33.0,"enemies":"The Guardian","floor":16.0,"turns":12.0},{"damage":12.0,"enemies":"Chosen","floor":18.0,"turns":4.0},{"damage":26,"enemies":"Shell Parasite","floor":20,"turns":4},{"damage":30,"enemies":"Centurion and Healer","floor":22,"turns":5},{"damage":14,"enemies":"Cultist and Chosen","floor":28,"turns":5},{"damage":10,"enemies":"Snake Plant","floor":29,"turns":3},{"damage":43,"enemies":"Slavers","floor":30,"turns":3}],"seed_played":"3281747857688998377","potions_obtained":[{"floor":1.0,"key":"Regen Potion"},{"floor":7.0,"key":"Energy Potion"},{"floor":10.0,"key":"CultistPotion"},{"floor":14.0,"key":"Block Potion"},{"floor":18.0,"key":"Ancient Potion"},{"floor":20,"key":"Explosive Potion"}],"is_trial":false,"path_per_floor":["M","?","?","M","$","R","E","R","T","E","M","E","$","M","R","B",null,"M","?","M","$","M","R","?","R","T","R","M","M","E"],"character_chosen":"DEFECT","items_purchased":["All For One","TheAbacus"],"campfire_rested":3,"item_purchase_floors":[13,21],"current_hp_per_floor":[73,69,58,53,53,53,25,45,45,45,45,9,9,9,44,11,69,61,61,39,39,13,48,48,48,48,48,40,32,0,0],"gold":90,"neow_bonus":"ONE_RARE_RELIC","is_daily":false,"chose_seed":false,"campfire_upgraded":3,"win_rate":0.0,"timestamp":1609170412,"path_taken":["M","?","?","M","?","R","E","R","T","E","M","E","$","M","R","BOSS","M","?","M","$","M","R","?","R","T","R","M","M","E"],"items_purchased_type":["Card","Relic"],"build_version":"2020-12-22","purchased_purges":2,"victory":false,"max_hp_per_floor":[75,69,69,69,69,69,69,69,69,69,69,69,69,69,69,69,69,69,69,69,69,69,69,69,69,69,69,69,69,69,69],"relic_stats":{"Regal Pillow":30,"Emotion Chip":[15,13,2,0,0],"TheAbacus":[12],"counters":[14,64],"Golden Idol":85,"Bird Faced Urn":[22],"Bronze Scales":[132],"Pandora\u0027s Box":["Fusion","Turbo","White Noise","Heatsinks","Defragment","Sunder","Ball Lightning"],"Pen Nib":[1],"Letter Opener":[25],"obtain_stats":[{"Regal Pillow":9,"Emotion Chip":26,"TheAbacus":21,"Golden Idol":2,"Bird Faced Urn":0,"Bronze Scales":12,"Vajra":10,"Pandora\u0027s Box":17,"Pen Nib":24,"Letter Opener":7,"Cracked Core":0},{"Regal Pillow":3,"Emotion Chip":11,"TheAbacus":10,"Golden Idol":1,"Bird Faced Urn":0,"Bronze Scales":6,"Vajra":4,"Pandora\u0027s Box":8,"Pen Nib":11,"Letter Opener":3,"Cracked Core":0},{"Regal Pillow":11,"Emotion Chip":53,"TheAbacus":48,"Golden Idol":3,"Bird Faced Urn":0,"Bronze Scales":26,"Vajra":19,"Pandora\u0027s Box":40,"Pen Nib":53,"Letter Opener":11,"Cracked Core":0}]},"card_choices":[{"not_picked":["Auto Shields","Recycle"],"picked":"Melter","floor":1.0},{"not_picked":["Recycle","Leap"],"picked":"Cold Snap","floor":4.0},{"not_picked":["Storm","Streamline"],"picked":"Hologram","floor":7.0},{"not_picked":["Multi-Cast","Redo","Hologram"],"picked":"SKIP","floor":10.0},{"not_picked":["Rebound","Hello World"],"picked":"Sweeping Beam","floor":11.0},{"not_picked":["Stack","Machine Learning"],"picked":"Genetic Algorithm","floor":12.0},{"not_picked":["Doom and Gloom","Stack"],"picked":"Turbo","floor":14.0},{"not_picked":["Biased Cognition","Amplify"],"picked":"Core Surge","floor":16.0},{"not_picked":["Compile Driver","Turbo+1"],"picked":"Stack","floor":18.0},{"not_picked":["Fusion+1","Doom and Gloom"],"picked":"Conserve Battery","floor":20},{"not_picked":["Hologram","Gash"],"picked":"Defragment+1","floor":22},{"not_picked":["Cold Snap","Reprogram","Creative AI"],"picked":"SKIP","floor":28},{"not_picked":["Conserve Battery","Steam+1"],"picked":"Coolheaded+1","floor":29}],"player_experience":762800,"relics_obtained":[{"floor":7.0,"key":"Letter Opener"},{"floor":9.0,"key":"Regal Pillow"},{"floor":10.0,"key":"Vajra"},{"floor":12.0,"key":"Bronze Scales"},{"floor":26,"key":"Emotion Chip"}],"event_choices":[{"damage_healed":0.0,"max_hp_gain":0.0,"max_hp_loss":6.0,"gold_gain":0.0,"event_name":"Golden Idol","player_choice":"Lose Max HP","floor":2.0,"gold_loss":0.0,"damage_taken":0.0,"relics_obtained":["Golden Idol"]},{"damage_healed":0.0,"max_hp_gain":0.0,"max_hp_loss":0.0,"gold_gain":75.0,"event_name":"World of Goop","player_choice":"Gather Gold","floor":3.0,"gold_loss":0.0,"damage_taken":11.0},{"damage_healed":0.0,"max_hp_gain":0.0,"max_hp_loss":0.0,"gold_gain":0.0,"event_name":"Ghosts","player_choice":"Ignored","floor":19.0,"gold_loss":0.0,"damage_taken":0.0},{"damage_healed":0,"gold_gain":0,"player_choice":"Stole Relic","damage_taken":0,"relics_obtained":["Pen Nib"],"max_hp_gain":0,"max_hp_loss":0,"event_name":"Addict","floor":24,"gold_loss":0,"cards_obtained":["Shame"]}],"is_beta":false,"boss_relics":[{"not_picked":["Coffee Dripper","Fusion Hammer"],"picked":"Pandora\u0027s Box"}],"items_purged_floors":[5,21],"is_endless":false,"potions_floor_spawned":[1,7,10,14,18,20],"killed_by":"Slavers","ascension_level":4}}