{"host":"zt8a6xk8zi449pm4","time":1609122024,"event":{"mods":["AchievementEnabler","Aspiration","BaseMod","Conspire","Energized Spire","Infinite Spire","Minty Spire (QoL Compilation)","Rare Cards Sparkle","Relic Stats","Replay The Spire","StSLib"],"gold_per_floor":[116,126,126,170,170,170,180,214,214,227,227,239,251,264,264,366,366,384,384,403,318,318,334,334,334,334],"floor_reached":25,"playtime":1859,"items_purged":[],"score":226,"play_id":"7a3a1ebb-3482-409f-981a-bd19e132515d","local_time":"20201228022024","is_ascension_mode":true,"campfire_choices":[{"floor":6,"key":"RECALL"},{"floor":11,"key":"REST"},{"floor":15,"key":"REST"},{"floor":24,"key":"REST"}],"circlet_count":0,"master_deck":["Strike_G+1","Strike_G","Strike_G","Strike_G","Strike_G","Defend_G","Defend_G","Defend_G","Defend_G","Defend_G","Survivor","Neutralize+1","Atom Bomb","Dodge and Roll","Poisoned Stab","Escape Plan","Outmaneuver","Deflect","Deadly Poison","Deflect","ReplayTheSpireMod:Speed Training","Bane","Outmaneuver","Venomology","Flying Knee","Poisoned Stab","Sneak Up","Pain","Terror+1","Backstab"],"relics":["Ring of the Snake","Snack Pack","Whetstone","Prayer Wheel","conspire:DecoderRing","Snecko Heart","aspiration:RitualStick","aspiration:HummingbirdHeart","WarpedTongs"],"acts_visited":["Exordium","TheCity"],"potions_floor_usage":[8,8,16,18,20,23,25,25],"damage_taken":[{"damage":0,"enemies":"Cultist","floor":1,"turns":4},{"damage":2,"enemies":"Jaw Worm","floor":2,"turns":5},{"damage":20,"enemies":"conspire:MimicChest","floor":4,"turns":10},{"damage":0,"enemies":"Small Slimes","floor":7,"turns":4},{"damage":23,"enemies":"Lagavulin","floor":8,"turns":11},{"damage":2,"enemies":"Blue Slaver","floor":10,"turns":4},{"damage":18,"enemies":"Exordium Thugs","floor":12,"turns":3},{"damage":8,"enemies":"Looter","floor":13,"turns":3},{"damage":5,"enemies":"3 Louse","floor":14,"turns":7},{"damage":38,"enemies":"The Guardian","floor":16,"turns":12},{"damage":3,"enemies":"Shell Parasite","floor":18,"turns":7},{"damage":13,"enemies":"2 Thieves","floor":20,"turns":4},{"damage":31,"enemies":"3 Cultists","floor":23,"turns":5},{"damage":37,"enemies":"Nightmare","floor":25,"turns":7}],"seed_played":"-2724639055855435276","potions_obtained":[{"floor":1,"key":"SteroidPotion"},{"floor":4,"key":"ColorlessPotion"},{"floor":10,"key":"LifebloodPotion"},{"floor":18,"key":"CunningPotion"},{"floor":23,"key":"PowerPotion"}],"is_trial":false,"path_per_floor":["M","M","T","?","T","R","M","E","T","M","R","M","M","M","R","B",null,"M","?","M","?","?","M","R","NM"],"character_chosen":"THE_SILENT","items_purchased":[],"campfire_rested":3,"item_purchase_floors":[],"current_hp_per_floor":[70,68,68,53,53,53,55,40,40,40,61,45,39,34,55,17,70,67,53,40,40,40,13,34,0,0],"gold":334,"neow_bonus":"ONE_RANDOM_RARE_CARD","is_daily":false,"chose_seed":false,"campfire_upgraded":0,"win_rate":0.0,"timestamp":1609122024,"path_taken":["M","M","?","?","?","R","M","E","T","?","R","M","M","M","R","BOSS","M","?","M","?","?","?","R","NM"],"items_purchased_type":[],"build_version":"2020-12-22","purchased_purges":0,"victory":false,"max_hp_per_floor":[70,70,70,70,70,70,70,70,70,70,70,70,70,70,70,70,70,70,70,70,70,70,70,70,70,70],"relic_stats":{"counters":[14,86],"Prayer Wheel":7,"Whetstone":["Neutralize","Strike_G"],"obtain_stats":[{"Snecko Heart":17,"conspire:DecoderRing":9,"Prayer Wheel":8,"Snack Pack":3,"aspiration:HummingbirdHeart":21,"Whetstone":4,"aspiration:RitualStick":19,"Ring of the Snake":0,"WarpedTongs":22},{"Snecko Heart":10,"conspire:DecoderRing":5,"Prayer Wheel":5,"Snack Pack":2,"aspiration:HummingbirdHeart":12,"Whetstone":3,"aspiration:RitualStick":11,"Ring of the Snake":0,"WarpedTongs":12},{"Snecko Heart":63,"conspire:DecoderRing":34,"Prayer Wheel":34,"Snack Pack":9,"aspiration:HummingbirdHeart":74,"Whetstone":19,"aspiration:RitualStick":70,"Ring of the Snake":0,"WarpedTongs":74}],"aspiration:RitualStick":[0],"Ring of the Snake":[28],"WarpedTongs":[12]},"card_choices":[{"not_picked":["Prepared","Slice","Cloak And Dagger"],"picked":"SKIP","floor":1},{"not_picked":["Acrobatics","Dagger Throw"],"picked":"Dodge and Roll","floor":2},{"not_picked":["Escape Plan","Accuracy"],"picked":"Poisoned Stab","floor":4},{"not_picked":["Acrobatics","Dagger Throw","Backflip"],"picked":"SKIP","floor":7},{"not_picked":["Well Laid Plans","Dodge and Roll"],"picked":"Escape Plan","floor":8},{"not_picked":["Cloak And Dagger","Dagger Spray"],"picked":"Outmaneuver","floor":10},{"not_picked":["Prepared","Sucker Punch","ReplayTheSpireMod:Shiv Toss"],"picked":"SKIP","floor":10},{"not_picked":["Distraction","Blade Dance"],"picked":"Deflect","floor":12},{"not_picked":["Backflip","Malaise"],"picked":"Deadly Poison","floor":12},{"not_picked":["Accuracy","Cloak And Dagger"],"picked":"Deflect","floor":13},{"not_picked":["Quick Slash","ReplayTheSpireMod:Shiv Toss"],"picked":"ReplayTheSpireMod:Speed Training","floor":13},{"not_picked":["Prepared","Dagger Throw"],"picked":"Bane","floor":14},{"not_picked":["Dagger Spray","ReplayTheSpireMod:Scrap Shanks"],"picked":"Outmaneuver","floor":14},{"not_picked":["Glass Knife","After Image"],"picked":"Venomology","floor":16},{"not_picked":["Distraction","PiercingWail"],"picked":"Flying Knee","floor":18},{"not_picked":["Prepared+1","Acrobatics","Quick Slash"],"picked":"SKIP","floor":18},{"not_picked":["Sucker Punch","Dagger Throw"],"picked":"Poisoned Stab","floor":20},{"not_picked":["Quick Slash","Infinite Blades"],"picked":"Sneak Up","floor":20},{"not_picked":["Dodge and Roll+1","Catalyst+1"],"picked":"Terror+1","floor":23},{"not_picked":["Blade Dance","Bane"],"picked":"Backstab","floor":23}],"player_experience":275778,"relics_obtained":[{"floor":3,"key":"Snack Pack"},{"floor":4,"key":"Whetstone"},{"floor":8,"key":"Prayer Wheel"},{"floor":9,"key":"conspire:DecoderRing"}],"event_choices":[{"damage_healed":0,"gold_gain":0,"player_choice":"Obtained Relic","damage_taken":0,"relics_obtained":["aspiration:HummingbirdHeart"],"max_hp_gain":0,"max_hp_loss":0,"event_name":"Addict","floor":21,"gold_loss":85},{"damage_healed":0,"gold_gain":0,"player_choice":"Rummage","damage_taken":0,"relics_obtained":["WarpedTongs"],"max_hp_gain":0,"max_hp_loss":0,"event_name":"Accursed Blacksmith","floor":22,"gold_loss":0,"cards_obtained":["Pain"]}],"is_beta":false,"boss_relics":[{"not_picked":["Pandora\u0027s Box","Replay:Ancient Bell"],"picked":"Snecko Heart"}],"items_purged_floors":[],"is_endless":false,"potions_floor_spawned":[1,4,10,18,23],"killed_by":"Nightmare","ascension_level":2}}