{"host":"2461dio7vetlq1z3","time":1609164119,"event":{"mods":["2.2 Compatiblity","AchievementEnabler","Aspiration","BaseMod","Better Third Choice","Friendly Minions","Hermit","Marisa????????","Minty Spire (QoL Compilation)","Relic Stats","Spicy Shops","StSLib","Waifu the Spire"],"gold_per_floor":[210,210,10,10,23,56,68,68,68,68,98,98,131,144,144,221,221,161,19,19,19,19,19,19,19,19,19,19,19,19,19,19,19,19],"floor_reached":33,"playtime":1551,"items_purged":["Pain"],"score":647,"play_id":"b281f8f7-f4d9-42e9-bfa7-3a01cb13dfa4","local_time":"20201228150159","is_ascension_mode":true,"campfire_choices":[{"floor":8,"key":"REST"},{"floor":12,"key":"REST"},{"data":"TalkToTheHand","floor":15,"key":"SMITH"},{"data":"Omniscience","floor":23,"key":"SMITH"},{"floor":25,"key":"REST"},{"data":"Fasting2","floor":27,"key":"SMITH"},{"floor":32,"key":"REST"}],"circlet_count":0,"master_deck":["AscendersBane","Strike_P","Strike_P","Strike_P","Strike_P","Defend_P+1","Defend_P","Defend_P","Defend_P","Eruption+1","Vigilance","FearNoEvil","FearNoEvil","Wireheading","ClearTheMind","EmptyMind","TalkToTheHand+1","Tantrum","Alpha","CarveReality","FlurryOfBlows","ThirdEye","WheelKick","Omniscience+1","Tantrum","Fasting2+1","Consecrate","FlurryOfBlows","Wallop","MentalFortress+1","Tantrum"],"relics":["PureWater","Membership Card","Unceasing Top","Bag of Preparation","CaptainsWheel","Torii","Ectoplasm","Prayer Wheel","Ancient Tea Set","Bronze Scales","Vajra","Bottled Flame"],"acts_visited":["Exordium","TheCity"],"potions_floor_usage":[11,13,22,29,31],"damage_taken":[{"damage":12,"enemies":"Cultist","floor":1,"turns":5},{"damage":1,"enemies":"2 Louse","floor":5,"turns":2},{"damage":22,"enemies":"3 Sentries","floor":6,"turns":8},{"damage":7,"enemies":"Small Slimes","floor":7,"turns":4},{"damage":19,"enemies":"Lagavulin","floor":11,"turns":4},{"damage":0,"enemies":"Gremlin Nob","floor":13,"turns":2},{"damage":0,"enemies":"2 Fungi Beasts","floor":14,"turns":3},{"damage":1,"enemies":"Hexaghost","floor":16,"turns":9},{"damage":10,"enemies":"2 Thieves","floor":18,"turns":3},{"damage":7,"enemies":"Shell Parasite","floor":20,"turns":5},{"damage":0,"enemies":"Chosen and Byrds","floor":21,"turns":5},{"damage":1,"enemies":"Snake Plant","floor":22,"turns":5},{"damage":28,"enemies":"Gremlin Leader","floor":24,"turns":3},{"damage":0,"enemies":"Snecko","floor":28,"turns":2},{"damage":23,"enemies":"Slavers","floor":29,"turns":3},{"damage":0,"enemies":"Chosen and Byrds","floor":30,"turns":2},{"damage":6,"enemies":"Snake Plant","floor":31,"turns":4},{"damage":63,"enemies":"Collector","floor":33,"turns":5}],"seed_played":"2491686190489955672","potions_obtained":[{"floor":5,"key":"FearPotion"},{"floor":6,"key":"AttackPotion"},{"floor":18,"key":"LiquidMemories"},{"floor":22,"key":"EssenceOfSteel"},{"floor":29,"key":"DuplicationPotion"},{"floor":31,"key":"BlessingOfTheForge"}],"is_trial":false,"path_per_floor":["M","?","$","?","M","E","M","R","T","?","E","R","E","M","R","B",null,"M","$","M","M","M","R","E","R","T","R","M","E","M","M","R","B"],"character_chosen":"WATCHER","items_purchased":["Membership Card","FearNoEvil","Prayer Wheel","Ancient Tea Set"],"campfire_rested":4,"item_purchase_floors":[3,3,19,19],"current_hp_per_floor":[49,29,29,32,31,9,2,22,22,22,3,23,23,23,23,22,57,47,47,40,40,39,39,11,31,31,31,31,8,8,2,22,0,0],"gold":19,"neow_bonus":"HUNDRED_GOLD","is_daily":false,"chose_seed":false,"campfire_upgraded":3,"win_rate":0.0,"timestamp":1609164119,"path_taken":["M","?","$","?","M","E","M","R","T","?","E","R","E","M","R","BOSS","M","$","M","M","M","R","E","R","T","R","M","E","M","?","R","BOSS"],"items_purchased_type":["Relic","Card","Relic","Relic"],"build_version":"2020-12-22","purchased_purges":1,"victory":false,"max_hp_per_floor":[68,68,68,68,68,68,68,68,68,68,68,68,68,68,68,68,68,68,68,68,68,68,68,68,68,68,68,68,68,68,68,68,68,68],"relic_stats":{"Torii":9,"counters":[18,74],"Bronze Scales":[51],"Prayer Wheel":6,"Ectoplasm":256,"Bag of Preparation":[28],"obtain_stats":[{"CaptainsWheel":11,"Bottled Flame":29,"Torii":13,"Bronze Scales":24,"Vajra":26,"Prayer Wheel":19,"Ectoplasm":17,"Bag of Preparation":9,"Membership Card":3,"PureWater":0,"Ancient Tea Set":19,"Unceasing Top":6},{"CaptainsWheel":5,"Bottled Flame":15,"Torii":6,"Bronze Scales":13,"Vajra":13,"Prayer Wheel":9,"Ectoplasm":8,"Bag of Preparation":4,"Membership Card":1,"PureWater":0,"Ancient Tea Set":9,"Unceasing Top":3},{"CaptainsWheel":23,"Bottled Flame":63,"Torii":25,"Bronze Scales":58,"Vajra":58,"Prayer Wheel":40,"Ectoplasm":37,"Bag of Preparation":19,"Membership Card":5,"PureWater":0,"Ancient Tea Set":40,"Unceasing Top":15}],"Unceasing Top":[1]},"card_choices":[{"not_picked":["Prostrate","Evaluate","Indignation"],"picked":"SKIP","floor":1},{"not_picked":["BowlingBash","EmptyBody"],"picked":"FearNoEvil","floor":5},{"not_picked":["EmptyFist","FlyingSleeves"],"picked":"Wireheading","floor":6},{"not_picked":["Evaluate","ClearTheMind","Prostrate"],"picked":"SKIP","floor":7},{"not_picked":["Evaluate","Prostrate"],"picked":"ClearTheMind","floor":7},{"not_picked":["Consecrate","WreathOfFlame"],"picked":"EmptyMind","floor":11},{"not_picked":["Protect","PathToVictory"],"picked":"TalkToTheHand","floor":13},{"not_picked":["JustLucky","DeceiveReality"],"picked":"Tantrum","floor":14},{"not_picked":["Blasphemy","Devotion"],"picked":"Alpha","floor":16},{"not_picked":["Evaluate","SashWhip"],"picked":"CarveReality","floor":18},{"not_picked":["ClearTheMind","ForeignInfluence"],"picked":"FlurryOfBlows","floor":20},{"not_picked":["Prostrate","Fasting2"],"picked":"ThirdEye","floor":20},{"not_picked":["FlyingSleeves","Halt"],"picked":"WheelKick","floor":21},{"not_picked":["EmptyBody+1","Evaluate"],"picked":"Omniscience","floor":21},{"not_picked":["Consecrate","Weave"],"picked":"Tantrum","floor":22},{"not_picked":["SashWhip","DevaForm","ThirdEye"],"picked":"SKIP","floor":22},{"not_picked":["ReachHeaven","BowlingBash"],"picked":"Fasting2","floor":24},{"not_picked":["ReachHeaven","Vengeance"],"picked":"Consecrate","floor":28},{"not_picked":["JustLucky","Halt","SashWhip"],"picked":"SKIP","floor":28},{"not_picked":["ReachHeaven","WheelKick"],"picked":"FlurryOfBlows","floor":29},{"not_picked":["CrushJoints","CutThroughFate"],"picked":"Wallop","floor":30},{"not_picked":["WheelKick","FollowUp"],"picked":"MentalFortress+1","floor":30},{"not_picked":["SashWhip","MasterReality"],"picked":"Tantrum","floor":31},{"not_picked":["SignatureMove","Study","Crescendo"],"picked":"SKIP","floor":31}],"player_experience":1071543,"relics_obtained":[{"floor":6,"key":"Unceasing Top"},{"floor":9,"key":"Bag of Preparation"},{"floor":11,"key":"CaptainsWheel"},{"floor":13,"key":"Torii"},{"floor":24,"key":"Bronze Scales"},{"floor":26,"key":"Vajra"},{"floor":29,"key":"Bottled Flame"}],"event_choices":[{"damage_healed":49,"gold_gain":0,"player_choice":"Upgrade","damage_taken":20,"max_hp_gain":0,"max_hp_loss":68,"event_name":"betterThird:BetterShining","floor":2,"gold_loss":0,"cards_upgraded":["Eruption","Defend_P"]},{"damage_healed":0,"gold_gain":0,"player_choice":"Got Potions","damage_taken":0,"max_hp_gain":0,"max_hp_loss":0,"event_name":"Lab","floor":10,"gold_loss":0}],"is_beta":false,"boss_relics":[{"not_picked":["SlaversCollar","aspiration:SilentSkillbook"],"picked":"Ectoplasm"}],"items_purged_floors":[19],"is_endless":false,"potions_floor_spawned":[5,6,7,18,22,29,31],"killed_by":"Collector","ascension_level":19}}