{"host":"xcuflocadasoaqda","time":1609123609,"event":{"mods":["BaseMod","Bestiary","Filter the Spire","Minty Spire (QoL Compilation)","Relic Stats"],"gold_per_floor":[119,44,60,60,71,71,96,131,155,155,190,202,202,245,245,340,340,356,356,138,162,362,402,352,352,352,376,391,391,432,450,450,543,543,568,901,686,696,236,256,276,311,323,383,428,440,483,508,520,532,544,556,568,78,106,106],"floor_reached":57,"playtime":4046,"items_purged":["Crescendo","PathToVictory+1","EmptyMind","Vigilance"],"score":3521,"play_id":"df84dbf0-98ce-450f-8bb8-36732267214b","local_time":"20201227204649","is_ascension_mode":true,"campfire_choices":[{"data":"Vault","floor":6.0,"key":"SMITH"},{"data":"PathToVictory","floor":10.0,"key":"SMITH"},{"data":"Adaptation","floor":15.0,"key":"SMITH"},{"data":"Tantrum","floor":25.0,"key":"SMITH"},{"data":"Halt","floor":29.0,"key":"SMITH"},{"data":"FearNoEvil","floor":32.0,"key":"SMITH"},{"floor":49.0,"key":"RECALL"},{"floor":53.0,"key":"REST"}],"circlet_count":0,"master_deck":["AscendersBane","Adaptation+1","Vault+1","Halt+1","Tantrum+1","FearNoEvil+1","Adaptation+1","Fasting2+1","Master of Strategy+1","TalkToTheHand"],"relics":["Pandora\u0027s Box","Smiling Mask","Lantern","PreservedInsect","Bag of Marbles","Empty Cage","OrangePellets","Orichalcum","Letter Opener","Pen Nib","Fusion Hammer","DollysMirror","Pantograph","MawBank","CaptainsWheel","Peace Pipe","StrikeDummy","War Paint","Shuriken","Strawberry","Bag of Preparation"],"acts_visited":["Exordium","TheCity","TheBeyond","TheEnding"],"potions_floor_usage":[56,56],"damage_taken":[{"damage":0.0,"enemies":"2 Louse","floor":1.0,"turns":5.0},{"damage":0.0,"enemies":"Jaw Worm","floor":3.0,"turns":3.0},{"damage":0.0,"enemies":"Cultist","floor":5.0,"turns":4.0},{"damage":0.0,"enemies":"Gremlin Nob","floor":8.0,"turns":1.0},{"damage":8.0,"enemies":"Lagavulin","floor":11.0,"turns":4.0},{"damage":0.0,"enemies":"2 Fungi Beasts","floor":12.0,"turns":3.0},{"damage":0.0,"enemies":"Gremlin Nob","floor":14.0,"turns":3.0},{"damage":3.0,"enemies":"Hexaghost","floor":16.0,"turns":7.0},{"damage":0.0,"enemies":"2 Thieves","floor":18.0,"turns":2.0},{"damage":0.0,"enemies":"Chosen","floor":21.0,"turns":3.0},{"damage":0.0,"enemies":"Slavers","floor":23.0,"turns":2.0},{"damage":0.0,"enemies":"Shelled Parasite and Fungi","floor":27.0,"turns":2.0},{"damage":0.0,"enemies":"Cultist and Chosen","floor":28.0,"turns":3.0},{"damage":0.0,"enemies":"Book of Stabbing","floor":30.0,"turns":2.0},{"damage":0.0,"enemies":"3 Cultists","floor":31.0,"turns":3.0},{"damage":0.0,"enemies":"Champ","floor":33.0,"turns":2.0},{"damage":9.0,"enemies":"3 Shapes","floor":35.0,"turns":6.0},{"damage":0.0,"enemies":"Orb Walker","floor":38.0,"turns":2.0},{"damage":0.0,"enemies":"4 Shapes","floor":40.0,"turns":3.0},{"damage":0.0,"enemies":"Transient","floor":41.0,"turns":2.0},{"damage":0.0,"enemies":"Reptomancer","floor":42.0,"turns":2.0},{"damage":0.0,"enemies":"2 Orb Walkers","floor":44.0,"turns":2.0},{"damage":0.0,"enemies":"Nemesis","floor":45.0,"turns":2.0},{"damage":0.0,"enemies":"Reptomancer","floor":47.0,"turns":2.0},{"damage":0.0,"enemies":"Sphere and 2 Shapes","floor":48.0,"turns":2.0},{"damage":0.0,"enemies":"Time Eater","floor":50.0,"turns":8.0},{"damage":0.0,"enemies":"Donu and Deca","floor":51.0,"turns":3.0},{"damage":27.0,"enemies":"Shield and Spear","floor":55.0,"turns":3.0},{"damage":8,"enemies":"The Heart","floor":56,"turns":6}],"seed_played":"-5054976082248670976","potions_obtained":[{"floor":1.0,"key":"AttackPotion"},{"floor":3.0,"key":"FearPotion"},{"floor":11.0,"key":"ColorlessPotion"},{"floor":12.0,"key":"Weak Potion"},{"floor":21.0,"key":"Ancient Potion"},{"floor":28.0,"key":"EntropicBrew"},{"floor":30.0,"key":"Ambrosia"},{"floor":40.0,"key":"SteroidPotion"},{"floor":42.0,"key":"Block Potion"},{"floor":45.0,"key":"PowerPotion"}],"is_trial":false,"path_per_floor":["M","$","M","?","M","R","T","E","T","R","E","M","?","E","R","B",null,"M","?","$","M","?","E","$","R","T","M","M","R","E","M","R","B",null,"M","?","$","M","$","M","M","E","T","?","E","$","E","M","R","B","B",null,"R","$","E","B",null],"character_chosen":"WATCHER","items_purchased":["OrangePellets","DollysMirror","Pantograph","Master of Strategy","Shuriken","Strawberry","PowerPotion"],"campfire_rested":1,"item_purchase_floors":[20,37,39,39,54,54,54],"current_hp_per_floor":[61,61,61,61,61,61,61,61,61,61,53,53,53,53,53,50,59,59,59,59,59,59,59,59,59,59,59,59,59,59,59,59,59,61,52,52,52,52,52,52,52,52,52,52,52,52,52,52,52,62,62,62,62,69,42,59],"gold":106,"neow_bonus":"BOSS_RELIC","is_daily":false,"chose_seed":false,"campfire_upgraded":6,"win_rate":0.0,"timestamp":1609123609,"path_taken":["M","$","M","?","M","R","?","E","T","R","E","?","?","E","R","BOSS","M","?","$","M","?","E","$","R","T","?","M","R","E","M","R","BOSS","M","?","$","M","$","M","M","E","T","?","E","?","E","M","R","BOSS","BOSS","R","$","E","BOSS"],"items_purchased_type":["Relic","Relic","Relic","Card","Relic","Relic","Potion"],"build_version":"2020-12-22","purchased_purges":4,"victory":true,"max_hp_per_floor":[68,68,68,68,68,68,68,68,68,68,68,68,62,62,62,62,62,62,62,62,62,62,62,62,62,62,62,62,62,62,62,62,62,62,62,62,62,62,62,62,62,62,62,62,62,62,62,62,62,62,62,62,62,69,69,69],"relic_stats":{"counters":[29,92],"PreservedInsect":355,"Pen Nib":[18],"Bag of Preparation":[2],"Letter Opener":[20],"Orichalcum":[102],"War Paint":["Master of Strategy"],"Smiling Mask":225,"MawBank":144,"Peace Pipe":0,"OrangePellets":[9],"Shuriken":[14],"Pantograph":35,"Pandora\u0027s Box":["Adaptation","EmptyMind","ThirdEye","PathToVictory","Vault","Crescendo","SpiritShield","Halt"],"obtain_stats":[{"Lantern":9,"Golden Idol":13,"PreservedInsect":11,"Pen Nib":30,"Bag of Preparation":55,"Letter Opener":26,"Orichalcum":23,"War Paint":47,"Smiling Mask":8,"Empty Cage":17,"MawBank":42,"Peace Pipe":44,"OrangePellets":20,"CaptainsWheel":43,"DollysMirror":37,"Shuriken":54,"Pantograph":39,"Strawberry":54,"Pandora\u0027s Box":0,"Fusion Hammer":34,"Bag of Marbles":14,"PureWater":0,"StrikeDummy":45},{"Lantern":4,"Golden Idol":6,"PreservedInsect":5,"Pen Nib":14,"Bag of Preparation":28,"Letter Opener":11,"Orichalcum":11,"War Paint":24,"Smiling Mask":4,"Empty Cage":8,"MawBank":21,"Peace Pipe":22,"OrangePellets":9,"CaptainsWheel":21,"DollysMirror":17,"Shuriken":27,"Pantograph":18,"Strawberry":27,"Pandora\u0027s Box":0,"Fusion Hammer":16,"Bag of Marbles":7,"PureWater":0,"StrikeDummy":23},{"Lantern":13,"Golden Idol":20,"PreservedInsect":17,"Pen Nib":44,"Bag of Preparation":86,"Letter Opener":37,"Orichalcum":37,"War Paint":70,"Smiling Mask":13,"Empty Cage":30,"MawBank":64,"Peace Pipe":66,"OrangePellets":32,"CaptainsWheel":64,"DollysMirror":55,"Shuriken":83,"Pantograph":57,"Strawberry":83,"Pandora\u0027s Box":0,"Fusion Hammer":49,"Bag of Marbles":23,"PureWater":0,"StrikeDummy":68}]},"card_choices":[{"not_picked":["CutThroughFate","ThirdEye","Study"],"picked":"SKIP","floor":1.0},{"not_picked":["CutThroughFate","SashWhip","ForeignInfluence"],"picked":"SKIP","floor":3.0},{"not_picked":["Consecrate","EmptyBody","FollowUp"],"picked":"SKIP","floor":5.0},{"not_picked":["Indignation","Perseverance","Study"],"picked":"SKIP","floor":8.0},{"not_picked":["FlyingSleeves","Protect"],"picked":"Tantrum","floor":11.0},{"not_picked":["Halt","CrushJoints","ClearTheMind"],"picked":"SKIP","floor":12.0},{"not_picked":["CutThroughFate","SandsOfTime"],"picked":"FearNoEvil","floor":14.0},{"not_picked":["Conclude","Nirvana","SandsOfTime"],"picked":"SKIP","floor":18.0},{"not_picked":["Swivel","Nirvana","BowlingBash"],"picked":"SKIP","floor":21.0},{"not_picked":["EmptyMind","JustLucky","Nirvana"],"picked":"SKIP","floor":23.0},{"not_picked":["CarveReality","Pray","Crescendo"],"picked":"SKIP","floor":27.0},{"not_picked":["CrushJoints","BowlingBash","LikeWater"],"picked":"SKIP","floor":28.0},{"not_picked":["EmptyFist+1","Study","ForeignInfluence"],"picked":"SKIP","floor":30.0},{"not_picked":["Wish","Evaluate","Tantrum"],"picked":"SKIP","floor":31.0},{"not_picked":["FollowUp","FlurryOfBlows+1","Pray"],"picked":"SKIP","floor":35.0},{"not_picked":["Nirvana+1","CutThroughFate+1"],"picked":"Fasting2+1","floor":38.0},{"not_picked":["ThirdEye","BowlingBash","LessonLearned"],"picked":"SKIP","floor":40.0},{"not_picked":["ThirdEye","BowlingBash","LessonLearned"],"picked":"SKIP","floor":40.0},{"not_picked":["ReachHeaven+1","Wallop"],"picked":"TalkToTheHand","floor":41.0},{"not_picked":["Vengeance+1","TalkToTheHand","JustLucky"],"picked":"SKIP","floor":42.0},{"not_picked":["JustLucky","FlurryOfBlows","Consecrate"],"picked":"SKIP","floor":45.0},{"not_picked":["Perseverance+1","Wireheading","DeceiveReality"],"picked":"SKIP","floor":47.0},{"not_picked":["Indignation+1","CarveReality","Evaluate"],"picked":"SKIP","floor":48.0},{"not_picked":["EmptyFist","Worship","Halt"],"picked":"SKIP","floor":55.0}],"player_experience":1799639,"relics_obtained":[{"floor":8.0,"key":"Smiling Mask"},{"floor":9.0,"key":"Lantern"},{"floor":11.0,"key":"PreservedInsect"},{"floor":14.0,"key":"Bag of Marbles"},{"floor":23.0,"key":"Orichalcum"},{"floor":26.0,"key":"Letter Opener"},{"floor":30.0,"key":"Pen Nib"},{"floor":42.0,"key":"MawBank"},{"floor":43.0,"key":"CaptainsWheel"},{"floor":44.0,"key":"Peace Pipe"},{"floor":45.0,"key":"StrikeDummy"},{"floor":47.0,"key":"War Paint"},{"floor":55.0,"key":"Bag of Preparation"}],"event_choices":[{"cards_removed":["ThirdEye"],"damage_healed":0.0,"max_hp_gain":0.0,"max_hp_loss":0.0,"gold_gain":0.0,"event_name":"Living Wall","player_choice":"Forget","floor":4.0,"gold_loss":0.0,"damage_taken":0.0},{"damage_healed":0.0,"max_hp_gain":0.0,"max_hp_loss":6.0,"gold_gain":0.0,"event_name":"Golden Idol","player_choice":"Lose Max HP","floor":13.0,"gold_loss":0.0,"damage_taken":0.0,"relics_obtained":["Golden Idol"]},{"damage_healed":0.0,"max_hp_gain":0.0,"max_hp_loss":0.0,"gold_gain":0.0,"event_name":"Ghosts","player_choice":"Ignored","floor":19.0,"gold_loss":0.0,"damage_taken":0.0},{"damage_healed":0.0,"max_hp_gain":0.0,"max_hp_loss":0.0,"gold_gain":250.0,"event_name":"The Joust","player_choice":"Bet on Owner","floor":22.0,"gold_loss":50.0,"damage_taken":0.0},{"damage_healed":0.0,"max_hp_gain":0.0,"max_hp_loss":0.0,"gold_gain":333.0,"event_name":"The Moai Head","player_choice":"Gave Idol","floor":36.0,"relics_lost":["Golden Idol"],"gold_loss":0.0,"damage_taken":0.0},{"damage_healed":0.0,"max_hp_gain":0.0,"max_hp_loss":0.0,"gold_gain":0.0,"event_name":"Mysterious Sphere","player_choice":"Fight","floor":44.0,"gold_loss":0.0,"damage_taken":0.0}],"is_beta":false,"boss_relics":[{"not_picked":["Busted Crown","SlaversCollar"],"picked":"Empty Cage"},{"not_picked":["SacredBark","Cursed Key"],"picked":"Fusion Hammer"}],"items_purged_floors":[2,20,24,37],"is_endless":false,"potions_floor_spawned":[1,3,11,12,21,23,28,30,40,42,44,45],"ascension_level":20}}