{"host":"8f5cu9y0fpol72qs","time":1609122876,"event":{"mods":["BaseMod","Colored Map","Highlight Path","Minty Spire (QoL Compilation)","StSLib"],"gold_per_floor":[114,132,147,147,147,182,182,107,107,148,248,284,300,344,344,467,467,480,505,56,56,76,76,119,119,119,218,251,251,284,304,304,428,428,449,464,477,492,515,558,558,594,594,628,628,648,523,539,539,539,539,539,67,100,100,100],"floor_reached":55,"playtime":4460,"items_purged":["Strike_B","Scrape","Strike_B","Defend_B"],"score":1296,"play_id":"75482e08-9f7d-49e8-a3bd-24df7684aef4","local_time":"20201227183436","is_ascension_mode":true,"campfire_choices":[{"data":"Coolheaded","floor":7.0,"key":"SMITH"},{"data":"Zap","floor":15.0,"key":"SMITH"},{"data":"Dualcast","floor":23.0,"key":"SMITH"},{"data":"Lockon","floor":25.0,"key":"SMITH"},{"data":"Ball Lightning","floor":32.0,"key":"SMITH"},{"floor":41.0,"key":"REST"},{"floor":49.0,"key":"RECALL"},{"floor":52.0,"key":"REST"}],"circlet_count":0,"master_deck":["AscendersBane","Strike_B","Strike_B","Defend_B","Defend_B","Defend_B","Zap+1","Dualcast+1","Coolheaded+1","Auto Shields","Lockon+1","Ball Lightning+1","Biased Cognition+1","Conserve Battery+1","Chill+1","Coolheaded+1","Creative AI+1","Double Energy+1","Capacitor+1","Turbo+1","Loop+1","Tempest+1","Barrage+1","Reboot+1","Loop+1"],"relics":["Cracked Core","Golden Idol","TungstenRod","Frozen Egg 2","Akabeko","Toxic Egg 2","HornCleat","Runic Pyramid","Calipers","DataDisk","Letter Opener","Gambling Chip","Shuriken","Meat on the Bone","Fusion Hammer","Pear","Molten Egg 2","Kunai","Bottled Lightning","Mummified Hand"],"acts_visited":["Exordium","TheCity","TheBeyond","TheEnding"],"potions_floor_usage":[55,55],"damage_taken":[{"damage":1.0,"enemies":"2 Louse","floor":1.0,"turns":3.0},{"damage":5.0,"enemies":"Jaw Worm","floor":2.0,"turns":3.0},{"damage":0.0,"enemies":"Small Slimes","floor":3.0,"turns":3.0},{"damage":10.0,"enemies":"Lagavulin","floor":6.0,"turns":7.0},{"damage":18.0,"enemies":"Gremlin Nob","floor":10.0,"turns":4.0},{"damage":10.0,"enemies":"3 Sentries","floor":12.0,"turns":5.0},{"damage":3.0,"enemies":"Red Slaver","floor":13.0,"turns":3.0},{"damage":3.0,"enemies":"Gremlin Nob","floor":14.0,"turns":3.0},{"damage":3.0,"enemies":"The Guardian","floor":16.0,"turns":10.0},{"damage":0.0,"enemies":"3 Byrds","floor":18.0,"turns":5.0},{"damage":0.0,"enemies":"Chosen","floor":19.0,"turns":3.0},{"damage":0.0,"enemies":"Snake Plant","floor":22.0,"turns":3.0},{"damage":0.0,"enemies":"Gremlin Leader","floor":24.0,"turns":12.0},{"damage":1.0,"enemies":"Book of Stabbing","floor":28.0,"turns":6.0},{"damage":11.0,"enemies":"Gremlin Leader","floor":30.0,"turns":7.0},{"damage":0.0,"enemies":"Snecko","floor":31.0,"turns":4.0},{"damage":3.0,"enemies":"Champ","floor":33.0,"turns":10.0},{"damage":33.0,"enemies":"3 Darklings","floor":35.0,"turns":6.0},{"damage":0.0,"enemies":"Orb Walker","floor":36.0,"turns":3.0},{"damage":0.0,"enemies":"3 Darklings","floor":37.0,"turns":3.0},{"damage":0.0,"enemies":"Sphere and 2 Shapes","floor":38.0,"turns":4.0},{"damage":0.0,"enemies":"Spire Growth","floor":39.0,"turns":2.0},{"damage":17.0,"enemies":"Reptomancer","floor":40.0,"turns":5.0},{"damage":19.0,"enemies":"Giant Head","floor":42.0,"turns":7.0},{"damage":7.0,"enemies":"Reptomancer","floor":44.0,"turns":4.0},{"damage":1.0,"enemies":"3 Darklings","floor":46.0,"turns":3.0},{"damage":3.0,"enemies":"Writhing Mass","floor":48.0,"turns":3.0},{"damage":29.0,"enemies":"Awakened One","floor":50.0,"turns":10.0},{"damage":28.0,"enemies":"Shield and Spear","floor":54.0,"turns":6.0},{"damage":71,"enemies":"The Heart","floor":55,"turns":3}],"seed_played":"4601699352282756623","potions_obtained":[{"floor":3.0,"key":"FocusPotion"},{"floor":6.0,"key":"FearPotion"},{"floor":10.0,"key":"LiquidMemories"},{"floor":16.0,"key":"SneckoOil"},{"floor":22.0,"key":"Energy Potion"},{"floor":24.0,"key":"EssenceOfSteel"},{"floor":35.0,"key":"CultistPotion"},{"floor":36.0,"key":"Strength Potion"},{"floor":38.0,"key":"LiquidMemories"},{"floor":46.0,"key":"EssenceOfDarkness"}],"is_trial":false,"path_per_floor":["M","M","M","?","?","E","R","$","T","E","?","E","M","E","R","B",null,"M","M","$","?","M","R","E","R","T","?","E","?","E","M","R","B",null,"M","M","M","M","M","E","R","E","T","E","?","M","$","M","R","B",null,"R","$","E","B"],"character_chosen":"DEFECT","items_purchased":["Calipers","BootSequence+1","Bottled Lightning","Loop+1"],"campfire_rested":2,"item_purchase_floors":[20,20,53,53],"current_hp_per_floor":[74,69,69,69,69,59,59,59,59,41,41,31,28,25,25,22,63,63,63,63,63,63,63,63,63,63,63,62,62,51,51,51,48,69,48,48,48,48,48,53,78,59,59,52,52,51,51,48,48,31,72,86,86,58,0,0],"gold":100,"neow_bonus":"TEN_PERCENT_HP_BONUS","is_daily":false,"chose_seed":false,"campfire_upgraded":5,"win_rate":0.0,"timestamp":1609122876,"path_taken":["M","M","M","?","?","E","R","$","T","E","?","E","?","E","R","BOSS","M","M","$","?","M","R","E","R","T","?","E","?","E","M","R","BOSS","M","?","M","M","M","E","R","E","T","E","?","M","$","M","R","BOSS","R","$","E","BOSS"],"items_purchased_type":["Relic","Card","Relic","Card"],"build_version":"2020-12-22","purchased_purges":4,"victory":false,"max_hp_per_floor":[82,82,82,82,76,76,76,76,76,76,76,76,76,76,76,76,76,76,76,76,76,76,76,76,76,76,76,76,76,76,76,76,76,76,76,76,76,76,76,86,86,86,86,86,86,86,86,86,86,86,86,86,86,86,86,86],"card_choices":[{"not_picked":["Turbo","Compile Driver"],"picked":"Coolheaded","floor":1.0},{"not_picked":["Coolheaded","Stack"],"picked":"Auto Shields","floor":2.0},{"not_picked":["Beam Cell","Steam"],"picked":"Lockon","floor":3.0},{"not_picked":["Hologram","Consume"],"picked":"Ball Lightning","floor":6.0},{"not_picked":["Self Repair+1","All For One"],"picked":"Biased Cognition+1","floor":10.0},{"not_picked":["Steam+1","Streamline"],"picked":"Conserve Battery+1","floor":12.0},{"not_picked":["Compile Driver","Leap+1"],"picked":"Chill+1","floor":13.0},{"not_picked":["Darkness+1","Storm+1"],"picked":"Coolheaded+1","floor":14.0},{"not_picked":["Buffer+1","Reboot+1"],"picked":"Creative AI+1","floor":16.0},{"not_picked":["Stack+1","Compile Driver"],"picked":"Scrape","floor":18.0},{"not_picked":["Stack+1","Coolheaded+1","Auto Shields+1"],"picked":"SKIP","floor":19.0},{"not_picked":["Turbo+1","Rip and Tear"],"picked":"Capacitor+1","floor":22.0},{"not_picked":["Rebound+1","Static Discharge+1","Stack+1"],"picked":"SKIP","floor":24.0},{"not_picked":["Conserve Battery+1","Beam Cell","Double Energy+1"],"picked":"SKIP","floor":28.0},{"not_picked":["Genetic Algorithm+1","Force Field+1"],"picked":"Turbo+1","floor":30.0},{"not_picked":["Steam+1","Gash+1","Go for the Eyes"],"picked":"SKIP","floor":31.0},{"not_picked":["Rebound","Conserve Battery+1"],"picked":"Loop+1","floor":35.0},{"not_picked":["Go for the Eyes","Redo+1"],"picked":"Tempest+1","floor":36.0},{"not_picked":["Undo+1","Coolheaded+1"],"picked":"Barrage+1","floor":37.0},{"not_picked":["Hologram+1","All For One","Sweeping Beam"],"picked":"SKIP","floor":38.0},{"not_picked":["Sunder","Conserve Battery+1","Stack+1"],"picked":"SKIP","floor":39.0},{"not_picked":["Turbo+1","Redo+1","Stack+1"],"picked":"SKIP","floor":40.0},{"not_picked":["Compile Driver+1","Sweeping Beam+1","Heatsinks+1"],"picked":"SKIP","floor":42.0},{"not_picked":["Compile Driver+1","Gash+1"],"picked":"Reboot+1","floor":44.0},{"not_picked":["Hello World+1","Auto Shields+1","Rebound+1"],"picked":"SKIP","floor":46.0},{"not_picked":["Darkness+1","Sunder+1","Heatsinks+1"],"picked":"SKIP","floor":48.0},{"not_picked":["Heatsinks+1","Rebound+1","Reprogram+1"],"picked":"SKIP","floor":54.0}],"player_experience":733673,"relics_obtained":[{"floor":6.0,"key":"TungstenRod"},{"floor":9.0,"key":"Frozen Egg 2"},{"floor":10.0,"key":"Akabeko"},{"floor":12.0,"key":"Toxic Egg 2"},{"floor":14.0,"key":"HornCleat"},{"floor":24.0,"key":"DataDisk"},{"floor":26.0,"key":"Letter Opener"},{"floor":28.0,"key":"Gambling Chip"},{"floor":30.0,"key":"Meat on the Bone"},{"floor":40.0,"key":"Pear"},{"floor":42.0,"key":"Molten Egg 2"},{"floor":44.0,"key":"Kunai"},{"floor":54.0,"key":"Mummified Hand"}],"event_choices":[{"damage_healed":0.0,"max_hp_gain":0.0,"max_hp_loss":0.0,"gold_gain":0.0,"event_name":"Liars Game","player_choice":"Ignored","floor":4.0,"gold_loss":0.0,"damage_taken":0.0},{"damage_healed":0.0,"max_hp_gain":0.0,"max_hp_loss":6.0,"gold_gain":0.0,"event_name":"Golden Idol","player_choice":"Lose Max HP","floor":5.0,"gold_loss":0.0,"damage_taken":0.0,"relics_obtained":["Golden Idol"]},{"damage_healed":0.0,"max_hp_gain":0.0,"max_hp_loss":0.0,"gold_gain":100.0,"event_name":"Golden Shrine","player_choice":"Pray","floor":11.0,"gold_loss":0.0,"damage_taken":0.0},{"damage_healed":0.0,"max_hp_gain":0.0,"max_hp_loss":0.0,"gold_gain":0.0,"event_name":"The Library","player_choice":"Read","floor":21.0,"gold_loss":0.0,"damage_taken":0.0,"cards_obtained":["Double Energy"]},{"damage_healed":0.0,"max_hp_gain":0.0,"max_hp_loss":0.0,"gold_gain":99.0,"event_name":"Nest","player_choice":"Stole From Cult","floor":27.0,"gold_loss":0.0,"damage_taken":0.0},{"cards_removed":["BootSequence"],"damage_healed":0.0,"max_hp_gain":0.0,"max_hp_loss":0.0,"gold_gain":0.0,"event_name":"WeMeetAgain","player_choice":"Gave Card","floor":29.0,"gold_loss":0.0,"damage_taken":0.0,"relics_obtained":["Shuriken"]},{"damage_healed":0.0,"max_hp_gain":0.0,"max_hp_loss":0.0,"gold_gain":0.0,"event_name":"Match and Keep!","player_choice":"0 cards matched","floor":45.0,"gold_loss":0.0,"damage_taken":0.0,"cards_obtained":[]}],"is_beta":false,"boss_relics":[{"not_picked":["Busted Crown","Nuclear Battery"],"picked":"Runic Pyramid"},{"not_picked":["Empty Cage","SlaversCollar"],"picked":"Fusion Hammer"}],"items_purged_floors":[8,20,47,53],"is_endless":false,"potions_floor_spawned":[3,6,10,16,22,24,35,36,38,46,54],"killed_by":"The Heart","ascension_level":11}}