{"host":"49c2zf0lajbcs427","time":1609180272,"event":{"mods":["AchievementEnabler","BaseMod","Colored Map","Colored Powertips","Highlight Path","Key Reminder","Minty Spire (QoL Compilation)","Relic Stats","StSLib"],"gold_per_floor":[113,113,113,133,148,148,187,214,237,237,272,298,298,332,332,441,441,460,460,460,481,509,509,217,226,276,303,348,46,80,99,99,99,99],"floor_reached":33,"playtime":1559,"items_purged":["Strike_R"],"score":498,"play_id":"cd0fe136-ccd0-42df-908d-4a3e32ce76d4","local_time":"20201229073112","is_ascension_mode":true,"campfire_choices":[{"data":"Carnage","floor":6,"key":"SMITH"},{"data":"Cleave","floor":10,"key":"SMITH"},{"data":"Bash","floor":13,"key":"SMITH"},{"data":"Rampage","floor":15,"key":"SMITH"},{"data":"Spot Weakness","floor":23,"key":"SMITH"},{"floor":32,"key":"REST"}],"circlet_count":0,"master_deck":["Defend_R","Defend_R","Defend_R","Defend_R","Bash+1","Carnage+1","Cleave+1","Armaments","Rampage+1","Battle Trance","Limit Break","Dropkick","Double Tap+1","Whirlwind","Clothesline","Spot Weakness+1","Metallicize","Decay","Bite","Bite","Bite","Bite","Bite","Carnage","Uppercut"],"relics":["SlaversCollar","CeramicFish","keyreminder:keyreminder","Bag of Marbles","Ancient Tea Set","Potion Belt","Orichalcum","Snecko Eye","Akabeko","Smiling Mask","MealTicket","Prayer Wheel","Bronze Scales"],"acts_visited":["Exordium","TheCity"],"potions_floor_usage":[7,11,21,27],"damage_taken":[{"damage":6,"enemies":"Jaw Worm","floor":1,"turns":5},{"damage":8,"enemies":"2 Louse","floor":4,"turns":3},{"damage":1,"enemies":"Cultist","floor":5,"turns":4},{"damage":7,"enemies":"Gremlin Nob","floor":7,"turns":3},{"damage":12,"enemies":"Exordium Wildlife","floor":8,"turns":4},{"damage":2,"enemies":"Lagavulin","floor":11,"turns":4},{"damage":0,"enemies":"Gremlin Nob","floor":14,"turns":2},{"damage":31,"enemies":"Hexaghost","floor":16,"turns":8},{"damage":5,"enemies":"2 Thieves","floor":18,"turns":3},{"damage":5,"enemies":"Spheric Guardian","floor":21,"turns":3},{"damage":20,"enemies":"Snake Plant","floor":22,"turns":3},{"damage":1,"enemies":"Slavers","floor":27,"turns":3},{"damage":38,"enemies":"Gremlin Leader","floor":30,"turns":7},{"damage":0,"enemies":"Snecko","floor":31,"turns":2},{"damage":53,"enemies":"Champ","floor":33,"turns":7}],"seed_played":"1284362025085995084","potions_obtained":[{"floor":1,"key":"GamblersBrew"},{"floor":5,"key":"SkillPotion"},{"floor":7,"key":"GamblersBrew"},{"floor":22,"key":"LiquidMemories"}],"is_trial":false,"path_per_floor":["M","?","?","M","M","R","E","M","T","R","E","T","R","E","R","B",null,"M","?","?","M","M","R","$","?","T","E","?","$","E","M","R","B"],"character_chosen":"IRONCLAD","items_purchased":["Akabeko","Metallicize","Prayer Wheel"],"campfire_rested":1,"item_purchase_floors":[24,24,29],"current_hp_per_floor":[66,71,71,63,62,62,55,43,43,43,41,41,41,41,41,10,66,61,61,61,56,36,36,36,36,36,35,35,50,22,24,41,0,0],"gold":99,"neow_bonus":"BOSS_RELIC","is_daily":false,"chose_seed":false,"campfire_upgraded":5,"win_rate":0.0,"timestamp":1609180272,"path_taken":["M","?","?","M","M","R","E","?","T","R","E","?","R","E","R","BOSS","M","?","?","?","M","R","$","?","T","E","?","$","E","M","R","BOSS"],"items_purchased_type":["Relic","Card","Relic"],"build_version":"2020-12-22","purchased_purges":1,"victory":false,"max_hp_per_floor":[80,85,85,85,85,85,85,85,85,85,85,85,85,85,85,85,85,85,85,85,85,85,85,85,85,85,85,59,59,59,59,59,59,59],"relic_stats":{"counters":[15,61],"CeramicFish":153,"Bronze Scales":[9],"Snecko Eye":[38,52,58,45],"MealTicket":15,"Prayer Wheel":1,"Orichalcum":[114],"Smiling Mask":0,"obtain_stats":[{"Potion Belt":12,"CeramicFish":7,"Orichalcum":14,"Ancient Tea Set":11,"Smiling Mask":26,"Burning Blood":0,"Akabeko":24,"keyreminder:keyreminder":7,"SlaversCollar":0,"Bronze Scales":30,"Snecko Eye":17,"MealTicket":27,"Prayer Wheel":29,"Bag of Marbles":9},{"Potion Belt":6,"CeramicFish":4,"Orichalcum":7,"Ancient Tea Set":6,"Smiling Mask":11,"Burning Blood":0,"Akabeko":11,"keyreminder:keyreminder":4,"SlaversCollar":0,"Bronze Scales":13,"Snecko Eye":8,"MealTicket":12,"Prayer Wheel":12,"Bag of Marbles":5},{"Potion Belt":23,"CeramicFish":15,"Orichalcum":25,"Ancient Tea Set":23,"Smiling Mask":42,"Burning Blood":0,"Akabeko":42,"keyreminder:keyreminder":15,"SlaversCollar":0,"Bronze Scales":52,"Snecko Eye":33,"MealTicket":45,"Prayer Wheel":45,"Bag of Marbles":19}]},"card_choices":[{"not_picked":["Rupture","Infernal Blade"],"picked":"Carnage","floor":1},{"not_picked":["Ghostly Armor","Anger"],"picked":"Cleave","floor":4},{"not_picked":["Power Through","Cleave"],"picked":"Armaments","floor":5},{"not_picked":["Reckless Charge","Flex"],"picked":"Rampage","floor":7},{"not_picked":["Warcry","Shrug It Off"],"picked":"Battle Trance","floor":8},{"not_picked":["Demon Form","Pommel Strike"],"picked":"Limit Break","floor":11},{"not_picked":["Warcry","Clothesline"],"picked":"Dropkick","floor":14},{"not_picked":["Brutality","Fiend Fire"],"picked":"Double Tap","floor":16},{"not_picked":["Perfected Strike+1","Pommel Strike"],"picked":"Whirlwind","floor":18},{"not_picked":["Shrug It Off","Spot Weakness+1"],"picked":"Clothesline","floor":21},{"not_picked":["Pummel","Clash"],"picked":"Spot Weakness","floor":22},{"not_picked":["Wild Strike","Perfected Strike","Sword Boomerang"],"picked":"SKIP","floor":27},{"not_picked":["Reckless Charge","Havoc"],"picked":"Carnage","floor":30},{"not_picked":["Heavy Blade","Power Through"],"picked":"Uppercut","floor":31},{"not_picked":["Clothesline","Disarm","Sword Boomerang"],"picked":"SKIP","floor":31}],"player_experience":2195083,"relics_obtained":[{"floor":7,"key":"CeramicFish"},{"floor":9,"key":"Bag of Marbles"},{"floor":11,"key":"Ancient Tea Set"},{"floor":12,"key":"Potion Belt"},{"floor":14,"key":"Orichalcum"},{"floor":26,"key":"Smiling Mask"},{"floor":27,"key":"MealTicket"},{"floor":30,"key":"Bronze Scales"}],"event_choices":[{"damage_healed":0,"gold_gain":0,"player_choice":"Donut","damage_taken":0,"max_hp_gain":5,"max_hp_loss":0,"event_name":"Big Fish","floor":2,"gold_loss":0},{"cards_removed":["Strike_R"],"damage_healed":0,"gold_gain":0,"player_choice":"Offered Basic","damage_taken":0,"max_hp_gain":0,"max_hp_loss":0,"event_name":"Bonfire Elementals","floor":3,"gold_loss":0},{"damage_healed":0,"gold_gain":0,"player_choice":"Ignored","damage_taken":0,"max_hp_gain":0,"max_hp_loss":0,"event_name":"Ghosts","floor":19,"gold_loss":0},{"damage_healed":0,"gold_gain":0,"player_choice":"Upgraded","damage_taken":0,"max_hp_gain":0,"max_hp_loss":0,"event_name":"Upgrade Shrine","floor":20,"gold_loss":0,"cards_upgraded":["Double Tap"]},{"damage_healed":0,"gold_gain":0,"player_choice":"Smashed Altar","damage_taken":0,"max_hp_gain":0,"max_hp_loss":0,"event_name":"Forgotten Altar","floor":25,"gold_loss":0,"cards_obtained":["Decay"]},{"damage_healed":0,"gold_gain":0,"player_choice":"Became a vampire","damage_taken":0,"max_hp_gain":0,"max_hp_loss":26,"event_name":"Vampires","floor":28,"gold_loss":0,"cards_obtained":["Bite","Bite","Bite","Bite","Bite"]}],"is_beta":false,"boss_relics":[{"not_picked":["Pandora\u0027s Box","Runic Pyramid"],"picked":"Snecko Eye"}],"items_purged_floors":[24],"is_endless":false,"potions_floor_spawned":[1,5,7,22],"killed_by":"Champ","ascension_level":9}}