{"host":"7mrmd33mpx7q5wx9","time":1609158157,"event":{"mods":["AchievementEnabler","BaseMod","BetterRewards","Colored Map","Defuse TimeMaze Blight","Minty Spire (QoL Compilation)","Permanent Neow","Quick Restart","StSLib"],"gold_per_floor":[109,109,127,141,141,141,141,156,206,226,30,43,70,80,80,179,179,196,196,67,86,86,119,119,146,146,18,18,18,36,55,55,157,157,171,51,51,63,13,46,61,61,142,159,159,75,75,100,100,100,100,100,25,56,56],"floor_reached":56,"playtime":3409,"items_purged":["Defend_B","Strike_B","Strike_B","Strike_B","Dualcast","Defend_B"],"score":1250,"play_id":"1037670f-810c-4ee2-a4b0-a4a60bbbf61c","local_time":"20201228062237","is_ascension_mode":false,"campfire_choices":[{"data":"Glacier","floor":6,"key":"SMITH"},{"data":"Barrage","floor":15,"key":"SMITH"},{"data":"Consume","floor":29,"key":"SMITH"},{"data":"Capacitor","floor":32,"key":"SMITH"},{"floor":42,"key":"RECALL"},{"data":"Seek","floor":47,"key":"SMITH"},{"data":"Machine Learning","floor":49,"key":"SMITH"},{"data":"Coolheaded","floor":52,"key":"SMITH"}],"circlet_count":0,"master_deck":["Defend_B","Zap+1","Glacier+1","Ball Lightning+1","Capacitor","Steam","Gash","Barrage+1","Hologram","Gash","Coolheaded","Go for the Eyes","Machine Learning+1","Consume+1","Capacitor+1","Ball Lightning","Conserve Battery","Loop","Barrage+1","Reboot","Coolheaded+1","Seek+1","Turbo+1","Loop","Self Repair","Stack+1","Double Energy","Glacier","Chaos+1","Defragment","Buffer"],"relics":["FrozenCore","Runic Capacitor","PreservedInsect","Smiling Mask","White Beast Statue","Centennial Puzzle","Orichalcum","Juzu Bracelet","Philosopher\u0027s Stone","Emotion Chip","Cables","Bottled Tornado"],"acts_visited":["Exordium","TheCity","TheBeyond","TheEnding"],"potions_floor_usage":[12,13,16,23,33,38,40,48,48,55,55,55],"damage_taken":[{"damage":3,"enemies":"Small Slimes","floor":1,"turns":3},{"damage":6,"enemies":"Jaw Worm","floor":3,"turns":4},{"damage":2,"enemies":"2 Louse","floor":4,"turns":3},{"damage":0,"enemies":"2 Fungi Beasts","floor":8,"turns":5},{"damage":0,"enemies":"Looter","floor":10,"turns":3},{"damage":0,"enemies":"Red Slaver","floor":12,"turns":4},{"damage":0,"enemies":"Gremlin Nob","floor":13,"turns":2},{"damage":3,"enemies":"Lots of Slimes","floor":14,"turns":3},{"damage":6,"enemies":"Slime Boss","floor":16,"turns":7},{"damage":4,"enemies":"Shell Parasite","floor":18,"turns":7},{"damage":10,"enemies":"3 Byrds","floor":21,"turns":6},{"damage":15,"enemies":"Book of Stabbing","floor":23,"turns":5},{"damage":0,"enemies":"Centurion and Healer","floor":30,"turns":5},{"damage":0,"enemies":"Sentry and Sphere","floor":31,"turns":5},{"damage":0,"enemies":"Champ","floor":33,"turns":9},{"damage":10,"enemies":"3 Darklings","floor":35,"turns":5},{"damage":3,"enemies":"3 Shapes","floor":38,"turns":4},{"damage":14,"enemies":"Nemesis","floor":40,"turns":9},{"damage":0,"enemies":"Writhing Mass","floor":41,"turns":8},{"damage":0,"enemies":"Maw","floor":44,"turns":7},{"damage":26,"enemies":"Reptomancer","floor":48,"turns":5},{"damage":9,"enemies":"Time Eater","floor":50,"turns":10},{"damage":16,"enemies":"Shield and Spear","floor":54,"turns":9},{"damage":42,"enemies":"The Heart","floor":55,"turns":10}],"seed_played":"2969111012526229194","potions_obtained":[{"floor":1,"key":"Fire Potion"},{"floor":4,"key":"AttackPotion"},{"floor":12,"key":"Fruit Juice"},{"floor":14,"key":"PowerPotion"},{"floor":16,"key":"Energy Potion"},{"floor":18,"key":"Energy Potion"},{"floor":23,"key":"AttackPotion"},{"floor":33,"key":"Dexterity Potion"},{"floor":38,"key":"Weak Potion"},{"floor":40,"key":"SneckoOil"},{"floor":48,"key":"EssenceOfSteel"},{"floor":54,"key":"PowerPotion"}],"is_trial":false,"path_per_floor":["M","?","M","M","?","R","?","M","T","M","$","M","E","M","R","B",null,"M","?","$","M","?","E","?","T","T","$","?","R","M","M","R","B",null,"M","$","?","M","$","E","M","R","T","M","?","$","R","E","R","B",null,"R","$","E","B",null],"character_chosen":"DEFECT","items_purchased":["Glacier","Runic Capacitor","Ball Lightning","Hologram","Gash","Capacitor","Conserve Battery","Loop","Loop","Glacier","Defragment"],"campfire_rested":0,"item_purchase_floors":[0,0,0,11,11,20,27,27,36,46,53],"current_hp_per_floor":[64,57,51,49,34,34,39,39,39,39,39,44,44,41,41,35,85,81,81,81,71,71,56,56,56,56,56,56,56,56,56,56,56,85,75,75,75,72,72,65,72,72,72,79,79,79,79,60,60,51,81,81,81,72,37],"gold":56,"neow_bonus":"","is_daily":false,"chose_seed":false,"campfire_upgraded":7,"win_rate":0.0,"timestamp":1609158157,"path_taken":["M","?","M","M","?","R","?","M","T","M","$","M","E","M","R","BOSS","M","?","$","M","?","E","?","?","T","$","?","R","M","M","R","BOSS","M","$","?","M","?","E","M","R","T","M","?","$","R","E","R","BOSS","R","$","E","BOSS"],"items_purchased_type":["Card","Relic","Card","Card","Card","Card","Card","Card","Card","Card","Card"],"build_version":"2020-12-22","purchased_purges":6,"victory":true,"max_hp_per_floor":[75,75,75,75,75,75,80,80,80,80,80,85,85,85,85,85,85,85,85,85,85,85,85,85,85,85,85,85,85,85,85,85,85,85,85,85,81,81,81,81,81,81,81,81,81,81,81,81,81,81,81,81,81,81,81],"card_choices":[{"not_picked":["Tempest","Beam Cell"],"picked":"Capacitor","floor":1},{"not_picked":["Hello World","Sweeping Beam"],"picked":"Steam","floor":3},{"not_picked":["Chaos","Thunder Strike"],"picked":"Gash","floor":4},{"not_picked":["Compile Driver","Rip and Tear"],"picked":"Blizzard","floor":8},{"not_picked":["Double Energy","Scrape"],"picked":"Barrage","floor":10},{"not_picked":["Beam Cell","Aggregate"],"picked":"Coolheaded","floor":12},{"not_picked":["Stack","Cold Snap"],"picked":"Go for the Eyes","floor":13},{"not_picked":["Doom and Gloom","Fusion","Gash"],"picked":"SKIP","floor":14},{"not_picked":["Creative AI","Multi-Cast"],"picked":"Machine Learning","floor":16},{"not_picked":["Reprogram","Ball Lightning"],"picked":"Consume","floor":18},{"not_picked":["White Noise+1","Compile Driver"],"picked":"Ball Lightning","floor":21},{"not_picked":["Compile Driver","Rebound","Hologram"],"picked":"SKIP","floor":23},{"not_picked":["Sweeping Beam","Gash"],"picked":"Reboot","floor":30},{"not_picked":["Sweeping Beam","Gash"],"picked":"Coolheaded","floor":31},{"not_picked":["Meteor Strike","Echo Form"],"picked":"Seek","floor":33},{"not_picked":["Cold Snap","Rebound+1"],"picked":"Turbo+1","floor":35},{"not_picked":["Doom and Gloom+1","Sunder+1"],"picked":"Self Repair","floor":38},{"not_picked":["Cold Snap+1","FTL"],"picked":"Stack+1","floor":40},{"not_picked":["Steam Power+1","Go for the Eyes+1","Redo+1"],"picked":"SKIP","floor":41},{"not_picked":["Rip and Tear","Darkness+1"],"picked":"Double Energy","floor":44},{"not_picked":["Sweeping Beam+1","Reinforced Body"],"picked":"Chaos+1","floor":48},{"not_picked":["Cold Snap+1","Force Field+1"],"picked":"Buffer","floor":54}],"player_experience":374153,"relics_obtained":[{"floor":9,"key":"PreservedInsect"},{"floor":13,"key":"Smiling Mask"},{"floor":23,"key":"Centennial Puzzle"},{"floor":25,"key":"Orichalcum"},{"floor":26,"key":"Juzu Bracelet"},{"floor":40,"key":"Emotion Chip"},{"floor":48,"key":"Cables"},{"floor":54,"key":"Bottled Tornado"}],"event_choices":[{"cards_removed":["Strike_B"],"damage_healed":0,"gold_gain":0,"player_choice":"Card Removal","damage_taken":7,"max_hp_gain":0,"max_hp_loss":0,"event_name":"Golden Wing","floor":2,"gold_loss":0},{"damage_healed":0,"gold_gain":0,"player_choice":"Entered Light","damage_taken":15,"max_hp_gain":0,"max_hp_loss":0,"event_name":"Shining Light","floor":5,"gold_loss":0,"cards_upgraded":["Zap","Ball Lightning"]},{"damage_healed":0,"gold_gain":0,"player_choice":"Donut","damage_taken":0,"max_hp_gain":5,"max_hp_loss":0,"event_name":"Big Fish","floor":7,"gold_loss":0},{"damage_healed":0,"gold_gain":0,"player_choice":"Opened","damage_taken":0,"relics_obtained":["White Beast Statue"],"max_hp_gain":0,"max_hp_loss":0,"event_name":"The Mausoleum","floor":19,"gold_loss":0},{"cards_removed":["Defend_B"],"damage_healed":0,"gold_gain":0,"player_choice":"Elegance","damage_taken":0,"max_hp_gain":0,"max_hp_loss":0,"event_name":"Back to Basics","floor":24,"gold_loss":0},{"damage_healed":0,"gold_gain":0,"player_choice":"Copied","damage_taken":0,"max_hp_gain":0,"max_hp_loss":0,"event_name":"Duplicator","floor":28,"gold_loss":0,"cards_obtained":["Barrage"]},{"damage_healed":0,"gold_gain":0,"player_choice":"Max HP","damage_taken":0,"max_hp_gain":0,"max_hp_loss":4,"event_name":"Winding Halls","floor":37,"gold_loss":0},{"cards_removed":["Blizzard"],"damage_healed":0,"gold_gain":0,"player_choice":"Purged","damage_taken":0,"max_hp_gain":0,"max_hp_loss":0,"event_name":"Purifier","floor":45,"gold_loss":0}],"is_beta":false,"boss_relics":[{"not_picked":["Nuclear Battery","Busted Crown"],"picked":"FrozenCore"},{"not_picked":["Coffee Dripper","Pandora\u0027s Box"],"picked":"Philosopher\u0027s Stone"}],"items_purged_floors":[0,11,20,36,39,46],"is_endless":false,"potions_floor_spawned":[1,4,12,14,16,18,21,23,30,31,33,35,38,40,41,44,48,54],"ascension_level":0}}