{"host":"zm2copjc1o2b6hjv","time":1609191674,"event":{"mods":["AchievementEnabler","BaseMod","BetterRewards","Conspire","Downfall","Friendly Minions","Infinite Spire","Minty Spire (QoL Compilation)","Replay The Spire","StSLib"],"gold_per_floor":[109,109,34,47,63,63,80,96,148,148,160,186,203,232,232,330,330,345,358,372,99,131,165,165,178,178,190,190,218,237,252,252,348,348,361,583,634,651,662,662,688,688,757,771,771,786,370,386,386,386],"floor_reached":51,"playtime":3355,"items_purged":[],"score":1415,"play_id":"43b639fe-d137-422c-983a-fd829354de03","local_time":"20201228164114","is_ascension_mode":true,"campfire_choices":[{"floor":6,"key":"REST"},{"floor":10,"key":"REST"},{"data":"Adaptation","floor":15,"key":"SMITH"},{"floor":24,"key":"REST"},{"data":"Establishment","floor":32,"key":"SMITH"},{"floor":40,"key":"REST"},{"floor":42,"key":"REST"},{"data":"Replay:LoomingThreat","floor":49,"key":"SMITH"}],"circlet_count":0,"master_deck":["Strike_P","Strike_P","Strike_P","Strike_P","Defend_P","Defend_P","Defend_P","Defend_P","Eruption","Vigilance","Adaptation+1","SandsOfTime+1","Wireheading","Replay:AtTheReady","BattleHymn","Replay:LoomingThreat+1","Crescendo","SpiritShield","Establishment+1","Study","Swivel","Sanctity+1","EmptyMind","Replay:AtTheReady+1","Nirvana","LikeWater+1","Scrawl","MasterReality","LikeWater+1","Replay:DivineShield","Crescendo+1","ForeignInfluence+1","Judgement","BattleHymn","EmptyMind","FearNoEvil"],"relics":["PureWater","Mummified Hand","Anchor","Membership Card","StrikeDummy","Singing Bowl","CultistMask","Orrery","Pet Ghost","Guardian:PocketSentry","Replay:Rubber Ducky","VioletLotus","Tiny Chest","HornCleat","OrangePellets","Red Mask","Art of War","conspire:Flyswatter","Question Card","ChewingGum","Simple Rune","Damaru","infinitespire:CheckeredPen","infinitespire:Bottled Soul","Melange","Pantograph"],"acts_visited":["Exordium","TheCity","TheBeyond"],"potions_floor_usage":[14,16,19,22,29,29,33,50,50,50],"damage_taken":[{"damage":0,"enemies":"Jaw Worm","floor":1,"turns":3},{"damage":6,"enemies":"Cultist","floor":4,"turns":3},{"damage":2,"enemies":"Small Slimes","floor":5,"turns":3},{"damage":0,"enemies":"Looter","floor":7,"turns":2},{"damage":2,"enemies":"Large Slime","floor":8,"turns":3},{"damage":4,"enemies":"Lots of Slimes","floor":11,"turns":3},{"damage":0,"enemies":"Blue Slaver","floor":13,"turns":2},{"damage":2,"enemies":"3 Sentries","floor":14,"turns":4},{"damage":0,"enemies":"Slime Boss","floor":16,"turns":4},{"damage":6,"enemies":"2 Thieves","floor":18,"turns":3},{"damage":1,"enemies":"Spheric Guardian","floor":19,"turns":4},{"damage":0,"enemies":"Snake Plant","floor":20,"turns":2},{"damage":21,"enemies":"Masked Bandits","floor":22,"turns":4},{"damage":6,"enemies":"conspire:Head Lice","floor":23,"turns":6},{"damage":0,"enemies":"Cultist and Chosen","floor":25,"turns":4},{"damage":0,"enemies":"conspire:HollyBat","floor":27,"turns":5},{"damage":0,"enemies":"conspire:SneckoGhost","floor":29,"turns":7},{"damage":1,"enemies":"Shelled Parasite and Fungi","floor":30,"turns":3},{"damage":0,"enemies":"Snecko","floor":31,"turns":4},{"damage":23,"enemies":"Pondfish","floor":33,"turns":14},{"damage":45,"enemies":"3 Shapes","floor":35,"turns":3},{"damage":0,"enemies":"Orb Walker","floor":38,"turns":4},{"damage":0,"enemies":"Jaw Worm Horde","floor":39,"turns":5},{"damage":10,"enemies":"Nemesis","floor":41,"turns":5},{"damage":0,"enemies":"Spire Growth","floor":44,"turns":5},{"damage":0,"enemies":"3 Darklings","floor":46,"turns":5},{"damage":0,"enemies":"Jaw Worm Horde","floor":48,"turns":4},{"damage":7,"enemies":"Donu and Deca","floor":50,"turns":6}],"seed_played":"-2338918336237436306","potions_obtained":[{"floor":1,"key":"Ancient Potion"},{"floor":7,"key":"Milkshake"},{"floor":13,"key":"FearPotion"},{"floor":16,"key":"EssenceOfSteel"},{"floor":18,"key":"PowerPotion"},{"floor":19,"key":"Energy Potion"},{"floor":20,"key":"Venom Potion"},{"floor":27,"key":"LiquidBronze"},{"floor":33,"key":"Swift Potion"},{"floor":35,"key":"PowerPotion"},{"floor":41,"key":"DistilledChaos"},{"floor":46,"key":"BottledMiracle"}],"is_trial":false,"path_per_floor":["M","?","$","M","M","R","M","M","T","R","M","T","M","E","R","B",null,"M","M","M","$","?","E","R","M","T","M","?","E","M","M","R","B",null,"M","?","T","M","M","R","E","R","T","M","?","M","$","M","R","B",null],"character_chosen":"WATCHER","items_purchased":["Mummified Hand","Adaptation","Anchor","Membership Card","StrikeDummy","Singing Bowl","SandsOfTime+1","Orrery","Tiny Chest","HornCleat","OrangePellets","infinitespire:Bottled Soul","Melange","BattleHymn","EmptyMind","Pantograph","FearNoEvil"],"campfire_rested":5,"item_purchase_floors":[0,0,0,0,0,0,0,3,21,21,21,47,47,47,47,47,47],"current_hp_per_floor":[42,42,46,42,40,64,64,64,64,82,80,80,82,80,80,80,86,80,79,81,81,60,54,80,80,80,80,80,82,81,81,81,58,90,45,45,45,47,47,74,64,91,91,91,91,91,91,93,93,87],"gold":386,"neow_bonus":"","is_daily":false,"chose_seed":false,"campfire_upgraded":3,"win_rate":0.0,"timestamp":1609191674,"path_taken":["M","?","?","M","M","R","M","M","T","R","M","?","M","E","R","BOSS","M","M","?","$","?","E","R","M","T","M","?","E","M","M","R","BOSS","M","?","?","M","?","R","E","R","T","M","?","M","$","M","R","BOSS"],"items_purchased_type":["Relic","Card","Relic","Relic","Relic","Relic","Card","Relic","Relic","Relic","Relic","Relic","Relic","Card","Card","Relic","Card"],"build_version":"2020-12-22","purchased_purges":0,"victory":true,"max_hp_per_floor":[74,74,78,80,80,80,80,82,82,82,84,84,86,86,86,86,86,86,86,88,88,88,88,88,88,88,88,88,90,90,90,90,90,90,90,90,90,92,92,92,92,92,92,92,92,92,92,94,94,94],"card_choices":[{"not_picked":["ThirdEye","EmptyFist","FlurryOfBlows"],"picked":"Singing Bowl","floor":1},{"not_picked":["Protect","CarveReality"],"picked":"Wireheading","floor":3},{"not_picked":["BowlingBash","Replay:ManipulateFuture"],"picked":"Replay:AtTheReady","floor":3},{"not_picked":["Worship","FollowUp"],"picked":"BattleHymn","floor":3},{"not_picked":["Replay:AtTheReady","Halt","Study"],"picked":"Singing Bowl","floor":3},{"not_picked":["SashWhip","Pray","BowlingBash"],"picked":"Singing Bowl","floor":3},{"not_picked":["ThirdEye","Crescendo","EmptyBody"],"picked":"Singing Bowl","floor":4},{"not_picked":["SashWhip","EmptyBody"],"picked":"Replay:LoomingThreat","floor":5},{"not_picked":["Pray","ThirdEye"],"picked":"Crescendo","floor":7},{"not_picked":["Replay:Vibes","BowlingBash","CutThroughFate"],"picked":"Singing Bowl","floor":8},{"not_picked":["Meditate","WreathOfFlame","Replay:ManipulateFuture"],"picked":"Singing Bowl","floor":11},{"not_picked":["ThirdEye","Halt","CrushJoints"],"picked":"Singing Bowl","floor":13},{"not_picked":["ThirdEye","FlyingSleeves"],"picked":"SpiritShield","floor":14},{"not_picked":["LessonLearned","Judgement"],"picked":"Establishment","floor":16},{"not_picked":["Prostrate","Replay:Anticipation+1"],"picked":"Study","floor":18},{"not_picked":["Halt+1","CutThroughFate+1"],"picked":"Swivel","floor":19},{"not_picked":["Replay:ManipulateFuture","Fasting2","Replay:AtTheReady"],"picked":"Singing Bowl","floor":20},{"not_picked":["DeceiveReality+1","Crescendo"],"picked":"Sanctity+1","floor":22},{"not_picked":["Study","Meditate"],"picked":"EmptyMind","floor":23},{"not_picked":["EmptyBody","ThirdEye"],"picked":"Replay:AtTheReady+1","floor":25},{"not_picked":["Tantrum","EmptyBody"],"picked":"Nirvana","floor":27},{"not_picked":["Crescendo","Halt","Consecrate"],"picked":"Singing Bowl","floor":29},{"not_picked":["EmptyFist","FlyingSleeves","WaveOfTheHand+1"],"picked":"LikeWater+1","floor":30},{"not_picked":["ThirdEye","Sanctity","DeceiveReality"],"picked":"Scrawl","floor":31},{"not_picked":["ConjureBlade","DeusExMachina","Alpha"],"picked":"MasterReality","floor":33},{"not_picked":["DeceiveReality","Collect","Perseverance+1"],"picked":"LikeWater+1","floor":35},{"not_picked":["Replay:ManipulateFuture","Pray","FlyingSleeves","BowlingBash"],"picked":"Singing Bowl","floor":38},{"not_picked":["Replay:ManipulateFuture","BowlingBash+1","CutThroughFate+1"],"picked":"Replay:DivineShield","floor":39},{"not_picked":["EmptyMind","WindmillStrike","Consecrate+1"],"picked":"Crescendo+1","floor":41},{"not_picked":["Prostrate+1","BowlingBash","Swivel"],"picked":"ForeignInfluence+1","floor":44},{"not_picked":["FlyingSleeves+1","TalkToTheHand","EmptyBody"],"picked":"Judgement","floor":46},{"not_picked":["Evaluate+1","Vengeance+1","Replay:BluntJabs","Replay:Cycle+1"],"picked":"Singing Bowl","floor":48}],"player_experience":206784,"relics_obtained":[{"floor":9,"key":"Pet Ghost"},{"floor":12,"key":"Guardian:PocketSentry"},{"floor":14,"key":"Replay:Rubber Ducky"},{"floor":22,"key":"Red Mask"},{"floor":23,"key":"Art of War"},{"floor":26,"key":"conspire:Flyswatter"},{"floor":29,"key":"Question Card"},{"floor":37,"key":"Simple Rune"},{"floor":41,"key":"Damaru"},{"floor":43,"key":"infinitespire:CheckeredPen"}],"event_choices":[{"damage_healed":0,"gold_gain":0,"player_choice":"Trade","damage_taken":0,"relics_obtained":["CultistMask"],"max_hp_gain":0,"max_hp_loss":0,"event_name":"FaceTrader","floor":2,"gold_loss":0},{"damage_healed":0,"gold_gain":0,"player_choice":"Fought Bandits","damage_taken":0,"max_hp_gain":0,"max_hp_loss":0,"event_name":"Masked Bandits","floor":22,"gold_loss":0},{"damage_healed":0,"gold_gain":222,"player_choice":"Wore Mask","damage_taken":0,"max_hp_gain":0,"max_hp_loss":0,"event_name":"Tomb of Lord Red Mask","floor":36,"gold_loss":0}],"is_beta":false,"boss_relics":[{"not_picked":["Ectoplasm","Empty Cage"],"picked":"VioletLotus"},{"not_picked":["Replay:Drink Me","conspire:RoyalGoblet"],"picked":"ChewingGum"}],"items_purged_floors":[],"is_endless":false,"potions_floor_spawned":[1,7,13,16,18,19,20,27,33,35,41,46],"ascension_level":3}}