{"host":"pynofkhbweftzsaw","time":1609157580,"event":{"mods":["BaseMod","Colored Map","Minty Spire (QoL Compilation)","StSLib"],"gold_per_floor":[117,117,42,42,42,42,73,91,114,157,182,222,245,276,276,404,404,425,425,351,370,391,391,414,414,414,458,408,408,408],"floor_reached":29,"playtime":2344,"items_purged":["Injury"],"score":371,"play_id":"96804f66-25da-4fb6-a908-834356b7300a","local_time":"20201228201300","is_ascension_mode":false,"campfire_choices":[{"floor":6,"key":"RECALL"},{"floor":15,"key":"REST"},{"data":"A Thousand Cuts","floor":23,"key":"SMITH"},{"floor":25,"key":"REST"}],"circlet_count":0,"master_deck":["Strike_G","Strike_G","Strike_G","Strike_G","Strike_G","Defend_G","Defend_G","Neutralize+1","Bullet Time+1","Masterful Stab+1","Venomology+1","Poisoned Stab","Dagger Throw","Choke","A Thousand Cuts+1","Cloak And Dagger","Slice","Underhanded Strike","Slice","A Thousand Cuts","Finisher","Predator","Quick Slash+1","Acrobatics","Outmaneuver"],"relics":["Astrolabe","Golden Idol","Torii","Juzu Bracelet","Bottled Flame","Orichalcum","Lantern","Black Star","Shovel","Snake Skull","Letter Opener"],"acts_visited":["Exordium","TheCity"],"potions_floor_usage":[7,7,10,10,10,12,14,14,16,16,18,21,22,24,27,27,29],"damage_taken":[{"damage":6,"enemies":"Jaw Worm","floor":1,"turns":3},{"damage":16,"enemies":"Lagavulin","floor":7,"turns":4},{"damage":0,"enemies":"Small Slimes","floor":8,"turns":2},{"damage":0,"enemies":"Gremlin Nob","floor":10,"turns":2},{"damage":7,"enemies":"2 Louse","floor":11,"turns":2},{"damage":9,"enemies":"Lagavulin","floor":12,"turns":5},{"damage":1,"enemies":"Red Slaver","floor":13,"turns":2},{"damage":0,"enemies":"Gremlin Nob","floor":14,"turns":2},{"damage":0,"enemies":"Hexaghost","floor":16,"turns":6},{"damage":0,"enemies":"Spheric Guardian","floor":18,"turns":3},{"damage":0,"enemies":"2 Thieves","floor":21,"turns":3},{"damage":30,"enemies":"Snake Plant","floor":22,"turns":4},{"damage":1,"enemies":"Snecko","floor":24,"turns":4},{"damage":40,"enemies":"Book of Stabbing","floor":27,"turns":6},{"damage":30,"enemies":"Slavers","floor":29,"turns":4}],"seed_played":"5535367049963462395","potions_obtained":[{"floor":7,"key":"Poison Potion"},{"floor":8,"key":"FearPotion"},{"floor":11,"key":"FearPotion"},{"floor":14,"key":"SneckoOil"},{"floor":16,"key":"CunningPotion"},{"floor":18,"key":"Energy Potion"},{"floor":27,"key":"SpeedPotion"}],"is_trial":false,"path_per_floor":["M","?","$","?","?","R","E","M","T","E","M","E","M","E","R","B",null,"M","?","$","M","M","R","M","R","T","E","?","E"],"character_chosen":"THE_SILENT","items_purchased":["Finisher"],"campfire_rested":2,"item_purchase_floors":[20],"current_hp_per_floor":[64,64,64,61,61,61,45,45,45,45,38,29,28,28,49,49,70,70,70,70,70,40,40,51,70,70,30,30,0,0],"gold":408,"neow_bonus":"BOSS_RELIC","is_daily":false,"chose_seed":false,"campfire_upgraded":1,"win_rate":0.0,"timestamp":1609157580,"path_taken":["M","?","$","?","?","R","E","M","T","E","M","E","M","E","R","BOSS","M","?","$","M","M","R","M","R","T","E","?","E"],"items_purchased_type":["Card"],"build_version":"2020-12-22","purchased_purges":1,"victory":false,"max_hp_per_floor":[70,70,70,70,70,70,70,70,70,70,70,70,70,70,70,70,70,70,70,70,70,70,70,70,70,70,70,70,70,70],"card_choices":[{"not_picked":["Caltrops","Eviscerate"],"picked":"Poisoned Stab","floor":1},{"not_picked":["Poisoned Stab","Eviscerate"],"picked":"Dagger Throw","floor":7},{"not_picked":["Slice","Poisoned Stab"],"picked":"Choke","floor":8},{"not_picked":["Accuracy","Doppelganger"],"picked":"A Thousand Cuts","floor":10},{"not_picked":["Flying Knee","Backflip"],"picked":"Cloak And Dagger","floor":11},{"not_picked":["Well Laid Plans","Predator"],"picked":"Slice","floor":12},{"not_picked":["Backflip","Sucker Punch"],"picked":"Underhanded Strike","floor":13},{"not_picked":["Dodge and Roll","Well Laid Plans"],"picked":"Slice","floor":14},{"not_picked":["Venomology","Storm of Steel"],"picked":"A Thousand Cuts","floor":16},{"not_picked":["Sucker Punch","Flying Knee+1","Outmaneuver+1"],"picked":"SKIP","floor":18},{"not_picked":["Dodge and Roll","Bane"],"picked":"Predator","floor":21},{"not_picked":["Caltrops","Dagger Spray+1"],"picked":"Quick Slash+1","floor":22},{"not_picked":["Wraith Form v2","Infinite Blades"],"picked":"Acrobatics","floor":24},{"not_picked":["PiercingWail","Quick Slash"],"picked":"Outmaneuver","floor":27}],"player_experience":26296,"relics_obtained":[{"floor":7,"key":"Juzu Bracelet"},{"floor":10,"key":"Bottled Flame"},{"floor":12,"key":"Orichalcum"},{"floor":14,"key":"Lantern"},{"floor":26,"key":"Shovel"},{"floor":27,"key":"Snake Skull"},{"floor":27,"key":"Letter Opener"}],"event_choices":[{"damage_healed":0,"gold_gain":0,"player_choice":"Take Wound","damage_taken":0,"relics_obtained":["Golden Idol"],"max_hp_gain":0,"max_hp_loss":0,"event_name":"Golden Idol","floor":2,"gold_loss":0,"cards_obtained":["Injury"]},{"damage_healed":0,"gold_gain":0,"player_choice":"Success","damage_taken":3,"relics_obtained":["Torii"],"max_hp_gain":0,"max_hp_loss":0,"event_name":"Scrap Ooze","floor":4,"gold_loss":0},{"damage_healed":0,"gold_gain":0,"player_choice":"Grow","damage_taken":0,"max_hp_gain":0,"max_hp_loss":0,"event_name":"Living Wall","floor":5,"gold_loss":0,"cards_upgraded":["Neutralize"]},{"cards_removed":["Survivor"],"damage_healed":0,"gold_gain":0,"player_choice":"Offered Basic","damage_taken":0,"max_hp_gain":0,"max_hp_loss":0,"event_name":"Bonfire Elementals","floor":19,"gold_loss":0},{"damage_healed":0,"gold_gain":0,"player_choice":"Bet on Owner","damage_taken":0,"max_hp_gain":0,"max_hp_loss":0,"event_name":"The Joust","floor":28,"gold_loss":50}],"is_beta":false,"boss_relics":[{"not_picked":["SacredBark","Cursed Key"],"picked":"Black Star"}],"items_purged_floors":[3],"is_endless":false,"potions_floor_spawned":[7,8,11,14,16,18,27],"killed_by":"Slavers","ascension_level":0}}