{"host":"qm4rv4rkpk76sbxu","time":1609181880,"event":{"mods":["BaseMod","Bestiary","Block Reminder","DeckTracker","Filter the Spire","Keyboard Shortcuts","Minty Spire (QoL Compilation)","MonsterHotkey","Potion Indicator Mod","Quick Restart","Random Character Button","Relic Stats","Slay-I","StSLib","ojb\u0027s Better Paths Mod"],"gold_per_floor":[113,113,125,144,19,54,64,94,94,94,94,123,135,135,135,229,229,254,434,109,189,203,236,236,276,300,300,300],"floor_reached":27,"playtime":1027,"items_purged":[],"score":538,"play_id":"10b88230-d2fe-4787-b27c-b9c62512ae8a","local_time":"20201228195800","is_ascension_mode":true,"campfire_choices":[{"floor":10.0,"key":"REST"},{"data":"Zap","floor":15.0,"key":"SMITH"},{"data":"Dualcast","floor":24.0,"key":"SMITH"}],"circlet_count":0,"master_deck":["AscendersBane","Strike_B","Strike_B","Strike_B","Strike_B","Defend_B","Defend_B","Defend_B","Defend_B","Zap+1","Dualcast+1","Doom and Gloom","Ball Lightning","Blind","Steam","BootSequence","Coolheaded","All For One","Cold Snap","Electrodynamics","Self Repair","Auto Shields"],"relics":["Cracked Core","Gremlin Horn","Kunai","Ornamental Fan","Sundial","Mercury Hourglass","Golden Idol","Black Star","Potion Belt","Cauldron","Letter Opener","Juzu Bracelet","Darkstone Periapt","StoneCalendar","Anchor","MealTicket"],"acts_visited":["Exordium","TheCity"],"potions_floor_usage":[27],"damage_taken":[{"damage":9.0,"enemies":"Jaw Worm","floor":1.0,"turns":4.0},{"damage":1.0,"enemies":"Cultist","floor":3.0,"turns":3.0},{"damage":7.0,"enemies":"2 Louse","floor":4.0,"turns":2.0},{"damage":19.0,"enemies":"Lagavulin","floor":6.0,"turns":7.0},{"damage":9.0,"enemies":"Looter","floor":7.0,"turns":3.0},{"damage":8.0,"enemies":"Gremlin Nob","floor":8.0,"turns":3.0},{"damage":10.0,"enemies":"Lagavulin","floor":12.0,"turns":6.0},{"damage":0.0,"enemies":"2 Fungi Beasts","floor":13.0,"turns":2.0},{"damage":6.0,"enemies":"Slime Boss","floor":16.0,"turns":8.0},{"damage":5.0,"enemies":"3 Byrds","floor":18.0,"turns":3.0},{"damage":0.0,"enemies":"Spheric Guardian","floor":22.0,"turns":3.0},{"damage":20.0,"enemies":"Book of Stabbing","floor":23.0,"turns":5.0},{"damage":13.0,"enemies":"Slavers","floor":25.0,"turns":4.0},{"damage":13,"enemies":"Masked Bandits","floor":27,"turns":2}],"seed_played":"440966439592867011","potions_obtained":[{"floor":0.0,"key":"LiquidMemories"},{"floor":0.0,"key":"EssenceOfDarkness"},{"floor":3.0,"key":"LiquidMemories"},{"floor":6.0,"key":"DuplicationPotion"},{"floor":8.0,"key":"SpeedPotion"},{"floor":20.0,"key":"Ancient Potion"},{"floor":20.0,"key":"DistilledChaos"},{"floor":20.0,"key":"Dexterity Potion"},{"floor":20.0,"key":"Fire Potion"},{"floor":23.0,"key":"ColorlessPotion"},{"floor":25.0,"key":"GamblersBrew"}],"is_trial":false,"path_per_floor":["M","?","M","M","$","E","M","E","T","R","?","E","M","?","R","B",null,"M","?","$","T","M","E","R","E","T","?"],"character_chosen":"DEFECT","items_purchased":["Blind","Steam","Potion Belt","Cauldron"],"campfire_rested":1,"item_purchase_floors":[5,5,20,20],"current_hp_per_floor":[55,55,54,47,47,28,19,11,11,32,55,45,45,45,45,39,58,53,34,34,34,34,21,21,8,8,0,0],"gold":300,"neow_bonus":"THREE_SMALL_POTIONS","is_daily":false,"chose_seed":false,"campfire_upgraded":2,"win_rate":0.0,"timestamp":1609181880,"path_taken":["M","?","M","?","?","E","?","E","T","R","?","E","M","?","R","BOSS","M","?","$","?","M","E","R","E","T","?"],"items_purchased_type":["Card","Card","Relic","Relic"],"build_version":"2020-12-22","purchased_purges":0,"victory":false,"max_hp_per_floor":[71,71,71,71,71,71,71,71,71,71,71,71,71,64,64,64,64,64,64,64,64,64,64,64,64,64,64,64],"relic_stats":{"Darkstone Periapt":0,"Gremlin Horn":[7,7],"counters":[14,55],"Golden Idol":50,"StoneCalendar":[0],"Juzu Bracelet":1,"Letter Opener":[65],"Mercury Hourglass":[139],"Ornamental Fan":[20],"Sundial":[2],"MealTicket":0,"Black Star":2,"Kunai":[6],"obtain_stats":[{"Potion Belt":20,"Darkstone Periapt":23,"Gremlin Horn":2,"Golden Idol":14,"StoneCalendar":25,"Juzu Bracelet":23,"Letter Opener":21,"Mercury Hourglass":12,"Cauldron":20,"Anchor":25,"Ornamental Fan":8,"Sundial":9,"MealTicket":26,"Black Star":17,"Kunai":6,"Cracked Core":0},{"Potion Belt":10,"Darkstone Periapt":12,"Gremlin Horn":1,"Golden Idol":8,"StoneCalendar":13,"Juzu Bracelet":12,"Letter Opener":10,"Mercury Hourglass":7,"Cauldron":10,"Anchor":13,"Ornamental Fan":6,"Sundial":6,"MealTicket":13,"Black Star":9,"Kunai":4,"Cracked Core":0},{"Potion Belt":41,"Darkstone Periapt":49,"Gremlin Horn":4,"Golden Idol":30,"StoneCalendar":53,"Juzu Bracelet":49,"Letter Opener":41,"Mercury Hourglass":28,"Cauldron":41,"Anchor":53,"Ornamental Fan":22,"Sundial":22,"MealTicket":53,"Black Star":38,"Kunai":16,"Cracked Core":0}]},"card_choices":[{"not_picked":["White Noise","Gash"],"picked":"Chill","floor":1.0},{"not_picked":["Hologram","Hello World"],"picked":"Doom and Gloom","floor":3.0},{"not_picked":["Go for the Eyes","Self Repair"],"picked":"Ball Lightning","floor":4.0},{"not_picked":["Ball Lightning","Loop"],"picked":"BootSequence","floor":6.0},{"not_picked":["Reinforced Body","BootSequence"],"picked":"Coolheaded","floor":7.0},{"not_picked":["Melter","Leap"],"picked":"All For One","floor":8.0},{"not_picked":["Stack","BootSequence","Doom and Gloom"],"picked":"SKIP","floor":12.0},{"not_picked":["Scrape","Skim"],"picked":"Cold Snap","floor":13.0},{"not_picked":["Hyperbeam","Reboot"],"picked":"Electrodynamics","floor":16.0},{"not_picked":["Sweeping Beam","Cold Snap"],"picked":"Self Repair","floor":18.0},{"not_picked":["Hello World+1","Scrape"],"picked":"Auto Shields","floor":22.0},{"not_picked":["Rebound","Hologram","Coolheaded"],"picked":"SKIP","floor":23.0},{"not_picked":["Coolheaded","Sweeping Beam","Auto Shields"],"picked":"SKIP","floor":25.0}],"player_experience":1151275,"relics_obtained":[{"floor":6.0,"key":"Kunai"},{"floor":8.0,"key":"Ornamental Fan"},{"floor":9.0,"key":"Sundial"},{"floor":12.0,"key":"Mercury Hourglass"},{"floor":21.0,"key":"Letter Opener"},{"floor":23.0,"key":"Juzu Bracelet"},{"floor":23.0,"key":"Darkstone Periapt"},{"floor":25.0,"key":"StoneCalendar"},{"floor":25.0,"key":"Anchor"},{"floor":26.0,"key":"MealTicket"}],"event_choices":[{"cards_removed":["Chill"],"damage_healed":0.0,"max_hp_gain":0.0,"max_hp_loss":0.0,"gold_gain":0.0,"event_name":"WeMeetAgain","player_choice":"Gave Card","floor":2.0,"gold_loss":0.0,"damage_taken":0.0,"relics_obtained":["Gremlin Horn"]},{"damage_healed":23.0,"max_hp_gain":0.0,"max_hp_loss":0.0,"gold_gain":0.0,"event_name":"Big Fish","player_choice":"Banana","floor":11.0,"gold_loss":0.0,"damage_taken":0.0},{"damage_healed":0.0,"max_hp_gain":0.0,"max_hp_loss":7.0,"gold_gain":0.0,"event_name":"Golden Idol","player_choice":"Lose Max HP","floor":14.0,"gold_loss":0.0,"damage_taken":0.0,"relics_obtained":["Golden Idol"]},{"damage_healed":0.0,"max_hp_gain":0.0,"max_hp_loss":0.0,"gold_gain":180.0,"event_name":"Knowing Skull","player_choice":"GOLD GOLD ","floor":19.0,"potions_obtained":[],"gold_loss":0.0,"damage_taken":19.0,"cards_obtained":[]},{"damage_healed":0,"gold_gain":0,"player_choice":"Fought Bandits","damage_taken":0,"max_hp_gain":0,"max_hp_loss":0,"event_name":"Masked Bandits","floor":27,"gold_loss":0}],"is_beta":false,"boss_relics":[{"not_picked":["Cursed Key","Velvet Choker"],"picked":"Black Star"}],"items_purged_floors":[],"is_endless":false,"potions_floor_spawned":[3,4,6,8,23,25],"killed_by":"Masked Bandits","ascension_level":20}}