{"host":"6j8r4uax2c577qhw","time":1609141147,"event":{"mods":["2.2 Compatiblity","BaseMod","BetterRewards","Colored Map","Downfall","Highlight Path","Hubris","Infinite Spire","MarisaÅiñ∂âJÅ@ñÇóùçπÅj","Minty Spire (QoL Compilation)","Replay The Spire","Reworked Bosses","StSLib","The Animator"],"gold_per_floor":[115,115,129,142,156,185,185,215,269,280,280,22,42,56,56,153,153,168,148,163,163,163,163],"floor_reached":22,"playtime":2868,"items_purged":[],"score":240,"play_id":"4df2e7b6-9580-4ea6-b48d-dffea5ee7577","local_time":"20201228163907","is_ascension_mode":true,"campfire_choices":[{"data":"expansioncontent:QuickStudy","floor":15,"key":"SMITH"}],"circlet_count":0,"master_deck":["Strike_MRS","Strike_MRS","Strike_MRS","Strike_MRS","Defend_MRS","Defend_MRS","Defend_MRS","MasterSpark","UpSweep","expansioncontent:QuickStudy+1","NonDirectionalLaser","Regret","DarkMatter","ChargingUp","RefractionSpark","CasketOfStar","SatelliteIllusion+1","MagicAbsorber","CasketOfStar","OneTimeOff","SprinkleStarSeal+1","BlazingStar"],"relics":["MiniHakkero","HandmadeGrimoire","Strawberry","Bronze Scales","Lee\u0027s Waffle","Sozu"],"acts_visited":["Exordium","TheCity"],"potions_floor_usage":[8,16,22],"damage_taken":[{"damage":1,"enemies":"2 Louse","floor":1,"turns":3},{"damage":3,"enemies":"Small Slimes","floor":3,"turns":2},{"damage":14,"enemies":"infinitespire:Voidling","floor":4,"turns":3},{"damage":7,"enemies":"2 Fungi Beasts","floor":5,"turns":3},{"damage":10,"enemies":"3 Sentries","floor":6,"turns":3},{"damage":16,"enemies":"Lagavulin","floor":8,"turns":5},{"damage":4,"enemies":"Lots of Slimes","floor":10,"turns":2},{"damage":0,"enemies":"3 Louse","floor":13,"turns":2},{"damage":0,"enemies":"Gremlin Gang","floor":14,"turns":4},{"damage":32,"enemies":"Fading Forest","floor":16,"turns":11},{"damage":30,"enemies":"Spheric Guardian","floor":18,"turns":4},{"damage":26,"enemies":"2 Thieves","floor":19,"turns":4},{"damage":35,"enemies":"Snecko","floor":20,"turns":4},{"damage":16,"enemies":"Cultist and Chosen","floor":22,"turns":3}],"seed_played":"-4607320314342581829","potions_obtained":[{"floor":1,"key":"LiquidBronze"},{"floor":6,"key":"Guardian:BlockOnCardUsePotion"},{"floor":8,"key":"EntropicBrew"},{"floor":10,"key":"SpeedPotion"},{"floor":13,"key":"Toxic Potion"}],"is_trial":false,"path_per_floor":["M","?","M","M","M","E","?","E","T","M","?","$","M","M","R","B",null,"M","M","M","?","M"],"character_chosen":"MARISA","items_purchased":["Lee\u0027s Waffle","SatelliteIllusion+1"],"campfire_rested":0,"item_purchase_floors":[12,12],"current_hp_per_floor":[67,67,64,50,43,40,33,17,17,13,13,82,82,82,82,50,82,52,34,7,7,0,0],"gold":163,"neow_bonus":"RANDOM_COLORLESS_2","is_daily":false,"chose_seed":false,"campfire_upgraded":1,"win_rate":0.0,"timestamp":1609141147,"path_taken":["M","?","M","M","M","E","?","E","T","?","?","$","M","?","R","BOSS","M","M","M","?","?"],"items_purchased_type":["Relic","Card"],"build_version":"2020-12-22","purchased_purges":0,"victory":false,"max_hp_per_floor":[68,68,68,68,68,75,75,75,75,75,75,82,82,82,82,82,82,82,82,82,82,82,82],"card_choices":[{"not_picked":["ReplayTheSpireMod:Brewmster","Transmutation"],"picked":"expansioncontent:QuickStudy","floor":0},{"not_picked":["EarthLightRay","WitchLeyline"],"picked":"NonDirectionalLaser","floor":1},{"not_picked":["MilkyWay","GalacticHalo","UnstableBomb"],"picked":"SKIP","floor":3},{"not_picked":["StarBarrage","GalacticHalo"],"picked":"DarkMatter","floor":4},{"not_picked":["DarkSpark","GrandCross","Acceleration"],"picked":"SKIP","floor":5},{"not_picked":["DarkSpark","GrandCross","Acceleration"],"picked":"SKIP","floor":5},{"not_picked":["EscapeVelocity","GalacticHalo"],"picked":"ChargingUp","floor":6},{"not_picked":["DoubleSpark","IllusionStar"],"picked":"RefractionSpark","floor":8},{"not_picked":["MysteriousBeam","FairyDestructionRay","GrandCross"],"picked":"SKIP","floor":10},{"not_picked":["IllusionStar","ShootingEcho"],"picked":"MagicAbsorber","floor":13},{"not_picked":["ChargeUpSpray","ShootingEcho"],"picked":"ManaConvection","floor":14},{"not_picked":["SuperNova","BinaryStars"],"picked":"CasketOfStar","floor":16},{"not_picked":["GalacticHalo","WitchOfGreed","ChargeUpSpray"],"picked":"SKIP","floor":18},{"not_picked":["StarBarrage","PowerUp"],"picked":"OneTimeOff","floor":19},{"not_picked":["ShootingEcho+1","MilkyWay"],"picked":"SprinkleStarSeal+1","floor":20}],"player_experience":789824,"relics_obtained":[{"floor":6,"key":"Strawberry"},{"floor":8,"key":"Bronze Scales"}],"event_choices":[{"damage_healed":0,"gold_gain":0,"player_choice":"Box","damage_taken":0,"relics_obtained":["HandmadeGrimoire"],"max_hp_gain":0,"max_hp_loss":0,"event_name":"Big Fish","floor":2,"gold_loss":0,"cards_obtained":["Regret"]},{"damage_healed":0,"gold_gain":0,"player_choice":"Damaged","damage_taken":7,"max_hp_gain":0,"max_hp_loss":0,"event_name":"Wheel of Change","floor":7,"gold_loss":0},{"damage_healed":0,"gold_gain":0,"cards_transformed":["Defend_MRS"],"player_choice":"Transformed","damage_taken":0,"max_hp_gain":0,"max_hp_loss":0,"event_name":"Transmorgrifier","floor":11,"gold_loss":0,"cards_obtained":["CasketOfStar"]},{"damage_healed":0,"gold_gain":0,"cards_transformed":["ManaConvection"],"player_choice":"Transformed","damage_taken":0,"max_hp_gain":0,"max_hp_loss":0,"event_name":"Transmorgrifier","floor":21,"gold_loss":0,"cards_obtained":["BlazingStar"]}],"is_beta":false,"boss_relics":[{"not_picked":["Runic Dome","Painkiller Herb"],"picked":"Sozu"}],"items_purged_floors":[],"is_endless":false,"potions_floor_spawned":[1,6,8,10,13,20],"killed_by":"Cultist and Chosen","ascension_level":4}}