{"host":"dcj2yvrgcvh5dl2s","time":1609117985,"event":{"mods":["BaseMod","Better Note","Block Reminder","Colored Powertips","DeckTracker","Minty Spire (QoL Compilation)","Quick Restart","Rare Cards Sparkle","Relic Stats","StSLib"],"gold_per_floor":[119,119,119,14,164,194,194,17,17,17,33,60,2,22,22,99,99,115,143,162,62,62,62,62,62,62,62,79,92,120,131,131,131,131],"floor_reached":33,"playtime":4104,"items_purged":["Strike_R","Doubt","Strike_R"],"score":501,"play_id":"93d37522-1ac7-4730-8e19-efda5f6cb536","local_time":"20201228111305","is_ascension_mode":true,"campfire_choices":[{"floor":7,"key":"REST"},{"floor":10,"key":"REST"},{"data":"Whirlwind","floor":15,"key":"SMITH"},{"floor":23,"key":"REST"},{"data":"Shame","floor":25,"key":"PURGE"},{"data":"Berserk","floor":27,"key":"SMITH"},{"floor":32,"key":"REST"}],"circlet_count":0,"master_deck":["AscendersBane","Strike_R","Strike_R+1","Strike_R+1","Defend_R","Defend_R","Defend_R","Defend_R","Bash","True Grit+1","Clothesline","Cleave","Whirlwind+1","Flex","Heavy Blade","Battle Trance","Berserk+1","CurseOfTheBell","Shrug It Off","Shockwave","Inflame+1","Flex","Double Tap","Sword Boomerang"],"relics":["Burning Blood","Happy Flower","Akabeko","HornCleat","Toy Ornithopter","Calling Bell","Orichalcum","The Courier","Unceasing Top","Red Mask","Peace Pipe","White Beast Statue","Strawberry"],"acts_visited":["Exordium","TheCity"],"potions_floor_usage":[16,29,33],"damage_taken":[{"damage":9,"enemies":"Jaw Worm","floor":1,"turns":4},{"damage":31,"enemies":"Lagavulin","floor":6,"turns":7},{"damage":1,"enemies":"Small Slimes","floor":11,"turns":2},{"damage":32,"enemies":"Gremlin Nob","floor":12,"turns":5},{"damage":0,"enemies":"2 Louse","floor":14,"turns":1},{"damage":52,"enemies":"Slime Boss","floor":16,"turns":9},{"damage":40,"enemies":"Shell Parasite","floor":18,"turns":9},{"damage":0,"enemies":"Masked Bandits","floor":19,"turns":1},{"damage":10,"enemies":"2 Thieves","floor":20,"turns":4},{"damage":9,"enemies":"Snake Plant","floor":28,"turns":5},{"damage":32,"enemies":"Chosen and Byrds","floor":29,"turns":6},{"damage":14,"enemies":"Slavers","floor":30,"turns":4},{"damage":29,"enemies":"Cultist and Chosen","floor":31,"turns":6},{"damage":70,"enemies":"Automaton","floor":33,"turns":6}],"seed_played":"-7630200962784803001","potions_obtained":[{"floor":12,"key":"Regen Potion"},{"floor":16,"key":"LiquidBronze"},{"floor":28,"key":"Swift Potion"},{"floor":29,"key":"Fruit Juice"},{"floor":30,"key":"SmokeBomb"}],"is_trial":false,"path_per_floor":["M","?","?","$","?","E","R","$","T","R","M","E","$","M","R","B",null,"M","?","M","$","?","R","?","R","T","R","M","M","E","M","R","B"],"character_chosen":"IRONCLAD","items_purchased":["Clothesline","Whirlwind","Heavy Blade"],"campfire_rested":4,"item_purchase_floors":[4,8,13],"current_hp_per_floor":[65,65,42,42,42,17,39,39,39,61,66,40,40,46,46,20,61,27,33,29,29,29,51,51,51,51,51,48,32,31,8,34,0,0],"gold":131,"neow_bonus":"RANDOM_COMMON_RELIC","is_daily":false,"chose_seed":false,"campfire_upgraded":2,"win_rate":0.0,"timestamp":1609117985,"path_taken":["M","?","?","?","?","E","R","$","T","R","M","E","?","M","R","BOSS","M","?","M","$","?","R","?","R","T","R","M","?","E","M","R","BOSS"],"items_purchased_type":["Card","Card","Card"],"build_version":"2020-12-22","purchased_purges":3,"victory":false,"max_hp_per_floor":[75,75,75,75,75,75,75,75,75,75,75,75,75,75,75,75,75,75,75,75,75,75,75,75,75,75,75,75,80,87,87,87,87,87],"relic_stats":{"Peace Pipe":1,"Happy Flower":[23],"counters":[14,69],"Orichalcum":[78],"obtain_stats":[{"Happy Flower":0,"The Courier":17,"Orichalcum":17,"Burning Blood":0,"Akabeko":6,"White Beast Statue":26,"Calling Bell":17,"Peace Pipe":22,"HornCleat":9,"Strawberry":30,"Red Mask":19,"Toy Ornithopter":12,"Unceasing Top":17},{"Happy Flower":0,"The Courier":6,"Orichalcum":6,"Burning Blood":0,"Akabeko":2,"White Beast Statue":9,"Calling Bell":6,"Peace Pipe":9,"HornCleat":2,"Strawberry":12,"Red Mask":8,"Toy Ornithopter":4,"Unceasing Top":6},{"Happy Flower":0,"The Courier":28,"Orichalcum":28,"Burning Blood":0,"Akabeko":11,"White Beast Statue":42,"Calling Bell":28,"Peace Pipe":42,"HornCleat":11,"Strawberry":57,"Red Mask":38,"Toy Ornithopter":18,"Unceasing Top":28}],"Burning Blood":78,"Toy Ornithopter":15,"Unceasing Top":[0]},"card_choices":[{"not_picked":["Entrench","Rage"],"picked":"True Grit","floor":1},{"not_picked":["True Grit","Entrench"],"picked":"Cleave","floor":6},{"not_picked":["Iron Wave","Perfected Strike"],"picked":"Flex","floor":11},{"not_picked":["Warcry","Blood for Blood","Clash"],"picked":"SKIP","floor":12},{"not_picked":["Intimidate","Clash"],"picked":"Battle Trance","floor":14},{"not_picked":["Demon Form","Bludgeon"],"picked":"Berserk","floor":16},{"not_picked":["Warcry","Havoc","Flame Barrier"],"picked":"SKIP","floor":18},{"not_picked":["Perfected Strike","Rupture+1"],"picked":"Shrug It Off","floor":19},{"not_picked":["Iron Wave","Havoc"],"picked":"Shockwave","floor":20},{"not_picked":["Battle Trance","Cleave"],"picked":"Inflame+1","floor":28},{"not_picked":["Body Slam","Pommel Strike"],"picked":"Flex","floor":29},{"not_picked":["Headbutt","Feed"],"picked":"Double Tap","floor":30},{"not_picked":["True Grit","Armaments"],"picked":"Sword Boomerang","floor":31}],"player_experience":2079968,"relics_obtained":[{"floor":6,"key":"Akabeko"},{"floor":9,"key":"HornCleat"},{"floor":12,"key":"Toy Ornithopter"},{"floor":17,"key":"Orichalcum"},{"floor":17,"key":"The Courier"},{"floor":17,"key":"Unceasing Top"},{"floor":19,"key":"Red Mask"},{"floor":26,"key":"White Beast Statue"},{"floor":30,"key":"Strawberry"}],"event_choices":[{"damage_healed":0,"gold_gain":0,"player_choice":"Grow","damage_taken":0,"max_hp_gain":0,"max_hp_loss":0,"event_name":"Living Wall","floor":2,"gold_loss":0,"cards_upgraded":["True Grit"]},{"damage_healed":0,"gold_gain":0,"player_choice":"Entered Light","damage_taken":23,"max_hp_gain":0,"max_hp_loss":0,"event_name":"Shining Light","floor":3,"gold_loss":0,"cards_upgraded":["Strike_R","Strike_R"]},{"damage_healed":0,"gold_gain":150,"player_choice":"AGREE","damage_taken":0,"max_hp_gain":0,"max_hp_loss":0,"event_name":"Liars Game","floor":5,"gold_loss":0,"cards_obtained":["Doubt"]},{"damage_healed":0,"gold_gain":0,"player_choice":"Fought Bandits","damage_taken":0,"max_hp_gain":0,"max_hp_loss":0,"event_name":"Masked Bandits","floor":19,"gold_loss":0},{"damage_healed":0,"gold_gain":0,"player_choice":"Stole Relic","damage_taken":0,"relics_obtained":["Peace Pipe"],"max_hp_gain":0,"max_hp_loss":0,"event_name":"Addict","floor":22,"gold_loss":0,"cards_obtained":["Shame"]},{"damage_healed":0,"gold_gain":0,"player_choice":"Ignored","damage_taken":0,"max_hp_gain":0,"max_hp_loss":0,"event_name":"Ghosts","floor":24,"gold_loss":0}],"is_beta":false,"boss_relics":[{"not_picked":["Pandora\u0027s Box","Runic Pyramid"],"picked":"Calling Bell"}],"items_purged_floors":[4,8,21],"is_endless":false,"potions_floor_spawned":[12,16,28,29,30,31],"killed_by":"Automaton","ascension_level":17}}