{"host":"19tvufa8xx4wr4o1","time":1609122195,"event":{"mods":["AchievementEnabler","BaseMod","Better Sensory Stone","Better Third Choice","Highlight Path","Minty Spire (QoL Compilation)","Relic Stats","StSLib"],"gold_per_floor":[118,137,137,150,164,196,214,229,254,254,254,270,298,309,309,413,413,428,438,449,374,390,390,390,421,421,421,421,439,439,453,453,556,556,573,573,573,120,138,164,164,199,199,213,113,113,113,128,128,128],"floor_reached":51,"playtime":2266,"items_purged":["Strike_P+1","Normality"],"score":1301,"play_id":"e8ea6c29-06e6-49ed-8672-31d3ec46b48d","local_time":"20201227202315","is_ascension_mode":true,"campfire_choices":[{"floor":10.0,"key":"REST"},{"floor":15.0,"key":"REST"},{"floor":23.0,"key":"REST"},{"floor":27.0,"key":"REST"},{"floor":32.0,"key":"REST"},{"data":"Ragnarok","floor":41.0,"key":"SMITH"},{"floor":49.0,"key":"REST"}],"circlet_count":0,"master_deck":["AscendersBane","Strike_P+1","Strike_P+1","Strike_P+1","Defend_P+1","Defend_P+1","Eruption+1","Vigilance+1","Wallop+1","Wireheading+1","BowlingBash+1","LessonLearned+1","EmptyFist+1","Halt+1","LikeWater+1","Devotion+1","Nirvana+1","WaveOfTheHand+1","Ragnarok+1","Tantrum+1","DevaForm+1","Wallop+1","MentalFortress+1","FearNoEvil+1","Parasite"],"relics":["Runic Pyramid","Bag of Marbles","Boot","Frozen Egg 2","Sozu","Damaru","Blue Candle","Cursed Key","PreservedInsect","Bronze Scales","Mercury Hourglass","Sundial"],"acts_visited":["Exordium","TheCity","TheBeyond"],"potions_floor_usage":[],"damage_taken":[{"damage":1.0,"enemies":"Cultist","floor":1.0,"turns":3.0},{"damage":1.0,"enemies":"Small Slimes","floor":2.0,"turns":3.0},{"damage":0.0,"enemies":"Jaw Worm","floor":4.0,"turns":4.0},{"damage":24.0,"enemies":"Lots of Slimes","floor":5.0,"turns":5.0},{"damage":14.0,"enemies":"3 Sentries","floor":6.0,"turns":5.0},{"damage":5.0,"enemies":"Gremlin Gang","floor":7.0,"turns":5.0},{"damage":4.0,"enemies":"Exordium Wildlife","floor":8.0,"turns":4.0},{"damage":0.0,"enemies":"2 Fungi Beasts","floor":12.0,"turns":1.0},{"damage":5.0,"enemies":"Lagavulin","floor":13.0,"turns":7.0},{"damage":10.0,"enemies":"Lots of Slimes","floor":14.0,"turns":4.0},{"damage":8.0,"enemies":"The Guardian","floor":16.0,"turns":13.0},{"damage":11.0,"enemies":"3 Byrds","floor":18.0,"turns":4.0},{"damage":4.0,"enemies":"Chosen","floor":19.0,"turns":5.0},{"damage":6.0,"enemies":"Shelled Parasite and Fungi","floor":20.0,"turns":6.0},{"damage":24.0,"enemies":"Snake Plant","floor":22.0,"turns":5.0},{"damage":33.0,"enemies":"Slavers","floor":25.0,"turns":6.0},{"damage":6.0,"enemies":"Centurion and Healer","floor":29.0,"turns":4.0},{"damage":19.0,"enemies":"Snecko","floor":31.0,"turns":5.0},{"damage":0.0,"enemies":"Automaton","floor":33.0,"turns":9.0},{"damage":13.0,"enemies":"3 Darklings","floor":35.0,"turns":4.0},{"damage":0.0,"enemies":"3 Shapes","floor":39.0,"turns":3.0},{"damage":0.0,"enemies":"Giant Head","floor":40.0,"turns":7.0},{"damage":26.0,"enemies":"Reptomancer","floor":42.0,"turns":6.0},{"damage":10.0,"enemies":"Sphere and 2 Shapes","floor":44.0,"turns":3.0},{"damage":9.0,"enemies":"Writhing Mass","floor":48.0,"turns":3.0},{"damage":50,"enemies":"Donu and Deca","floor":50,"turns":9}],"seed_played":"5276247996476142509","potions_obtained":[{"floor":1.0,"key":"GamblersBrew"},{"floor":6.0,"key":"Fruit Juice"},{"floor":8.0,"key":"BlessingOfTheForge"},{"floor":11.0,"key":"StancePotion"},{"floor":11.0,"key":"Weak Potion"},{"floor":14.0,"key":"Explosive Potion"}],"is_trial":false,"path_per_floor":["M","M","?","M","M","E","M","M","T","R","?","M","E","M","R","B",null,"M","M","M","?","M","R","$","E","T","R","?","M","?","M","R","B",null,"M","?","?","$","M","E","R","E","T","M","$","?","?","M","R","B",null],"character_chosen":"WATCHER","items_purchased":["DevaForm+1","Wallop","PreservedInsect"],"campfire_rested":6,"item_purchase_floors":[38,38,38],"current_hp_per_floor":[64,63,63,63,39,30,25,21,21,44,44,44,39,29,52,44,69,58,54,48,48,24,47,47,14,14,37,37,31,56,37,60,60,73,60,60,60,60,60,60,60,34,34,24,24,64,64,55,64,14],"gold":128,"neow_bonus":"BOSS_RELIC","is_daily":false,"chose_seed":false,"campfire_upgraded":1,"win_rate":0.0,"timestamp":1609122195,"path_taken":["M","?","?","M","M","E","?","M","T","R","?","M","E","?","R","BOSS","M","?","M","?","M","R","$","E","T","R","?","?","?","M","R","BOSS","M","?","?","$","M","E","R","E","T","M","$","?","?","?","R","BOSS"],"items_purchased_type":["Card","Card","Relic"],"build_version":"2020-12-22","purchased_purges":2,"victory":true,"max_hp_per_floor":[72,72,72,72,72,77,77,77,77,77,77,77,77,77,77,77,77,77,77,77,77,77,77,77,77,77,77,77,77,77,77,77,77,77,77,73,73,73,73,73,73,73,73,73,73,64,64,64,64,64],"relic_stats":{"Sozu":6,"counters":[26,133],"Sundial":[0],"Blue Candle":[1],"Bronze Scales":[53],"PreservedInsect":190,"Boot":[76],"Cursed Key":1,"obtain_stats":[{"Blue Candle":26,"Damaru":25,"PreservedInsect":38,"Frozen Egg 2":13,"Boot":9,"Cursed Key":34,"Mercury Hourglass":42,"Sozu":17,"Sundial":43,"Bronze Scales":40,"Bag of Marbles":6,"PureWater":0,"Runic Pyramid":0},{"Blue Candle":16,"Damaru":16,"PreservedInsect":20,"Frozen Egg 2":9,"Boot":7,"Cursed Key":19,"Mercury Hourglass":23,"Sozu":11,"Sundial":23,"Bronze Scales":22,"Bag of Marbles":5,"PureWater":0,"Runic Pyramid":0},{"Blue Candle":80,"Damaru":80,"PreservedInsect":102,"Frozen Egg 2":37,"Boot":29,"Cursed Key":98,"Mercury Hourglass":118,"Sozu":54,"Sundial":118,"Bronze Scales":112,"Bag of Marbles":20,"PureWater":0,"Runic Pyramid":0}],"Mercury Hourglass":[47]},"card_choices":[{"not_picked":["Halt","PathToVictory"],"picked":"Wallop","floor":1.0},{"not_picked":["ThirdEye","Perseverance","Prostrate"],"picked":"SKIP","floor":2.0},{"not_picked":["Crescendo","ClearTheMind"],"picked":"Wireheading","floor":4.0},{"not_picked":["Consecrate","Worship"],"picked":"BowlingBash","floor":5.0},{"not_picked":["SashWhip","CrushJoints"],"picked":"LessonLearned","floor":6.0},{"not_picked":["SashWhip","EmptyBody","Adaptation"],"picked":"SKIP","floor":7.0},{"not_picked":["EmptyMind","Consecrate"],"picked":"EmptyFist","floor":8.0},{"not_picked":["Crescendo","ReachHeaven"],"picked":"Halt","floor":12.0},{"not_picked":["ConjureBlade","Halt","PathToVictory"],"picked":"SKIP","floor":13.0},{"not_picked":["Protect","SashWhip"],"picked":"LikeWater+1","floor":14.0},{"not_picked":["Brilliance","DeusExMachina"],"picked":"Devotion+1","floor":16.0},{"not_picked":["WheelKick","Swivel"],"picked":"Nirvana+1","floor":18.0},{"not_picked":["ThirdEye","ReachHeaven+1","Crescendo"],"picked":"SKIP","floor":19.0},{"not_picked":["Crescendo","Swivel","Sanctity"],"picked":"SKIP","floor":20.0},{"not_picked":["Crescendo","Swivel","Sanctity"],"picked":"SKIP","floor":20.0},{"not_picked":["ClearTheMind","Prostrate","Halt"],"picked":"SKIP","floor":22.0},{"not_picked":["Establishment+1","ReachHeaven","EmptyBody"],"picked":"SKIP","floor":25.0},{"not_picked":["Crescendo+1","FollowUp"],"picked":"WaveOfTheHand","floor":29.0},{"not_picked":["EmptyBody","Prostrate","ForeignInfluence"],"picked":"SKIP","floor":31.0},{"not_picked":["Judgement","Establishment+1"],"picked":"Ragnarok","floor":33.0},{"not_picked":["ThirdEye","ClearTheMind"],"picked":"Tantrum","floor":35.0},{"not_picked":["Crescendo","ThirdEye","PathToVictory"],"picked":"SKIP","floor":39.0},{"not_picked":["Scrawl","Evaluate"],"picked":"MentalFortress+1","floor":40.0},{"not_picked":["CarveReality","Nirvana+1","Protect+1"],"picked":"SKIP","floor":42.0},{"not_picked":["Perseverance","Nirvana+1"],"picked":"FearNoEvil","floor":44.0},{"not_picked":["Evaluate","Pray","ClearTheMind"],"picked":"SKIP","floor":48.0}],"player_experience":539312,"relics_obtained":[{"floor":6.0,"key":"Bag of Marbles"},{"floor":9.0,"key":"Boot"},{"floor":13.0,"key":"Frozen Egg 2"},{"floor":25.0,"key":"Damaru"},{"floor":26.0,"key":"Blue Candle"},{"floor":40.0,"key":"Bronze Scales"},{"floor":42.0,"key":"Mercury Hourglass"},{"floor":43.0,"key":"Sundial"}],"event_choices":[{"cards_removed":["Defend_P"],"damage_healed":0.0,"max_hp_gain":0.0,"max_hp_loss":0.0,"gold_gain":0.0,"event_name":"Bonfire Elementals","player_choice":"Offered Basic","floor":3.0,"gold_loss":0.0,"damage_taken":0.0},{"damage_healed":0.0,"max_hp_gain":0.0,"max_hp_loss":0.0,"gold_gain":0.0,"event_name":"Lab","player_choice":"Got Potions","floor":11.0,"gold_loss":0.0,"damage_taken":0.0},{"cards_removed":["Defend_P"],"damage_healed":0.0,"max_hp_gain":0.0,"max_hp_loss":0.0,"gold_gain":0.0,"event_name":"Beggar","player_choice":"Gave Gold","floor":21.0,"gold_loss":75.0,"damage_taken":0.0},{"damage_healed":0.0,"max_hp_gain":0.0,"max_hp_loss":0.0,"gold_gain":0.0,"event_name":"Accursed Blacksmith","player_choice":"Forge","floor":28.0,"gold_loss":0.0,"damage_taken":0.0,"cards_upgraded":["EmptyFist"]},{"damage_healed":25.0,"max_hp_gain":0.0,"max_hp_loss":0.0,"gold_gain":0.0,"event_name":"The Library","player_choice":"Heal","floor":30.0,"gold_loss":0.0,"damage_taken":0.0},{"damage_healed":0.0,"max_hp_gain":0.0,"max_hp_loss":4.0,"gold_gain":0.0,"event_name":"Winding Halls","player_choice":"Max HP","floor":36.0,"gold_loss":0.0,"damage_taken":0.0},{"damage_healed":0.0,"max_hp_gain":0.0,"max_hp_loss":0.0,"gold_gain":0.0,"event_name":"Mysterious Sphere","player_choice":"Ignored","floor":37.0,"gold_loss":0.0,"damage_taken":0.0},{"damage_healed":64.0,"max_hp_gain":0.0,"max_hp_loss":9.0,"gold_gain":0.0,"event_name":"The Moai Head","player_choice":"Heal","floor":46.0,"gold_loss":0.0,"damage_taken":0.0},{"damage_healed":0.0,"max_hp_gain":0.0,"max_hp_loss":0.0,"gold_gain":0.0,"event_name":"Wheel of Change","player_choice":"Full Heal","floor":47.0,"gold_loss":0.0,"damage_taken":0.0}],"is_beta":false,"boss_relics":[{"not_picked":["Empty Cage","Pandora\u0027s Box"],"picked":"Sozu"},{"not_picked":["Velvet Choker","Black Star"],"picked":"Cursed Key"}],"items_purged_floors":[38,45],"is_endless":false,"potions_floor_spawned":[1,6,8,14,20,31,33,35,42,48],"ascension_level":12}}