{"host":"h5acbxt0wmjo1kpm","time":1609135851,"event":{"mods":["2.2 Compatiblity","Act Like it!","AlwaysNeverKeys","Aspiration","Bartender","BaseMod","Better Third Choice","Colored Map","Elementarium","Gensokyo","GifTheSpireLib","Hallownest","Marisa????????","Minty Spire (QoL Compilation)","Permanent Neow","Potionbrewer","Relic Filter","Replay The Spire","Robot Space Explorer","RumiaBox-????????","Shade Mod","Spicy Shops","StSLib","Strawberry Spire","The Blackbeard","The Dragon Tamer","The Forsaken","The Gatherer","The Problem Sleuth","The Servant 0.9.4","Wandering Minibosses","vexMod"],"gold_per_floor":[113,133,133,148,166,191,191,203,203,43,57,57,68,85,85,160,160,170,170,185,185,199,231,231,231,231,231,231],"floor_reached":27,"playtime":1796,"items_purged":[],"score":392,"play_id":"8186cdd0-ac9f-4ff2-ab99-abaa1cc67146","local_time":"20201227221051","is_ascension_mode":true,"campfire_choices":[{"data":"Zap","floor":7.0,"key":"SMITH"},{"data":"strawberrySpire:Compressor","floor":24,"key":"SMITH"},{"floor":25,"key":"REST"}],"circlet_count":0,"master_deck":["AscendersBane","Strike_B","Strike_B","Strike_B","Strike_B","Defend_B","Defend_B","Defend_B","Defend_B","Zap+1","Sweeping Beam","Cold Snap","strawberrySpire:NeonFlight","Compile Driver","Necronomicurse","strawberrySpire:BlasterWyrm","Conserve Battery","Seek","strawberrySpire:Compressor+1","Ball Lightning+1","Compile Driver","ReplayTheSpireMod:System Scan"],"relics":["Cracked Core","aspiration:Nostalgia","Gatherer:AlchemyBag","Letter Opener","WingedGreaves","Necronomicon","Gensokyo:Justice","Ring of Chaos","Shovel","Durian"],"acts_visited":["Gensokyo:Gensokyo","Elementarium:Elementarium"],"potions_floor_usage":[23],"damage_taken":[{"damage":2.0,"enemies":"Gensokyo:Python","floor":1.0,"turns":3.0},{"damage":0.0,"enemies":"Gensokyo:3_Fairies","floor":2.0,"turns":3.0},{"damage":1.0,"enemies":"Gensokyo:2_Kodama","floor":4.0,"turns":5.0},{"damage":22.0,"enemies":"Gensokyo:Gryphon_and_Rabbit","floor":5.0,"turns":6.0},{"damage":18.0,"enemies":"Gensokyo:Mamizou","floor":6.0,"turns":9.0},{"damage":5.0,"enemies":"Gensokyo:Python_and_Kodama","floor":8.0,"turns":6.0},{"damage":0.0,"enemies":"Gensokyo:VengefulSpirit","floor":11.0,"turns":3.0},{"damage":0.0,"enemies":"Gensokyo:LivingMonolith","floor":13.0,"turns":3.0},{"damage":0.0,"enemies":"Gensokyo:2_Rabbits","floor":14.0,"turns":3.0},{"damage":7.0,"enemies":"Gensokyo:Kokoro","floor":16.0,"turns":15.0},{"damage":7.0,"enemies":"Elementarium:2_ELEMENTALS","floor":18.0,"turns":3.0},{"damage":18.0,"enemies":"Elementarium:VoidCorruption","floor":20.0,"turns":7.0},{"damage":0.0,"enemies":"Elementarium:3_ELEMENTALS","floor":22.0,"turns":4.0},{"damage":29,"enemies":"Elementarium:FIRE_NOBILITY","floor":23,"turns":7},{"damage":44,"enemies":"Elementarium:ElementalPortal","floor":27,"turns":4}],"seed_played":"6850348255434721457","potions_obtained":[{"floor":1.0,"key":"potionbrewer:NoxiousPotion"},{"floor":4.0,"key":"Milkshake"},{"floor":16.0,"key":"AttackPotion"},{"floor":18.0,"key":"potionbrewer:BoundlessPotion"}],"is_trial":false,"path_per_floor":["M","M","?","M","M","E","R","M","T","?","M","$","M","M","R_BF","B",null,"M","$","M","?","M","E","R","R","T","E"],"character_chosen":"DEFECT","items_purchased":[],"campfire_rested":1,"item_purchase_floors":[],"current_hp_per_floor":[62,62,69,68,46,28,28,23,23,23,23,23,23,23,23,16,63,56,56,38,38,38,9,9,32,37,0,0],"gold":231,"neow_bonus":"NOSTALGIA","is_daily":false,"chose_seed":false,"campfire_upgraded":2,"win_rate":0.0,"timestamp":1609135851,"path_taken":["M","M","?","M","M","E","R","M","T","?","M","$","?","M","R_BF","BOSS","M","$","M","?","M","E","R","R","T","E"],"items_purchased_type":[],"build_version":"2020-12-22","purchased_purges":0,"victory":false,"max_hp_per_floor":[71,71,78,78,78,78,78,78,78,78,78,78,78,78,78,78,78,78,78,78,78,78,78,78,78,83,83,83],"card_choices":[{"not_picked":["Scrape","Leap","strawberrySpire:Disconnect"],"picked":"SKIP","floor":1.0},{"not_picked":["Barrage","Compile Driver"],"picked":"Sweeping Beam","floor":2.0},{"not_picked":["ReplayGash","Beam Cell","BasicCrystalCard"],"picked":"SKIP","floor":4.0},{"not_picked":["FTL","strawberrySpire:Disconnect"],"picked":"Cold Snap","floor":5.0},{"not_picked":["Cold Snap","strawberrySpire:Refactor"],"picked":"strawberrySpire:NeonFlight","floor":6.0},{"not_picked":["Gash","Go for the Eyes"],"picked":"Compile Driver","floor":8.0},{"not_picked":["Coolheaded","Redo"],"picked":"strawberrySpire:BlasterWyrm","floor":11.0},{"not_picked":["Static Discharge","ReplayTheSpireMod:GoodbyeWorld","Storm"],"picked":"SKIP","floor":13.0},{"not_picked":["Rebound","Stack"],"picked":"Conserve Battery","floor":14.0},{"not_picked":["Buffer","Reboot"],"picked":"Seek","floor":16.0},{"not_picked":["strawberrySpire:DataDump","strawberrySpire:Disconnect"],"picked":"strawberrySpire:Compressor","floor":18.0},{"not_picked":["Turbo","Streamline"],"picked":"Ball Lightning+1","floor":20.0},{"not_picked":["ReplayTheSpireMod:Calculation Training","strawberrySpire:NeonFlight"],"picked":"Compile Driver","floor":22.0},{"not_picked":["Storm","Turbo"],"picked":"ReplayTheSpireMod:System Scan","floor":23}],"player_experience":1963332,"relics_obtained":[{"floor":6.0,"key":"Letter Opener"},{"floor":9.0,"key":"WingedGreaves"},{"floor":23,"key":"Shovel"},{"floor":26,"key":"Durian"}],"event_choices":[],"is_beta":false,"boss_relics":[{"not_picked":["strawberrySpire:SolarisEssence","Snecko Heart"],"picked":"Ring of Chaos"}],"items_purged_floors":[],"is_endless":false,"potions_floor_spawned":[1,4,6,13,16,18],"killed_by":"Elementarium:ElementalPortal","ascension_level":15}}