{"host":"pasuo0d4pcp4ckc0","time":1609152559,"event":{"mods":["AchievementEnabler","BaseMod","Colored Powertips","Highlight Path","Minty Spire (QoL Compilation)","Permanent Neow","Quick Restart","Relic Stats","Slay-I","StSLib"],"gold_per_floor":[119,132,132,152,168,168,186,244,271,271,287,287,298,324,324,420,420,440,460,151,162,182,216,216,216,216],"floor_reached":25,"playtime":1288,"items_purged":["Defend_B"],"score":238,"play_id":"a67072b5-c6aa-4582-b4fb-141cb4d7b2cf","local_time":"20201228024919","is_ascension_mode":true,"campfire_choices":[{"data":"Sunder","floor":6,"key":"SMITH"},{"data":"Self Repair","floor":10,"key":"SMITH"},{"data":"Zap","floor":12,"key":"SMITH"},{"data":"Dualcast","floor":15,"key":"SMITH"},{"floor":24,"key":"REST"}],"circlet_count":0,"master_deck":["Strike_B","Strike_B","Strike_B","Strike_B","Defend_B","Defend_B","Defend_B","Zap+1","Dualcast+1","Sunder+1","Leap","Ball Lightning","Leap","Cold Snap","Self Repair+1","Cold Snap","Core Surge","Echo Form"],"relics":["Philosopher\u0027s Stone","Ancient Tea Set","Smiling Mask","Tiny Chest","Pocketwatch","Snecko Eye","Mercury Hourglass","StrikeDummy"],"acts_visited":["Exordium","TheCity"],"potions_floor_usage":[8,16,18,21,22,22,23,25],"damage_taken":[{"damage":0,"enemies":"Small Slimes","floor":1,"turns":3},{"damage":2,"enemies":"Jaw Worm","floor":2,"turns":2},{"damage":0,"enemies":"2 Louse","floor":4,"turns":2},{"damage":0,"enemies":"2 Fungi Beasts","floor":5,"turns":2},{"damage":0,"enemies":"3 Louse","floor":7,"turns":3},{"damage":0,"enemies":"3 Sentries","floor":8,"turns":6},{"damage":0,"enemies":"Large Slime","floor":11,"turns":3},{"damage":4,"enemies":"Exordium Thugs","floor":13,"turns":4},{"damage":19,"enemies":"Lagavulin","floor":14,"turns":6},{"damage":26,"enemies":"Hexaghost","floor":16,"turns":9},{"damage":24,"enemies":"3 Byrds","floor":18,"turns":5},{"damage":0,"enemies":"2 Thieves","floor":19,"turns":3},{"damage":20,"enemies":"Snake Plant","floor":21,"turns":3},{"damage":17,"enemies":"Shelled Parasite and Fungi","floor":22,"turns":3},{"damage":22,"enemies":"Gremlin Leader","floor":23,"turns":6},{"damage":69,"enemies":"Book of Stabbing","floor":25,"turns":5}],"seed_played":"3216653187254637414","potions_obtained":[{"floor":1,"key":"Regen Potion"},{"floor":4,"key":"EntropicBrew"},{"floor":7,"key":"SkillPotion"},{"floor":8,"key":"BlessingOfTheForge"},{"floor":18,"key":"EssenceOfDarkness"},{"floor":22,"key":"Ancient Potion"}],"is_trial":false,"path_per_floor":["M","M","?","M","M","R","M","?","T","R","M","R","M","E","R","B",null,"M","M","$","M","M","E","R","E"],"character_chosen":"DEFECT","items_purchased":["Mercury Hourglass"],"campfire_rested":1,"item_purchase_floors":[20],"current_hp_per_floor":[75,73,66,66,66,66,66,66,66,66,75,75,75,66,66,50,75,73,73,73,63,56,44,66,0,0],"gold":216,"neow_bonus":"BOSS_RELIC","is_daily":false,"chose_seed":false,"campfire_upgraded":4,"win_rate":0.0,"timestamp":1609152559,"path_taken":["M","M","?","M","M","R","M","?","T","R","M","R","M","E","R","BOSS","M","M","$","M","M","E","R","E"],"items_purchased_type":["Relic"],"build_version":"2020-12-22","purchased_purges":1,"victory":false,"max_hp_per_floor":[75,75,75,75,75,75,75,75,75,75,75,75,75,75,75,75,75,75,75,75,75,75,75,75,75,75],"relic_stats":{"counters":[16,65],"Snecko Eye":[49,45,44,45],"Tiny Chest":0,"Smiling Mask":25,"obtain_stats":[{"Snecko Eye":17,"Philosopher\u0027s Stone":0,"Tiny Chest":9,"Cracked Core":0,"Ancient Tea Set":3,"Smiling Mask":8,"StrikeDummy":23,"Pocketwatch":14,"Mercury Hourglass":20},{"Snecko Eye":10,"Philosopher\u0027s Stone":0,"Tiny Chest":6,"Cracked Core":0,"Ancient Tea Set":2,"Smiling Mask":5,"StrikeDummy":15,"Pocketwatch":9,"Mercury Hourglass":12},{"Snecko Eye":40,"Philosopher\u0027s Stone":0,"Tiny Chest":18,"Cracked Core":0,"Ancient Tea Set":5,"Smiling Mask":12,"StrikeDummy":60,"Pocketwatch":31,"Mercury Hourglass":48}],"Pocketwatch":[18],"Mercury Hourglass":[70]},"card_choices":[{"not_picked":["Loop","Streamline"],"picked":"Sunder","floor":1},{"not_picked":["Streamline","Stack"],"picked":"Leap","floor":2},{"not_picked":["Aggregate","Steam"],"picked":"Ball Lightning","floor":4},{"not_picked":["Defragment","Sweeping Beam"],"picked":"Leap","floor":5},{"not_picked":["Glacier","Static Discharge"],"picked":"Cold Snap","floor":7},{"not_picked":["Stack","Multi-Cast"],"picked":"Self Repair","floor":8},{"not_picked":["Beam Cell","Melter"],"picked":"Cold Snap","floor":11},{"not_picked":["Sweeping Beam","Chill","Reinforced Body"],"picked":"SKIP","floor":13},{"not_picked":["Turbo","Doom and Gloom","Coolheaded"],"picked":"SKIP","floor":14},{"not_picked":["Thunder Strike","Electrodynamics"],"picked":"Core Surge","floor":16},{"not_picked":["Undo","Blizzard+1","Rebound+1"],"picked":"SKIP","floor":18},{"not_picked":["Beam Cell","Gash+1","Steam+1"],"picked":"SKIP","floor":19},{"not_picked":["Beam Cell","Cold Snap","Consume"],"picked":"SKIP","floor":21},{"not_picked":["Rebound","Cold Snap"],"picked":"Echo Form","floor":22},{"not_picked":["Static Discharge","Machine Learning","Gash"],"picked":"SKIP","floor":23}],"player_experience":324017,"relics_obtained":[{"floor":9,"key":"Tiny Chest"},{"floor":14,"key":"Pocketwatch"},{"floor":23,"key":"StrikeDummy"}],"event_choices":[{"damage_healed":0,"gold_gain":0,"player_choice":"Success","damage_taken":7,"relics_obtained":["Ancient Tea Set"],"max_hp_gain":0,"max_hp_loss":0,"event_name":"Scrap Ooze","floor":3,"gold_loss":0},{"damage_healed":0,"gold_gain":0,"player_choice":"Searched \u00273\u0027 times","damage_taken":0,"relics_obtained":["Smiling Mask"],"max_hp_gain":0,"max_hp_loss":0,"event_name":"Dead Adventurer","floor":8,"gold_loss":0}],"is_beta":false,"boss_relics":[{"not_picked":["Coffee Dripper","SlaversCollar"],"picked":"Snecko Eye"}],"items_purged_floors":[20],"is_endless":false,"potions_floor_spawned":[1,4,7,8,11,13,18,22],"killed_by":"Book of Stabbing","ascension_level":1}}