{"host":"b4asi0laiv85suj9","time":1609126525,"event":{"mods":["ATMod(°¢èªMod)","BaseMod","Minty Spire (QoL Compilation)","MostiFishMod","Relic Stats","StSLib","TestMod","noobMod"],"gold_per_floor":[119,132,152,77,227,257,257,288,313,348,348,26,60,80,80,158,158,175,194,205,221,121,158,128,160,160,193,239,239,262,281,281,358,358,386,175,197,243,256,294,294,294,320,354,354,388,415,441,441,442,442,442,33,70,76],"floor_reached":56,"playtime":2146,"items_purged":["Strike_P","Defend_P","Strike_P","Defend_P"],"score":3186,"play_id":"9aea6c7e-e7a1-4e63-80b7-9e000c198c44","local_time":"20201228113525","is_ascension_mode":true,"campfire_choices":[{"data":"Eruption","floor":7.0,"key":"SMITH"},{"data":"MostiFishMod:FlowState","floor":15,"key":"SMITH"},{"data":"MostiFishMod:PathToVictory","floor":32,"key":"SMITH"},{"floor":41,"key":"RECALL"},{"data":"AT_RealColorLess","floor":45,"key":"SMITH"},{"data":"TalkToTheHand","floor":49,"key":"SMITH"},{"data":"Evaluate","floor":52,"key":"SMITH"}],"circlet_count":0,"master_deck":["AscendersBane","Strike_P","Strike_P+1","Defend_P","Defend_P","Eruption+1","Vigilance","Regret","Clumsy","Normality","AT_KingSlayer+1","AT_DivineConfetti+1","BowlingBash+1","MostiFishMod:Speedup+1","Doubt","FlurryOfBlows","AT_RealColorLess+1","EmptyMind+1","MostiFishMod:Minus","Crescendo","MostiFishMod:FlowState+1","LessonLearned+1","Wallop+1","ClearTheMind","AT_ChampionKick+1","MostiFishMod:PathToVictory+1","Evaluate+1","Vault+1","MentalFortress+1","MostiFishMod:Pointsdynamics+1","TalkToTheHand+1","Sanctity+1","FearNoEvil+1","Protect+1","MostiFishMod:BrokenBlackCloak+1","MostiFishMod:OutWit+1"],"relics":["testmod-TestBox","DaveBox","ice","AT_ATBox","testmod-Prudence","testmod-Laevatain","ShadowXiaoBlade","SynthV:TestCard","Potion Belt","Happy Flower","testmod-Acrobat","BrkXgEgg","Tiny Chest","Lizard Tail","Juzu Bracelet","testmod-Justice","testmod-AssaultLearning","Art of War","Orichalcum","AT_BellDemon","Thread and Needle","Dream Catcher","VioletLotus","Smiling Mask","Lantern","TungstenRod","Gambling Chip","Mercury Hourglass","Anchor","Ornamental Fan","Eternal Feather","testmod-OneHitWonder","Whetstone","Regal Pillow","CeramicFish","AT_ArchangelStaff","FossilizedHelix","Centennial Puzzle","Boot","AT_SilvercatRing"],"acts_visited":["Exordium","TheCity","TheBeyond","TheEnding"],"potions_floor_usage":[18,23,31,37,39,47],"damage_taken":[{"damage":0.0,"enemies":"Cultist","floor":1.0,"turns":3.0},{"damage":9.0,"enemies":"2 Louse","floor":2.0,"turns":4.0},{"damage":0.0,"enemies":"Small Slimes","floor":3.0,"turns":2.0},{"damage":5.0,"enemies":"3 Sentries","floor":6.0,"turns":3.0},{"damage":0.0,"enemies":"Gremlin Nob","floor":8.0,"turns":2.0},{"damage":0.0,"enemies":"Lagavulin","floor":10.0,"turns":1.0},{"damage":0,"enemies":"Gremlin Nob","floor":13,"turns":2},{"damage":9,"enemies":"Red Slaver","floor":14,"turns":3},{"damage":0,"enemies":"Slime Boss","floor":16,"turns":3},{"damage":0,"enemies":"Shell Parasite","floor":18,"turns":2},{"damage":0,"enemies":"Chosen","floor":19,"turns":1},{"damage":0,"enemies":"Snecko","floor":20,"turns":1},{"damage":4,"enemies":"Centurion and Healer","floor":21,"turns":3},{"damage":35,"enemies":"Book of Stabbing","floor":23,"turns":4},{"damage":15,"enemies":"Gremlin Leader","floor":25,"turns":3},{"damage":20,"enemies":"Slavers","floor":27,"turns":3},{"damage":28,"enemies":"3 Cultists","floor":31,"turns":4},{"damage":0,"enemies":"Collector","floor":33,"turns":1},{"damage":28,"enemies":"3 Darklings","floor":35,"turns":4},{"damage":28,"enemies":"3 Shapes","floor":37,"turns":5},{"damage":0,"enemies":"2 Orb Walkers","floor":38,"turns":2},{"damage":0,"enemies":"Writhing Mass","floor":39,"turns":1},{"damage":0,"enemies":"Reptomancer","floor":40,"turns":3},{"damage":0,"enemies":"Nemesis","floor":44,"turns":1},{"damage":0,"enemies":"Reptomancer","floor":46,"turns":1},{"damage":0,"enemies":"3 Darklings","floor":47,"turns":3},{"damage":0,"enemies":"Transient","floor":48,"turns":2},{"damage":0,"enemies":"Time Eater","floor":50,"turns":1},{"damage":0,"enemies":"Shield and Spear","floor":54,"turns":1},{"damage":0,"enemies":"The Heart","floor":55,"turns":2}],"seed_played":"4170240226762159767","potions_obtained":[{"floor":2.0,"key":"SkillPotion"},{"floor":3.0,"key":"BlessingOfTheForge"},{"floor":8.0,"key":"DuplicationPotion"},{"floor":13,"key":"Ambrosia"},{"floor":14,"key":"LiquidBronze"},{"floor":16,"key":"testmod-TimePotion"},{"floor":21,"key":"PowerPotion"},{"floor":23,"key":"testmod-SpacePotion"},{"floor":24,"key":"AttackPotion"},{"floor":24,"key":"Energy Potion"},{"floor":27,"key":"LiquidMemories"},{"floor":31,"key":"Dexterity Potion"},{"floor":39,"key":"Swift Potion"},{"floor":47,"key":"testmod-SpacePotion"},{"floor":48,"key":"Swift Potion"},{"floor":54,"key":"BottledMiracle"}],"is_trial":false,"path_per_floor":["M","M","M","$","?","E","R","E","T","E","?","$","E","M","R","B",null,"M","M","M","M","$","E","?","E","T","E","T","?","T","M","R","B",null,"M","$","M","?","M","E","R","?","T","E","R","E","M","M","R","B",null,"R","$","E","B",null],"character_chosen":"WATCHER","items_purchased":["BrkXgEgg","Tiny Chest","Lantern","Centennial Puzzle","MostiFishMod:BrokenBlackCloak+1"],"campfire_rested":0,"item_purchase_floors":[12,12,36,53,53],"current_hp_per_floor":[61,52,52,52,52,47,47,47,47,47,47,47,47,38,38,38,61,61,61,61,57,57,22,22,68,68,48,48,48,48,20,20,20,61,33,33,5,5,5,79,79,75,75,75,75,75,75,75,76,76,76,76,76,76,76],"gold":76,"neow_bonus":"BOSS_RELIC","is_daily":false,"chose_seed":false,"campfire_upgraded":6,"win_rate":0.0,"timestamp":1609126525,"path_taken":["M","?","M","$","?","E","R","E","T","E","?","$","E","M","R","BOSS","M","M","M","M","$","E","?","E","T","E","?","?","?","M","R","BOSS","M","$","M","?","M","E","R","?","T","E","R","E","M","M","R","BOSS","R","$","E","BOSS"],"items_purchased_type":["Relic","Relic","Relic","Relic","Card"],"build_version":"2020-12-22","purchased_purges":4,"victory":true,"max_hp_per_floor":[68,68,68,68,68,68,68,68,68,68,68,68,68,68,68,68,68,68,68,68,68,68,68,68,68,68,72,72,72,72,75,75,75,75,77,77,79,79,79,79,79,75,75,75,75,75,76,76,76,76,76,76,76,76,86],"relic_stats":{"Regal Pillow":0,"Happy Flower":[19],"counters":[30,71],"CeramicFish":36,"Eternal Feather":1,"Juzu Bracelet":1,"Whetstone":["Wallop","AT_KingSlayer"],"Orichalcum":[24],"Smiling Mask":175,"Boot":[0],"Mercury Hourglass":[69],"Lizard Tail":0,"Dream Catcher":0,"Centennial Puzzle":[0],"Ornamental Fan":[8],"Gambling Chip":[31],"Tiny Chest":1,"VioletLotus":[2],"Art of War":[4],"obtain_stats":[{"AT_BellDemon":30,"Lantern":36,"Regal Pillow":46,"AT_ATBox":0,"DaveBox":0,"CeramicFish":46,"ice":0,"Juzu Bracelet":23,"Whetstone":44,"Smiling Mask":35,"AT_ArchangelStaff":47,"Boot":54,"Lizard Tail":13,"Dream Catcher":33,"Centennial Puzzle":53,"testmod-Prudence":0,"testmod-Laevatain":0,"Gambling Chip":38,"Tiny Chest":12,"VioletLotus":34,"Potion Belt":6,"testmod-TestBox":0,"Happy Flower":8,"ShadowXiaoBlade":0,"Thread and Needle":31,"Eternal Feather":40,"BrkXgEgg":12,"testmod-Justice":25,"Orichalcum":28,"AT_SilvercatRing":54,"Mercury Hourglass":38,"Anchor":39,"SynthV:TestCard":1,"Ornamental Fan":40,"testmod-Acrobat":10,"testmod-AssaultLearning":26,"Art of War":27,"PureWater":0,"TungstenRod":37,"testmod-OneHitWonder":43,"FossilizedHelix":48},{"AT_BellDemon":16,"Lantern":19,"Regal Pillow":25,"AT_ATBox":0,"DaveBox":0,"CeramicFish":25,"ice":0,"Juzu Bracelet":14,"Whetstone":24,"Smiling Mask":19,"AT_ArchangelStaff":26,"Boot":29,"Lizard Tail":7,"Dream Catcher":18,"Centennial Puzzle":28,"testmod-Prudence":0,"testmod-Laevatain":0,"Gambling Chip":21,"Tiny Chest":6,"VioletLotus":18,"Potion Belt":4,"testmod-TestBox":0,"Happy Flower":5,"ShadowXiaoBlade":0,"Thread and Needle":17,"Eternal Feather":23,"BrkXgEgg":6,"testmod-Justice":15,"Orichalcum":16,"AT_SilvercatRing":29,"Mercury Hourglass":21,"Anchor":22,"SynthV:TestCard":1,"Ornamental Fan":23,"testmod-Acrobat":6,"testmod-AssaultLearning":15,"Art of War":16,"PureWater":0,"TungstenRod":20,"testmod-OneHitWonder":23,"FossilizedHelix":27},{"AT_BellDemon":40,"Lantern":49,"Regal Pillow":62,"AT_ATBox":0,"DaveBox":0,"CeramicFish":62,"ice":0,"Juzu Bracelet":34,"Whetstone":61,"Smiling Mask":49,"AT_ArchangelStaff":65,"Boot":69,"Lizard Tail":17,"Dream Catcher":45,"Centennial Puzzle":68,"testmod-Prudence":0,"testmod-Laevatain":0,"Gambling Chip":56,"Tiny Chest":15,"VioletLotus":45,"Potion Belt":12,"testmod-TestBox":0,"Happy Flower":14,"ShadowXiaoBlade":0,"Thread and Needle":44,"Eternal Feather":60,"BrkXgEgg":15,"testmod-Justice":37,"Orichalcum":40,"AT_SilvercatRing":69,"Mercury Hourglass":56,"Anchor":57,"SynthV:TestCard":3,"Ornamental Fan":60,"testmod-Acrobat":15,"testmod-AssaultLearning":37,"Art of War":40,"PureWater":0,"TungstenRod":54,"testmod-OneHitWonder":60,"FossilizedHelix":67}],"TungstenRod":0},"card_choices":[{"not_picked":["AT_OneInchPunch","MentalFortress"],"picked":"AT_DivineConfetti","floor":1.0},{"not_picked":["CutThroughFate","SandsOfTime","EmptyFist","PathToVictory"],"picked":"BowlingBash","floor":2.0},{"not_picked":["Conclude","PathToVictory","ReachHeaven","CrushJoints"],"picked":"MostiFishMod:Speedup","floor":3.0},{"not_picked":["LikeWater","FollowUp","MostiFishMod:Nomercy","EmptyFist","WindmillStrike"],"picked":"SKIP","floor":6.0},{"not_picked":["ClearTheMind","Study","FlyingSleeves","MentalFortress"],"picked":"FlurryOfBlows","floor":8.0},{"not_picked":["Study","EmptyFist","MostiFishMod:LegendTransform","Nirvana"],"picked":"AT_RealColorLess","floor":10.0},{"not_picked":["MentalFortress","Weave","BowlingBash","Evaluate"],"picked":"Crescendo","floor":13},{"not_picked":["BowlingBash","AT_ChampionStep","EmptyBody","LikeWater","MostiFishMod:FlowState"],"picked":"SKIP","floor":14},{"not_picked":["BowlingBash","AT_ChampionStep","EmptyBody","LikeWater"],"picked":"MostiFishMod:FlowState","floor":14},{"not_picked":["Ragnarok+1","Vault+1","MasterReality+1","AT_ChampionKick+1"],"picked":"LessonLearned+1","floor":16},{"not_picked":["FlurryOfBlows","ThirdEye","AT_RealFormLess","Crescendo"],"picked":"Wallop","floor":18},{"not_picked":["Halt","Nirvana","Collect","AT_OneInchPunch"],"picked":"ClearTheMind","floor":19},{"not_picked":["EmptyBody+1","Perseverance+1","Evaluate","SashWhip","Judgement+1"],"picked":"SKIP","floor":20},{"not_picked":["MostiFishMod:FlowState","Meditate","EmptyBody","CrushJoints","FollowUp+1"],"picked":"SKIP","floor":21},{"not_picked":["FollowUp","SashWhip+1","EmptyFist","LikeWater"],"picked":"AT_ChampionKick+1","floor":23},{"not_picked":["ForeignInfluence","EmptyBody","Protect","LikeWater"],"picked":"MostiFishMod:PathToVictory","floor":25},{"not_picked":["WreathOfFlame","Prostrate","FlyingSleeves","PathToVictory","LessonLearned+1"],"picked":"SKIP","floor":27},{"not_picked":["SashWhip","Evaluate","MostiFishMod:PathToVictory","Crescendo","FlurryOfBlows"],"picked":"SKIP","floor":31},{"not_picked":["AT_RealColorLess+1","ConjureBlade+1","MostiFishMod:StarOceanP+1","AT_ChampionKick+1"],"picked":"Vault+1","floor":33},{"not_picked":["Vengeance","DeceiveReality+1","WheelKick","CutThroughFate+1"],"picked":"MentalFortress","floor":35},{"not_picked":["ClearTheMind","ReachHeaven","CrushJoints","BowlingBash+1","Evaluate"],"picked":"SKIP","floor":37},{"not_picked":["Indignation","CrushJoints+1","PathToVictory","Crescendo"],"picked":"MostiFishMod:Pointsdynamics+1","floor":38},{"not_picked":["Consecrate","SashWhip","CutThroughFate","MostiFishMod:Clarity"],"picked":"TalkToTheHand","floor":39},{"not_picked":["ConjureBlade+1","FlyingSleeves+1","MostiFishMod:PathToVictory","DeceiveReality+1","Nirvana"],"picked":"SKIP","floor":40},{"not_picked":["FollowUp+1","Halt","FlurryOfBlows","MostiFishMod:Speedup"],"picked":"Sanctity","floor":44},{"not_picked":["Worship","Wallop","LikeWater+1","Vengeance","AT_DivineConfetti"],"picked":"SKIP","floor":46},{"not_picked":["Study","Weave","Evaluate","Crescendo"],"picked":"FearNoEvil+1","floor":47},{"not_picked":["Halt","BowlingBash+1","SashWhip","MostiFishMod:Pointsdynamics+1"],"picked":"Protect+1","floor":48},{"not_picked":["Perseverance+1","FlyingSleeves","SashWhip+1","EmptyFist"],"picked":"MostiFishMod:OutWit+1","floor":54}],"player_experience":251687,"relics_obtained":[{"floor":1.0,"key":"SynthV:TestCard"},{"floor":6.0,"key":"Potion Belt"},{"floor":8.0,"key":"Happy Flower"},{"floor":10.0,"key":"testmod-Acrobat"},{"floor":13,"key":"Lizard Tail"},{"floor":23,"key":"Juzu Bracelet"},{"floor":25,"key":"testmod-Justice"},{"floor":26,"key":"testmod-AssaultLearning"},{"floor":27,"key":"Art of War"},{"floor":28,"key":"Orichalcum"},{"floor":30,"key":"AT_BellDemon"},{"floor":31,"key":"Thread and Needle"},{"floor":33,"key":"Dream Catcher"},{"floor":35,"key":"Smiling Mask"},{"floor":37,"key":"TungstenRod"},{"floor":38,"key":"Gambling Chip"},{"floor":38,"key":"Mercury Hourglass"},{"floor":39,"key":"Anchor"},{"floor":40,"key":"Ornamental Fan"},{"floor":40,"key":"Eternal Feather"},{"floor":43,"key":"testmod-OneHitWonder"},{"floor":44,"key":"Whetstone"},{"floor":46,"key":"Regal Pillow"},{"floor":46,"key":"CeramicFish"},{"floor":47,"key":"AT_ArchangelStaff"},{"floor":48,"key":"FossilizedHelix"},{"floor":54,"key":"Boot"},{"floor":54,"key":"AT_SilvercatRing"}],"event_choices":[{"damage_healed":0.0,"max_hp_gain":0.0,"max_hp_loss":0.0,"gold_gain":150.0,"event_name":"Liars Game","player_choice":"AGREE","floor":5.0,"gold_loss":0.0,"damage_taken":0.0,"cards_obtained":["Doubt"]},{"damage_healed":0,"gold_gain":0,"player_choice":"2 cards matched","damage_taken":0,"max_hp_gain":0,"max_hp_loss":0,"event_name":"Match and Keep!","floor":11,"gold_loss":0,"cards_obtained":["EmptyMind","MostiFishMod:Minus"]},{"damage_healed":0,"gold_gain":0,"player_choice":"Bought 2 Potions","damage_taken":0,"max_hp_gain":0,"max_hp_loss":0,"event_name":"The Woman in Blue","floor":24,"gold_loss":0},{"damage_healed":0,"gold_gain":0,"player_choice":"Read","damage_taken":0,"max_hp_gain":0,"max_hp_loss":0,"event_name":"The Library","floor":29,"gold_loss":0,"cards_obtained":["Evaluate"]},{"damage_healed":0,"gold_gain":0,"player_choice":"Fight","damage_taken":0,"max_hp_gain":0,"max_hp_loss":0,"event_name":"Mysterious Sphere","floor":38,"gold_loss":0},{"damage_healed":0,"gold_gain":0,"player_choice":"Max HP","damage_taken":0,"max_hp_gain":0,"max_hp_loss":4,"event_name":"Winding Halls","floor":42,"gold_loss":0}],"is_beta":false,"boss_relics":[{"not_picked":["Snecko Eye","FixedStarFall","testmod-DreamHouse"]},{"not_picked":["testmod-BatchProcessingSystem","Velvet Choker"],"picked":"VioletLotus"}],"items_purged_floors":[4,22,36,53],"is_endless":false,"potions_floor_spawned":[2,3,8,13,14,16,21,23,27,31,39,47,48,54],"ascension_level":17}}