{"host":"cwd5s03r1oaxs6mx","time":1609165791,"event":{"mods":["Act Like it!","BaseMod","Better Third Choice","BetterRewards","CapriCore","Card Filter","Colored Map","Custom Start","DeckTracker","Friendly Minions","Hubris","Infinite Spire","Marisa£¨Ùöéë¡¡Øª×âÞÞ£©","Minty Spire (QoL Compilation)","Quick Restart","Relic Stats","Shop Mod","Spicy Shops","StSLib","SuperFastMode"],"gold_per_floor":[111,36,36,36,47,47,47],"floor_reached":6,"playtime":303,"items_purged":["Strike_R","Strike_R","Strike_R"],"score":68,"play_id":"a45deab0-df2a-4ee7-a381-22c55877589b","local_time":"20201228232951","is_ascension_mode":true,"campfire_choices":[],"circlet_count":0,"master_deck":["AscendersBane","Strike_R","Defend_R","Defend_R","Defend_R","Defend_R","Bash","Enlightenment","Searing Blow+1","Battle Trance","Deep Breath","Flame Barrier"],"relics":["Burning Blood","Molten Egg 2","Membership Card","hubris:BottledRain"],"acts_visited":["Exordium"],"potions_floor_usage":[],"damage_taken":[{"damage":10,"enemies":"Small Slimes","floor":1,"turns":3},{"damage":7,"enemies":"Jaw Worm","floor":5,"turns":2},{"damage":63,"enemies":"3 Sentries","floor":6,"turns":10}],"seed_played":"-7663397658826734106","potions_obtained":[],"is_trial":false,"path_per_floor":["M","?","$","?","M","E"],"character_chosen":"IRONCLAD","items_purchased":["Molten Egg 2","Enlightenment","Searing Blow+1","Battle Trance","Membership Card","Deep Breath","hubris:BottledRain"],"campfire_rested":0,"item_purchase_floors":[0,0,0,0,0,0,0],"current_hp_per_floor":[64,64,64,64,63,0,0],"gold":47,"neow_bonus":"","is_daily":false,"chose_seed":false,"campfire_upgraded":0,"win_rate":0.0,"timestamp":1609165791,"path_taken":["M","?","$","?","M","E"],"items_purchased_type":["Relic","Card","Card","Card","Relic","Card","Relic"],"build_version":"2020-12-22","purchased_purges":3,"victory":false,"max_hp_per_floor":[75,75,75,75,75,75,75],"relic_stats":{"counters":[103,344],"obtain_stats":[{"infinitespire:BottledMercury":26,"Vajra":31,"Whetstone":6,"Boot":12,"Sozu":34,"Centennial Puzzle":29,"infinitespire:ShieldingShard":27,"hubris:AstralHammer":0,"DollysMirror":0,"Prayer Wheel":31,"Kunai":38,"hubris:MobiusCoin":45,"Girya":8,"hubris:DuctTape":48,"Dead Branch":0,"Blue Candle":9,"Oddly Smooth Stone":29,"Letter Opener":0,"infinitespire:Magic Flask":25,"Question Card":0,"hubris:Zylophone":19,"Du-Vu Doll":25,"Bottled Flame":14,"Molten Egg 2":26,"Mark of Pain":34,"Black Star":17,"Unceasing Top":0,"Magic Flower":9,"StoneCalendar":7,"Mango":37,"hubris:SlimyHat":0,"Bag of Preparation":0,"Burning Blood":0,"hubris:BlackHole":34,"Dream Catcher":25,"hubris:Icosahedron":22,"hubris:Backtick":28,"Mummified Hand":6,"infinitespire:Bottled Soul":10,"Toolbox":54,"hubris:ScarierMask":17,"hubris:IronBody":28,"Chemical X":0,"hubris:ChampionShield":40,"Runic Pyramid":17,"The Courier":9,"infinitespire:FocusingShard":40,"Omamori":29,"hubris:Towel":5,"Medical Kit":0,"MawBank":24,"White Beast Statue":55,"Mercury Hourglass":46,"Peace Pipe":10,"Strange Spoon":19,"Anchor":10,"CaptainsWheel":46,"hubris:Spice":9,"hubris:BundleOfHerbs":40,"infinitespire:Burning Sword":17,"Art of War":31,"Membership Card":11,"Toy Ornithopter":45,"infinitespire:Midas Blood":26,"hubris:BottledRain":0},{"infinitespire:BottledMercury":40,"Vajra":67,"Whetstone":85,"Boot":58,"Sozu":17,"Centennial Puzzle":15,"infinitespire:ShieldingShard":41,"hubris:AstralHammer":51,"DollysMirror":51,"Prayer Wheel":16,"Kunai":98,"hubris:MobiusCoin":22,"Girya":86,"hubris:DuctTape":24,"Dead Branch":51,"Blue Candle":86,"Oddly Smooth Stone":66,"Letter Opener":28,"infinitespire:Magic Flask":93,"Question Card":28,"hubris:Zylophone":38,"Du-Vu Doll":64,"Bottled Flame":8,"Molten Egg 2":12,"Mark of Pain":45,"Black Star":60,"Unceasing Top":81,"Magic Flower":5,"StoneCalendar":33,"Mango":48,"hubris:SlimyHat":0,"Bag of Preparation":51,"Burning Blood":0,"hubris:BlackHole":68,"Dream Catcher":64,"hubris:Icosahedron":39,"hubris:Backtick":93,"Mummified Hand":4,"infinitespire:Bottled Soul":34,"Toolbox":79,"hubris:ScarierMask":88,"hubris:IronBody":93,"Chemical X":0,"hubris:ChampionShield":20,"Runic Pyramid":37,"The Courier":33,"infinitespire:FocusingShard":72,"Omamori":42,"hubris:Towel":84,"Medical Kit":0,"MawBank":12,"White Beast Statue":27,"Mercury Hourglass":76,"Peace Pipe":57,"Strange Spoon":38,"Anchor":6,"CaptainsWheel":76,"hubris:Spice":56,"hubris:BundleOfHerbs":72,"infinitespire:Burning Sword":9,"Art of War":67,"Membership Card":6,"Toy Ornithopter":74,"infinitespire:Midas Blood":64,"hubris:BottledRain":100},{"infinitespire:BottledMercury":166,"Vajra":273,"Whetstone":310,"Boot":238,"Sozu":85,"Centennial Puzzle":78,"infinitespire:ShieldingShard":171,"hubris:AstralHammer":215,"DollysMirror":215,"Prayer Wheel":81,"Kunai":324,"hubris:MobiusCoin":97,"Girya":311,"hubris:DuctTape":102,"Dead Branch":215,"Blue Candle":311,"Oddly Smooth Stone":269,"Letter Opener":120,"infinitespire:Magic Flask":318,"Question Card":120,"hubris:Zylophone":160,"Du-Vu Doll":260,"Bottled Flame":46,"Molten Egg 2":70,"Mark of Pain":190,"Black Star":247,"Unceasing Top":306,"Magic Flower":34,"StoneCalendar":138,"Mango":205,"hubris:SlimyHat":0,"Bag of Preparation":215,"Burning Blood":0,"hubris:BlackHole":283,"Dream Catcher":260,"hubris:Icosahedron":163,"hubris:Backtick":318,"Mummified Hand":30,"infinitespire:Bottled Soul":142,"Toolbox":301,"hubris:ScarierMask":313,"hubris:IronBody":318,"Chemical X":0,"hubris:ChampionShield":92,"Runic Pyramid":157,"The Courier":138,"infinitespire:FocusingShard":287,"Omamori":177,"hubris:Towel":309,"Medical Kit":0,"MawBank":70,"White Beast Statue":114,"Mercury Hourglass":296,"Peace Pipe":235,"Strange Spoon":160,"Anchor":38,"CaptainsWheel":296,"hubris:Spice":233,"hubris:BundleOfHerbs":287,"infinitespire:Burning Sword":56,"Art of War":273,"Membership Card":38,"Toy Ornithopter":289,"infinitespire:Midas Blood":260,"hubris:BottledRain":329}],"Burning Blood":514},"card_choices":[{"not_picked":["Shrug It Off","True Grit","Pommel Strike+1"],"picked":"SKIP","floor":1},{"not_picked":["Thunderclap+1","Sword Boomerang+1"],"picked":"Flame Barrier","floor":5}],"player_experience":1004144,"relics_obtained":[],"event_choices":[{"cards_removed":["Strike_R"],"damage_healed":0,"gold_gain":0,"player_choice":"Card Removal","damage_taken":0,"max_hp_gain":0,"max_hp_loss":0,"event_name":"The Cleric","floor":2,"gold_loss":75}],"is_beta":false,"boss_relics":[],"items_purged_floors":[0,0,0],"is_endless":false,"potions_floor_spawned":[],"killed_by":"3 Sentries","ascension_level":20}}