{"host":"yo9wwslrag05lh37","time":1609185830,"event":{"mods":["AchievementEnabler","BaseMod","Block Reminder","Colored Map","Colored Powertips","GifTheSpireLib","HexUI Lib","Highlight Path","Minty Spire (QoL Compilation)","Rare Cards Sparkle","Relic Stats","StSLib","everything is the same but u backflip on backflip"],"gold_per_floor":[112,112,187,205,25,25,42,68,68,78,3,22,37,37,37,110,110,120,120,170,184,55,81,81,95,170,184,184,184,212,212,212,287,287,301,301,311,68,82,117,117,149,195,520,537,111,111,145,145,145,145,145,145,14,49,49,49],"floor_reached":56,"playtime":3007,"items_purged":["Outmaneuver","Writhe"],"score":2125,"play_id":"14eeaf2a-d0a4-4915-9be7-e053b8fbbd56","local_time":"20201228210350","is_ascension_mode":true,"campfire_choices":[{"data":"Skewer","floor":6.0,"key":"SMITH"},{"data":"Neutralize","floor":15.0,"key":"SMITH"},{"data":"Crippling Poison","floor":24.0,"key":"SMITH"},{"data":"Venomology","floor":28.0,"key":"SMITH"},{"data":"Decay","floor":32.0,"key":"PURGE"},{"data":"Catalyst","floor":41.0,"key":"SMITH"},{"floor":47.0,"key":"RECALL"},{"data":"Catalyst","floor":49.0,"key":"SMITH"},{"data":"Well Laid Plans","floor":53.0,"key":"SMITH"}],"circlet_count":0,"master_deck":["AscendersBane","Survivor","Neutralize+1","Blade Dance+1","Noxious Fumes+1","Skewer+1","PiercingWail","Burst","Quick Slash","Backflip","Phantasmal Killer","Dagger Throw","Venomology+1","All Out Attack","Tools of the Trade","Acrobatics","Dagger Spray","Crippling Poison+1","Finisher","Poisoned Stab+1","Catalyst+1","Catalyst+1","Burst","Catalyst+1","Well Laid Plans+1","Backflip","Backflip+1","Blur"],"relics":["SacredBark","Meat on the Bone","Akabeko","Pandora\u0027s Box","Strawberry","HornCleat","Peace Pipe","Cursed Key","Chemical X","Potion Belt","Art of War","Old Coin","FossilizedHelix","Ice Cream","Paper Crane"],"acts_visited":["Exordium","TheCity","TheBeyond","TheEnding"],"potions_floor_usage":[],"damage_taken":[{"damage":7.0,"enemies":"Small Slimes","floor":1.0,"turns":6.0},{"damage":8.0,"enemies":"2 Louse","floor":4.0,"turns":4.0},{"damage":0.0,"enemies":"Cultist","floor":7.0,"turns":3.0},{"damage":20.0,"enemies":"Lagavulin","floor":8.0,"turns":7.0},{"damage":6.0,"enemies":"Exordium Wildlife","floor":10.0,"turns":4.0},{"damage":10.0,"enemies":"Large Slime","floor":12.0,"turns":6.0},{"damage":0.0,"enemies":"Looter","floor":13.0,"turns":2.0},{"damage":2.0,"enemies":"The Guardian","floor":16.0,"turns":12.0},{"damage":13.0,"enemies":"Chosen","floor":18.0,"turns":5.0},{"damage":6.0,"enemies":"3 Byrds","floor":21.0,"turns":3.0},{"damage":35.0,"enemies":"Book of Stabbing","floor":23.0,"turns":4.0},{"damage":20.0,"enemies":"Centurion and Healer","floor":25.0,"turns":5.0},{"damage":0.0,"enemies":"Cultist and Chosen","floor":27.0,"turns":3.0},{"damage":18.0,"enemies":"Slavers","floor":30.0,"turns":5.0},{"damage":0.0,"enemies":"Sentry and Sphere","floor":31.0,"turns":3.0},{"damage":26.0,"enemies":"Automaton","floor":33.0,"turns":6.0},{"damage":0.0,"enemies":"Orb Walker","floor":35.0,"turns":3.0},{"damage":15.0,"enemies":"3 Shapes","floor":37.0,"turns":5.0},{"damage":20.0,"enemies":"Sphere and 2 Shapes","floor":39.0,"turns":7.0},{"damage":0.0,"enemies":"Nemesis","floor":40.0,"turns":3.0},{"damage":5.0,"enemies":"Giant Head","floor":42.0,"turns":4.0},{"damage":0.0,"enemies":"Mind Bloom Boss Battle","floor":44.0,"turns":2.0},{"damage":6.0,"enemies":"Transient","floor":45.0,"turns":6.0},{"damage":10.0,"enemies":"Nemesis","floor":48.0,"turns":3.0},{"damage":0.0,"enemies":"Time Eater","floor":50.0,"turns":3.0},{"damage":31.0,"enemies":"Donu and Deca","floor":51.0,"turns":7.0},{"damage":38.0,"enemies":"Shield and Spear","floor":55.0,"turns":7.0},{"damage":45,"enemies":"The Heart","floor":56,"turns":3}],"seed_played":"3621630652475071803","potions_obtained":[{"floor":4.0,"key":"AttackPotion"},{"floor":12.0,"key":"Dexterity Potion"},{"floor":13.0,"key":"Dexterity Potion"},{"floor":27.0,"key":"Regen Potion"},{"floor":33.0,"key":"LiquidMemories"},{"floor":35.0,"key":"SpeedPotion"},{"floor":40.0,"key":"SneckoOil"}],"is_trial":false,"path_per_floor":["M","?","?","M","$","R","M","E","T","M","?","M","M","?","R","B",null,"M","?","?","M","$","E","R","M","T","M","R","?","E","M","R","B",null,"M","?","M","$","M","E","R","E","T","?","M","$","R","E","R","B","B",null,"R","$","E","B"],"character_chosen":"THE_SILENT","items_purchased":["Noxious Fumes","Skewer","SkillPotion","Strength Potion","Chemical X","Well Laid Plans","FossilizedHelix","SteroidPotion","Blur"],"campfire_rested":0,"item_purchase_floors":[5,5,5,22,38,38,46,54,54],"current_hp_per_floor":[52,52,41,33,33,33,33,13,13,19,19,21,33,13,13,23,55,42,42,36,42,42,26,26,18,18,30,30,30,52,52,52,38,64,64,64,49,49,41,41,41,48,48,48,42,42,42,44,44,44,25,61,61,61,35,0,0],"gold":49,"neow_bonus":"BOSS_RELIC","is_daily":false,"chose_seed":false,"campfire_upgraded":7,"win_rate":0.0,"timestamp":1609185830,"path_taken":["M","?","?","M","$","R","M","E","T","M","?","M","M","?","R","BOSS","M","?","?","M","$","E","R","M","T","?","R","?","E","M","R","BOSS","M","?","M","$","M","E","R","E","T","?","M","$","R","E","R","BOSS","BOSS","R","$","E","BOSS"],"items_purchased_type":["Card","Card","Potion","Potion","Relic","Card","Relic","Potion","Card"],"build_version":"2020-12-22","purchased_purges":2,"victory":false,"max_hp_per_floor":[66,66,66,66,66,66,66,66,66,66,66,66,66,66,66,66,66,66,66,66,66,66,73,73,73,73,73,73,73,73,73,73,73,73,73,73,73,73,73,73,73,73,73,73,73,73,73,73,73,73,73,73,73,73,73,73,73],"relic_stats":{"Peace Pipe":1,"counters":[28,131],"Pandora\u0027s Box":["Outmaneuver","Quick Slash","Backflip","Phantasmal Killer","Dagger Throw","Venomology","All Out Attack","Tools of the Trade","Acrobatics"],"Art of War":[11],"Chemical X":[7],"Cursed Key":1,"obtain_stats":[{"Potion Belt":40,"Ice Cream":48,"SacredBark":0,"Paper Crane":55,"Cursed Key":34,"Akabeko":9,"Old Coin":44,"Peace Pipe":30,"HornCleat":26,"Strawberry":23,"Pandora\u0027s Box":17,"Art of War":42,"Chemical X":38,"FossilizedHelix":46,"Ring of the Snake":0,"Meat on the Bone":8},{"Potion Belt":20,"Ice Cream":24,"SacredBark":0,"Paper Crane":27,"Cursed Key":16,"Akabeko":4,"Old Coin":22,"Peace Pipe":14,"HornCleat":12,"Strawberry":11,"Pandora\u0027s Box":8,"Art of War":21,"Chemical X":18,"FossilizedHelix":23,"Ring of the Snake":0,"Meat on the Bone":4},{"Potion Belt":96,"Ice Cream":111,"SacredBark":0,"Paper Crane":128,"Cursed Key":78,"Akabeko":20,"Old Coin":102,"Peace Pipe":69,"HornCleat":61,"Strawberry":56,"Pandora\u0027s Box":44,"Art of War":100,"Chemical X":86,"FossilizedHelix":108,"Ring of the Snake":0,"Meat on the Bone":20}],"Meat on the Bone":168},"card_choices":[{"not_picked":["Acrobatics","Dodge and Roll"],"picked":"Blade Dance","floor":1.0},{"not_picked":["Dodge and Roll","Sucker Punch","Bane"],"picked":"SKIP","floor":4.0},{"not_picked":["Endless Agony","Setup","Masterful Stab"],"picked":"SKIP","floor":7.0},{"not_picked":["Poisoned Stab","Night Terror","Endless Agony"],"picked":"SKIP","floor":8.0},{"not_picked":["Endless Agony","Underhanded Strike","Flying Knee"],"picked":"SKIP","floor":10.0},{"not_picked":["Bane","Reflex"],"picked":"PiercingWail","floor":12.0},{"not_picked":["Quick Slash","Deflect","Slice"],"picked":"SKIP","floor":13.0},{"not_picked":["Envenom","After Image"],"picked":"Burst","floor":16.0},{"not_picked":["PiercingWail","Flying Knee"],"picked":"Dagger Spray","floor":18.0},{"not_picked":["Slice","Outmaneuver"],"picked":"Finisher","floor":21.0},{"not_picked":["Infinite Blades","Acrobatics"],"picked":"Poisoned Stab+1","floor":23.0},{"not_picked":["PiercingWail","Acrobatics"],"picked":"Catalyst+1","floor":25.0},{"not_picked":["Leg Sweep","Deadly Poison"],"picked":"Catalyst","floor":27.0},{"not_picked":["Backflip","Bullet Time","A Thousand Cuts"],"picked":"SKIP","floor":30.0},{"not_picked":["Backflip","Bullet Time","A Thousand Cuts"],"picked":"SKIP","floor":30.0},{"not_picked":["Storm of Steel","Doppelganger"],"picked":"Burst","floor":33.0},{"not_picked":["Underhanded Strike","Outmaneuver"],"picked":"Catalyst","floor":35.0},{"not_picked":["Heel Hook","Cloak And Dagger","Dagger Spray"],"picked":"SKIP","floor":37.0},{"not_picked":["Flying Knee","Bane+1","Blade Dance"],"picked":"SKIP","floor":39.0},{"not_picked":["Masterful Stab","Acrobatics","Noxious Fumes"],"picked":"SKIP","floor":40.0},{"not_picked":["Flying Knee","Accuracy"],"picked":"Backflip","floor":42.0},{"not_picked":["Dodge and Roll","Escape Plan+1","Skewer"],"picked":"SKIP","floor":45.0},{"not_picked":["Heel Hook","Infinite Blades"],"picked":"Backflip+1","floor":48.0},{"not_picked":["Reflex+1","Dagger Spray+1","Acrobatics"],"picked":"SKIP","floor":55.0}],"player_experience":1395045,"relics_obtained":[{"floor":8.0,"key":"Meat on the Bone"},{"floor":9.0,"key":"Akabeko"},{"floor":23.0,"key":"Strawberry"},{"floor":26.0,"key":"HornCleat"},{"floor":30.0,"key":"Peace Pipe"},{"floor":40.0,"key":"Potion Belt"},{"floor":42.0,"key":"Art of War"},{"floor":44.0,"key":"Old Coin"},{"floor":48.0,"key":"Ice Cream"},{"floor":55.0,"key":"Paper Crane"}],"event_choices":[{"damage_healed":0.0,"max_hp_gain":0.0,"max_hp_loss":0.0,"gold_gain":0.0,"event_name":"Living Wall","player_choice":"Grow","floor":2.0,"gold_loss":0.0,"damage_taken":0.0,"cards_upgraded":["Blade Dance"]},{"damage_healed":0.0,"max_hp_gain":0.0,"max_hp_loss":0.0,"gold_gain":75.0,"event_name":"World of Goop","player_choice":"Gather Gold","floor":3.0,"gold_loss":0.0,"damage_taken":11.0},{"cards_removed":["Strike_G"],"damage_healed":0.0,"max_hp_gain":0.0,"max_hp_loss":0.0,"gold_gain":0.0,"event_name":"The Cleric","player_choice":"Card Removal","floor":11.0,"gold_loss":75.0,"damage_taken":0.0},{"damage_healed":0.0,"max_hp_gain":0.0,"max_hp_loss":0.0,"gold_gain":0.0,"event_name":"Shining Light","player_choice":"Entered Light","floor":14.0,"gold_loss":0.0,"damage_taken":20.0,"cards_upgraded":["Defend_G","Noxious Fumes"]},{"damage_healed":0.0,"max_hp_gain":0.0,"max_hp_loss":0.0,"gold_gain":0.0,"event_name":"The Library","player_choice":"Read","floor":19.0,"gold_loss":0.0,"damage_taken":0.0,"cards_obtained":["Crippling Poison"]},{"damage_healed":0.0,"max_hp_gain":0.0,"max_hp_loss":0.0,"gold_gain":50.0,"event_name":"FaceTrader","player_choice":"Touch","floor":20.0,"gold_loss":0.0,"damage_taken":6.0},{"damage_healed":0.0,"max_hp_gain":0.0,"max_hp_loss":0.0,"gold_gain":0.0,"event_name":"Forgotten Altar","player_choice":"Smashed Altar","floor":29.0,"gold_loss":0.0,"damage_taken":0.0,"cards_obtained":["Decay"]},{"damage_healed":0.0,"max_hp_gain":0.0,"max_hp_loss":0.0,"gold_gain":0.0,"event_name":"Tomb of Lord Red Mask","player_choice":"Ignored","floor":36.0,"gold_loss":0.0,"damage_taken":0.0},{"damage_healed":0.0,"max_hp_gain":0.0,"max_hp_loss":0.0,"gold_gain":0.0,"event_name":"MindBloom","player_choice":"Fight","floor":44.0,"gold_loss":0.0,"damage_taken":0.0}],"is_beta":false,"boss_relics":[{"not_picked":["Sozu","Runic Dome"],"picked":"Pandora\u0027s Box"},{"not_picked":["Philosopher\u0027s Stone","SlaversCollar"],"picked":"Cursed Key"}],"items_purged_floors":[22,46],"is_endless":false,"potions_floor_spawned":[4,12,13,27,30,31,33,35,37,40],"killed_by":"The Heart","ascension_level":20}}