{"host":"255xqkfg0td1a6s7","time":1609183125,"event":{"mods":["BaseMod","Better Third Choice","Colored Map","Colored Powertips","DeckTracker","Googly Eyes","Highlight Path","Minty Spire (QoL Compilation)","StSLib"],"gold_per_floor":[113,129,141,152,168,195,195,205,205,380,396,413,429,454,454,557,557,572,305,320,320,320,320,320,337,416,441,460,460,471,471,471],"floor_reached":31,"playtime":877,"items_purged":["Defend_R"],"score":266,"play_id":"6a55bc6a-487e-48a6-9e66-6caef8a87936","local_time":"20201228201845","is_ascension_mode":true,"campfire_choices":[{"data":"Anger","floor":7,"key":"SMITH"},{"data":"Carnage","floor":15,"key":"SMITH"},{"data":"Limit Break","floor":23,"key":"SMITH"},{"floor":29,"key":"REST"}],"circlet_count":0,"master_deck":["Strike_R","Strike_R","Strike_R","Strike_R","Defend_R","Defend_R","Defend_R","Bash","Anger+1","Intimidate","Carnage+1","Anger","Flex","Offering","Carnage","Shockwave","Limit Break+1","Clash","Fire Breathing+1","Decay","Shame","Feel No Pain","Dual Wield"],"relics":["Burning Blood","NeowsBlessing","Strawberry","Mercury Hourglass","Juzu Bracelet","Empty Cage","Tiny Chest","Ornamental Fan","Sundial","MealTicket"],"acts_visited":["Exordium","TheCity"],"potions_floor_usage":[6,14,14,28,31],"damage_taken":[{"damage":0,"enemies":"Cultist","floor":1,"turns":1},{"damage":0,"enemies":"Jaw Worm","floor":2,"turns":1},{"damage":0,"enemies":"2 Louse","floor":3,"turns":1},{"damage":5,"enemies":"Looter","floor":4,"turns":4},{"damage":8,"enemies":"3 Louse","floor":5,"turns":3},{"damage":17,"enemies":"3 Sentries","floor":6,"turns":5},{"damage":12,"enemies":"Gremlin Gang","floor":8,"turns":5},{"damage":10,"enemies":"Looter","floor":11,"turns":3},{"damage":9,"enemies":"2 Fungi Beasts","floor":12,"turns":2},{"damage":4,"enemies":"Red Slaver","floor":13,"turns":2},{"damage":14,"enemies":"Lagavulin","floor":14,"turns":3},{"damage":44,"enemies":"Hexaghost","floor":16,"turns":9},{"damage":32,"enemies":"Shell Parasite","floor":18,"turns":5},{"damage":11,"enemies":"Chosen","floor":20,"turns":4},{"damage":28,"enemies":"Shelled Parasite and Fungi","floor":25,"turns":3},{"damage":23,"enemies":"Snecko","floor":28,"turns":4},{"damage":35,"enemies":"Sentry and Sphere","floor":30,"turns":4},{"damage":27,"enemies":"Shelled Parasite and Fungi","floor":31,"turns":3}],"seed_played":"3890796147058913094","potions_obtained":[{"floor":2,"key":"Explosive Potion"},{"floor":3,"key":"Weak Potion"},{"floor":5,"key":"SteroidPotion"},{"floor":11,"key":"LiquidMemories"},{"floor":12,"key":"AttackPotion"},{"floor":24,"key":"Regen Potion"},{"floor":25,"key":"AttackPotion"},{"floor":28,"key":"Ancient Potion"}],"is_trial":false,"path_per_floor":["M","M","M","M","M","E","R","M","T","?","M","M","M","E","R","B",null,"M","$","M","?","?","R","?","M","T","T","M","R","M","M"],"character_chosen":"IRONCLAD","items_purchased":["Tiny Chest","SteroidPotion"],"campfire_rested":1,"item_purchase_floors":[19,19],"current_hp_per_floor":[80,80,80,80,78,74,74,68,68,68,64,61,63,55,55,17,87,61,61,56,56,56,56,56,34,34,34,22,48,19,0,0],"gold":471,"neow_bonus":"THREE_ENEMY_KILL","is_daily":false,"chose_seed":false,"campfire_upgraded":3,"win_rate":0.0,"timestamp":1609183125,"path_taken":["M","M","?","M","?","E","R","M","T","?","M","M","M","E","R","BOSS","M","$","M","?","?","R","?","M","T","?","M","R","M","M"],"items_purchased_type":["Relic","Potion"],"build_version":"2020-12-22","purchased_purges":1,"victory":false,"max_hp_per_floor":[80,80,80,80,80,87,87,87,87,87,87,87,87,87,87,87,87,87,87,87,87,87,87,87,87,87,87,87,87,87,87,87],"card_choices":[{"not_picked":["Thunderclap","Ghostly Armor"],"picked":"Anger","floor":1},{"not_picked":["Bloodletting","Cleave"],"picked":"Intimidate","floor":2},{"not_picked":["Shrug It Off","Sword Boomerang"],"picked":"Carnage","floor":3},{"not_picked":["Clothesline","Body Slam"],"picked":"Anger","floor":4},{"not_picked":["Second Wind","Heavy Blade","Wild Strike"],"picked":"SKIP","floor":5},{"not_picked":["Iron Wave","Battle Trance"],"picked":"Flex","floor":6},{"not_picked":["Anger","Shrug It Off"],"picked":"Offering","floor":8},{"not_picked":["Heavy Blade","Body Slam"],"picked":"Carnage","floor":11},{"not_picked":["Perfected Strike","Iron Wave","Cleave"],"picked":"SKIP","floor":12},{"not_picked":["Perfected Strike","Sword Boomerang","Reckless Charge"],"picked":"SKIP","floor":13},{"not_picked":["Combust","Reckless Charge"],"picked":"Shockwave","floor":14},{"not_picked":["Brutality","Fiend Fire"],"picked":"Limit Break","floor":16},{"not_picked":["Metallicize+1","True Grit"],"picked":"Clash","floor":18},{"not_picked":["Clash","Sever Soul"],"picked":"Fire Breathing+1","floor":20},{"not_picked":["Anger+1","Disarm+1"],"picked":"Feel No Pain","floor":25},{"not_picked":["Warcry+1","Cleave","Clothesline"],"picked":"SKIP","floor":28},{"not_picked":["Shrug It Off","Heavy Blade"],"picked":"Dual Wield","floor":30}],"player_experience":39721,"relics_obtained":[{"floor":6,"key":"Strawberry"},{"floor":9,"key":"Mercury Hourglass"},{"floor":14,"key":"Juzu Bracelet"},{"floor":26,"key":"Sundial"},{"floor":27,"key":"MealTicket"}],"event_choices":[{"damage_healed":0,"gold_gain":175,"player_choice":"AGREE","damage_taken":205,"max_hp_gain":0,"max_hp_loss":0,"event_name":"betterThird:BetterSerpent","floor":10,"gold_loss":0},{"damage_healed":0,"gold_gain":0,"player_choice":"Smashed Altar","damage_taken":0,"max_hp_gain":0,"max_hp_loss":0,"event_name":"Forgotten Altar","floor":21,"gold_loss":0,"cards_obtained":["Decay"]},{"damage_healed":0,"gold_gain":0,"player_choice":"Stole Relic","damage_taken":0,"relics_obtained":["Ornamental Fan"],"max_hp_gain":0,"max_hp_loss":0,"event_name":"Addict","floor":22,"gold_loss":0,"cards_obtained":["Shame"]},{"damage_healed":0,"gold_gain":0,"player_choice":"Got Potions","damage_taken":0,"max_hp_gain":0,"max_hp_loss":0,"event_name":"Lab","floor":24,"gold_loss":0}],"is_beta":false,"boss_relics":[{"not_picked":["Busted Crown","Coffee Dripper"],"picked":"Empty Cage"}],"items_purged_floors":[19],"is_endless":false,"potions_floor_spawned":[2,3,5,11,12,25,28],"killed_by":"Shelled Parasite and Fungi","ascension_level":1}}