{"host":"r6jigiblrojhp6xe","time":1609162666,"event":{"mods":["AchievementEnabler","BaseMod","DeckTracker","Minty Spire (QoL Compilation)","Quick Restart","Rare Cards Sparkle","Relic Stats","StSLib","SuperFastMode","The Cursed","everything is the same but u backflip on backflip"],"gold_per_floor":[119,132,207,207,221,248,260,260,260,260,272,272,302,57,57,133,133,147,147,62,72,72,72,82,82,82],"floor_reached":25,"playtime":558,"items_purged":[],"score":472,"play_id":"d3659704-cd89-42d6-83bc-fcbc9db9b8e8","local_time":"20201228223746","is_ascension_mode":true,"campfire_choices":[{"data":"Defragment","floor":8.0,"key":"SMITH"},{"floor":10.0,"key":"REST"},{"floor":12.0,"key":"REST"},{"data":"Aggregate","floor":15.0,"key":"SMITH"},{"floor":23.0,"key":"REST"}],"circlet_count":0,"master_deck":["AscendersBane","Defend_B","Defend_B","Defend_B","Zap","Dualcast","Electrodynamics","Hologram","Defragment+1","Ball Lightning","Turbo","Compile Driver","Compile Driver","Aggregate+1","Meteor Strike","Hello World+1","Creative AI+1","Capacitor+1","Double Energy","Decay","Hologram","BootSequence","Aggregate"],"relics":["Cracked Core","Shovel","Ice Cream","Shuriken","DataDisk","Astrolabe","Strawberry"],"acts_visited":["Exordium","TheCity"],"potions_floor_usage":[],"damage_taken":[{"damage":2.0,"enemies":"Jaw Worm","floor":1.0,"turns":3.0},{"damage":5.0,"enemies":"Small Slimes","floor":2.0,"turns":3.0},{"damage":0.0,"enemies":"2 Louse","floor":5.0,"turns":2.0},{"damage":25.0,"enemies":"Lagavulin","floor":6.0,"turns":5.0},{"damage":5.0,"enemies":"Large Slime","floor":7.0,"turns":4.0},{"damage":9.0,"enemies":"Exordium Thugs","floor":11.0,"turns":4.0},{"damage":8.0,"enemies":"Gremlin Nob","floor":13.0,"turns":3.0},{"damage":35.0,"enemies":"The Guardian","floor":16.0,"turns":8.0},{"damage":28.0,"enemies":"Spheric Guardian","floor":18.0,"turns":6.0},{"damage":7.0,"enemies":"Chosen","floor":21.0,"turns":3.0},{"damage":26.0,"enemies":"Shelled Parasite and Fungi","floor":24.0,"turns":3.0},{"damage":18,"enemies":"3 Cultists","floor":25,"turns":2}],"seed_played":"1909631081445115934","potions_obtained":[{"floor":1.0,"key":"Dexterity Potion"},{"floor":11.0,"key":"FocusPotion"},{"floor":16.0,"key":"FearPotion"}],"is_trial":false,"path_per_floor":["M","M","?","?","M","E","M","R","T","R","M","R","E","$","R","B",null,"M","?","?","M","?","R","M","M"],"character_chosen":"DEFECT","items_purchased":["DataDisk","Meteor Strike"],"campfire_rested":3,"item_purchase_floors":[14,14],"current_hp_per_floor":[62,57,46,46,46,21,16,16,16,35,26,45,37,37,37,2,49,21,21,28,21,21,42,16,0,0],"gold":82,"neow_bonus":"THREE_RARE_CARDS","is_daily":false,"chose_seed":false,"campfire_upgraded":2,"win_rate":0.0,"timestamp":1609162666,"path_taken":["M","M","?","?","M","E","M","R","T","R","M","R","E","$","R","BOSS","M","?","?","M","?","R","M","M"],"items_purchased_type":["Relic","Card"],"build_version":"2020-12-22","purchased_purges":0,"victory":false,"max_hp_per_floor":[64,64,64,64,64,64,64,64,64,64,64,64,64,64,64,64,64,64,64,71,71,71,71,71,71,71],"relic_stats":{"Shovel":0,"counters":[12,46],"Shuriken":[2],"Astrolabe":["Hello World","Creative AI","Capacitor"],"obtain_stats":[{"Ice Cream":9,"DataDisk":14,"Shovel":6,"Shuriken":13,"Astrolabe":17,"Strawberry":20,"Cracked Core":0},{"Ice Cream":5,"DataDisk":7,"Shovel":4,"Shuriken":7,"Astrolabe":8,"Strawberry":9,"Cracked Core":0},{"Ice Cream":17,"DataDisk":24,"Shovel":13,"Shuriken":24,"Astrolabe":32,"Strawberry":38,"Cracked Core":0}]},"card_choices":[{"not_picked":["Fission","Thunder Strike"],"picked":"Electrodynamics","floor":0.0},{"not_picked":["Static Discharge","Beam Cell"],"picked":"Hologram","floor":1.0},{"not_picked":["Hologram","Go for the Eyes"],"picked":"Defragment","floor":2.0},{"not_picked":["Conserve Battery","Sweeping Beam"],"picked":"Turbo","floor":5.0},{"not_picked":["Thunder Strike","Go for the Eyes"],"picked":"Compile Driver","floor":6.0},{"not_picked":["Blizzard","Sweeping Beam"],"picked":"Compile Driver","floor":7.0},{"not_picked":["Ball Lightning","Tempest"],"picked":"Sunder","floor":11.0},{"not_picked":["All For One","Leap"],"picked":"Aggregate","floor":13.0},{"not_picked":["FTL","Cold Snap"],"picked":"Double Energy","floor":18.0},{"not_picked":["Chaos","Heatsinks","Ball Lightning"],"picked":"SKIP","floor":21.0},{"not_picked":["Fusion","Streamline+1"],"picked":"Aggregate","floor":24.0}],"player_experience":548425,"relics_obtained":[{"floor":6.0,"key":"Shovel"},{"floor":9.0,"key":"Ice Cream"},{"floor":13.0,"key":"Shuriken"}],"event_choices":[{"damage_healed":0.0,"max_hp_gain":0.0,"max_hp_loss":0.0,"gold_gain":75.0,"event_name":"World of Goop","player_choice":"Gather Gold","floor":3.0,"gold_loss":0.0,"damage_taken":11.0},{"damage_healed":0.0,"max_hp_gain":0.0,"max_hp_loss":0.0,"gold_gain":0.0,"cards_transformed":["Strike_B"],"event_name":"Living Wall","player_choice":"Change","floor":4.0,"gold_loss":0.0,"damage_taken":0.0,"cards_obtained":["Ball Lightning"]},{"damage_healed":0.0,"max_hp_gain":0.0,"max_hp_loss":0.0,"gold_gain":0.0,"event_name":"Forgotten Altar","player_choice":"Smashed Altar","floor":19.0,"gold_loss":0.0,"damage_taken":0.0,"cards_obtained":["Decay"]},{"damage_healed":0.0,"max_hp_gain":0.0,"max_hp_loss":0.0,"gold_gain":0.0,"event_name":"Addict","player_choice":"Obtained Relic","floor":20.0,"gold_loss":85.0,"damage_taken":0.0,"relics_obtained":["Strawberry"]},{"damage_healed":0.0,"max_hp_gain":0.0,"max_hp_loss":0.0,"gold_gain":0.0,"cards_transformed":["Sunder","Defend_B"],"event_name":"Drug Dealer","player_choice":"Became Test Subject","floor":22.0,"gold_loss":0.0,"damage_taken":0.0,"cards_obtained":["Hologram","BootSequence"]}],"is_beta":false,"boss_relics":[{"not_picked":["Inserter","Philosopher\u0027s Stone"],"picked":"Astrolabe"}],"items_purged_floors":[],"is_endless":false,"potions_floor_spawned":[1,11,16],"killed_by":"3 Cultists","ascension_level":20}}