{"host":"cyiefo55v5hz1ih5","time":1609134334,"event":{"mods":["2.2 Compatiblity","AchievementEnabler","Arknights The Spire","BaseMod","GifTheSpireLib","Hubris","Minty Spire (QoL Compilation)","Replay The Spire","Spicy Shops","StSLib"],"gold_per_floor":[119,119,119,119,132,161,161,161,161,176,176,187,112,130,130,226,226,242,242,341,356,375,406,424,424,424,442,455,455,466,391,391,487,487,505,505,505,519,519,519,534,534,534,534,563,578,102,114,114,114,114],"floor_reached":50,"playtime":3607,"items_purged":["ats:Defend","Overencumbered"],"score":669,"play_id":"678dac08-23af-4213-903c-0ff27ffa6ff5","local_time":"20201228004534","is_ascension_mode":false,"campfire_choices":[{"floor":8,"key":"REST"},{"floor":11,"key":"REST"},{"data":"ats:Emotion Absorption","floor":15,"key":"SMITH"},{"floor":25,"key":"REST"},{"floor":32,"key":"REST"},{"floor":40,"key":"REST"},{"floor":42,"key":"RECALL"},{"data":"ats:Calcification","floor":44,"key":"SMITH"},{"data":"ats:Burning Ground","floor":49,"key":"SMITH"}],"circlet_count":0,"master_deck":["ats:Armor Crushing Shot+1","ats:Defend","ats:Defend","ats:Emotion Absorption+1","ats:Ignite+1","ats:Shell Defense","ats:Burning Ground+1","Pot Of Greed","ats:Sunburst+1","ats:Volcano","ats:Ignite+1","ats:Automatic Cover","ats:Healing Drone","ats:Apocalypse+1","ats:Rat Pack","ats:Calcification+1","ats:Charging Defense"],"relics":["ats:Sanity","Singing Bowl","ats:Originium","hubris:CrystalStatue","Replay:Multitool","Grinning Jar","hubris:RunicObelisk","ats:Originium","Boot","ats:MaxSp4","Cursed Key","hubris:Icosahedron","ats:Originium","Toy Ornithopter","Oddly Smooth Stone","Lee\u0027s Waffle"],"acts_visited":["Exordium","TheCity","TheBeyond"],"potions_floor_usage":[12,21,28,33,33,41],"damage_taken":[{"damage":1,"enemies":"2 Louse","floor":1,"turns":4},{"damage":2,"enemies":"Small Slimes","floor":5,"turns":6},{"damage":22,"enemies":"Gremlin Nob","floor":6,"turns":4},{"damage":1,"enemies":"Jaw Worm","floor":10,"turns":3},{"damage":0,"enemies":"3 Louse","floor":12,"turns":2},{"damage":0,"enemies":"Blue Slaver","floor":14,"turns":3},{"damage":1,"enemies":"Fading Forest","floor":16,"turns":11},{"damage":0,"enemies":"Spheric Guardian","floor":18,"turns":3},{"damage":3,"enemies":"3 Byrds","floor":21,"turns":2},{"damage":0,"enemies":"3 Cultists","floor":22,"turns":3},{"damage":45,"enemies":"Slavers","floor":23,"turns":5},{"damage":27,"enemies":"Shelled Parasite and Fungi","floor":24,"turns":6},{"damage":16,"enemies":"Snake Plant","floor":27,"turns":3},{"damage":10,"enemies":"Snecko","floor":28,"turns":5},{"damage":16,"enemies":"Chosen and Byrds","floor":30,"turns":5},{"damage":47,"enemies":"Pondfish","floor":33,"turns":11},{"damage":15,"enemies":"Orb Walker","floor":35,"turns":5},{"damage":38,"enemies":"3 Darklings","floor":38,"turns":4},{"damage":4,"enemies":"Transient","floor":41,"turns":5},{"damage":67,"enemies":"Nemesis","floor":45,"turns":9},{"damage":11,"enemies":"Writhing Mass","floor":46,"turns":8},{"damage":6,"enemies":"Spire Growth","floor":48,"turns":6},{"damage":140,"enemies":"Donu and Deca","floor":50,"turns":11}],"seed_played":"160773306762392365","potions_obtained":[{"floor":6,"key":"BlessingOfTheForge"},{"floor":10,"key":"Swift Potion"},{"floor":16,"key":"Dexterity Potion"},{"floor":27,"key":"SneckoOil"},{"floor":30,"key":"Reflective Coating"},{"floor":38,"key":"Energy Potion"},{"floor":39,"key":"SmokeBomb"},{"floor":39,"key":"DistilledChaos"}],"is_trial":false,"path_per_floor":["M","?","?","T","M","E","?","R","T","M","R","M","$","M","R","B",null,"M","?","?","M","M","E","M","R","T","M","M","?","M","?","R","B",null,"M","?","?","M","?","R","M","R","T","R","E","M","$","M","R","B"],"character_chosen":"DOCTOR_CLASS","items_purchased":["ats:Charging Defense","Oddly Smooth Stone","Lee\u0027s Waffle"],"campfire_rested":5,"item_purchase_floors":[47,47,47],"current_hp_per_floor":[64,57,44,44,42,22,19,38,38,39,58,62,62,66,66,69,69,69,69,69,66,70,28,16,37,37,31,36,36,44,44,67,70,77,68,68,68,37,37,60,81,81,81,81,48,77,92,94,94,0,0],"gold":114,"neow_bonus":"REMOVE_TWO","is_daily":false,"chose_seed":false,"campfire_upgraded":3,"win_rate":0.0,"timestamp":1609134334,"path_taken":["M","?","?","?","M","E","?","R","T","M","R","M","$","M","R","BOSS","M","?","?","?","M","E","M","R","T","M","M","?","M","?","R","BOSS","M","?","?","?","?","R","M","R","T","R","E","M","$","?","R","BOSS"],"items_purchased_type":["Card","Relic","Relic"],"build_version":"2020-12-22","purchased_purges":2,"victory":false,"max_hp_per_floor":[65,65,65,65,65,65,65,65,65,65,65,67,67,69,69,69,69,69,69,69,69,71,71,71,71,71,73,75,75,77,77,77,77,77,79,79,79,79,79,79,81,81,81,81,83,85,92,94,94,94,94],"card_choices":[{"not_picked":["ats:Assault Order","ats:Burning Ground"],"picked":"ats:Ignite","floor":1},{"not_picked":["ats:Healing Strengthening","ats:Explosion Area Strengthen"],"picked":"ats:Shell Defense","floor":5},{"not_picked":["ats:Charging Defense","ats:Soul Absorption"],"picked":"ats:Burning Ground","floor":6},{"not_picked":["ats:Childhood Dance","ats:Powerful Strike"],"picked":"ats:Sunburst","floor":10},{"not_picked":["ats:Flexible Camouflage","ats:Hammer On","ats:Powerful Strike"],"picked":"Singing Bowl","floor":12},{"not_picked":["ats:Poison Spread","ats:Assault Order","ats:Encircling Forest"],"picked":"Singing Bowl","floor":14},{"not_picked":["ats:Shadow Assault","ats:Calcification"],"picked":"ats:Volcano","floor":16},{"not_picked":["ats:Hook Shot+1","ats:Childhood Dance+1"],"picked":"ats:Ignite+1","floor":18},{"not_picked":["ats:Beaten Up+1","ats:Childhood Dance"],"picked":"ats:Automatic Cover","floor":21},{"not_picked":["ats:Childhood Dance+1","ats:Curse Doll","ats:Explosion Area Strengthen"],"picked":"Singing Bowl","floor":22},{"not_picked":["ats:Childhood Dance","ats:Revitalization"],"picked":"ats:Healing Drone","floor":23},{"not_picked":["ats:Neurotoxin","ats:Cat Scratch"],"picked":"ats:Apocalypse+1","floor":24},{"not_picked":["ats:Ignite","ats:Poison Spread+1","ats:Hammer On+1"],"picked":"Singing Bowl","floor":27},{"not_picked":["ats:Rat Pack","ats:Cat Scratch+1","ats:Thermite Blade"],"picked":"Singing Bowl","floor":28},{"not_picked":["ats:Leaping Hammer","ats:Assault Order","ats:Consecutive Shot Auto"],"picked":"Singing Bowl","floor":30},{"not_picked":["ats:Durian","ats:Ambush"],"picked":"ats:Rat Pack","floor":33},{"not_picked":["ats:Powerful Strike","ats:Hammer On","ats:Poison Spread"],"picked":"Singing Bowl","floor":35},{"not_picked":["ats:Hammer On","ats:Explosion Area Strengthen+1"],"picked":"ats:Calcification","floor":38},{"not_picked":["ats:Powerful Strike+1","ats:Song Of Battle","ats:Consecutive Shot Auto+1"],"picked":"Singing Bowl","floor":41},{"not_picked":["ats:Poison Spread","ats:Apocalypse","ats:Sword Rain+1"],"picked":"Singing Bowl","floor":45},{"not_picked":["ats:Blood Oath+1","ats:Hammer On","ats:Part Time Job"],"picked":"Singing Bowl","floor":46},{"not_picked":["ats:Charging Defense+1","ats:Ignite","ats:Apocalypse+1"],"picked":"Singing Bowl","floor":48}],"player_experience":609167,"relics_obtained":[{"floor":4,"key":"Singing Bowl"},{"floor":6,"key":"ats:Originium"},{"floor":6,"key":"hubris:CrystalStatue"},{"floor":9,"key":"Grinning Jar"},{"floor":23,"key":"ats:Originium"},{"floor":23,"key":"Boot"},{"floor":26,"key":"ats:MaxSp4"},{"floor":45,"key":"ats:Originium"},{"floor":45,"key":"Toy Ornithopter"}],"event_choices":[{"cards_removed":["ats:Strike G"],"damage_healed":0,"gold_gain":0,"player_choice":"Card Removal","damage_taken":7,"max_hp_gain":0,"max_hp_loss":0,"event_name":"Golden Wing","floor":2,"gold_loss":0},{"damage_healed":0,"gold_gain":0,"player_choice":"Entered Light","damage_taken":13,"max_hp_gain":0,"max_hp_loss":0,"event_name":"Shining Light","floor":3,"gold_loss":0,"cards_upgraded":["ats:Armor Crushing Shot","ats:Ignite"]},{"damage_healed":0,"gold_gain":0,"player_choice":"Success","damage_taken":3,"relics_obtained":["Replay:Multitool"],"max_hp_gain":0,"max_hp_loss":0,"event_name":"Scrap Ooze","floor":7,"gold_loss":0},{"cards_removed":["ats:Strike C"],"damage_healed":0,"gold_gain":0,"player_choice":"Elegance","damage_taken":0,"max_hp_gain":0,"max_hp_loss":0,"event_name":"Back to Basics","floor":19,"gold_loss":0},{"damage_healed":0,"gold_gain":99,"player_choice":"Stole From Cult","damage_taken":0,"max_hp_gain":0,"max_hp_loss":0,"event_name":"Nest","floor":20,"gold_loss":0},{"cards_removed":["ats:Defend"],"damage_healed":0,"gold_gain":0,"player_choice":"Gave Gold","damage_taken":0,"max_hp_gain":0,"max_hp_loss":0,"event_name":"Beggar","floor":31,"gold_loss":75},{"damage_healed":0,"gold_gain":0,"player_choice":"Ignored","damage_taken":0,"max_hp_gain":0,"max_hp_loss":0,"event_name":"Mysterious Sphere","floor":36,"gold_loss":0},{"damage_healed":0,"gold_gain":0,"player_choice":"Got Potions","damage_taken":0,"max_hp_gain":0,"max_hp_loss":0,"event_name":"Lab","floor":39,"gold_loss":0}],"is_beta":false,"boss_relics":[{"not_picked":["ReplayTheSpireMod:DimensionalGlitch","ChewingGum"],"picked":"hubris:RunicObelisk"},{"not_picked":["Honey Jar","Busted Crown"],"picked":"Cursed Key"}],"items_purged_floors":[13,47],"is_endless":false,"potions_floor_spawned":[6,10,16,27,30,38],"killed_by":"Donu and Deca","ascension_level":0}}