{"host":"eav5i5w47nlnv2l1","time":1609193595,"event":{"mods":["BaseMod","Minty Spire (QoL Compilation)"],"gold_per_floor":[110,110,35,47,47,66,66,91,91,110,129,143,158,192,192,289,289,308,308,318,53,71,103,103,118,118,148,167,167,0,10,10,109,109,119,166,185,204,204,204],"floor_reached":39,"playtime":5731,"items_purged":["Strike_P","Strike_P"],"score":479,"play_id":"05ef3005-806f-47af-8e14-3e211d960ae6","local_time":"20201228171315","is_ascension_mode":false,"campfire_choices":[{"floor":7,"key":"REST"},{"floor":15,"key":"REST"},{"data":"Apotheosis","floor":24,"key":"SMITH"},{"floor":29,"key":"REST"},{"floor":32,"key":"REST"}],"circlet_count":0,"master_deck":["Strike_P","Defend_P+1","Defend_P","Defend_P+1","Defend_P","Eruption","Vigilance","InnerPeace","EmptyBody","DeceiveReality","SandsOfTime","Adaptation","FollowUp","JustLucky","Prostrate","Vault","CurseOfTheBell","Weave+1","Apotheosis+1","Crescendo+1","SashWhip+1","Wish","ThirdEye","TalkToTheHand+1","Scrawl","Brilliance"],"relics":["PureWater","GoldenEye","Odd Mushroom","Darkstone Periapt","Akabeko","Calling Bell","Dream Catcher","TungstenRod","Nloth\u0027s Gift","Pantograph","Turnip","Bottled Tornado","VioletLotus"],"acts_visited":["Exordium","TheCity","TheBeyond"],"potions_floor_usage":[8,14,18,20,20,20,23,23,27,28,39],"damage_taken":[{"damage":0,"enemies":"2 Louse","floor":1,"turns":2},{"damage":0,"enemies":"Jaw Worm","floor":4,"turns":4},{"damage":0,"enemies":"Cultist","floor":6,"turns":4},{"damage":15,"enemies":"The Mushroom Lair","floor":8,"turns":8},{"damage":0,"enemies":"2 Fungi Beasts","floor":10,"turns":4},{"damage":0,"enemies":"3 Louse","floor":11,"turns":5},{"damage":0,"enemies":"Looter","floor":12,"turns":3},{"damage":1,"enemies":"Large Slime","floor":13,"turns":7},{"damage":6,"enemies":"Gremlin Nob","floor":14,"turns":3},{"damage":0,"enemies":"The Guardian","floor":16,"turns":9},{"damage":1,"enemies":"3 Byrds","floor":18,"turns":5},{"damage":0,"enemies":"2 Thieves","floor":20,"turns":2},{"damage":5,"enemies":"Snake Plant","floor":22,"turns":6},{"damage":8,"enemies":"Slavers","floor":23,"turns":5},{"damage":0,"enemies":"Snecko","floor":25,"turns":7},{"damage":47,"enemies":"Gremlin Leader","floor":27,"turns":11},{"damage":0,"enemies":"Shelled Parasite and Fungi","floor":28,"turns":4},{"damage":14,"enemies":"Cultist and Chosen","floor":31,"turns":8},{"damage":9,"enemies":"Champ","floor":33,"turns":15},{"damage":8,"enemies":"3 Darklings","floor":35,"turns":6},{"damage":1,"enemies":"3 Shapes","floor":36,"turns":4},{"damage":16,"enemies":"Writhing Mass","floor":37,"turns":12},{"damage":32,"enemies":"Jaw Worm Horde","floor":38,"turns":5},{"damage":24,"enemies":"4 Shapes","floor":39,"turns":1}],"seed_played":"-6825496969715645449","potions_obtained":[{"floor":1,"key":"Swift Potion"},{"floor":10,"key":"AttackPotion"},{"floor":12,"key":"EssenceOfSteel"},{"floor":13,"key":"Explosive Potion"},{"floor":14,"key":"EntropicBrew"},{"floor":18,"key":"ColorlessPotion"},{"floor":22,"key":"DistilledChaos"},{"floor":25,"key":"Dexterity Potion"},{"floor":37,"key":"AttackPotion"}],"is_trial":false,"path_per_floor":["M","?","$","M","?","M","R","?","T","M","M","M","M","E","R","B",null,"M","?","M","$","M","E","R","M","T","E","M","R","?","M","R","B",null,"M","M","M","M","M"],"character_chosen":"WATCHER","items_purchased":["Apotheosis"],"campfire_rested":4,"item_purchase_floors":[21],"current_hp_per_floor":[51,44,44,44,30,30,51,36,36,36,36,36,35,29,50,50,78,77,77,77,77,72,64,64,64,64,17,17,40,40,26,49,65,78,70,69,53,21,0,0],"gold":204,"neow_bonus":"ONE_RARE_RELIC","is_daily":false,"chose_seed":false,"campfire_upgraded":1,"win_rate":0.0,"timestamp":1609193595,"path_taken":["M","?","$","M","?","M","R","?","T","M","M","M","M","E","R","BOSS","M","?","M","$","M","E","R","M","T","E","?","R","?","M","R","BOSS","M","M","M","M","M"],"items_purchased_type":["Card"],"build_version":"2020-12-22","purchased_purges":2,"victory":false,"max_hp_per_floor":[72,72,72,72,72,72,72,72,72,72,72,72,72,72,72,72,78,78,78,78,78,78,78,78,78,78,78,78,78,78,78,78,78,78,78,78,78,78,78,78],"card_choices":[{"not_picked":["Adaptation","Halt"],"picked":"InnerPeace","floor":1},{"not_picked":["FollowUp","CutThroughFate"],"picked":"EmptyBody","floor":4},{"not_picked":["EmptyFist","SignatureMove"],"picked":"DeceiveReality","floor":6},{"not_picked":["Meditate","CutThroughFate"],"picked":"SandsOfTime","floor":10},{"not_picked":["BowlingBash","Collect"],"picked":"Adaptation","floor":11},{"not_picked":["BattleHymn","BowlingBash"],"picked":"FollowUp","floor":12},{"not_picked":["EmptyBody","Study"],"picked":"JustLucky","floor":13},{"not_picked":["JustLucky","CutThroughFate"],"picked":"Prostrate","floor":14},{"not_picked":["Omniscience","DeusExMachina"],"picked":"Vault","floor":16},{"not_picked":["PathToVictory","WheelKick","FlurryOfBlows"],"picked":"SKIP","floor":18},{"not_picked":["BowlingBash","FollowUp"],"picked":"Weave+1","floor":20},{"not_picked":["WreathOfFlame","Protect","Prostrate"],"picked":"SKIP","floor":22},{"not_picked":["WreathOfFlame","BowlingBash","LikeWater"],"picked":"SKIP","floor":23},{"not_picked":["JustLucky","Halt"],"picked":"Crescendo+1","floor":25},{"not_picked":["Vengeance+1","CrushJoints"],"picked":"SashWhip+1","floor":27},{"not_picked":["Wireheading","ReachHeaven"],"picked":"Wish","floor":28},{"not_picked":["WindmillStrike","ReachHeaven"],"picked":"ThirdEye","floor":31},{"not_picked":["Evaluate+1","Fasting2"],"picked":"TalkToTheHand+1","floor":32},{"not_picked":["Blasphemy","MasterReality"],"picked":"Scrawl","floor":33},{"not_picked":["Vengeance+1","Crescendo+1","DeceiveReality"],"picked":"SKIP","floor":35},{"not_picked":["Evaluate","WreathOfFlame","BowlingBash+1"],"picked":"SKIP","floor":36},{"not_picked":["DeceiveReality+1","WaveOfTheHand+1"],"picked":"Brilliance","floor":37},{"not_picked":["FlurryOfBlows+1","Crescendo","Collect"],"picked":"SKIP","floor":38}],"player_experience":1412479,"relics_obtained":[{"floor":8,"key":"Odd Mushroom"},{"floor":9,"key":"Darkstone Periapt"},{"floor":14,"key":"Akabeko"},{"floor":17,"key":"Dream Catcher"},{"floor":17,"key":"Blue Candle"},{"floor":17,"key":"TungstenRod"},{"floor":23,"key":"Pantograph"},{"floor":26,"key":"Turnip"},{"floor":27,"key":"Bottled Tornado"}],"event_choices":[{"cards_removed":["Strike_P"],"damage_healed":0,"gold_gain":0,"player_choice":"Card Removal","damage_taken":7,"max_hp_gain":0,"max_hp_loss":0,"event_name":"Golden Wing","floor":2,"gold_loss":0},{"damage_healed":0,"gold_gain":0,"player_choice":"Entered Light","damage_taken":14,"max_hp_gain":0,"max_hp_loss":0,"event_name":"Shining Light","floor":5,"gold_loss":0,"cards_upgraded":["Defend_P","Defend_P"]},{"damage_healed":0,"gold_gain":0,"player_choice":"Fought Mushrooms","damage_taken":0,"max_hp_gain":0,"max_hp_loss":0,"event_name":"Mushrooms","floor":8,"gold_loss":0},{"damage_healed":0,"gold_gain":0,"player_choice":"Traded Relic","damage_taken":0,"relics_obtained":["Nloth\u0027s Gift"],"max_hp_gain":0,"max_hp_loss":0,"event_name":"N\u0027loth","floor":19,"relics_lost":["Blue Candle"],"gold_loss":0},{"damage_healed":0,"gold_gain":0,"player_choice":"Paid Fearfully","damage_taken":0,"max_hp_gain":0,"max_hp_loss":0,"event_name":"Masked Bandits","floor":30,"gold_loss":167}],"is_beta":false,"boss_relics":[{"not_picked":["Snecko Eye","SacredBark"],"picked":"Calling Bell"},{"not_picked":["Pandora\u0027s Box","Busted Crown"],"picked":"VioletLotus"}],"items_purged_floors":[3,21],"is_endless":false,"potions_floor_spawned":[1,10,12,13,14,18,22,25,37],"killed_by":"4 Shapes","ascension_level":0}}