{"host":"hszimsrtxxc2k25w","time":1609199334,"event":{"mods":["AchievementEnabler","BaseMod","Colored Map","DeckTracker","Minty Spire (QoL Compilation)","Rare Cards Sparkle","SuperFastMode"],"gold_per_floor":[110,110,110,123,123,123,149,149,149,149,207,5,17,35,35,106,106,116,131,131,148,148,189,189,189,189],"floor_reached":25,"playtime":594,"items_purged":[],"score":488,"play_id":"1b28ba62-600d-44ca-9db4-e1e467c07d5a","local_time":"20201229084854","is_ascension_mode":true,"campfire_choices":[{"data":"Hemokinesis","floor":6.0,"key":"SMITH"},{"data":"Evolve","floor":8.0,"key":"SMITH"},{"data":"Pummel","floor":10.0,"key":"SMITH"},{"data":"Barricade","floor":15.0,"key":"SMITH"},{"data":"Offering","floor":24.0,"key":"SMITH"}],"circlet_count":0,"master_deck":["AscendersBane","Strike_R","Defend_R","Defend_R","Defend_R","Defend_R","Bash+1","Sentinel","Hemokinesis+1","Evolve+1","Fire Breathing","Barricade+1","Sever Soul","Warcry","Warcry","Wild Strike","Offering+1","Immolate+1","Dual Wield+1","Shockwave+1","Reckless Charge"],"relics":["Burning Blood","NeowsBlessing","Bag of Preparation","Mercury Hourglass","Shuriken","Orrery","Astrolabe","CeramicFish"],"acts_visited":["Exordium","TheCity"],"potions_floor_usage":[],"damage_taken":[{"damage":0.0,"enemies":"Small Slimes","floor":1.0,"turns":1.0},{"damage":0.0,"enemies":"Jaw Worm","floor":4.0,"turns":1.0},{"damage":0.0,"enemies":"3 Sentries","floor":7.0,"turns":1.0},{"damage":21.0,"enemies":"3 Sentries","floor":11.0,"turns":5.0},{"damage":0.0,"enemies":"Cultist","floor":13.0,"turns":2.0},{"damage":4.0,"enemies":"2 Fungi Beasts","floor":14.0,"turns":3.0},{"damage":37.0,"enemies":"Slime Boss","floor":16.0,"turns":5.0},{"damage":12.0,"enemies":"3 Byrds","floor":18.0,"turns":5.0},{"damage":16.0,"enemies":"2 Thieves","floor":19.0,"turns":2.0},{"damage":20.0,"enemies":"Snake Plant","floor":21.0,"turns":3.0},{"damage":60.0,"enemies":"Book of Stabbing","floor":23.0,"turns":6.0},{"damage":27,"enemies":"Shelled Parasite and Fungi","floor":25,"turns":2}],"seed_played":"-8256516916998888527","potions_obtained":[{"floor":11.0,"key":"CultistPotion"},{"floor":13.0,"key":"Strength Potion"},{"floor":14.0,"key":"Swift Potion"}],"is_trial":false,"path_per_floor":["M","?","?","M","?","R","E","R","T","R","?","$","M","M","R","B",null,"M","M","?","M","?","E","R","M"],"character_chosen":"IRONCLAD","items_purchased":["Orrery","Wild Strike"],"campfire_rested":0,"item_purchase_floors":[12,12],"current_hp_per_floor":[74,74,74,75,80,80,80,80,80,80,65,65,71,73,73,42,71,65,55,32,18,85,31,31,4,4],"gold":189,"neow_bonus":"THREE_ENEMY_KILL","is_daily":false,"chose_seed":false,"campfire_upgraded":5,"win_rate":0.0,"timestamp":1609199334,"path_taken":["M","?","?","?","?","R","E","R","T","R","?","$","M","M","R","BOSS","M","M","?","M","?","E","R","M"],"items_purchased_type":["Relic","Card"],"build_version":"2020-12-22","purchased_purges":0,"victory":false,"max_hp_per_floor":[75,75,75,75,80,80,80,80,80,80,80,80,80,80,80,80,80,80,80,85,85,85,85,85,85,85],"card_choices":[{"not_picked":["Anger","Clothesline"],"picked":"Pummel","floor":1.0},{"not_picked":["Body Slam","Infernal Blade"],"picked":"Hemokinesis","floor":4.0},{"not_picked":["Reckless Charge","Sentinel"],"picked":"Evolve","floor":7.0},{"not_picked":["Whirlwind","Cleave"],"picked":"Fire Breathing","floor":12.0},{"not_picked":["Bloodletting","Anger"],"picked":"Barricade","floor":12.0},{"not_picked":["Spot Weakness","Havoc"],"picked":"Sever Soul","floor":12.0},{"not_picked":["True Grit","Sentinel"],"picked":"Warcry","floor":12.0},{"not_picked":["Perfected Strike","Sentinel"],"picked":"Warcry","floor":12.0},{"not_picked":["Inflame","Metallicize","Twin Strike"],"picked":"SKIP","floor":13.0},{"not_picked":["Warcry","Flex","Rupture"],"picked":"SKIP","floor":14.0},{"not_picked":["Immolate","Bludgeon"],"picked":"Offering","floor":16.0},{"not_picked":["Anger","Bloodletting","True Grit"],"picked":"SKIP","floor":18.0},{"not_picked":["Fire Breathing","Sword Boomerang","Havoc"],"picked":"SKIP","floor":19.0},{"not_picked":["Sword Boomerang+1","Flex","Heavy Blade"],"picked":"SKIP","floor":21.0},{"not_picked":["Flex","Bloodletting"],"picked":"Reckless Charge","floor":23.0}],"player_experience":595967,"relics_obtained":[{"floor":7.0,"key":"Bag of Preparation"},{"floor":9.0,"key":"Mercury Hourglass"},{"floor":11.0,"key":"Shuriken"},{"floor":23.0,"key":"CeramicFish"}],"event_choices":[{"damage_healed":0.0,"max_hp_gain":0.0,"max_hp_loss":0.0,"gold_gain":0.0,"cards_transformed":["Strike_R"],"event_name":"Living Wall","player_choice":"Change","floor":2.0,"gold_loss":0.0,"damage_taken":0.0,"cards_obtained":["Sentinel"]},{"damage_healed":0.0,"max_hp_gain":0.0,"max_hp_loss":0.0,"gold_gain":0.0,"event_name":"Upgrade Shrine","player_choice":"Upgraded","floor":3.0,"gold_loss":0.0,"damage_taken":0.0,"cards_upgraded":["Bash"]},{"damage_healed":0.0,"max_hp_gain":5.0,"max_hp_loss":0.0,"gold_gain":0.0,"event_name":"Big Fish","player_choice":"Donut","floor":5.0,"gold_loss":0.0,"damage_taken":0.0},{"damage_healed":0.0,"max_hp_gain":0.0,"max_hp_loss":0.0,"gold_gain":0.0,"event_name":"Dead Adventurer","player_choice":"Searched \u00272\u0027 times","floor":11.0,"gold_loss":0.0,"damage_taken":0.0},{"damage_healed":0.0,"max_hp_gain":5.0,"max_hp_loss":0.0,"gold_gain":0.0,"event_name":"Forgotten Altar","player_choice":"Shed Blood","floor":20.0,"gold_loss":0.0,"damage_taken":28.0},{"cards_removed":["Pummel"],"damage_healed":67.0,"max_hp_gain":0.0,"max_hp_loss":0.0,"gold_gain":0.0,"event_name":"Bonfire Elementals","player_choice":"Offered Uncommon","floor":22.0,"gold_loss":0.0,"damage_taken":0.0}],"is_beta":false,"boss_relics":[{"not_picked":["Runic Cube","SlaversCollar"],"picked":"Astrolabe"}],"items_purged_floors":[],"is_endless":false,"potions_floor_spawned":[11,13,14],"killed_by":"Shelled Parasite and Fungi","ascension_level":20}}