{"host":"grli52lbdph2722t","time":1609173730,"event":{"mods":["AchievementEnabler","BaseMod","Downfall","Minty Spire (QoL Compilation)","Quick Restart","StSLib"],"gold_per_floor":[99,99,99,99,199,299,299,332,332,13,13,26,26,11,31,31,31,31],"floor_reached":16,"playtime":629,"items_purged":[],"score":141,"play_id":"962132c3-6c59-4b9a-8c5c-0b829bb97aa8","local_time":"20201228174210","is_ascension_mode":true,"campfire_choices":[{"data":"champ:Taunt","floor":1,"key":"SMITH"},{"data":"champ:CrownThrow","floor":9,"key":"SMITH"},{"data":"champ:Improvising","floor":11,"key":"SMITH"},{"data":"champ:Lariat","floor":13,"key":"SMITH"}],"circlet_count":0,"master_deck":["AscendersBane","champ:Strike","champ:Strike","champ:Strike+1","champ:Defend+1","champ:Defend","champ:Defend+1","champ:Defend","champ:Execute","champ:Taunt+1","champ:EndlessRage+1","champ:FaceSlap","champ:RapidStrikes","champ:CrownThrow+1","champ:Lariat+1","champ:Shatter","champ:GladiatorStyle","champ:StanceDance","champ:BladeFlurry","champ:Improvising+1","champ:ShieldThrow","champ:ShieldSigil","champ:Balance"],"relics":["champ:ChampionCrown","downfall:HeartsMalice","Bronze Scales","Art of War","Orrery"],"acts_visited":["Exordium"],"potions_floor_usage":[16],"damage_taken":[{"damage":0,"enemies":"2 Louse","floor":2,"turns":1},{"damage":0,"enemies":"Small Slimes","floor":4,"turns":1},{"damage":0,"enemies":"downfall:Heads","floor":6,"turns":1},{"damage":37,"enemies":"Gremlin Nob","floor":8,"turns":4},{"damage":5,"enemies":"downfall:FleeingMerchant","floor":10,"turns":4},{"damage":12,"enemies":"Jaw Worm","floor":12,"turns":4},{"damage":20,"enemies":"downfall:FleeingMerchant","floor":14,"turns":4},{"damage":21,"enemies":"Exordium Thugs","floor":15,"turns":5},{"damage":20,"enemies":"downfall:Defect","floor":16,"turns":4}],"seed_played":"2104524801769267887","potions_obtained":[{"floor":8,"key":"SneckoOil"},{"floor":12,"key":"Weak Potion"}],"is_trial":false,"path_per_floor":["R","M","?","M","?","?","T","E","R","$","R","M","R","$","M","B"],"character_chosen":"THE_CHAMP","items_purchased":["Orrery","champ:Improvising"],"campfire_rested":0,"item_purchase_floors":[10,10],"current_hp_per_floor":[81,81,81,81,81,81,81,49,49,49,49,49,49,34,18,0,0,0],"gold":31,"neow_bonus":"THREE_ENEMY_KILL","is_daily":false,"chose_seed":false,"campfire_upgraded":4,"win_rate":0.0,"timestamp":1609173730,"path_taken":["R","M","?","M","?","?","T","E","R","$","R","M","R","?","M","BOSS"],"items_purchased_type":["Relic","Card"],"build_version":"2020-12-22","purchased_purges":0,"victory":false,"max_hp_per_floor":[90,90,90,90,90,90,90,90,90,90,90,90,90,90,90,90,90,90],"card_choices":[{"not_picked":["champ:Aggression","champ:StanceDance"],"picked":"champ:EndlessRage","floor":2},{"not_picked":["champ:RisingSlash","champ:FocusedDefense"],"picked":"champ:FaceSlap","floor":4},{"not_picked":["champ:FanOfKnives","champ:FalseCounter"],"picked":"champ:CrownThrow","floor":6},{"not_picked":["champ:GladiatorsShout","champ:BerserkersShout"],"picked":"champ:Lariat","floor":8},{"not_picked":["champ:DefensiveShout","champ:RageSigil"],"picked":"champ:Shatter","floor":10},{"not_picked":["champ:RisingSlash","champ:IronFortress"],"picked":"champ:GladiatorStyle","floor":10},{"not_picked":["champ:Shatter","champ:TornadoPunch"],"picked":"champ:StanceDance","floor":10},{"not_picked":["champ:TornadoPunch","champ:FocusedDefense"],"picked":"champ:BladeFlurry","floor":10},{"not_picked":["champ:PreciseThrust","champ:BladeFlurry"],"picked":"champ:ShieldThrow","floor":12},{"not_picked":["champ:BladeFlurry","champ:Backstep"],"picked":"champ:ShieldSigil","floor":14},{"not_picked":["champ:RageSigil","champ:DefensiveStyle"],"picked":"champ:Balance","floor":15}],"player_experience":4889311,"relics_obtained":[{"floor":7,"key":"Bronze Scales"},{"floor":8,"key":"Art of War"}],"event_choices":[],"is_beta":false,"boss_relics":[],"items_purged_floors":[],"is_endless":false,"potions_floor_spawned":[8,12],"killed_by":"downfall:Defect","ascension_level":10}}