{"host":"zr590xw2unlz0wv7","time":1609171259,"event":{"mods":["BaseMod","Minty Spire (QoL Compilation)","READ ME - Guardian Mod","StSLib"],"gold_per_floor":[118,132,149,149,149,149,164,239,239,38,56,7,26,45,45,146,146,166,166,179,27,27,27],"floor_reached":22,"playtime":655,"items_purged":["Strike_B","Strike_B"],"score":223,"play_id":"6f7794dc-d9ba-4c8e-bab9-bb130784d2fd","local_time":"20201229000059","is_ascension_mode":true,"campfire_choices":[{"data":"Consume","floor":6,"key":"SMITH"},{"floor":15,"key":"REST"}],"circlet_count":0,"master_deck":["Strike_B","Strike_B+1","Defend_B","Defend_B","Defend_B","Defend_B","Zap+1","Dualcast","Consume+1","Consume","Hologram","Self Repair","Conserve Battery","Ball Lightning","Buffer","Reprogram+1","Conserve Battery"],"relics":["Cracked Core","NeowsBlessing","Mercury Hourglass","Incense Burner","SlaversCollar"],"acts_visited":["Exordium","TheCity"],"potions_floor_usage":[16,22,22],"damage_taken":[{"damage":0,"enemies":"Cultist","floor":1,"turns":1},{"damage":0,"enemies":"Small Slimes","floor":2,"turns":1},{"damage":0,"enemies":"2 Louse","floor":3,"turns":1},{"damage":12,"enemies":"Looter","floor":7,"turns":3},{"damage":11,"enemies":"Blue Slaver","floor":11,"turns":4},{"damage":3,"enemies":"Large Slime","floor":13,"turns":3},{"damage":9,"enemies":"2 Fungi Beasts","floor":14,"turns":3},{"damage":39,"enemies":"Hexaghost","floor":16,"turns":11},{"damage":20,"enemies":"3 Byrds","floor":18,"turns":4},{"damage":30,"enemies":"Shell Parasite","floor":20,"turns":7},{"damage":12,"enemies":"Centurion and Healer","floor":22,"turns":2}],"seed_played":"-2950800513593106168","potions_obtained":[{"floor":1,"key":"CultistPotion"},{"floor":2,"key":"SneckoOil"},{"floor":11,"key":"SteroidPotion"},{"floor":13,"key":"EssenceOfSteel"}],"is_trial":false,"path_per_floor":["M","M","M","?","?","R","M","?","T","$","M","$","M","M","R","B",null,"M","?","M","$","M"],"character_chosen":"DEFECT","items_purchased":["Hologram","Self Repair","Conserve Battery","Conserve Battery"],"campfire_rested":1,"item_purchase_floors":[10,10,12,21],"current_hp_per_floor":[75,75,75,60,48,48,36,25,25,25,21,21,25,23,45,13,60,47,33,3,3,0,0],"gold":27,"neow_bonus":"THREE_ENEMY_KILL","is_daily":false,"chose_seed":false,"campfire_upgraded":1,"win_rate":0.0,"timestamp":1609171259,"path_taken":["M","M","?","?","?","R","M","?","T","$","M","?","?","M","R","BOSS","M","?","M","$","M"],"items_purchased_type":["Card","Card","Card","Card"],"build_version":"2020-12-22","purchased_purges":2,"victory":false,"max_hp_per_floor":[75,75,75,75,75,75,75,75,75,75,75,75,75,75,75,75,75,75,80,80,80,80,80],"card_choices":[{"not_picked":["White Noise","Steam","Beam Cell"],"picked":"SKIP","floor":1},{"not_picked":["Coolheaded","Storm"],"picked":"Consume","floor":2},{"not_picked":["Steam Power","Cold Snap","Leap"],"picked":"SKIP","floor":3},{"not_picked":["FTL","Turbo"],"picked":"Consume","floor":7},{"not_picked":["Blizzard","Rebound","Compile Driver"],"picked":"SKIP","floor":11},{"not_picked":["Sweeping Beam","Cold Snap","Barrage"],"picked":"SKIP","floor":13},{"not_picked":["Heatsinks","Consume"],"picked":"Ball Lightning","floor":14},{"not_picked":["Amplify","Machine Learning"],"picked":"Buffer","floor":16},{"not_picked":["Cold Snap","Skim"],"picked":"Reprogram+1","floor":18},{"not_picked":["Gash+1","Tempest+1","Compile Driver+1"],"picked":"SKIP","floor":20}],"player_experience":526570,"relics_obtained":[{"floor":9,"key":"Incense Burner"}],"event_choices":[{"damage_healed":0,"gold_gain":0,"player_choice":"Entered Light","damage_taken":15,"max_hp_gain":0,"max_hp_loss":0,"event_name":"Shining Light","floor":4,"gold_loss":0,"cards_upgraded":["Strike_B","Zap"]},{"damage_healed":0,"gold_gain":0,"player_choice":"Success","damage_taken":12,"relics_obtained":["Mercury Hourglass"],"max_hp_gain":0,"max_hp_loss":0,"event_name":"Scrap Ooze","floor":5,"gold_loss":0},{"damage_healed":0,"gold_gain":75,"player_choice":"Gather Gold","damage_taken":11,"max_hp_gain":0,"max_hp_loss":0,"event_name":"World of Goop","floor":8,"gold_loss":0},{"damage_healed":0,"gold_gain":0,"player_choice":"Shed Blood","damage_taken":19,"max_hp_gain":5,"max_hp_loss":0,"event_name":"Forgotten Altar","floor":19,"gold_loss":0}],"is_beta":false,"boss_relics":[{"not_picked":["Pandora\u0027s Box","Coffee Dripper"],"picked":"SlaversCollar"}],"items_purged_floors":[10,21],"is_endless":false,"potions_floor_spawned":[1,2,11,13],"killed_by":"Centurion and Healer","ascension_level":5}}