{"host":"svab9sudlrudptws","time":1609193299,"event":{"mods":["BaseMod","Colored Powertips","Minty Spire (QoL Compilation)","Robot Space Explorer","Shade Mod","StSLib","The Blackbeard","The Death Knight","The Marked","The Mystic","The Necromancer","The Poker Player","The Servant 0.9.4","TheFirefly"],"gold_per_floor":[109,120,131,50,50,81,81,101,101,127,127,127,127,162,162,162,162],"floor_reached":16,"playtime":1105,"items_purged":[],"score":118,"play_id":"c1b0aa00-cceb-4481-95d1-d17135299459","local_time":"20201229000819","is_ascension_mode":false,"campfire_choices":[{"data":"theMarked:SummonStrength","floor":7,"key":"SMITH"},{"floor":11,"key":"REST"},{"data":"theMarked:SelfDefenseTraining","floor":15,"key":"SMITH"}],"circlet_count":0,"master_deck":["theMarked:Strike","theMarked:Strike","theMarked:Strike","theMarked:Strike","theMarked:Defend","theMarked:Defend","theMarked:Defend+1","theMarked:Defend","theMarked:SoldierOfQuellstein","theMarked:SelfDefenseTraining+1","theMarked:MysticalArsenal","theMarked:SummonStrength+1","theMarked:DispelDoubt+1","theMarked:RogueSparks","theMarked:RogueSparks"],"relics":["theMarked:ArtifactOfAir","Omamori","Art of War","Kunai","Sundial"],"acts_visited":["Exordium"],"potions_floor_usage":[14],"damage_taken":[{"damage":2,"enemies":"2 Louse","floor":1,"turns":3},{"damage":0,"enemies":"Small Slimes","floor":2,"turns":4},{"damage":0,"enemies":"Cultist","floor":3,"turns":3},{"damage":24,"enemies":"Gremlin Nob","floor":6,"turns":5},{"damage":0,"enemies":"2 Fungi Beasts","floor":8,"turns":4},{"damage":27,"enemies":"3 Sentries","floor":10,"turns":11},{"damage":6,"enemies":"Lagavulin","floor":14,"turns":7},{"damage":23,"enemies":"Slime Boss","floor":16,"turns":7}],"seed_played":"-3314247727373720849","potions_obtained":[{"floor":2,"key":"Strength Potion"}],"is_trial":false,"path_per_floor":["M","M","M","$","?","E","R","M","T","E","R","?","?","E","R","B"],"character_chosen":"THE_DEFAULT","items_purchased":["theMarked:SummonStrength"],"campfire_rested":1,"item_purchase_floors":[4],"current_hp_per_floor":[75,75,75,75,68,44,44,44,44,17,40,45,29,23,23,0,0],"gold":162,"neow_bonus":"TEN_PERCENT_HP_BONUS","is_daily":false,"chose_seed":false,"campfire_upgraded":2,"win_rate":0.0,"timestamp":1609193299,"path_taken":["M","M","M","$","?","E","R","M","T","E","R","?","?","E","R","BOSS"],"items_purchased_type":["Card"],"build_version":"2020-12-22","purchased_purges":0,"victory":false,"max_hp_per_floor":[77,77,77,77,77,77,77,77,77,77,77,82,82,82,82,82,82],"card_choices":[{"not_picked":["theMarked:Aftermath","theMarked:ReduceFriction"],"picked":"theMarked:SelfDefenseTraining","floor":1},{"not_picked":["theMarked:Aftermath","theMarked:Generate"],"picked":"theMarked:MysticalArsenal","floor":2},{"not_picked":["theMarked:WastefulAttack","theMarked:Frustration","theMarked:ChainLightning"],"picked":"SKIP","floor":3},{"not_picked":["theMarked:SwordAndMagic","theMarked:Electrocute"],"picked":"theMarked:DispelDoubt","floor":6},{"not_picked":["theMarked:WastefulAttack","theMarked:GodGivenPower","theMarked:Overthink"],"picked":"SKIP","floor":8},{"not_picked":["theMarked:WardOff","theMarked:SwordAndMagic"],"picked":"theMarked:RogueSparks","floor":10},{"not_picked":["theMarked:EmpowerWeapon","theMarked:Overthink"],"picked":"theMarked:RogueSparks","floor":14}],"player_experience":1666835,"relics_obtained":[{"floor":6,"key":"Omamori"},{"floor":9,"key":"Art of War"},{"floor":10,"key":"Kunai"},{"floor":14,"key":"Sundial"}],"event_choices":[{"cards_removed":["theMarked:Strike"],"damage_healed":0,"gold_gain":0,"player_choice":"Card Removal","damage_taken":7,"max_hp_gain":0,"max_hp_loss":0,"event_name":"Golden Wing","floor":5,"gold_loss":0},{"damage_healed":0,"gold_gain":0,"player_choice":"Donut","damage_taken":0,"max_hp_gain":5,"max_hp_loss":0,"event_name":"Big Fish","floor":12,"gold_loss":0},{"damage_healed":0,"gold_gain":0,"player_choice":"Entered Light","damage_taken":16,"max_hp_gain":0,"max_hp_loss":0,"event_name":"Shining Light","floor":13,"gold_loss":0,"cards_upgraded":["theMarked:Defend","theMarked:DispelDoubt"]}],"is_beta":false,"boss_relics":[],"items_purged_floors":[],"is_endless":false,"potions_floor_spawned":[2],"killed_by":"Slime Boss","ascension_level":0}}