{"host":"bid6lzrefpuw0ao6","time":1609125415,"event":{"mods":["ATMod(阿瑾Mod)","AchievementEnabler","Act Like it!","BaseMod","BetterRewards","Colored Powertips","Faster Ascension Climbing","Gold Saver","Library of Ruina","Minty Spire (QoL Compilation)","MostiFishMod","Quick Restart","Relic Stats","RumiaBox-露米娅的神秘盒子","Shop Mod","Spicy Shops","StSLib","SuperFastMode","TestMod","[功能]商店购物价格优惠80%","【功能Mod】混沌之环修复补丁","【功能Mod】精心准备","【遗物Mod】简单游戏","没有小屋子和绿帽子啦","篝火指南"],"gold_per_floor":[7327,7327,7502,7286,7332,7391,6754,6815,6815,6870,6930,6966,7082,7138,7021,7147,6647,6735,6777,6387,6347,6437,6296,6340,6444,6444,6508,6568,6613,6684,6484,6399,6540,6552,6710,6589,6636,6678,6723,6774,6913,7017,7017,7072,7150,6957,7069,7104,7104,7155,7155,7113,7027,7102,7132],"floor_reached":56,"playtime":2330,"items_purged":["Injury","LightAttack","LightAttack","Dodge","LightDefense","Doubt","LightDefense","LightDefense","ChargeAndCover","LightAttack+1","LightDefense","Parasite","InhaleSmoke","SmokingPipe","DarkCloud","Pride","MultiHit","Normality"],"score":1913,"play_id":"9effc4db-dc53-4938-be09-039df0683266","local_time":"20201228111655","is_ascension_mode":false,"campfire_choices":[{"floor":49,"key":"RECALL"}],"circlet_count":0,"master_deck":["FocusedStrikes","AT_KingSlayer+1","IronWall","DimensionalRift","FrontalAssault","DarkCloud","Faith","LeRegole+1","SilentNight","Quickness","BackAttack","MostiFishMod:BrokenBlackCloak+1","ExtremeEdge+1","Preparation+1","AT_KingSlayer+1","AT_EmpoweredMortalDraw+1","MultiHit+1","AT_TearsDenial+1"],"relics":["PageOfLibrarian","DaveBox","testmod-TestBox","EasyRelic","AT_ATBox","xbg","testmod-NegativeEmotionEnhancer","MerchantsRug","AT_RedTearstoneRing","FossilizedHelix","BirthdayGift-Icosahedron","AT_MibuBalloonWealth","AT_ArchangelStaff","GodSword6","SynthV:TestCard","Darkstone Periapt","Pen Nib","testmod-BlackFramedGlasses","testmod-Acrobat","Chemical X","Vajra","Akabeko","Sling","testmod-LifeArmor","PageOfMercenary","PageOfSnowWhitesApple","MagicDraw1","Incense Burner","Blood Vial","Dodecahedron","Regal Pillow","PageOfFairyFestival","Tiny House","Potion Belt","Kunai","SSSystem","TimeFreeze","Happy Flower","testmod-AssaultLearning","Molten Egg 2","HandDrill","PreservedInsect","TheAbacus","Boot","testmod-EqualTreatment","OriginationStaff","PageOfForsakenMurderer","MawBank","BrkXgEgg","HaiYi:Twilight","Medical Kit","Nunchaku","testmod-TurbochargingSystem","Lizard Tail","testmod-Nyarlathotep","Bird Faced Urn","Anchor","testmod-CasingShield","Membership Card","Ancient Tea Set","BirthdayGift-Tetrahedron","testmod-Fortitude","Bag of Marbles","PageOfAlriune","ClockworkSouvenir","Ccalipers","GodSword1","OrangePellets","Strawberry","AT_EbonyIvory"],"acts_visited":["Exordium","TheCity","TheBeyond","TheEnding"],"potions_floor_usage":[35],"damage_taken":[{"damage":0.0,"enemies":"Cultist","floor":1.0,"turns":1.0},{"damage":0.0,"enemies":"Jaw Worm","floor":5.0,"turns":2.0},{"damage":0.0,"enemies":"Gremlin Nob","floor":6.0,"turns":2.0},{"damage":0.0,"enemies":"Lagavulin","floor":8.0,"turns":1.0},{"damage":0.0,"enemies":"Gremlin Nob","floor":10.0,"turns":1.0},{"damage":0.0,"enemies":"2 Louse","floor":11.0,"turns":1.0},{"damage":0.0,"enemies":"Red Slaver","floor":12.0,"turns":1.0},{"damage":0.0,"enemies":"Gremlin Gang","floor":13.0,"turns":1.0},{"damage":0.0,"enemies":"Lagavulin","floor":14.0,"turns":1.0},{"damage":0.0,"enemies":"The Guardian","floor":16.0,"turns":2.0},{"damage":0,"enemies":"3 Byrds","floor":18,"turns":1},{"damage":0,"enemies":"Shell Parasite","floor":19,"turns":1},{"damage":0,"enemies":"3 Cultists","floor":22,"turns":2},{"damage":0,"enemies":"Snecko","floor":24,"turns":1},{"damage":0,"enemies":"Gremlin Leader","floor":25,"turns":1},{"damage":0,"enemies":"Centurion and Healer","floor":27,"turns":1},{"damage":0,"enemies":"Book of Stabbing","floor":28,"turns":1},{"damage":0,"enemies":"Snake Plant","floor":29,"turns":2},{"damage":0,"enemies":"Sentry and Sphere","floor":30,"turns":1},{"damage":0,"enemies":"Automaton","floor":33,"turns":1},{"damage":0,"enemies":"3 Darklings","floor":35,"turns":1},{"damage":0,"enemies":"Orb Walker","floor":37,"turns":1},{"damage":0,"enemies":"Spire Growth","floor":38,"turns":1},{"damage":0,"enemies":"Transient","floor":39,"turns":1},{"damage":0,"enemies":"Giant Head","floor":40,"turns":1},{"damage":0,"enemies":"3 Darklings","floor":41,"turns":1},{"damage":0,"enemies":"Reptomancer","floor":42,"turns":1},{"damage":0,"enemies":"Giant Head","floor":44,"turns":1},{"damage":0,"enemies":"Mind Bloom Boss Battle","floor":45,"turns":1},{"damage":0,"enemies":"4 Shapes","floor":47,"turns":1},{"damage":0,"enemies":"Spire Growth","floor":48,"turns":1},{"damage":0,"enemies":"Donu and Deca","floor":50,"turns":1},{"damage":0,"enemies":"Shield and Spear","floor":54,"turns":1},{"damage":0,"enemies":"The Heart","floor":55,"turns":1}],"seed_played":"-7244012375817357822","potions_obtained":[{"floor":12.0,"key":"testmod-SpacePotion"},{"floor":21,"key":"EntropicBrew"},{"floor":21,"key":"testmod-TestPotion"},{"floor":27,"key":"Swift Potion"},{"floor":35,"key":"Fruit Juice"}],"is_trial":false,"path_per_floor":["M","?","?","$","M","E","R","E","T","E","M","M","M","E","R","B",null,"M","M","$","?","M","R","M","E","T","M","E","M","M","$","R","B",null,"M","$","M","M","M","E","M","E","T","E","?","$","M","M","R","B",null,"R","$","E","B",null],"character_chosen":"Librarian","items_purchased":["MerchantsRug","AT_RedTearstoneRing","FossilizedHelix","BirthdayGift-Icosahedron","AT_MibuBalloonWealth","AT_ArchangelStaff","InhaleSmoke","SmokingPipe","GodSword6","IronWall","DimensionalRift","Pen Nib","testmod-BlackFramedGlasses","Whetstone","testmod-Acrobat","MultiHit","PowerPotion","Chemical X","Akabeko","Sling","testmod-LifeArmor","FrontalAssault","DarkCloud","PageOfMercenary","Dodecahedron","Regal Pillow","PageOfFairyFestival","Potion Belt","Kunai","SSSystem","TimeFreeze","BackAttack","MostiFishMod:BrokenBlackCloak","Happy Flower","testmod-AssaultLearning","Molten Egg 2","HandDrill","TheAbacus","Boot","testmod-EqualTreatment","OriginationStaff","DollysMirror","PageOfForsakenMurderer","MawBank","BrkXgEgg","AT_EmpoweredMortalDraw+1","Medical Kit","Nunchaku","testmod-TurbochargingSystem","Lizard Tail","Membership Card","Ancient Tea Set","BirthdayGift-Tetrahedron","AT_TearsDenial+1","testmod-Fortitude","Bag of Marbles","PageOfAlriune","ClockworkSouvenir","Ccalipers","GodSword1","OrangePellets","Strawberry"],"campfire_rested":0,"item_purchase_floors":[0,0,0,0,0,0,0,0,0,0,0,4,4,4,4,4,4,4,7,7,7,7,7,7,15,15,15,20,20,20,20,20,20,23,23,23,23,31,31,31,31,31,31,32,32,32,36,36,36,36,46,46,46,46,52,52,52,53,53,53,53,53],"current_hp_per_floor":[36,18,24,24,30,35,41,45,45,49,54,58,65,69,69,82,82,83,84,84,84,85,85,86,87,87,88,89,90,91,97,97,98,124,103,103,104,105,106,107,108,109,109,110,111,111,112,113,113,114,114,120,127,128,129],"gold":7132,"neow_bonus":"","is_daily":false,"chose_seed":false,"campfire_upgraded":0,"win_rate":0.0,"timestamp":1609125415,"path_taken":["M","?","?","$","M","E","R","E","T","E","M","M","M","E","R","BOSS","M","M","$","?","M","R","M","E","T","?","E","?","M","$","R","BOSS","M","$","M","?","M","E","M","E","T","E","?","$","M","M","R","BOSS","R","$","E","BOSS"],"items_purchased_type":["Relic","Relic","Relic","Relic","Relic","Relic","Card","Card","Relic","Card","Card","Relic","Relic","Relic","Relic","Card","Potion","Relic","Relic","Relic","Relic","Card","Card","Relic","Relic","Relic","Relic","Relic","Relic","Relic","Relic","Card","Card","Relic","Relic","Relic","Relic","Relic","Relic","Relic","Relic","Relic","Relic","Relic","Relic","Card","Relic","Relic","Relic","Relic","Relic","Relic","Relic","Card","Relic","Relic","Relic","Relic","Relic","Relic","Relic","Relic"],"build_version":"2020-12-22","purchased_purges":18,"victory":true,"max_hp_per_floor":[64,64,70,70,71,86,89,83,83,84,85,86,87,88,81,82,82,83,84,84,84,85,85,86,87,87,88,89,90,91,97,97,124,124,103,103,104,105,106,107,108,109,109,110,111,111,112,113,113,114,114,120,127,128,129],"relic_stats":{"Darkstone Periapt":24,"Regal Pillow":0,"Happy Flower":[99],"counters":[151,230],"Pen Nib":[33],"PreservedInsect":377,"Boot":[57],"MawBank":48,"Medical Kit":[1],"Blood Vial":6,"OrangePellets":[7],"Nunchaku":[22],"Lizard Tail":0,"TheAbacus":[276],"Bird Faced Urn":[0],"HandDrill":[40],"Chemical X":[5],"Kunai":[58],"obtain_stats":[{"AT_ATBox":0,"testmod-LifeArmor":5,"PageOfAlriune":52,"AT_TimeSand":0,"testmod-NegativeEmotionEnhancer":0,"Whetstone":0,"Bottled Tornado":41,"Boot":28,"MagicDraw3":54,"Sling":0,"MagicDraw2":27,"testmod-BlackFramedGlasses":4,"Old Coin":15,"MagicDraw1":46,"Blood Vial":49,"testmod-Prudence":0,"Sundial":47,"MealTicket":38,"HandDrill":0,"Kunai":38,"MerchantsRug":0,"testmod-Maize":6,"MostiFishMod:Hod":17,"AT_RedTearstoneRing":0,"testmod-TestBox":0,"Pear":41,"Dodecahedron":0,"testmod-Register":0,"Blue Candle":42,"Eternal Feather":53,"Pen Nib":0,"AT_EbonyIvory":0,"AT_SilvercatRing":25,"TimeFreeze":20,"Akabeko":0,"EasyRelic":0,"Cables":0,"testmod-Fortitude":52,"Runic Dome":0,"Bird Faced Urn":38,"BionicSphere":0,"MutagenicStrength":21,"Technique":32,"AT_BellDemon":40,"Lantern":49,"Regal Pillow":15,"DaveBox":0,"DianPoetry":0,"testmod-EqualTreatment":31,"Bag of Preparation":43,"Ancient Tea Set":43,"testmod-CasingShield":45,"Civilization":0,"testmod-Brilliant":0,"Shovel":0,"PageOfMercenary":7,"testmod-ObsoleteBoomerang":0,"Chemical X":0,"BirthdayGift-Tetrahedron":46,"ZombieArmy":40,"Potion Belt":8,"AT_ChloranthyRing":20,"Lee\u0027s Waffle":53,"ImprovedEquipment":0,"AT_GoldPhoenixTree":0,"PreservedInsect":13,"BrkXgEgg":38,"Omamori":0,"testmod-TurbochargingSystem":45,"Frozen Egg 2":47,"LastBattle":26,"MawBank":32,"AT_BellowingDragoncrestRing":30,"HaiYi:Twilight":34,"FeatherPendant":17,"Ornamental Fan":7,"Orrery":30,"Art of War":46,"Bottled Lightning":32,"AT_SunfireAegis":0,"Ice Cream":54,"Tiny House":17,"Gremlin Horn":28,"AT_MibuBalloonWealth":15,"SSSystem":6,"Vajra":7,"Tea:ReiMu":42,"BirthdayGift-Icosahedron":0,"Runic Capacitor":0,"AT_ArchangelStaff":30,"Centennial Puzzle":10,"Lizard Tail":36,"HornCleat":38,"PageOfFairyFestival":15,"testmod-Laevatain":0,"Ccalipers":0,"DollysMirror":31,"Strawberry":7,"Toxic Egg 2":28,"testmod-ChristmasGift":0,"ImportantClient":16,"AT_RabadonDeathcap":20,"Happy Flower":0,"testmod-FatalChain":25,"Oddly Smooth Stone":53,"AddBug":1,"War Paint":14,"Question Card":0,"testmod-RealStoneCalender":7,"OrangePellets":32,"Bottled Flame":40,"Brimstone":7,"Shuriken":54,"testmod-Acrobat":11,"Molten Egg 2":29,"GodSword7":0,"GodSword6":41,"OriginationStaff":31,"GodSword5":27,"xbg":0,"GodSword4":0,"GodSword3":43,"Symbiotic Virus":0,"testmod-OneHitWonder":42,"Meat on the Bone":0,"GodSword1":41,"Darkstone Periapt":15,"AT_SeraphEmbrace":56,"Mango":38,"SecretRecord":1,"Juzu Bracelet":0,"Incense Burner":0,"ExusiaiGun":34,"testmod-Nyarlathotep":54,"ClockworkSouvenir":37,"Nunchaku":0,"TheAbacus":0,"testmod-InjuryResistance":0,"Mummified Hand":53,"PageOfForsakenMurderer":31,"Pantograph":0,"Gambling Chip":44,"PageOfSnowWhitesApple":8,"Cracked Core":0,"testmod-ArcanaOfDestiny":0,"SumBook":55,"Runic Pyramid":17,"JellyFishMachine":34,"AT_BladeRuinedKing":30,"testmod-Justice":30,"Orichalcum":54,"testmod-IndustrialRevolution":27,"Medical Kit":29,"White Beast Statue":26,"DALC_TWO":54,"Peace Pipe":0,"PageOfLibrarian":0,"Cauldron":38,"testmod-Antiphasic":7,"CaptainsWheel":23,"Anchor":54,"DataDisk":12,"SynthV:TestCard":1,"testmod-AssaultLearning":28,"Bag of Marbles":29,"Membership Card":0,"TungstenRod":6,"FossilizedHelix":0},{"AT_ATBox":0,"testmod-LifeArmor":90,"PageOfAlriune":149,"AT_TimeSand":87,"testmod-NegativeEmotionEnhancer":0,"Whetstone":62,"Bottled Tornado":81,"Boot":18,"MagicDraw3":30,"Sling":32,"MagicDraw2":73,"testmod-BlackFramedGlasses":118,"Old Coin":68,"MagicDraw1":112,"Blood Vial":83,"testmod-Prudence":0,"Sundial":58,"MealTicket":23,"HandDrill":32,"Kunai":23,"MerchantsRug":32,"testmod-Maize":90,"MostiFishMod:Hod":97,"AT_RedTearstoneRing":87,"testmod-TestBox":0,"Pear":81,"Dodecahedron":62,"testmod-Register":0,"Blue Candle":55,"Eternal Feather":115,"Pen Nib":62,"AT_EbonyIvory":87,"AT_SilvercatRing":100,"TimeFreeze":99,"Akabeko":32,"EasyRelic":0,"Cables":87,"testmod-Fortitude":149,"Runic Dome":0,"Bird Faced Urn":23,"BionicSphere":87,"MutagenicStrength":99,"Technique":75,"AT_BellDemon":108,"Lantern":58,"Regal Pillow":68,"DaveBox":0,"DianPoetry":0,"testmod-EqualTreatment":136,"Bag of Preparation":55,"Ancient Tea Set":82,"testmod-CasingShield":146,"Civilization":62,"testmod-Brilliant":62,"Shovel":32,"PageOfMercenary":120,"testmod-ObsoleteBoomerang":32,"Chemical X":87,"BirthdayGift-Tetrahedron":146,"ZombieArmy":54,"Potion Belt":4,"AT_ChloranthyRing":99,"Lee\u0027s Waffle":85,"ImprovedEquipment":62,"AT_GoldPhoenixTree":87,"PreservedInsect":8,"BrkXgEgg":23,"Omamori":87,"testmod-TurbochargingSystem":111,"Frozen Egg 2":83,"LastBattle":100,"MawBank":136,"AT_BellowingDragoncrestRing":102,"HaiYi:Twilight":137,"FeatherPendant":9,"Ornamental Fan":64,"Orrery":47,"Art of War":26,"Bottled Lightning":75,"AT_SunfireAegis":87,"Ice Cream":60,"Tiny House":127,"Gremlin Horn":73,"AT_MibuBalloonWealth":96,"SSSystem":3,"Vajra":64,"Tea:ReiMu":82,"BirthdayGift-Icosahedron":0,"Runic Capacitor":32,"AT_ArchangelStaff":102,"Centennial Puzzle":65,"Lizard Tail":138,"HornCleat":23,"PageOfFairyFestival":126,"testmod-Laevatain":32,"Ccalipers":62,"DollysMirror":136,"Strawberry":64,"Toxic Egg 2":102,"testmod-ChristmasGift":0,"ImportantClient":69,"AT_RabadonDeathcap":99,"Happy Flower":62,"testmod-FatalChain":16,"Oddly Smooth Stone":85,"AddBug":33,"War Paint":8,"Question Card":32,"testmod-RealStoneCalender":64,"OrangePellets":75,"Bottled Flame":81,"Brimstone":64,"Shuriken":85,"testmod-Acrobat":6,"Molten Egg 2":73,"GodSword7":87,"GodSword6":81,"OriginationStaff":136,"GodSword5":73,"xbg":0,"GodSword4":62,"GodSword3":24,"Symbiotic Virus":87,"testmod-OneHitWonder":109,"Meat on the Bone":62,"GodSword1":108,"Darkstone Periapt":68,"AT_SeraphEmbrace":117,"Mango":52,"SecretRecord":33,"Juzu Bracelet":62,"Incense Burner":62,"ExusiaiGun":76,"testmod-Nyarlathotep":30,"ClockworkSouvenir":51,"Nunchaku":62,"TheAbacus":62,"testmod-InjuryResistance":62,"Mummified Hand":85,"PageOfForsakenMurderer":136,"Pantograph":62,"Gambling Chip":110,"PageOfSnowWhitesApple":121,"Cracked Core":0,"testmod-ArcanaOfDestiny":62,"SumBook":31,"Runic Pyramid":69,"JellyFishMachine":49,"AT_BladeRuinedKing":102,"testmod-Justice":74,"Orichalcum":85,"testmod-IndustrialRevolution":73,"Medical Kit":73,"White Beast Statue":16,"DALC_TWO":30,"Peace Pipe":62,"PageOfLibrarian":0,"Cauldron":23,"testmod-Antiphasic":64,"CaptainsWheel":15,"Anchor":30,"DataDisk":66,"SynthV:TestCard":118,"testmod-AssaultLearning":73,"Bag of Marbles":73,"Membership Card":0,"TungstenRod":64,"FossilizedHelix":117},{"AT_ATBox":0,"testmod-LifeArmor":142,"PageOfAlriune":228,"AT_TimeSand":137,"testmod-NegativeEmotionEnhancer":0,"Whetstone":109,"Bottled Tornado":130,"Boot":35,"MagicDraw3":50,"Sling":54,"MagicDraw2":122,"testmod-BlackFramedGlasses":193,"Old Coin":115,"MagicDraw1":182,"Blood Vial":132,"testmod-Prudence":0,"Sundial":100,"MealTicket":40,"HandDrill":54,"Kunai":40,"MerchantsRug":54,"testmod-Maize":142,"MostiFishMod:Hod":164,"AT_RedTearstoneRing":137,"testmod-TestBox":0,"Pear":130,"Dodecahedron":109,"testmod-Register":0,"Blue Candle":97,"Eternal Feather":187,"Pen Nib":109,"AT_EbonyIvory":137,"AT_SilvercatRing":167,"TimeFreeze":166,"Akabeko":54,"EasyRelic":0,"Cables":137,"testmod-Fortitude":228,"Runic Dome":0,"Bird Faced Urn":40,"BionicSphere":137,"MutagenicStrength":166,"Technique":124,"AT_BellDemon":178,"Lantern":100,"Regal Pillow":115,"DaveBox":0,"DianPoetry":0,"testmod-EqualTreatment":215,"Bag of Preparation":97,"Ancient Tea Set":131,"testmod-CasingShield":225,"Civilization":109,"testmod-Brilliant":109,"Shovel":54,"PageOfMercenary":197,"testmod-ObsoleteBoomerang":54,"Chemical X":137,"BirthdayGift-Tetrahedron":225,"ZombieArmy":96,"Potion Belt":9,"AT_ChloranthyRing":166,"Lee\u0027s Waffle":135,"ImprovedEquipment":109,"AT_GoldPhoenixTree":137,"PreservedInsect":18,"BrkXgEgg":40,"Omamori":137,"testmod-TurbochargingSystem":181,"Frozen Egg 2":132,"LastBattle":167,"MawBank":215,"AT_BellowingDragoncrestRing":169,"HaiYi:Twilight":216,"FeatherPendant":25,"Ornamental Fan":111,"Orrery":84,"Art of War":43,"Bottled Lightning":124,"AT_SunfireAegis":137,"Ice Cream":103,"Tiny House":205,"Gremlin Horn":122,"AT_MibuBalloonWealth":159,"SSSystem":7,"Vajra":111,"Tea:ReiMu":131,"BirthdayGift-Icosahedron":0,"Runic Capacitor":54,"AT_ArchangelStaff":169,"Centennial Puzzle":112,"Lizard Tail":217,"HornCleat":40,"PageOfFairyFestival":203,"testmod-Laevatain":54,"Ccalipers":109,"DollysMirror":215,"Strawberry":111,"Toxic Egg 2":169,"testmod-ChristmasGift":0,"ImportantClient":117,"AT_RabadonDeathcap":166,"Happy Flower":109,"testmod-FatalChain":32,"Oddly Smooth Stone":135,"AddBug":55,"War Paint":18,"Question Card":54,"testmod-RealStoneCalender":111,"OrangePellets":124,"Bottled Flame":130,"Brimstone":111,"Shuriken":135,"testmod-Acrobat":14,"Molten Egg 2":122,"GodSword7":137,"GodSword6":130,"OriginationStaff":215,"GodSword5":122,"xbg":0,"GodSword4":109,"GodSword3":41,"Symbiotic Virus":137,"testmod-OneHitWonder":179,"Meat on the Bone":109,"GodSword1":178,"Darkstone Periapt":115,"AT_SeraphEmbrace":190,"Mango":93,"SecretRecord":55,"Juzu Bracelet":109,"Incense Burner":109,"ExusiaiGun":125,"testmod-Nyarlathotep":50,"ClockworkSouvenir":91,"Nunchaku":109,"TheAbacus":109,"testmod-InjuryResistance":109,"Mummified Hand":135,"PageOfForsakenMurderer":215,"Pantograph":109,"Gambling Chip":180,"PageOfSnowWhitesApple":198,"Cracked Core":0,"testmod-ArcanaOfDestiny":109,"SumBook":51,"Runic Pyramid":117,"JellyFishMachine":88,"AT_BladeRuinedKing":169,"testmod-Justice":123,"Orichalcum":135,"testmod-IndustrialRevolution":122,"Medical Kit":122,"White Beast Statue":32,"DALC_TWO":50,"Peace Pipe":109,"PageOfLibrarian":0,"Cauldron":40,"testmod-Antiphasic":111,"CaptainsWheel":31,"Anchor":50,"DataDisk":113,"SynthV:TestCard":193,"testmod-AssaultLearning":122,"Bag of Marbles":122,"Membership Card":0,"TungstenRod":111,"FossilizedHelix":192}]},"card_choices":[{"not_picked":["NightInTheBackstreets","TheArtOfRapidSteps","MultiHit","Reload","FeatherShield","DesperateStruggle","CrackOfDawn","DefenseOrder","Standoff"],"picked":"SKIP","floor":1.0},{"not_picked":["Outburst","Bvapour","Leap_lor","SuppressingShot","StructuralAnalysis","AbsorbImpact","ForcefulGesture","FormingStorm","Unlock1","NightInTheBackstreets","AsThePrescriptOrders"],"picked":"SKIP","floor":5.0},{"not_picked":["SharpSwipe","Rewind","FendThisOffIfYouCan","Parry","Quickness","InkOver","RepressedFlesh","SharpNails","UncannyStrike","SuppressingShot","FrontalAssault"],"picked":"SKIP","floor":6.0},{"not_picked":["SuppressingShot","Retaliate","Unlock1","FeelinGood","Deflect_lor","EnergyBeam","Tailoring","AsThePrescriptOrders","Rampage_lor","TrimTheIngredients"],"picked":"DarkCloud","floor":8.0},{"not_picked":["SunsetBlade","Feast","Multislash","FlamingDragonFist","IllEndYou","PreemptiveStrike","ProselytesBlade","DarkCloud","MultiHit","FleshFillet"],"picked":"Faith","floor":10.0},{"not_picked":["MindPrepared","Parry","GuardingStance","Diversion","EnergyShield","EndlessBattle","StrongStrike","SinglePointStab","DefenseOrder","StructuralAnalysis"],"picked":"LeRegole","floor":11.0},{"not_picked":["StructuralAnalysis","Rewind","ExtractFuel","EnergyCycle","PreemptiveStrike","AsThePrescriptOrders","MultiHit","HardRehearsal","DesperateStruggle","Thrust"],"picked":"SilentNight","floor":12.0},{"not_picked":["EnergyCycle","DesperateStruggle","UnavoidableGaze","AssaultOrder","WrathOfTorment","DimensionalRift","ButterflySlash","ElectricShock","Multislash","SenseQuarry","ClassAndRespect"],"picked":"SKIP","floor":13.0},{"not_picked":["SuppressingShot","SteelKnuckles","HighSpeedStabbing","UpbeatPerformance","EndlessBattle","BiteOff","Outburst","ToWhereThePrescriptPoints","Diversion","Reload"],"picked":"Quickness","floor":14.0},{"not_picked":["Leap_lor","InkOver","StayCalm","Rewind","SpearedSweep","FrontalAssault","ToOvercomeCrisis","LossOfSenses","WillOfThePrescript+1","FlashingStrike","NonstopAssault"],"picked":"SKIP","floor":18},{"not_picked":["SweepTheBackstreets","EnergyCycle","Standoff","AlloutWar","Decapitation","BackstreetsDash+1","TheArtOfRapidSteps+1","SinglePointStab","ScatteringSlash","FierceCharge","SharpSwipe+1"],"picked":"SKIP","floor":19},{"not_picked":["SuppressingShot","WillOfThePrescript","Thirst","ViolentFlame","SpearedSweep","Faith","PreemptiveStrike","LossOfSenses+1","QuickAttack+1","AlloutWar"],"picked":"ExtremeEdge+1","floor":22},{"not_picked":["HighKick+1","DevastatingThrash+1","SturdyDefense","Diversion+1","CumulusWall","DefenseOrder","PreemptiveStrike+1","ChargeUp","UpbeatPerformance+1","EnergyCycle+1"],"picked":"Preparation+1","floor":24},{"not_picked":["ExtremeEdge+1","ElectricShock+1","Reload","FleetFootsteps+1","QuickAttack+1","Gigigig+1","BurningFlash+1","DefenseOrder+1","ClassAndRespect+1","Slice_lor+1","Standoff+1"],"picked":"SKIP","floor":25},{"not_picked":["IngredientHunt+1","FierceCharge","ExtractFuel","EnergyBeam+1","ForcefulGesture+1","FleetFootsteps","EnergyShield","Quickness","UpbeatPerformance+1","Diversion+1","UnavoidableGaze+1"],"picked":"SKIP","floor":27},{"not_picked":["SetFire+1","SharpSwipe+1","FlyingSword+1","Multislash+1","Parry+1","EnergyShield+1","HighKick+1","AbsorbImpact","ICanCookAnything+1","StrongStrike+1","Quickness+1"],"picked":"SKIP","floor":28},{"not_picked":["SinglePointStab+1","SmokingPipe+1","GoinFirst+1","Guardian_lor","Diversion+1","Quickness+1","Wallop_lor+1","UpbeatPerformance+1","DarkCloud","Leap_lor+1","Faith"],"picked":"SKIP","floor":29},{"not_picked":["PreemptiveStrike+1","LeRegole","Guardian_lor","HiddenBlade+1","Standoff+1","NonstopAssault+1","Outburst+1","SweepTheBackstreets+1","EnergyShield","AsThePrescriptOrders","WillOfThePrescript+1"],"picked":"SKIP","floor":30},{"not_picked":["WaitUp","SmokingPipe","ClassAndRespect+1","EnergyCycle+1","DarkCloud+1","DaringDecision+1","OpportunitySpotted+1","ViolentFlame+1","DeepDrag+1","FendThisOffIfYouCan+1","Feast+1"],"picked":"SKIP","floor":35},{"not_picked":["BindingChains+1","Feast+1","SmokingPipe+1","GaleKick+1","SweepTheBackstreets+1","UpbeatPerformance+1","FleetEdge+1","GuidanceOfTheGears","Thrust+1","EnergyBeam+1","Fence+1"],"picked":"SKIP","floor":37},{"not_picked":["Rampage_lor+1","CumulusWall","Pound+1","UnavoidableGaze","StructuralAnalysis","ViolentFlame+1","SuppressingShot+1","Punishment+1","SpearedSweep+1","Standoff+1","Gamble+1"],"picked":"SKIP","floor":38},{"not_picked":["AsThePrescriptOrders","HiddenBlade+1","ViolentFlame","Multislash+1","Pound+1","ClassAndRespect+1","BackAttack","Thirst+1","GaleKick+1","SparkingSpear+1","ICanCookAnything+1"],"picked":"SKIP","floor":39},{"not_picked":["AsThePrescriptOrders","FlashingStrike+1","Diversion+1","FierceCharge","ChopItOff+1","IngredientHunt+1","SteelKnuckles+1","HighKick+1","Multislash+1","Outburst+1","SharpenedBlade+1"],"picked":"SKIP","floor":40},{"not_picked":["Tailoring+1","ButterflySlash+1","SkyClearingCut+1","FleetFootsteps","Rewind+1","QuickAttack+1","HiddenBlade+1","Decapitation+1","FleetEdge+1","Fence+1","StructuralAnalysis"],"picked":"SKIP","floor":41},{"not_picked":["InkOver+1","Rewind","Execute_lor+1","Faith+1","IronWall","FendThisOffIfYouCan+1","SpearedSweep+1","CleanUp+1","FlyingSword+1","ICanCookAnything+1","PreemptiveStrike+1"],"picked":"SKIP","floor":42},{"not_picked":["Struggle","UnavoidableGaze+1","GatherIntel+1","TraceOfFumes+1","FleetFootsteps","Quickness+1","FormingStorm+1","SpearedSweep+1","CombatPreparation+1","StayCalm+1"],"picked":"MultiHit+1","floor":44},{"not_picked":["BlowItUp+1","Reload","Leap_lor+1","FierceCharge+1","FleetFootsteps+1","FeatherShield","EnergyCycle+1","DarkCloud","MultiBlock+1","PuppetBlockade+1","StrongStrike+1"],"picked":"SKIP","floor":47},{"not_picked":["StartinOutLightly","FrontalAssault","SomberProcuration+1","ClassAndRespect+1","BackstreetsDash+1","SharpSwipe+1","Ripple+1","SunsetBlade+1","StructuralAnalysis+1","Eject+1","FierceOnslaught+1"],"picked":"SKIP","floor":48},{"not_picked":["Standoff+1","Leap_lor+1","SunsetBlade+1","LossOfSenses+1","MultiBlock+1","BladeWhirl+1","StructuralAnalysis+1","TendonChords+1","Retaliate+1","UpbeatPerformance+1","EnergyShield+1"],"picked":"SKIP","floor":54}],"player_experience":253437,"relics_obtained":[{"floor":1.0,"key":"SynthV:TestCard"},{"floor":6.0,"key":"Vajra"},{"floor":8.0,"key":"PageOfSnowWhitesApple"},{"floor":9.0,"key":"MagicDraw1"},{"floor":10.0,"key":"Incense Burner"},{"floor":14.0,"key":"Blood Vial"},{"floor":26,"key":"War Paint"},{"floor":28,"key":"PreservedInsect"},{"floor":40,"key":"testmod-Nyarlathotep"},{"floor":42,"key":"Bird Faced Urn"},{"floor":44,"key":"Anchor"},{"floor":45,"key":"testmod-CasingShield"},{"floor":54,"key":"AT_EbonyIvory"}],"event_choices":[{"damage_healed":0.0,"max_hp_gain":0.0,"max_hp_loss":0.0,"gold_gain":0.0,"event_name":"Scrap Ooze","player_choice":"Success","floor":2.0,"gold_loss":0.0,"damage_taken":18.0,"relics_obtained":["Darkstone Periapt"]},{"damage_healed":0.0,"max_hp_gain":0.0,"max_hp_loss":0.0,"gold_gain":175.0,"event_name":"Liars Game","player_choice":"AGREE","floor":3.0,"gold_loss":0.0,"damage_taken":0.0,"cards_obtained":["Doubt"]},{"damage_healed":0,"gold_gain":0,"player_choice":"Bought 3 Potions","damage_taken":0,"max_hp_gain":0,"max_hp_loss":0,"event_name":"The Woman in Blue","floor":21,"gold_loss":0},{"damage_healed":0,"gold_gain":0,"player_choice":"Fight","damage_taken":0,"max_hp_gain":0,"max_hp_loss":0,"event_name":"MindBloom","floor":45,"gold_loss":0}],"is_beta":false,"boss_relics":[{"not_picked":["TimeKeys","Snecko Eye"],"picked":"Tiny House"},{"not_picked":["testmod-StringDisintegrator","SacredBark"],"picked":"HaiYi:Twilight"}],"items_purged_floors":[0,0,0,0,0,4,7,7,7,7,7,7,20,20,20,31,46,52],"is_endless":false,"potions_floor_spawned":[8,11,12,16,18,19,24,27,28,35,39,40,41,44,48],"ascension_level":0}}