{"host":"4w8ocelhatf0iefc","time":1609157110,"event":{"mods":["AchievementEnabler","Act Like it!","Aspiration","BaseMod","Colored Map","Colored Powertips","Downfall","GifTheSpireLib","Hubris","Minty Spire (QoL Compilation)","Replay The Spire","StSLib","The Mystic","vexMod"],"gold_per_floor":[99,109,129,139,155,11,36,46,75,75,108,119,119,131,150,150,150,150],"floor_reached":16,"playtime":3559,"items_purged":["champ:Strike"],"score":116,"play_id":"d8e0db70-6427-45f2-910f-e95f5ad9efcc","local_time":"20201228200510","is_ascension_mode":false,"campfire_choices":[{"data":"1","floor":1,"key":"LIFT"},{"floor":10,"key":"REST"},{"data":"2","floor":13,"key":"LIFT"}],"circlet_count":0,"master_deck":["champ:Strike","champ:Strike+1","champ:Strike","champ:Defend","champ:Defend","champ:Defend","champ:Defend","champ:Execute","champ:Taunt","champ:Encircle","champ:GladiatorStyle","champ:CrookedStrike+1","champ:GladiatorsShout","champ:RecklessLeap","champ:TornadoPunch","champ:FlashCut","champ:DeathBlow","champ:FaceSlap","champ:FocusedGladiator","champ:BerserkerStyle","champ:LastStand","champ:CalledShot"],"relics":["champ:ChampionCrown","Girya","Whetstone","Dream Catcher","hubris:SlimyHat"],"acts_visited":["Exordium"],"potions_floor_usage":[9,11,11,15,16],"damage_taken":[{"damage":10,"enemies":"Cultist","floor":2,"turns":4},{"damage":3,"enemies":"2 Louse","floor":3,"turns":3},{"damage":18,"enemies":"Jaw Worm","floor":4,"turns":2},{"damage":11,"enemies":"Blue Slaver","floor":5,"turns":3},{"damage":7,"enemies":"downfall:FleeingMerchant","floor":6,"turns":4},{"damage":20,"enemies":"Large Slime","floor":8,"turns":3},{"damage":28,"enemies":"Replay:BlueRogue","floor":9,"turns":5},{"damage":26,"enemies":"3 Sentries","floor":11,"turns":5},{"damage":10,"enemies":"2 Fungi Beasts","floor":12,"turns":2},{"damage":16,"enemies":"Large Slime","floor":14,"turns":4},{"damage":25,"enemies":"Exordium Wildlife","floor":15,"turns":2},{"damage":22,"enemies":"downfall:Silent","floor":16,"turns":2}],"seed_played":"2312515119572670780","potions_obtained":[{"floor":3,"key":"Dexterity Potion"},{"floor":4,"key":"Energy Potion"},{"floor":8,"key":"champ:OpenerPotion"},{"floor":11,"key":"SkillPotion"},{"floor":12,"key":"Elixir"},{"floor":15,"key":"champ:CounterPotion"}],"is_trial":false,"path_per_floor":["R_BF","M","M","M","M","$","T","M","E","R","E","M","R","M","M","B"],"character_chosen":"THE_CHAMP","items_purchased":["champ:TornadoPunch"],"campfire_rested":1,"item_purchase_floors":[6],"current_hp_per_floor":[63,63,62,51,47,47,47,47,26,53,42,42,42,31,19,0,0,0],"gold":150,"neow_bonus":"ONE_RARE_RELIC","is_daily":false,"chose_seed":false,"campfire_upgraded":0,"win_rate":0.0,"timestamp":1609157110,"path_taken":["R_BF","M","M","?","M","$","T","M","E","R","E","M","R","?","M","BOSS"],"items_purchased_type":["Card"],"build_version":"2020-12-22","purchased_purges":1,"victory":false,"max_hp_per_floor":[90,90,90,90,90,90,90,90,90,90,90,90,90,90,90,90,90,90],"card_choices":[{"not_picked":["champ:AdrenalArmor","champ:EnragedBash"],"picked":"champ:Encircle","floor":2},{"not_picked":["champ:FlashCut","champ:Circumvent"],"picked":"champ:GladiatorStyle","floor":3},{"not_picked":["champ:EnGarde","champ:Duel"],"picked":"champ:CrookedStrike","floor":4},{"not_picked":["champ:TornadoPunch","champ:GutPunch"],"picked":"champ:GladiatorsShout","floor":5},{"not_picked":["champ:RapidStrikes","champ:FocusedDefense"],"picked":"champ:RecklessLeap","floor":6},{"not_picked":["champ:FocusedDefense","champ:StanceDance"],"picked":"champ:FlashCut","floor":8},{"not_picked":["champ:ViciousMockery","champ:FocusedGladiator"],"picked":"champ:DeathBlow","floor":9},{"not_picked":["champ:Circumvent","champ:TornadoPunch"],"picked":"champ:FaceSlap","floor":10},{"not_picked":["champ:Circumvent","champ:Haymaker"],"picked":"champ:FocusedGladiator","floor":11},{"not_picked":["champ:PerfectedStrike","champ:TornadoPunch"],"picked":"champ:BerserkerStyle","floor":12},{"not_picked":["champ:CrookedStrike","champ:GladiatorsShout"],"picked":"champ:LastStand","floor":14},{"not_picked":["champ:FocusedBerserking","champ:BladeFlurry"],"picked":"champ:CalledShot","floor":15}],"player_experience":450674,"relics_obtained":[{"floor":7,"key":"Whetstone"},{"floor":9,"key":"Dream Catcher"},{"floor":11,"key":"hubris:SlimyHat"}],"event_choices":[],"is_beta":false,"boss_relics":[],"items_purged_floors":[6],"is_endless":false,"potions_floor_spawned":[3,4,8,11,12,15],"killed_by":"downfall:Silent","ascension_level":0}}