{"host":"lku4gktzilv18rfq","time":1609193901,"event":{"mods":["BaseMod","Downfall","Minty Spire (QoL Compilation)","Permanent Neow","StSLib"],"gold_per_floor":[99,117,267,284,22,22,47,47,47,79,89,189,189,221,231,327,327,327,340,351,19,69,86,86,136,186,12,12,113,131,158,175,288,288,138,154,204,230,280,315,315,365,415,415,415],"floor_reached":43,"playtime":4261,"items_purged":["Slimebound:Icky","hexamod:Defend"],"score":582,"play_id":"a0e12bbc-275e-4133-a0a8-2af0cfa3fd97","local_time":"20201228141821","is_ascension_mode":false,"campfire_choices":[{"data":"hexamod:Sear","floor":1,"key":"SMITH"},{"data":"expansioncontent:DashGenerateEvil","floor":6,"key":"SMITH"},{"data":"hexamod:Again","floor":9,"key":"SMITH"},{"data":"hexamod:CatchUp","floor":13,"key":"SMITH"},{"floor":18,"key":"RECALL"},{"floor":28,"key":"REST"}],"circlet_count":0,"master_deck":["hexamod:Defend+1","hexamod:Defend+1","hexamod:Sear+1","hexamod:Float+1","hexamod:Hexaguard+1","hexamod:Again+1","hexamod:GhostOfSpireFuture+1","hexamod:VolcanoVisage+1","expansioncontent:DashGenerateEvil+1","hexamod:FirstSeal","hexamod:EmpoweredFlame","hexamod:CatchUp+1","hexamod:FastForward+1","hexamod:HauntingEcho+1","hexamod:EmpoweredFlame+1","hexamod:SixthSeal","hexamod:Hexaguard+1","hexamod:InspiringFlames+1","hexamod:SecondSeal","Bite+1","Bite+1","Bite+1","Bite+1","Bite+1","hexamod:TimeWarp+1","hexamod:ThirdSeal","hexamod:EtherealExpedition","hexamod:TurnItUp","hexamod:SpectralAdrenaline+1","hexamod:FifthSeal","hexamod:CrushingStance+1","hexamod:GhostOfSpireFuture","hexamod:ThirdSeal","hexamod:Rewind+1","hexamod:FastForward+1","hexamod:GhostOfSpireFuture+1","hexamod:CatchUp+1","Neutralize+1"],"relics":["hexamod:SpiritBrand","Unceasing Top","Ice Cream","downfall:CloakOfManyFaces","CultistMask","FaceOfCleric","NlothsMask","GremlinMask","SsserpentHead","Juzu Bracelet","Fusion Hammer","Membership Card","Molten Egg 2","downfall:RedIOU","Sling","War Paint","hexamod:MatchstickCase","Coffee Dripper","downfall:HeartBlessingRed","downfall:HeartBlessingGreen","Blue Candle","White Beast Statue"],"acts_visited":["Exordium","TheCity","TheBeyond"],"potions_floor_usage":[14,16,33,33,33],"damage_taken":[{"damage":0,"enemies":"Small Slimes","floor":2,"turns":3},{"damage":0,"enemies":"Jaw Worm","floor":4,"turns":3},{"damage":0,"enemies":"downfall:FleeingMerchant","floor":5,"turns":4},{"damage":0,"enemies":"Lagavulin","floor":10,"turns":7},{"damage":7,"enemies":"2 Louse","floor":11,"turns":2},{"damage":16,"enemies":"downfall:FaceTrader","floor":12,"turns":6},{"damage":0,"enemies":"Gremlin Nob","floor":14,"turns":4},{"damage":5,"enemies":"Red Slaver","floor":15,"turns":3},{"damage":22,"enemies":"downfall:Silent","floor":16,"turns":8},{"damage":5,"enemies":"Spheric Guardian","floor":19,"turns":5},{"damage":0,"enemies":"Chosen","floor":20,"turns":4},{"damage":0,"enemies":"downfall:FleeingMerchant","floor":21,"turns":4},{"damage":3,"enemies":"Snake Plant","floor":23,"turns":3},{"damage":1,"enemies":"downfall:FleeingMerchant","floor":27,"turns":4},{"damage":12,"enemies":"3 Cultists","floor":30,"turns":4},{"damage":28,"enemies":"Slavers","floor":31,"turns":6},{"damage":0,"enemies":"Snecko","floor":32,"turns":3},{"damage":9,"enemies":"downfall:Ironclad","floor":33,"turns":7},{"damage":3,"enemies":"Orb Walker","floor":36,"turns":3},{"damage":20,"enemies":"3 Darklings","floor":38,"turns":5},{"damage":31,"enemies":"Nemesis","floor":40,"turns":7},{"damage":70,"enemies":"2 Orb Walkers","floor":43,"turns":5}],"seed_played":"8560373403856096390","potions_obtained":[{"floor":10,"key":"CultistPotion"},{"floor":11,"key":"sneckomod:MuddlingPotion"},{"floor":12,"key":"Dexterity Potion"},{"floor":14,"key":"sneckomod:MuddlingPotion"},{"floor":23,"key":"LiquidMemories"},{"floor":31,"key":"Ancient Potion"},{"floor":32,"key":"champ:CounterPotion"},{"floor":36,"key":"EssenceOfSteel"}],"is_trial":false,"path_per_floor":["R","M","?","M","$","R","T","?","R","E","M","?","R","E","M","B",null,"R","M","M","$","?","M","T","?","?","$","R","T","M","E","M","B",null,"R","M","T","M","?","E","T","?","?"],"character_chosen":"THE_SPIRIT","items_purchased":["hexamod:VolcanoVisage","expansioncontent:DashGenerateEvil","Membership Card","Molten Egg 2","hexamod:ThirdSeal","Sling"],"campfire_rested":1,"item_purchase_floors":[5,5,21,21,27,27],"current_hp_per_floor":[49,49,49,49,49,49,49,42,42,42,35,26,26,34,37,16,73,73,74,75,76,62,60,60,57,57,58,58,58,54,48,58,62,62,62,63,63,54,54,46,46,46,0,0,0],"gold":415,"neow_bonus":"ONE_RARE_RELIC","is_daily":false,"chose_seed":false,"campfire_upgraded":4,"win_rate":0.0,"timestamp":1609193901,"path_taken":["R","M","?","M","$","R","T","?","R","E","M","?","R","E","M","BOSS","R","M","M","$","?","M","T","?","?","$","R","?","M","E","M","BOSS","R","M","?","M","?","E","T","?","?"],"items_purchased_type":["Card","Card","Relic","Relic","Card","Relic"],"build_version":"2020-12-22","purchased_purges":2,"victory":false,"max_hp_per_floor":[70,70,70,70,70,70,70,70,70,70,70,70,70,71,72,73,73,73,74,75,76,81,82,82,57,57,58,58,58,59,60,61,62,62,62,63,63,64,64,65,65,65,65,65,65],"card_choices":[{"not_picked":["hexamod:Incineration","hexamod:Firestarter"],"picked":"hexamod:Hexaguard","floor":2},{"not_picked":["hexamod:SpectersWail","hexamod:AdvancingGuard"],"picked":"hexamod:Again","floor":4},{"not_picked":["hexamod:GhostShield","hexamod:ShieldOfDarkness"],"picked":"hexamod:GhostOfSpireFuture","floor":5},{"not_picked":["hexamod:SwordOfDarkness","hexamod:RainOfEmbers"],"picked":"hexamod:EmpoweredFlame","floor":10},{"not_picked":["hexamod:Hexaguard","hexamod:GhostOfSpirePast"],"picked":"hexamod:CatchUp","floor":11},{"not_picked":["hexamod:SwordOfDarkness","hexamod:GhostOfSpirePresent"],"picked":"hexamod:FastForward","floor":12},{"not_picked":["hexamod:Hexaguard","hexamod:PhantomCloak"],"picked":"hexamod:HauntingEcho","floor":14},{"not_picked":["hexamod:StepThrough","hexamod:BurningTouch"],"picked":"hexamod:EmpoweredFlame","floor":15},{"not_picked":["hexamod:HexaLevel","hexamod:ParanormalForm"],"picked":"hexamod:SixthSeal","floor":16},{"not_picked":["hexamod:ShieldOfDarkness","hexamod:SpectersWail"],"picked":"hexamod:Hexaguard","floor":19},{"not_picked":["hexamod:DynamicBlow","hexamod:Firestarter+1"],"picked":"hexamod:InspiringFlames","floor":20},{"not_picked":["hexamod:ThermalTransfer","hexamod:FastForward"],"picked":"hexamod:SecondSeal","floor":21},{"not_picked":["hexamod:ThermalTransfer+1","hexamod:GhostflameBarrier+1","hexamod:NightmareStrike+1"],"picked":"SKIP","floor":23},{"not_picked":["hexamod:BurningTouch","hexamod:HauntingEcho+1"],"picked":"hexamod:TimeWarp+1","floor":27},{"not_picked":["hexamod:ThermalTransfer+1","hexamod:BurningTouch"],"picked":"hexamod:EtherealExpedition","floor":30},{"not_picked":["hexamod:AdvancingGuard","hexamod:Hexaguard","hexamod:GhostShield+1"],"picked":"SKIP","floor":30},{"not_picked":["hexamod:PhantomFireball+1","hexamod:AdvancingGuard+1"],"picked":"hexamod:TurnItUp","floor":31},{"not_picked":["hexamod:HeatCrush+1","hexamod:HauntingEcho+1","hexamod:BurningTouch+1"],"picked":"SKIP","floor":31},{"not_picked":["hexamod:Incineration+1","hexamod:ShieldOfDarkness"],"picked":"hexamod:SpectralAdrenaline+1","floor":32},{"not_picked":["hexamod:SpectersWail+1","hexamod:SecondSeal","hexamod:InspiringFlames"],"picked":"SKIP","floor":32},{"not_picked":["hexamod:SixthSeal","hexamod:TimeWarp+1"],"picked":"hexamod:FifthSeal","floor":33},{"not_picked":["hexamod:VolcanoVisage","hexamod:SearingWound"],"picked":"hexamod:CrushingStance+1","floor":33},{"not_picked":["hexamod:HauntingEcho+1","hexamod:Firestarter+1"],"picked":"hexamod:GhostOfSpireFuture","floor":36},{"not_picked":["hexamod:SixthSeal","hexamod:FourthSeal"],"picked":"hexamod:ThirdSeal","floor":38},{"not_picked":["hexamod:ThermalTransfer+1","hexamod:NightmareStrike+1"],"picked":"hexamod:Rewind+1","floor":38},{"not_picked":["hexamod:HauntingEcho+1","hexamod:RadiantFlame"],"picked":"hexamod:FastForward+1","floor":38},{"not_picked":["hexamod:RainOfEmbers+1","hexamod:HeatCrush+1"],"picked":"hexamod:GhostOfSpireFuture+1","floor":40},{"not_picked":["hexamod:BurningTouch","hexamod:BacktrackSmack+1"],"picked":"hexamod:CatchUp+1","floor":40},{"not_picked":["hexamod:ThermalTransfer+1","hexamod:StepThrough+1","hexamod:InspiringFlames+1"],"picked":"SKIP","floor":40},{"not_picked":["hexamod:SixthSeal","hexamod:FirstSeal","hexamod:SecondSeal"],"picked":"SKIP","floor":40}],"player_experience":929139,"relics_obtained":[{"floor":7,"key":"Pen Nib"},{"floor":10,"key":"Ice Cream"},{"floor":12,"key":"downfall:CloakOfManyFaces"},{"floor":14,"key":"Juzu Bracelet"},{"floor":29,"key":"War Paint"},{"floor":31,"key":"hexamod:MatchstickCase"},{"floor":40,"key":"Blue Candle"},{"floor":41,"key":"White Beast Statue"}],"event_choices":[{"damage_healed":0,"gold_gain":0,"player_choice":"Became a vampire","damage_taken":0,"max_hp_gain":0,"max_hp_loss":25,"event_name":"Vampires","floor":25,"gold_loss":0,"cards_obtained":["Bite","Bite","Bite","Bite","Bite"]},{"cards_removed":["hexamod:Defend"],"damage_healed":0,"gold_gain":0,"player_choice":"Took Card","damage_taken":0,"max_hp_gain":0,"max_hp_loss":0,"event_name":"NoteForYourself","floor":42,"gold_loss":0,"cards_obtained":["Neutralize"]},{"damage_healed":0,"gold_gain":0,"player_choice":"Fight","damage_taken":0,"max_hp_gain":0,"max_hp_loss":0,"event_name":"Mysterious Sphere","floor":43,"gold_loss":0}],"is_beta":false,"boss_relics":[{"not_picked":["SlaversCollar","downfall:Hecktoplasm"],"picked":"Fusion Hammer"},{"not_picked":["Astrolabe","Calling Bell"],"picked":"Coffee Dripper"}],"items_purged_floors":[21,27],"is_endless":false,"potions_floor_spawned":[10,11,12,14,23,31,32,36],"killed_by":"2 Orb Walkers","ascension_level":0}}