{"host":"c5j8t0wyh2hvx9ju","time":1609140035,"event":{"mods":["Astrologer","BaseMod","BetterRewards","HololiveMod","Minty Spire (QoL Compilation)","Prisma Mod","StSLib"],"gold_per_floor":[16,16,30,43,43,43,64,29,29,29,53,96,121,190,190,310,310,331,355,355,370,370,370],"floor_reached":22,"playtime":710,"items_purged":[],"score":244,"play_id":"6be0e6bb-86a5-412c-ab99-7ee05fa4dd3e","local_time":"20201228162035","is_ascension_mode":true,"campfire_choices":[{"data":"Apotheosis","floor":6,"key":"SMITH"},{"floor":10,"key":"REST"},{"floor":15,"key":"REST"}],"circlet_count":0,"master_deck":["Strike_B","Strike_B","Strike_B","Strike_B","Defend_B","Defend_B","Defend_B","Defend_B","Zap","Dualcast","Apotheosis+1","Darkness","Streamline","Sunder","Gash","Gash","Redo","Glacier","Echo Form","Chaos","Conserve Battery","Defragment"],"relics":["Cracked Core","Golden Idol","Mercury Hourglass","Bag of Preparation","Omamori","Eternal Feather","Fusion Hammer"],"acts_visited":["Exordium","TheCity"],"potions_floor_usage":[13,16,21],"damage_taken":[{"damage":0,"enemies":"Small Slimes","floor":1,"turns":3},{"damage":1,"enemies":"2 Louse","floor":3,"turns":2},{"damage":2,"enemies":"Jaw Worm","floor":4,"turns":3},{"damage":1,"enemies":"2 Fungi Beasts","floor":7,"turns":2},{"damage":3,"enemies":"Looter","floor":11,"turns":2},{"damage":24,"enemies":"Lagavulin","floor":12,"turns":5},{"damage":0,"enemies":"Lots of Slimes","floor":13,"turns":2},{"damage":13,"enemies":"Lagavulin Event","floor":14,"turns":3},{"damage":5,"enemies":"The Guardian","floor":16,"turns":7},{"damage":22,"enemies":"Shell Parasite","floor":18,"turns":6},{"damage":23,"enemies":"2 Thieves","floor":19,"turns":4},{"damage":22,"enemies":"Shelled Parasite and Fungi","floor":21,"turns":4},{"damage":10,"enemies":"Snecko","floor":22,"turns":2}],"seed_played":"-6134382740337075097","potions_obtained":[{"floor":3,"key":"BlessingOfTheForge"},{"floor":11,"key":"LiquidBronze"},{"floor":12,"key":"Weak Potion"},{"floor":13,"key":"Block Potion"},{"floor":21,"key":"Strength Potion"}],"is_trial":false,"path_per_floor":["M","?","M","M","?","R","M","?","T","R","M","E","M","?","R","B",null,"M","M","?","M","M"],"character_chosen":"DEFECT","items_purchased":[],"campfire_rested":2,"item_purchase_floors":[],"current_hp_per_floor":[68,50,49,47,22,22,21,39,39,61,58,34,34,21,52,47,68,46,23,23,1,0,0],"gold":370,"neow_bonus":"RANDOM_COLORLESS_2","is_daily":false,"chose_seed":false,"campfire_upgraded":1,"win_rate":0.0,"timestamp":1609140035,"path_taken":["M","?","M","M","?","R","M","?","T","R","M","E","M","?","R","BOSS","M","M","?","M","M"],"items_purchased_type":[],"build_version":"2020-12-22","purchased_purges":0,"victory":false,"max_hp_per_floor":[75,75,75,75,75,75,75,75,75,75,75,75,75,75,75,75,75,75,75,75,75,75,75],"card_choices":[{"not_picked":["Sadistic Nature","Violence"],"picked":"Apotheosis","floor":0},{"not_picked":["Leap","Hologram"],"picked":"Darkness","floor":1},{"not_picked":["Hello World","Storm"],"picked":"Streamline","floor":3},{"not_picked":["Beam Cell","Consume"],"picked":"Sunder","floor":4},{"not_picked":["Chaos","Doom and Gloom"],"picked":"Gash","floor":7},{"not_picked":["Stack","Auto Shields","Beam Cell"],"picked":"SKIP","floor":11},{"not_picked":["Electrodynamics","Turbo"],"picked":"Gash","floor":12},{"not_picked":["Recycle","Turbo"],"picked":"Redo","floor":13},{"not_picked":["Hello World","Gash"],"picked":"Glacier","floor":14},{"not_picked":["Biased Cognition","Meteor Strike"],"picked":"Echo Form","floor":16},{"not_picked":["Sunder+1","White Noise"],"picked":"Chaos","floor":18},{"not_picked":["Beam Cell","Double Energy"],"picked":"Conserve Battery","floor":19},{"not_picked":["Doom and Gloom","Leap+1"],"picked":"Defragment","floor":21}],"player_experience":874779,"relics_obtained":[{"floor":9,"key":"Bag of Preparation"},{"floor":12,"key":"Omamori"},{"floor":14,"key":"Eternal Feather"}],"event_choices":[{"damage_healed":0,"gold_gain":0,"player_choice":"Take Damage","damage_taken":18,"relics_obtained":["Golden Idol"],"max_hp_gain":0,"max_hp_loss":0,"event_name":"Golden Idol","floor":2,"gold_loss":0},{"damage_healed":0,"gold_gain":0,"player_choice":"Success","damage_taken":25,"relics_obtained":["Mercury Hourglass"],"max_hp_gain":0,"max_hp_loss":0,"event_name":"Scrap Ooze","floor":5,"gold_loss":0},{"damage_healed":18,"gold_gain":0,"player_choice":"Healed","damage_taken":0,"max_hp_gain":0,"max_hp_loss":0,"event_name":"The Cleric","floor":8,"gold_loss":35},{"damage_healed":0,"gold_gain":0,"player_choice":"Searched \u00271\u0027 times","damage_taken":0,"max_hp_gain":0,"max_hp_loss":0,"event_name":"Dead Adventurer","floor":14,"gold_loss":0},{"damage_healed":0,"gold_gain":0,"player_choice":"Ignored","damage_taken":0,"max_hp_gain":0,"max_hp_loss":0,"event_name":"Vampires","floor":20,"gold_loss":0}],"is_beta":false,"boss_relics":[{"not_picked":["Tiny House","Black Star"],"picked":"Fusion Hammer"}],"items_purged_floors":[],"is_endless":false,"potions_floor_spawned":[3,11,12,13,14,21],"killed_by":"Snecko","ascension_level":6}}