{"host":"j29osl8nelwi4hyu","time":1609199973,"event":{"mods":["BaseMod","Colored Powertips","Hubris","Infinite Spire","Minty Spire (QoL Compilation)","Replay The Spire","StSLib"],"gold_per_floor":[119,165,25,37,53,53,69,69,96,110,142,33,56,96,96,192,192,123,150,150,150],"floor_reached":20,"playtime":1244,"items_purged":[],"score":230,"play_id":"df435419-6fab-4e02-8651-05f626867fff","local_time":"20201228155933","is_ascension_mode":true,"campfire_choices":[{"data":"Loop","floor":6,"key":"SMITH"},{"data":"Dualcast","floor":8,"key":"SMITH"},{"floor":15,"key":"REST"}],"circlet_count":0,"master_deck":["Strike_B","Strike_B","Strike_B","Strike_B","Defend_B","Defend_B","Defend_B","Defend_B","Zap+1","Dualcast+1","Loop+1","Sweeping Beam","Capacitor","Panic Button","Auto Shields","Double Energy","Loop+1","Coolheaded","Amplify","Creative AI","BasicCrystalCard","Hologram+1"],"relics":["Cracked Core","Replay:Antivirus Software","Bag of Preparation","Replay:Bandana","hubris:ToyBattleship","DataDisk","Painkiller Herb"],"acts_visited":["Exordium","TheCity"],"potions_floor_usage":[14,14,20,20],"damage_taken":[{"damage":0,"enemies":"Cultist","floor":1,"turns":3},{"damage":0,"enemies":"2 Louse","floor":4,"turns":2},{"damage":8,"enemies":"Small Slimes","floor":5,"turns":2},{"damage":8,"enemies":"Exordium Wildlife","floor":7,"turns":4},{"damage":8,"enemies":"Blue Slaver","floor":10,"turns":4},{"damage":24,"enemies":"Lagavulin","floor":11,"turns":7},{"damage":4,"enemies":"Exordium Thugs","floor":13,"turns":4},{"damage":4,"enemies":"Gremlin Nob","floor":14,"turns":3},{"damage":18,"enemies":"Fading Forest","floor":16,"turns":11},{"damage":39,"enemies":"2 Thieves","floor":18,"turns":5},{"damage":9,"enemies":"3 Byrds","floor":19,"turns":4},{"damage":23,"enemies":"Shelled Parasite and Fungi","floor":20,"turns":2}],"seed_played":"8382168034749190312","potions_obtained":[{"floor":5,"key":"Energy Potion"},{"floor":10,"key":"FearPotion"},{"floor":14,"key":"Adrenaline Potion"},{"floor":16,"key":"BlessingOfTheForge"}],"is_trial":false,"path_per_floor":["M","T","?","M","M","R","M","R","T","M","E","$","M","E","R","B",null,"?","?","?"],"character_chosen":"DEFECT","items_purchased":["Loop+1","AttackPotion"],"campfire_rested":1,"item_purchase_floors":[12,12],"current_hp_per_floor":[75,75,75,75,67,67,59,59,59,51,27,27,23,19,41,31,64,25,16,0,0],"gold":150,"neow_bonus":"UPGRADE_CARD","is_daily":false,"chose_seed":false,"campfire_upgraded":2,"win_rate":0.0,"timestamp":1609199973,"path_taken":["M","?","?","?","M","R","M","R","T","M","E","$","?","E","R","BOSS","?","?","?"],"items_purchased_type":["Card","Potion"],"build_version":"2020-12-22","purchased_purges":0,"victory":false,"max_hp_per_floor":[75,75,75,75,75,75,75,75,75,75,75,75,75,75,75,75,75,75,75,75,75],"card_choices":[{"not_picked":["Leap","Darkness"],"picked":"Loop","floor":1},{"not_picked":["Tempest","Rebound"],"picked":"Sweeping Beam","floor":4},{"not_picked":["Streamline","Lockon"],"picked":"Capacitor","floor":5},{"not_picked":["Turbo","Darkness"],"picked":"Panic Button","floor":7},{"not_picked":["Sunder","BootSequence"],"picked":"Auto Shields","floor":10},{"not_picked":["ReplayTheSpireMod:GoodbyeWorld","Go for the Eyes"],"picked":"Double Energy","floor":11},{"not_picked":["Stack","Turbo"],"picked":"Coolheaded","floor":13},{"not_picked":["Recycle","Cold Snap"],"picked":"Amplify","floor":14},{"not_picked":["hubris:DoWhile","Reboot"],"picked":"Creative AI","floor":16},{"not_picked":["Turbo","Streamline+1"],"picked":"BasicCrystalCard","floor":18},{"not_picked":["Coolheaded","Steam"],"picked":"Hologram+1","floor":19}],"player_experience":261298,"relics_obtained":[{"floor":2,"key":"Replay:Antivirus Software"},{"floor":9,"key":"Replay:Bandana"},{"floor":11,"key":"hubris:ToyBattleship"},{"floor":14,"key":"DataDisk"}],"event_choices":[{"damage_healed":0,"gold_gain":0,"player_choice":"Paid Gold","damage_taken":0,"relics_obtained":["Bag of Preparation"],"max_hp_gain":0,"max_hp_loss":0,"event_name":"WeMeetAgain","floor":3,"gold_loss":140}],"is_beta":false,"boss_relics":[{"not_picked":["SlaversCollar","hubris:Backtick"],"picked":"Painkiller Herb"}],"items_purged_floors":[],"is_endless":false,"potions_floor_spawned":[5,10,14,16,19],"killed_by":"Shelled Parasite and Fungi","ascension_level":5}}