{"host":"pr6x8hyknev46vut","time":1609114681,"event":{"mods":["Aspiration","BaseMod","CCEM","Colored Map","Downfall","Googly Eyes","Hermit","Highlight Path","Minty Spire (QoL Compilation)","Permanent Neow","Replay The Spire","Shop Mod","StSLib","The Bug Knight","The Construct","The Cursed","The Disciple","The Necromancer","The Runesmith","The Servant 0.9.4"],"gold_per_floor":[118,118,131,149,1,1,1,21,21,21,35,50,84,98,98,196,196,214,214,214,214,227,227,73,73,73,73,73,73],"floor_reached":28,"playtime":918,"items_purged":[],"score":218,"play_id":"161db749-abc6-4c58-bdf8-76121839be71","local_time":"20201228011801","is_ascension_mode":false,"campfire_choices":[{"data":"Cold Snap","floor":7,"key":"SMITH"},{"data":"Stack","floor":15,"key":"SMITH"},{"floor":23,"key":"REST"},{"data":"hermit:Snapshot","floor":25,"key":"SMITH"},{"data":"Conserve Battery","floor":27,"key":"SMITH"}],"circlet_count":0,"master_deck":["Strike_B","Strike_B","Strike_B","Strike_B","Defend_B","Defend_B","Defend_B","Defend_B","Zap+1","Dualcast","Strike_B","hermit:Snapshot+1","Cold Snap+1","Ball Lightning","Steam","Conserve Battery+1","Stack+1","Cold Snap","Time Bomb","Ball Lightning","Biased Cognition","Gash+1","Writhe","aspiration:Polymerization+1","Lockon+1","Melter+1"],"relics":["Cracked Core","Replay:Frozen Program","Snack Pack","Torii","SacredBark","aspiration:RitualStick","Molten Egg 2","Replay:Baseball"],"acts_visited":["Exordium","TheCity"],"potions_floor_usage":[16],"damage_taken":[{"damage":3,"enemies":"Small Slimes","floor":1,"turns":3},{"damage":0,"enemies":"Cultist","floor":3,"turns":3},{"damage":0,"enemies":"2 Louse","floor":4,"turns":1},{"damage":0,"enemies":"2 Fungi Beasts","floor":8,"turns":1},{"damage":3,"enemies":"Looter","floor":11,"turns":3},{"damage":1,"enemies":"Exordium Thugs","floor":12,"turns":4},{"damage":20,"enemies":"Lagavulin","floor":13,"turns":6},{"damage":1,"enemies":"Blue Slaver","floor":14,"turns":3},{"damage":45,"enemies":"The Guardian","floor":16,"turns":10},{"damage":9,"enemies":"Spheric Guardian","floor":18,"turns":4},{"damage":20,"enemies":"2 Thieves","floor":22,"turns":3},{"damage":87,"enemies":"Slavers","floor":28,"turns":4}],"seed_played":"3134862466074826585","potions_obtained":[{"floor":3,"key":"Languid Potion"},{"floor":8,"key":"BlessingOfTheForge"},{"floor":16,"key":"EssenceOfDarkness"}],"is_trial":false,"path_per_floor":["M","?","M","M","$","$","R","M","T","?","M","M","E","M","R","B",null,"M","?","?","?","M","R","$","R","T","R","E"],"character_chosen":"DEFECT","items_purchased":["Replay:Frozen Program","Lockon+1","Melter+1"],"campfire_rested":1,"item_purchase_floors":[5,24,24],"current_hp_per_floor":[86,86,86,86,86,86,86,86,86,89,86,88,73,72,72,33,89,80,80,62,62,44,70,70,70,70,70,0,0],"gold":73,"neow_bonus":"TWENTY_PERCENT_HP_BONUS","is_daily":false,"chose_seed":false,"campfire_upgraded":4,"win_rate":0.0,"timestamp":1609114681,"path_taken":["M","?","?","M","?","$","R","M","T","?","M","M","E","M","R","BOSS","M","?","?","?","M","R","?","R","T","R","E"],"items_purchased_type":["Relic","Card","Card"],"build_version":"2020-12-22","purchased_purges":0,"victory":false,"max_hp_per_floor":[89,89,89,89,89,89,89,89,89,89,89,89,89,89,89,89,89,89,89,89,89,89,89,89,89,89,89,89,89],"card_choices":[{"not_picked":["Beam Cell","Panic Button"],"picked":"Cold Snap","floor":1},{"not_picked":["ReplayTheSpireMod:System Scan","Redo"],"picked":"Ball Lightning","floor":3},{"not_picked":["Coolheaded","Sweeping Beam"],"picked":"Steam","floor":4},{"not_picked":["Force Field","Hologram"],"picked":"Conserve Battery","floor":8},{"not_picked":["BasicCrystalCard","Beam Cell"],"picked":"Stack","floor":11},{"not_picked":["Creative AI","Compile Driver"],"picked":"Cold Snap","floor":12},{"not_picked":["ReplayTheSpireMod:Calculation Training","Coolheaded"],"picked":"Time Bomb","floor":13},{"not_picked":["Beam Cell","Sweeping Beam"],"picked":"Ball Lightning","floor":14},{"not_picked":["Fission","Seek"],"picked":"Biased Cognition","floor":16},{"not_picked":["Steam+1","Reprogram+1"],"picked":"Gash+1","floor":18},{"not_picked":["Barrage+1","Self Repair"],"picked":"aspiration:Polymerization+1","floor":22}],"player_experience":39441,"relics_obtained":[{"floor":9,"key":"Snack Pack"},{"floor":13,"key":"Torii"},{"floor":26,"key":"Replay:Baseball"}],"event_choices":[{"damage_healed":0,"gold_gain":0,"player_choice":"Upgraded","damage_taken":0,"max_hp_gain":0,"max_hp_loss":0,"event_name":"Upgrade Shrine","floor":2,"gold_loss":0,"cards_upgraded":["Zap"]},{"damage_healed":0,"gold_gain":0,"player_choice":"Ignored","damage_taken":0,"max_hp_gain":0,"max_hp_loss":0,"event_name":"Ghosts","floor":19,"gold_loss":0}],"is_beta":false,"boss_relics":[{"not_picked":["Ectoplasm","Philosopher\u0027s Stone"],"picked":"SacredBark"}],"items_purged_floors":[],"is_endless":false,"potions_floor_spawned":[3,8,16],"killed_by":"Slavers","ascension_level":0}}