{"host":"se62q65hiqxz7cab","time":1609139562,"event":{"mods":["Act Like it!","BaseMod","Colored Map","KinomotoSakuraMod(Ä¾Ö®±¾Ó£)","Minty Spire (QoL Compilation)","Replay The Spire","StSLib","The Cursed"],"gold_per_floor":[115,95,114,127,144,172,172,191,260,260,270,270,290,325,325,420,420,433,433,450,461,471,471,490,490,542,269,282,292,292,391,391,494,494,510,528,528,194,194,194],"floor_reached":39,"playtime":2445,"items_purged":[],"score":397,"play_id":"39b7380d-f70e-48c5-a57c-381315809c0c","local_time":"20201228151242","is_ascension_mode":false,"campfire_choices":[{"floor":7,"key":"REST"},{"floor":10,"key":"REST"},{"floor":15,"key":"REST"},{"floor":23,"key":"REST"},{"floor":25,"key":"REST"},{"data":"TheCursedMod:CleanUpWorkshop","floor":30,"key":"SMITH"},{"floor":32,"key":"REST"}],"circlet_count":0,"master_deck":["TheCursedMod:Strike_TheCursed","TheCursedMod:Strike_TheCursed","TheCursedMod:Strike_TheCursed","TheCursedMod:Strike_TheCursed","TheCursedMod:Defend_TheCursed","TheCursedMod:Defend_TheCursed","TheCursedMod:Defend_TheCursed","TheCursedMod:Defend_TheCursed","TheCursedMod:CursedWand","TheCursedMod:CleanUpWorkshop+1","TheCursedMod:Dregs","TheCursedMod:ForbiddenAlchemy+1","TheCursedMod:CursedBoomerang","TheCursedMod:SpitefulStrike","TheCursedMod:CircleOfBlood","TheCursedMod:CursedShiv","TheCursedMod:CursedAmulet","TheCursedMod:CircleOfFlame","TheCursedMod:SpitefulStrike","TheCursedMod:NeowsMight","TheCursedMod:ReleasedStrength","TheCursedMod:SpitefulPlan","TheCursedMod:Obscuration","TheCursedMod:HellsGateOpen+1","TheCursedMod:ManaBullet","TheCursedMod:SpitefulPray","TheCursedMod:CircleOfCorruption","TheCursedMod:CursedShiv","TheCursedMod:OutForBlood","Voices","TheCursedMod:Mangle"],"relics":["TheCursedMod:BlackMagic101","Simple Rune","TheCursedMod:DemonicMark","Incense Burner","Busted Crown","Regal Pillow","Sundial","TheCursedMod:OminousMark","ReplayTheSpireMod:Ring of Collecting","ReplayTheSpireMod:Ring of Addiction","Potion Belt","White Beast Statue","Mirror"],"acts_visited":["Exordium","TheCity","TheBeyond"],"potions_floor_usage":[5,6,6,6,16,16,18,20,20,20,20,20,21,21,21,24,24,39,39,39,39,39],"damage_taken":[{"damage":3,"enemies":"Jaw Worm","floor":1,"turns":7},{"damage":0,"enemies":"Cultist","floor":3,"turns":4},{"damage":0,"enemies":"2 Louse","floor":4,"turns":2},{"damage":26,"enemies":"Exordium Thugs","floor":5,"turns":4},{"damage":31,"enemies":"Lagavulin","floor":6,"turns":9},{"damage":10,"enemies":"3 Louse","floor":8,"turns":3},{"damage":5,"enemies":"Looter","floor":11,"turns":3},{"damage":0,"enemies":"Blue Slaver","floor":13,"turns":3},{"damage":26,"enemies":"3 Sentries","floor":14,"turns":9},{"damage":64,"enemies":"Slime Boss","floor":16,"turns":17},{"damage":17,"enemies":"Chosen","floor":18,"turns":5},{"damage":15,"enemies":"2 Thieves","floor":20,"turns":3},{"damage":30,"enemies":"Snake Plant","floor":21,"turns":4},{"damage":18,"enemies":"Centurion and Healer","floor":22,"turns":5},{"damage":9,"enemies":"3 Cultists","floor":24,"turns":4},{"damage":1,"enemies":"Snecko","floor":28,"turns":6},{"damage":7,"enemies":"Centurion and Healer","floor":29,"turns":5},{"damage":45,"enemies":"Automaton","floor":33,"turns":8},{"damage":3,"enemies":"3 Shapes","floor":35,"turns":3},{"damage":8,"enemies":"Orb Walker","floor":36,"turns":3},{"damage":180,"enemies":"Maw","floor":39,"turns":5}],"seed_played":"-2072853449409114981","potions_obtained":[{"floor":1,"key":"Fruit Juice"},{"floor":2,"key":"SkillPotion"},{"floor":5,"key":"EntropicBrew"},{"floor":13,"key":"Dexterity Potion"},{"floor":16,"key":"Swift Potion"},{"floor":20,"key":"LiquidBronze"},{"floor":21,"key":"Energy Potion"},{"floor":22,"key":"TheCursedMod:DregsPotion"},{"floor":29,"key":"Languid Potion"},{"floor":37,"key":"Fire Potion"},{"floor":37,"key":"Elixir"},{"floor":37,"key":"Reflective Coating"}],"is_trial":false,"path_per_floor":["M","?","M","M","M","E","R","M","T","R","M","?","M","E","R","B",null,"M","?","M","M","M","R","M","R","T","$","M","M","R","?","R","B",null,"M","M","?","$","M"],"character_chosen":"THE_CURSED","items_purchased":["Sundial","TheCursedMod:SpitefulPray","Mirror","TheCursedMod:Mangle"],"campfire_rested":6,"item_purchase_floors":[27,27,38,38],"current_hp_per_floor":[72,72,72,72,51,26,50,42,42,66,65,65,71,47,71,9,80,63,63,52,30,14,38,37,61,61,61,62,59,59,59,80,40,80,77,75,75,75,0,0],"gold":194,"neow_bonus":"ONE_RANDOM_RARE_CARD","is_daily":false,"chose_seed":false,"campfire_upgraded":1,"win_rate":0.0,"timestamp":1609139562,"path_taken":["M","?","?","M","M","E","R","M","T","R","M","?","M","E","R","BOSS","M","?","M","M","M","R","M","R","T","$","M","M","R","?","R","BOSS","M","M","?","$","M"],"items_purchased_type":["Relic","Card","Relic","Card"],"build_version":"2020-12-22","purchased_purges":0,"victory":false,"max_hp_per_floor":[75,75,75,75,80,80,80,80,80,80,80,80,80,80,80,80,80,80,80,80,80,80,80,80,80,80,80,80,80,80,80,80,80,80,80,80,80,80,80,80],"card_choices":[{"not_picked":["TheCursedMod:CursedShiv","TheCursedMod:HellsGateOpen"],"picked":"TheCursedMod:CursedBoomerang","floor":1},{"not_picked":["TheCursedMod:CircleOfFlame","TheCursedMod:AbyssShockwave"],"picked":"TheCursedMod:SpitefulStrike","floor":3},{"not_picked":["TheCursedMod:CircleOfAmplification","TheCursedMod:SpitefulStrike","TheCursedMod:PrepareRite"],"picked":"SKIP","floor":4},{"not_picked":["TheCursedMod:ReleasedKnowledge","TheCursedMod:CursedBoomerang"],"picked":"TheCursedMod:CircleOfBlood","floor":5},{"not_picked":["TheCursedMod:CursedRelics","TheCursedMod:SoulCrush"],"picked":"TheCursedMod:CursedShiv","floor":6},{"not_picked":["TheCursedMod:Stigma","TheCursedMod:CircleOfCorruption"],"picked":"TheCursedMod:CursedAmulet","floor":8},{"not_picked":["TheCursedMod:SpreadPlague","TheCursedMod:Torture"],"picked":"TheCursedMod:CircleOfFlame","floor":11},{"not_picked":["TheCursedMod:SoulCrush","TheCursedMod:CursedShiv"],"picked":"TheCursedMod:SpitefulStrike","floor":13},{"not_picked":["TheCursedMod:DoubleShield","TheCursedMod:CursedRelics","TheCursedMod:ParallelWorld"],"picked":"SKIP","floor":14},{"not_picked":["TheCursedMod:ShockAndAwe","TheCursedMod:DarkBarrier"],"picked":"TheCursedMod:NeowsMight","floor":16},{"not_picked":["TheCursedMod:CursedStaff"],"picked":"SKIP","floor":18},{"not_picked":[],"picked":"TheCursedMod:SpitefulPlan","floor":20},{"not_picked":[],"picked":"TheCursedMod:Obscuration","floor":21},{"not_picked":[],"picked":"TheCursedMod:HellsGateOpen+1","floor":22},{"not_picked":[],"picked":"TheCursedMod:ManaBullet","floor":24},{"not_picked":[],"picked":"TheCursedMod:CircleOfCorruption","floor":28},{"not_picked":[],"picked":"TheCursedMod:CursedShiv","floor":29},{"not_picked":[],"picked":"TheCursedMod:OutForBlood","floor":33},{"not_picked":["TheCursedMod:HellsGateOpen+1"],"picked":"SKIP","floor":35},{"not_picked":["TheCursedMod:CircleOfFlame+1"],"picked":"SKIP","floor":36}],"player_experience":124807,"relics_obtained":[{"floor":6,"key":"Simple Rune"},{"floor":9,"key":"TheCursedMod:DemonicMark"},{"floor":14,"key":"Incense Burner"},{"floor":26,"key":"Regal Pillow"},{"floor":37,"key":"ReplayTheSpireMod:Ring of Collecting"},{"floor":37,"key":"ReplayTheSpireMod:Ring of Addiction"},{"floor":37,"key":"Potion Belt"},{"floor":37,"key":"White Beast Statue"}],"event_choices":[{"damage_healed":0,"gold_gain":0,"player_choice":"Bought 1 Potion","damage_taken":0,"max_hp_gain":0,"max_hp_loss":0,"event_name":"The Woman in Blue","floor":2,"gold_loss":0},{"damage_healed":0,"gold_gain":0,"player_choice":"Upgraded","damage_taken":0,"max_hp_gain":0,"max_hp_loss":0,"event_name":"Upgrade Shrine","floor":12,"gold_loss":0,"cards_upgraded":["TheCursedMod:ForbiddenAlchemy"]},{"damage_healed":0,"gold_gain":0,"player_choice":"Read","damage_taken":0,"max_hp_gain":0,"max_hp_loss":0,"event_name":"The Library","floor":19,"gold_loss":0,"cards_obtained":["TheCursedMod:ReleasedStrength"]},{"damage_healed":0,"gold_gain":99,"player_choice":"Stole From Cult","damage_taken":0,"max_hp_gain":0,"max_hp_loss":0,"event_name":"Nest","floor":31,"gold_loss":0}],"is_beta":false,"boss_relics":[{"not_picked":["Astrolabe","Pandora\u0027s Box"],"picked":"Busted Crown"},{"not_picked":["Black Star","Cursed Key"],"picked":"TheCursedMod:OminousMark"}],"items_purged_floors":[],"is_endless":false,"potions_floor_spawned":[1,5,13,16,20,21,22,29,35],"killed_by":"Maw","ascension_level":0}}