{"host":"9e8t9l667fx7pth6","time":1609140156,"event":{"mods":["2.2 Compatiblity","AlwaysNeverKeys","Aspiration","BaseMod","BetterRewards","Custom Start","Halation","Minty Spire (QoL Compilation)","Remove Card Discount Mod","StSLib","The Blue Laboratory"],"gold_per_floor":[112,36,52,66,66,66,66,66],"floor_reached":7,"playtime":291,"items_purged":["Defend_R","Strike_R","Defend_R"],"score":82,"play_id":"3adec282-8314-4e13-a447-9f539f38e1b2","local_time":"20201228022236","is_ascension_mode":true,"campfire_choices":[{"data":"Strike_R","floor":6,"key":"SMITH"}],"circlet_count":0,"master_deck":["AscendersBane","Strike_R","Strike_R","Strike_R","Strike_R+1","Defend_R","Defend_R","Bash","Feel No Pain","Shockwave","Master of Strategy","Blind","Sever Soul","True Grit","Pommel Strike","Parasite","Flex","Bash"],"relics":["Burning Blood"],"acts_visited":["Exordium"],"potions_floor_usage":[7],"damage_taken":[{"damage":14,"enemies":"2 Louse","floor":1,"turns":3},{"damage":9,"enemies":"Cultist","floor":3,"turns":4},{"damage":9,"enemies":"Small Slimes","floor":4,"turns":4},{"damage":62,"enemies":"Gremlin Nob","floor":7,"turns":4}],"seed_played":"-2697333203288074955","potions_obtained":[{"floor":4,"key":"blueLaboratory:PolymorphPotion"}],"is_trial":false,"path_per_floor":["M","$","M","M","?","R","E"],"character_chosen":"IRONCLAD","items_purchased":["Feel No Pain","Shockwave","Master of Strategy","Blind","Sever Soul"],"campfire_rested":0,"item_purchase_floors":[0,0,0,0,2],"current_hp_per_floor":[60,60,57,54,54,54,0,0],"gold":66,"neow_bonus":"","is_daily":false,"chose_seed":false,"campfire_upgraded":1,"win_rate":0.0,"timestamp":1609140156,"path_taken":["M","$","M","M","?","R","E"],"items_purchased_type":["Card","Card","Card","Card","Card"],"build_version":"2020-12-22","purchased_purges":3,"victory":false,"max_hp_per_floor":[75,75,75,75,75,75,75,75],"card_choices":[{"not_picked":["Power Through","Clothesline","Perfected Strike"],"picked":"SKIP","floor":1},{"not_picked":["Shockwave","Blood for Blood"],"picked":"True Grit","floor":3},{"not_picked":["Cleave","Shrug It Off"],"picked":"Pommel Strike","floor":4}],"player_experience":1008968,"relics_obtained":[],"event_choices":[{"damage_healed":0,"gold_gain":0,"player_choice":"3 cards matched","damage_taken":0,"max_hp_gain":0,"max_hp_loss":0,"event_name":"Match and Keep!","floor":5,"gold_loss":0,"cards_obtained":["Parasite","Flex","Bash"]}],"is_beta":false,"boss_relics":[],"items_purged_floors":[0,0,2],"is_endless":false,"potions_floor_spawned":[4],"killed_by":"Gremlin Nob","ascension_level":20}}