{"host":"z9811rt50ti81n54","time":1609121144,"event":{"mods":["BaseMod","Minty Spire (QoL Compilation)"],"gold_per_floor":[109,109,129,144,144,177,187,219,246,246,264,1,21,38,38,136,136,152,4,4,21,21,21],"floor_reached":22,"playtime":720,"items_purged":["Pain"],"score":238,"play_id":"86dedc31-c680-4293-a402-8b9eb933eaff","local_time":"20201228110544","is_ascension_mode":true,"campfire_choices":[{"floor":10,"key":"REST"},{"floor":15,"key":"RECALL"}],"circlet_count":0,"master_deck":["Strike_B","Strike_B","Strike_B","Strike_B","Defend_B","Defend_B","Defend_B","Defend_B","Zap","Dualcast","Consume","Chaos","Melter","Thunder Strike","Steam","Doom and Gloom","Compile Driver","Capacitor","FTL","Lockon","Streamline","Conserve Battery","Creative AI","Self Repair","Force Field"],"relics":["Cracked Core","NeowsBlessing","WarpedTongs","NlothsMask","WingedGreaves","Boot","Snecko Eye"],"acts_visited":["Exordium","TheCity"],"potions_floor_usage":[6,6,8,11,16],"damage_taken":[{"damage":0.0,"enemies":"Small Slimes","floor":1.0,"turns":1.0},{"damage":0.0,"enemies":"Cultist","floor":3.0,"turns":1.0},{"damage":0.0,"enemies":"Jaw Worm","floor":4.0,"turns":1.0},{"damage":34,"enemies":"Gremlin Nob","floor":6,"turns":4},{"damage":18,"enemies":"Red Slaver","floor":7,"turns":4},{"damage":19,"enemies":"Lagavulin","floor":8,"turns":9},{"damage":0,"enemies":"Lots of Slimes","floor":11,"turns":1},{"damage":3,"enemies":"Exordium Wildlife","floor":13,"turns":3},{"damage":3,"enemies":"2 Fungi Beasts","floor":14,"turns":2},{"damage":2,"enemies":"Hexaghost","floor":16,"turns":8},{"damage":0,"enemies":"Chosen","floor":18,"turns":3},{"damage":22,"enemies":"Shell Parasite","floor":21,"turns":7},{"damage":38,"enemies":"Snake Plant","floor":22,"turns":4}],"seed_played":"-2367254285585588624","potions_obtained":[{"floor":1.0,"key":"BlessingOfTheForge"},{"floor":3.0,"key":"Explosive Potion"},{"floor":4,"key":"SneckoOil"},{"floor":7,"key":"Weak Potion"},{"floor":11,"key":"FocusPotion"}],"is_trial":false,"path_per_floor":["M","?","M","M","?","E","M","E","T","R","M","$","M","M","R","B",null,"M","$","?","M","M"],"character_chosen":"DEFECT","items_purchased":["Capacitor","FTL","Lockon","Self Repair","Force Field"],"campfire_rested":1,"item_purchase_floors":[12,12,12,19,19],"current_hp_per_floor":[75,75,75,75,75,41,23,4,4,26,26,26,23,20,20,18,75,75,75,48,33,0,0],"gold":21,"neow_bonus":"THREE_ENEMY_KILL","is_daily":false,"chose_seed":false,"campfire_upgraded":0,"win_rate":0.0,"timestamp":1609121144,"path_taken":["M","?","M","?","?","E","?","E","T","R","M","$","M","M","R","BOSS","M","$","?","?","M"],"items_purchased_type":["Card","Card","Card","Card","Card"],"build_version":"2020-12-22","purchased_purges":1,"victory":false,"max_hp_per_floor":[75,75,75,75,75,75,75,75,75,75,75,75,75,75,75,75,75,75,75,75,75,75,75],"card_choices":[{"not_picked":["Chaos","BootSequence"],"picked":"Consume","floor":1.0},{"not_picked":["Conserve Battery","Coolheaded"],"picked":"Chaos","floor":3.0},{"not_picked":["Hologram","Defragment"],"picked":"Melter","floor":4},{"not_picked":["Conserve Battery","Heatsinks"],"picked":"Thunder Strike","floor":6},{"not_picked":["Go for the Eyes","Compile Driver"],"picked":"Steam","floor":7},{"not_picked":["Barrage","Turbo"],"picked":"Doom and Gloom","floor":8},{"not_picked":["Beam Cell","Blizzard"],"picked":"Compile Driver","floor":11},{"not_picked":["Force Field","Conserve Battery"],"picked":"Streamline","floor":13},{"not_picked":["Redo","Blizzard"],"picked":"Conserve Battery","floor":14},{"not_picked":["Meteor Strike","Reboot"],"picked":"Creative AI","floor":16},{"not_picked":["Capacitor","Leap+1","Turbo"],"picked":"SKIP","floor":18},{"not_picked":["Coolheaded","Stack","Ball Lightning"],"picked":"SKIP","floor":21}],"player_experience":244398,"relics_obtained":[{"floor":6,"key":"WingedGreaves"},{"floor":8,"key":"Boot"}],"event_choices":[{"damage_healed":0.0,"max_hp_gain":0.0,"max_hp_loss":0.0,"gold_gain":0.0,"event_name":"Accursed Blacksmith","player_choice":"Rummage","floor":2.0,"gold_loss":0.0,"damage_taken":0.0,"relics_obtained":["WarpedTongs"],"cards_obtained":["Pain"]},{"damage_healed":0,"gold_gain":0,"player_choice":"Trade","damage_taken":0,"relics_obtained":["NlothsMask"],"max_hp_gain":0,"max_hp_loss":0,"event_name":"FaceTrader","floor":5,"gold_loss":0},{"damage_healed":0,"gold_gain":0,"player_choice":"POTION POTION POTION ","damage_taken":27,"max_hp_gain":0,"max_hp_loss":0,"event_name":"Knowing Skull","floor":20,"potions_obtained":["Explosive Potion","SteroidPotion","Ancient Potion"],"gold_loss":0,"cards_obtained":[]}],"is_beta":false,"boss_relics":[{"not_picked":["SlaversCollar","Cursed Key"],"picked":"Snecko Eye"}],"items_purged_floors":[12],"is_endless":false,"potions_floor_spawned":[1,3,4,7,11],"killed_by":"Snake Plant","ascension_level":4}}