{"host":"cijwx898anu8dehj","time":1609188336,"event":{"mods":["AchievementEnabler","AlwaysNeverKeys","BaseMod","Colored Map","Colored Powertips","Highlight Path","Minty Spire (QoL Compilation)","Rare Cards Sparkle","Relic Stats","Slay-I"],"gold_per_floor":[115,115,27,38,50,50,83,83,83,83,103,103,133,151,151,227,227,239,251,12,12,12,12,42,42,42,42,42,76,76,94,94,94,94],"floor_reached":33,"playtime":1955,"items_purged":["Strike_R"],"score":553,"play_id":"ed44747e-dec7-4036-be28-c8ed3cfa096a","local_time":"20201228184536","is_ascension_mode":true,"campfire_choices":[{"data":"Feed","floor":6,"key":"SMITH"},{"data":"Immolate","floor":8,"key":"SMITH"},{"floor":12,"key":"REST"},{"data":"Flame Barrier","floor":15,"key":"SMITH"},{"data":"Bludgeon","floor":23,"key":"SMITH"},{"floor":25,"key":"REST"},{"data":"Shockwave","floor":27,"key":"SMITH"},{"data":"Flame Barrier","floor":30,"key":"SMITH"},{"floor":32,"key":"REST"}],"circlet_count":0,"master_deck":["AscendersBane","Strike_R","Strike_R+1","Strike_R","Strike_R","Defend_R","Defend_R","Defend_R","Defend_R+1","Bash+1","Shockwave","Feed+1","Sword Boomerang","Anger","Immolate+1","Flame Barrier+1","Shockwave+1","Bludgeon+1","Dropkick+1","Warcry","Flame Barrier+1","Shrug It Off","Uppercut"],"relics":["Cursed Key","Anchor","Unceasing Top","Black Star","Whetstone","Nilry\u0027s Codex","InkBottle","The Courier","Dream Catcher","PreservedInsect"],"acts_visited":["Exordium","TheCity"],"potions_floor_usage":[7,13,16,33],"damage_taken":[{"damage":0,"enemies":"Small Slimes","floor":1,"turns":3},{"damage":7,"enemies":"Jaw Worm","floor":4,"turns":2},{"damage":0,"enemies":"2 Louse","floor":5,"turns":3},{"damage":3,"enemies":"Gremlin Nob","floor":7,"turns":3},{"damage":0,"enemies":"Large Slime","floor":11,"turns":3},{"damage":14,"enemies":"Lagavulin","floor":13,"turns":5},{"damage":0,"enemies":"3 Louse","floor":14,"turns":1},{"damage":32,"enemies":"Hexaghost","floor":16,"turns":9},{"damage":2,"enemies":"Chosen","floor":18,"turns":4},{"damage":0,"enemies":"2 Thieves","floor":19,"turns":2},{"damage":31,"enemies":"Slavers","floor":24,"turns":5},{"damage":19,"enemies":"Gremlin Leader","floor":29,"turns":4},{"damage":0,"enemies":"3 Cultists","floor":31,"turns":3},{"damage":87,"enemies":"Collector","floor":33,"turns":11}],"seed_played":"-5562200611426132537","potions_obtained":[{"floor":4,"key":"AttackPotion"},{"floor":5,"key":"Regen Potion"},{"floor":11,"key":"ElixirPotion"},{"floor":13,"key":"ColorlessPotion"},{"floor":31,"key":"Block Potion"}],"is_trial":false,"path_per_floor":["M","?","$","M","M","R","E","R","T","?","M","R","E","M","R","B",null,"M","M","$","?","?","R","E","R","T","R","?","E","R","M","R","B"],"character_chosen":"IRONCLAD","items_purchased":["Feed","Whetstone"],"campfire_rested":3,"item_purchase_floors":[3,20],"current_hp_per_floor":[68,73,73,69,72,72,73,73,73,46,50,78,78,78,78,46,82,80,80,80,59,78,78,47,75,75,75,75,56,56,56,84,0,0],"gold":94,"neow_bonus":"BOSS_RELIC","is_daily":false,"chose_seed":false,"campfire_upgraded":6,"win_rate":0.0,"timestamp":1609188336,"path_taken":["M","?","$","M","M","R","E","R","T","?","M","R","E","M","R","BOSS","M","M","$","?","?","R","E","R","T","R","?","E","R","M","R","BOSS"],"items_purchased_type":["Card","Relic"],"build_version":"2020-12-22","purchased_purges":1,"victory":false,"max_hp_per_floor":[75,80,80,83,86,86,90,90,90,90,94,94,94,94,94,94,94,94,94,94,94,94,94,94,94,94,94,94,94,94,94,94,94,94],"relic_stats":{"Dream Catcher":1,"counters":[14,58],"PreservedInsect":0,"Black Star":2,"Whetstone":["Bash","Dropkick"],"Cursed Key":0,"obtain_stats":[{"Anchor":7,"Dream Catcher":29,"Nilry\u0027s Codex":21,"The Courier":24,"PreservedInsect":29,"Black Star":17,"Whetstone":20,"Cursed Key":0,"Burning Blood":0,"Unceasing Top":13,"InkBottle":24},{"Anchor":4,"Dream Catcher":12,"Nilry\u0027s Codex":10,"The Courier":11,"PreservedInsect":12,"Black Star":8,"Whetstone":10,"Cursed Key":0,"Burning Blood":0,"Unceasing Top":6,"InkBottle":11},{"Anchor":11,"Dream Catcher":44,"Nilry\u0027s Codex":35,"The Courier":40,"PreservedInsect":44,"Black Star":29,"Whetstone":35,"Cursed Key":0,"Burning Blood":0,"Unceasing Top":19,"InkBottle":40}],"Unceasing Top":[2],"InkBottle":[6]},"card_choices":[{"not_picked":["True Grit","Sword Boomerang"],"picked":"Shockwave","floor":1},{"not_picked":["True Grit","Perfected Strike"],"picked":"Sword Boomerang","floor":4},{"not_picked":["Thunderclap","Perfected Strike"],"picked":"Anger","floor":5},{"not_picked":["Armaments","Sword Boomerang"],"picked":"Immolate","floor":7},{"not_picked":["Armaments","Thunderclap"],"picked":"Flame Barrier","floor":11},{"not_picked":["Reckless Charge","Blood for Blood"],"picked":"Shockwave","floor":13},{"not_picked":["True Grit","Clash","Sword Boomerang"],"picked":"SKIP","floor":14},{"not_picked":["Berserk","Brutality"],"picked":"Bludgeon","floor":16},{"not_picked":["Iron Wave","Flex+1"],"picked":"Dropkick","floor":18},{"not_picked":["Uppercut","Wild Strike+1"],"picked":"Warcry","floor":19},{"not_picked":["True Grit","Barricade","Perfected Strike+1"],"picked":"SKIP","floor":24},{"not_picked":["Limit Break","Twin Strike"],"picked":"Flame Barrier","floor":29},{"not_picked":["Havoc","Iron Wave"],"picked":"Shrug It Off","floor":31},{"not_picked":["Twin Strike","Pummel"],"picked":"Uppercut","floor":32}],"player_experience":921200,"relics_obtained":[{"floor":7,"key":"Anchor"},{"floor":13,"key":"Unceasing Top"},{"floor":21,"key":"Nilry\u0027s Codex"},{"floor":24,"key":"InkBottle"},{"floor":24,"key":"The Courier"},{"floor":29,"key":"Dream Catcher"},{"floor":29,"key":"PreservedInsect"}],"event_choices":[{"damage_healed":0,"gold_gain":0,"player_choice":"Donut","damage_taken":0,"max_hp_gain":5,"max_hp_loss":0,"event_name":"Big Fish","floor":2,"gold_loss":0},{"damage_healed":0,"gold_gain":0,"player_choice":"Entered Light","damage_taken":27,"max_hp_gain":0,"max_hp_loss":0,"event_name":"Shining Light","floor":10,"gold_loss":0,"cards_upgraded":["Defend_R","Strike_R"]},{"damage_healed":0,"gold_gain":0,"player_choice":"Obtained Book","damage_taken":21,"max_hp_gain":0,"max_hp_loss":0,"event_name":"Cursed Tome","floor":21,"gold_loss":0},{"damage_healed":19,"gold_gain":0,"player_choice":"Heal","damage_taken":0,"max_hp_gain":0,"max_hp_loss":0,"event_name":"The Library","floor":22,"gold_loss":0},{"damage_healed":0,"gold_gain":0,"player_choice":"Ignored","damage_taken":0,"max_hp_gain":0,"max_hp_loss":0,"event_name":"Ghosts","floor":28,"gold_loss":0}],"is_beta":false,"boss_relics":[{"not_picked":["Fusion Hammer","Astrolabe"],"picked":"Black Star"}],"items_purged_floors":[20],"is_endless":false,"potions_floor_spawned":[4,5,11,13,31],"killed_by":"Collector","ascension_level":18}}