{"host":"8jwif9mna8ud19ho","time":1609130487,"event":{"mods":["BaseMod","Better Vampires","Lobotomy","Marisa£¨ìFÓê¡¡Ä§ÀíÉ³£©","Minty Spire (QoL Compilation)","Reimu£¨²©ÀöÁéÃÎ£©","RumiaBox-Â¶Ã×æ«µÄÉñÃØºÐ×Ó","StSLib","¡¾ÒÅÎï¿¨ÅÆ¡¿REMEMod"],"gold_per_floor":[118,118,138,138,63,90,90,108,108,142,142,155,186,186,186,321,321,341,391,391,471,488,488,488],"floor_reached":23,"playtime":973,"items_purged":["Defend_P"],"score":390,"play_id":"fe289bee-3dc4-4932-9a8f-6f00816293b5","local_time":"20201228124127","is_ascension_mode":true,"campfire_choices":[{"data":"Whirlwind","floor":7.0,"key":"SMITH"},{"data":"Eruption","floor":11.0,"key":"SMITH"},{"data":"Omniscience","floor":15.0,"key":"SMITH"}],"circlet_count":0,"master_deck":["Tantrum+1","FlurryOfBlows","InnerPeace","ConjureBlade+1","Wish+1","SpiritShield","Vault","Omniscience+1","DevaForm+1","GreedKing","Omniscience","Variant","Scrawl","EmptyMind","REME_CRH","PunishingBird"],"relics":["PureWater","REME_ComplimentaryCards","CogitoBucket","Frozen Egg 2","Whetstone","Bottled Lightning","SkinProphecy","SumBook","EasyGame_NEW","ChangeAnything"],"acts_visited":["Exordium","TheCity"],"potions_floor_usage":[23,23],"damage_taken":[{"damage":7.0,"enemies":"Jaw Worm","floor":1.0,"turns":3.0},{"damage":0.0,"enemies":"2 Louse","floor":3.0,"turns":1.0},{"damage":9.0,"enemies":"3 Sentries","floor":6.0,"turns":4.0},{"damage":0.0,"enemies":"Cultist","floor":8.0,"turns":2.0},{"damage":14.0,"enemies":"Gremlin Nob","floor":10.0,"turns":3.0},{"damage":2.0,"enemies":"Large Slime","floor":12.0,"turns":1.0},{"damage":18.0,"enemies":"3 Sentries","floor":13.0,"turns":3.0},{"damage":11.0,"enemies":"Hexaghost","floor":16.0,"turns":8.0},{"damage":2.0,"enemies":"Spheric Guardian","floor":18.0,"turns":3.0},{"damage":21.0,"enemies":"2 Thieves","floor":19.0,"turns":3.0},{"damage":16,"enemies":"Sentry and Sphere","floor":21,"turns":2},{"damage":0,"enemies":"Centurion and Healer","floor":22,"turns":4},{"damage":15,"enemies":"Slavers","floor":23,"turns":3}],"seed_played":"376431023005714781","potions_obtained":[{"floor":3.0,"key":"BlessingOfTheForge"},{"floor":4.0,"key":"LiquidMemories"},{"floor":12.0,"key":"Regen Potion"},{"floor":16.0,"key":"ColorlessPotion"},{"floor":18.0,"key":"PowerPotion"},{"floor":19.0,"key":"LiquidMemories"}],"is_trial":false,"path_per_floor":["M","?","M","?","$","E","R","M","T","E","R","M","E","?","R","B",null,"M","M","?","M","M","E"],"character_chosen":"WATCHER","items_purchased":[],"campfire_rested":0,"item_purchase_floors":[],"current_hp_per_floor":[54,54,54,54,54,45,45,45,45,37,37,36,16,6,6,7,56,58,34,34,10,6,0,0],"gold":488,"neow_bonus":"","is_daily":false,"chose_seed":false,"campfire_upgraded":3,"win_rate":0.0,"timestamp":1609130487,"path_taken":["M","?","M","?","$","E","R","M","T","E","R","M","E","?","R","BOSS","M","?","?","M","?","E"],"items_purchased_type":[],"build_version":"2020-12-22","purchased_purges":1,"victory":false,"max_hp_per_floor":[68,68,68,68,68,68,68,68,68,68,68,68,70,70,70,72,72,74,76,76,80,82,84,84],"card_choices":[{"not_picked":["Scorched","GalaxyChild"],"picked":"WallGazer","floor":1.0},{"not_picked":["SashWhip","JustLucky","ThirdEye"],"picked":"SKIP","floor":1.0},{"not_picked":["PunishingBird","ShyLook"],"picked":"UniverseFragment","floor":3.0},{"not_picked":["CutThroughFate","JustLucky","Sanctity"],"picked":"SKIP","floor":3.0},{"not_picked":["DespairKnight","BigBadWolf"],"picked":"QueenOfHatred","floor":6.0},{"not_picked":["ThirdEye","CutThroughFate"],"picked":"Tantrum","floor":6.0},{"not_picked":["BowlingBash","ConjureBlade","Halt"],"picked":"SKIP","floor":8.0},{"not_picked":["BowlingBash","ConjureBlade","Halt"],"picked":"SKIP","floor":8.0},{"not_picked":["Variant","PunishingBird"],"picked":"Funeral","floor":10.0},{"not_picked":["WheelKick","LikeWater+1"],"picked":"FlurryOfBlows","floor":10.0},{"not_picked":["Alriune","ShyLook"],"picked":"Bloodbath","floor":12.0},{"not_picked":["LikeWater+1","EmptyMind"],"picked":"InnerPeace","floor":12.0},{"not_picked":["Scarecrow","DespairKnight"],"picked":"OSAHOGD","floor":13.0},{"not_picked":["REME_WorshipGod","BowlingBash","Protect"],"picked":"SKIP","floor":13.0},{"not_picked":["ShyLook","Mercenary"],"picked":"GreedKing","floor":16.0},{"not_picked":["Devotion+1","SpiritShield"],"picked":"Omniscience","floor":16.0},{"not_picked":["CherryBlossoms","SnowQueen"],"picked":"LongBird","floor":18.0},{"not_picked":["REME_Repentance","Nirvana+1","Evaluate"],"picked":"SKIP","floor":18.0},{"not_picked":["MeatLantern","Scorched"],"picked":"Variant","floor":19.0},{"not_picked":["Wireheading+1","Protect"],"picked":"Scrawl","floor":19.0},{"not_picked":["CrumblingArmor","RedShoes"],"picked":"PunishingBird","floor":21},{"not_picked":["EmptyFist","Worship","ThirdEye"],"picked":"SKIP","floor":21},{"not_picked":["Collect","BowlingBash","Meditate"],"picked":"SKIP","floor":22}],"player_experience":1096990,"relics_obtained":[{"floor":6.0,"key":"Frozen Egg 2"},{"floor":9.0,"key":"Whetstone"},{"floor":10.0,"key":"Bottled Lightning"},{"floor":13.0,"key":"SumBook"}],"event_choices":[{"damage_healed":0.0,"max_hp_gain":0.0,"max_hp_loss":0.0,"gold_gain":0.0,"event_name":"Lab","player_choice":"Got Potions","floor":4.0,"gold_loss":0.0,"damage_taken":0.0},{"damage_healed":0.0,"max_hp_gain":0.0,"max_hp_loss":0.0,"gold_gain":0.0,"event_name":"Wheel of Change","player_choice":"Damaged","floor":14.0,"gold_loss":0.0,"damage_taken":10.0},{"damage_healed":0.0,"max_hp_gain":0.0,"max_hp_loss":0.0,"gold_gain":0.0,"cards_transformed":["REME_WorshipGod","REME_WorshipGod"],"event_name":"Drug Dealer","player_choice":"Became Test Subject","floor":20.0,"gold_loss":0.0,"damage_taken":0.0,"cards_obtained":["EmptyMind","REME_CRH"]}],"is_beta":false,"boss_relics":[{"not_picked":["Busted Crown","Astrolabe"],"picked":"EasyGame_NEW"}],"items_purged_floors":[5],"is_endless":false,"potions_floor_spawned":[3,12,16,18,19],"killed_by":"Slavers","ascension_level":17}}