{"host":"f5n4tidiz2n5sooh","time":1609161037,"event":{"mods":["BaseMod","Bestiary","Colored Map","Minty Spire (QoL Compilation)","Relic Stats","StSLib"],"gold_per_floor":[109,129,145,145,70,70,105,105,184,252,252,53,53,68,68,143,143,160,177,142,192,242,242,273,323,323,38,73,84,84,84,84],"floor_reached":31,"playtime":856,"items_purged":["Strike_R","Strike_R","Strike_R+1"],"score":542,"play_id":"e58426f4-04ee-45e1-acab-1c2f8f702d23","local_time":"20201228071037","is_ascension_mode":true,"campfire_choices":[{"data":"Shockwave","floor":6.0,"key":"SMITH"},{"data":"Bludgeon","floor":8.0,"key":"SMITH"},{"data":"Fiend Fire","floor":11.0,"key":"SMITH"},{"data":"True Grit","floor":13.0,"key":"SMITH"},{"data":"Battle Trance","floor":15.0,"key":"SMITH"},{"data":"Sword Boomerang","floor":23,"key":"SMITH"},{"data":"Feed","floor":30,"key":"SMITH"}],"circlet_count":0,"master_deck":["AscendersBane","Strike_R+1","Defend_R+1","Defend_R+1","Defend_R+1","Defend_R+1","Bash","Fiend Fire+1","Sword Boomerang+1","Shockwave+1","Bludgeon+1","True Grit+1","Dark Embrace","Battle Trance+1","Reaper","Feed+1","Rage+1"],"relics":["Burning Blood","SsserpentHead","Happy Flower","Eternal Feather","Mark of Pain","Lantern","Enchiridion","Letter Opener","MealTicket","TheAbacus","Toxic Egg 2"],"acts_visited":["Exordium","TheCity"],"potions_floor_usage":[16,19,24,29],"damage_taken":[{"damage":8.0,"enemies":"Small Slimes","floor":1.0,"turns":3.0},{"damage":1.0,"enemies":"Cultist","floor":2.0,"turns":3.0},{"damage":5.0,"enemies":"2 Louse","floor":3.0,"turns":2.0},{"damage":8.0,"enemies":"Gremlin Nob","floor":7.0,"turns":3.0},{"damage":23.0,"enemies":"Exordium Wildlife","floor":10.0,"turns":4.0},{"damage":14.0,"enemies":"3 Louse","floor":14.0,"turns":4.0},{"damage":47,"enemies":"The Guardian","floor":16,"turns":9},{"damage":0,"enemies":"Chosen","floor":18,"turns":3},{"damage":11,"enemies":"2 Thieves","floor":19,"turns":2},{"damage":20,"enemies":"Book of Stabbing","floor":24,"turns":3},{"damage":51,"enemies":"Gremlin Leader","floor":28,"turns":4},{"damage":17,"enemies":"Shelled Parasite and Fungi","floor":29,"turns":3},{"damage":60,"enemies":"Slavers","floor":31,"turns":10}],"seed_played":"2944016599493483280","potions_obtained":[{"floor":2.0,"key":"Strength Potion"},{"floor":10.0,"key":"Regen Potion"},{"floor":14.0,"key":"Regen Potion"},{"floor":16,"key":"SteroidPotion"},{"floor":24,"key":"Regen Potion"}],"is_trial":false,"path_per_floor":["M","M","M","?","$","R","E","R","T","M","R","$","R","M","R","B",null,"M","M","?","?","?","R","E","?","T","$","E","M","R","E"],"character_chosen":"IRONCLAD","items_purchased":["Dark Embrace","Fruit Juice","TheAbacus"],"campfire_rested":0,"item_purchase_floors":[12,12,27],"current_hp_per_floor":[66,68,68,68,68,68,66,66,66,49,58,58,67,64,73,46,66,72,67,67,46,46,55,50,50,50,65,34,35,44,0,0],"gold":84,"neow_bonus":"THREE_RARE_CARDS","is_daily":false,"chose_seed":false,"campfire_upgraded":7,"win_rate":0.0,"timestamp":1609161037,"path_taken":["M","M","M","?","$","R","E","R","T","?","R","?","R","M","R","BOSS","M","M","?","?","?","R","E","?","T","$","E","M","R","E"],"items_purchased_type":["Card","Potion","Relic"],"build_version":"2020-12-22","purchased_purges":3,"victory":false,"max_hp_per_floor":[68,68,68,68,68,68,68,68,68,68,68,68,68,73,73,73,73,73,73,73,73,73,73,73,73,73,73,73,76,76,80,80],"relic_stats":{"SsserpentHead":300,"TheAbacus":[42],"Happy Flower":[14],"counters":[13,53],"Eternal Feather":45,"MealTicket":15,"Letter Opener":[15],"obtain_stats":[{"SsserpentHead":4,"Lantern":20,"TheAbacus":27,"Happy Flower":7,"Enchiridion":21,"Eternal Feather":9,"MealTicket":26,"Mark of Pain":17,"Letter Opener":24,"Toxic Egg 2":28,"Burning Blood":0},{"SsserpentHead":3,"Lantern":9,"TheAbacus":10,"Happy Flower":4,"Enchiridion":9,"Eternal Feather":4,"MealTicket":10,"Mark of Pain":7,"Letter Opener":10,"Toxic Egg 2":11,"Burning Blood":0},{"SsserpentHead":8,"Lantern":33,"TheAbacus":36,"Happy Flower":11,"Enchiridion":33,"Eternal Feather":11,"MealTicket":36,"Mark of Pain":28,"Letter Opener":36,"Toxic Egg 2":40,"Burning Blood":0}],"Burning Blood":68},"card_choices":[{"not_picked":["Brutality","Exhume"],"picked":"Fiend Fire","floor":0.0},{"not_picked":["Thunderclap","Clash"],"picked":"Sword Boomerang","floor":1.0},{"not_picked":["Clash","Body Slam","Warcry"],"picked":"SKIP","floor":2.0},{"not_picked":["Armaments","Pommel Strike"],"picked":"Shockwave","floor":3.0},{"not_picked":["Uppercut","Headbutt"],"picked":"Bludgeon","floor":7.0},{"not_picked":["Clothesline","Flex"],"picked":"True Grit","floor":10.0},{"not_picked":["Carnage","Armaments"],"picked":"Battle Trance","floor":14.0},{"not_picked":["Impervious","Limit Break"],"picked":"Reaper","floor":16},{"not_picked":["Sword Boomerang","Anger","Iron Wave"],"picked":"SKIP","floor":18},{"not_picked":["Clothesline","Searing Blow","Flex"],"picked":"SKIP","floor":19},{"not_picked":["Thunderclap","Rupture","Infernal Blade"],"picked":"SKIP","floor":24},{"not_picked":["Shrug It Off+1","Thunderclap"],"picked":"Feed","floor":28},{"not_picked":["Armaments+1","Searing Blow"],"picked":"Rage+1","floor":29}],"player_experience":1939697,"relics_obtained":[{"floor":7.0,"key":"Happy Flower"},{"floor":9.0,"key":"Eternal Feather"},{"floor":21,"key":"Enchiridion"},{"floor":24,"key":"Letter Opener"},{"floor":26,"key":"MealTicket"},{"floor":28,"key":"Toxic Egg 2"}],"event_choices":[{"damage_healed":0.0,"max_hp_gain":0.0,"max_hp_loss":0.0,"gold_gain":0.0,"event_name":"FaceTrader","player_choice":"Trade","floor":4.0,"gold_loss":0.0,"damage_taken":0.0,"relics_obtained":["SsserpentHead"]},{"damage_healed":0,"gold_gain":0,"player_choice":"Obtained Relic","damage_taken":0,"relics_obtained":["Lantern"],"max_hp_gain":0,"max_hp_loss":0,"event_name":"Addict","floor":20,"gold_loss":85},{"damage_healed":0,"gold_gain":0,"player_choice":"Obtained Book","damage_taken":21,"max_hp_gain":0,"max_hp_loss":0,"event_name":"Cursed Tome","floor":21,"gold_loss":0},{"damage_healed":0,"gold_gain":0,"player_choice":"Simplicity","damage_taken":0,"max_hp_gain":0,"max_hp_loss":0,"event_name":"Back to Basics","floor":22,"gold_loss":0,"cards_upgraded":["Strike_R","Strike_R","Strike_R","Defend_R","Defend_R","Defend_R","Defend_R"]},{"cards_removed":["Strike_R"],"damage_healed":0,"gold_gain":0,"player_choice":"Purged","damage_taken":0,"max_hp_gain":0,"max_hp_loss":0,"event_name":"Purifier","floor":25,"gold_loss":0}],"is_beta":false,"boss_relics":[{"not_picked":["Runic Cube","Sozu"],"picked":"Mark of Pain"}],"items_purged_floors":[5,12,27],"is_endless":false,"potions_floor_spawned":[2,10,14,16,24],"killed_by":"Slavers","ascension_level":20}}