{"host":"skr63qsdfgeey3it","time":1609126980,"event":{"mods":["BaseMod","Colored Map","Hubris","Minty Spire (QoL Compilation)","Replay The Spire","Robot Space Explorer","Spicy Shops","StSLib"],"gold_per_floor":[114,125,144,144,144,144,177,177,177,192,192,192,30,45,45,120,120,132,178,178,189,15,15,15,15],"floor_reached":24,"playtime":1105,"items_purged":[],"score":310,"play_id":"898ec309-6686-46f4-a98b-30b9a038777f","local_time":"20201227214300","is_ascension_mode":true,"campfire_choices":[{"data":"Bash","floor":6.0,"key":"SMITH"},{"data":"Clothesline","floor":8.0,"key":"SMITH"},{"data":"Pot Of Greed","floor":11.0,"key":"SMITH"},{"floor":15,"key":"REST"},{"data":"Armaments","floor":23,"key":"SMITH"}],"circlet_count":0,"master_deck":["AscendersBane","Bash+1","Disarm+1","Pot Of Greed+1","Pot Of Greed","Clothesline+1","Feed","Exhume","hubris:SharpeningStone","Defy Death","Hemogenesis","Seeing Red","Dropkick","Hemogenesis","Armaments+1","Blood for Blood","Bloodletting","Pot Of Greed","Disarm+1","Double Tap"],"relics":["hubris:TerracottaHorce","Grinning Jar","hubris:IronBody","hubris:Towel","Vajra","Pandora\u0027s Box","Omamori"],"acts_visited":["Exordium","TheCity"],"potions_floor_usage":[21],"damage_taken":[{"damage":1.0,"enemies":"Cultist","floor":1.0,"turns":3.0},{"damage":4.0,"enemies":"Jaw Worm","floor":2.0,"turns":3.0},{"damage":5.0,"enemies":"Small Slimes","floor":3.0,"turns":4.0},{"damage":18.0,"enemies":"Gremlin Nob","floor":7.0,"turns":4.0},{"damage":10.0,"enemies":"Blue Slaver","floor":10.0,"turns":3.0},{"damage":27,"enemies":"Exordium Wildlife","floor":14,"turns":5},{"damage":20,"enemies":"The Guardian","floor":16,"turns":12},{"damage":0,"enemies":"Spheric Guardian","floor":18,"turns":2},{"damage":16,"enemies":"3 Byrds","floor":21,"turns":6},{"damage":0,"enemies":"Cultist and Chosen","floor":24,"turns":2}],"seed_played":"9180545687785839443","potions_obtained":[{"floor":2.0,"key":"FearPotion"},{"floor":16,"key":"SteroidPotion"},{"floor":21,"key":"FairyPotion"}],"is_trial":false,"path_per_floor":["M","M","M","$","?","R","E","R","T","M","R","?","$","M","R","B",null,"M","T","?","M","$","R","M"],"character_chosen":"IRONCLAD","items_purchased":["Vajra","Double Tap"],"campfire_rested":1,"item_purchase_floors":[13,22],"current_hp_per_floor":[71,67,62,62,62,62,44,44,44,34,34,34,34,7,31,14,66,74,74,74,81,81,81,81,81],"gold":15,"neow_bonus":"BOSS_RELIC","is_daily":false,"chose_seed":false,"campfire_upgraded":4,"win_rate":0.0,"timestamp":1609126980,"path_taken":["M","M","?","$","?","R","E","R","T","M","R","?","?","M","R","BOSS","M","?","?","M","$","R","?"],"items_purchased_type":["Relic","Card"],"build_version":"2020-12-22","purchased_purges":0,"victory":false,"max_hp_per_floor":[80,80,80,80,80,80,80,80,80,80,80,80,80,80,80,83,83,86,86,86,86,86,86,86,86],"card_choices":[{"not_picked":["hubris:ReadiedAction","Twin Strike"],"picked":"Disarm","floor":1.0},{"not_picked":["ReplayTheSpireMod:Strike From Hell","Second Wind","Entrench"],"picked":"SKIP","floor":2.0},{"not_picked":["Body Slam","Feel No Pain","Iron Wave"],"picked":"SKIP","floor":3.0},{"not_picked":["Havoc","Ghostly Armor"],"picked":"Clothesline","floor":7.0},{"not_picked":["Pommel Strike","Body Slam","hubris:ReadiedAction"],"picked":"SKIP","floor":10.0},{"not_picked":["Run Through","Clothesline"],"picked":"Feed","floor":14},{"not_picked":["Feed","Brutality"],"picked":"Exhume","floor":16},{"not_picked":["Armaments","Twin Strike","ReplayTheSpireMod:Strike From Hell"],"picked":"SKIP","floor":18},{"not_picked":["Run Through","Clothesline","Body Slam"],"picked":"SKIP","floor":21}],"player_experience":729430,"relics_obtained":[{"floor":7.0,"key":"Grinning Jar"},{"floor":9.0,"key":"hubris:IronBody"},{"floor":19,"key":"Omamori"}],"event_choices":[{"damage_healed":0,"gold_gain":0,"player_choice":"Copied","damage_taken":0,"max_hp_gain":0,"max_hp_loss":0,"event_name":"Duplicator","floor":20,"gold_loss":0,"cards_obtained":["Disarm"]}],"is_beta":false,"boss_relics":[{"not_picked":["Busted Crown","Replay:Bronze Core"],"picked":"Pandora\u0027s Box"}],"items_purged_floors":[],"is_endless":false,"potions_floor_spawned":[2,16,21],"killed_by":"Cultist and Chosen","ascension_level":12}}