{"host":"9s40qwdfo6o6xlx0","time":1609128797,"event":{"mods":["ATMod(°¢èªMod)","BaseMod","Highlight Path","Minty Spire (QoL Compilation)","Replay The Spire","StSLib"],"gold_per_floor":[112,125,125,200,216,216,226,261,261,278,278,340,365,378,378,479,479,492,504,419,419,431,458,458,458,507,530,530,548,582,602,701,798,798,815,815,832,414,414,414,745,745,745,758,775,91,119,132,132,132],"floor_reached":51,"playtime":2562,"items_purged":["Defend_G","Strike_G"],"score":932,"play_id":"69f8a7e6-8ac9-44f2-a304-645388fcd506","local_time":"20201228121317","is_ascension_mode":false,"campfire_choices":[{"data":"AT_ChampionStep","floor":6,"key":"SMITH"},{"data":"AT_WindFlip","floor":11,"key":"SMITH"},{"data":"Defend_G","floor":15,"key":"PURGE"},{"data":"ReplayTheSpireMod:The Works","floor":24,"key":"SMITH"},{"data":"Hidden Blade","floor":28,"key":"SMITH"},{"data":"Adrenaline","floor":40,"key":"SMITH"},{"data":"Calculated Gamble","floor":42,"key":"SMITH"},{"floor":49,"key":"DIG"}],"circlet_count":0,"master_deck":["Strike_G","Strike_G","Defend_G","Defend_G","Defend_G","Survivor","Neutralize","Finesse","AT_ChampionStep+1","AT_WindFlip+1","Prepared","Acrobatics","Endless Agony","Dagger Throw","Acrobatics","Calculated Gamble+1","ReplayTheSpireMod:The Works+1","Hidden Blade+1","Replay:Bag of Tricks","Dagger Throw+1","Prepared","Blade Dance+1","Eviscerate+1","Blade Dance+1","Adrenaline+1","CurseOfTheBell","Reflex+1","Burst","After Image","Hidden Blade","ReplayTheSpireMod:Scrap Shanks+1","ReplayTheSpireMod:Scrap Shanks","Underhanded Strike+1","Panache","AT_TwilightShroud","ReplayTheSpireMod:Scrap Shanks+1"],"relics":["Ring of the Snake","AT_ATBox","Anchor","Letter Opener","Ice Cream","Question Card","ChewingGum","ReplayTheSpireMod:Lightbulb","Nilry\u0027s Codex","Garlic","Vajra","Replay:Baseball","ReplayTheSpireMod:TigerMarble","Calling Bell","Bag of Preparation","Replay:Bottled Snecko","WingedGreaves","Chemical X","Old Coin","AT_GuinsooRageblade","BargainBundle","Nunchaku","InkBottle","Gremlin Food","Snack Pack"],"acts_visited":["Exordium","TheCity","TheBeyond"],"potions_floor_usage":[13],"damage_taken":[{"damage":1,"enemies":"Jaw Worm","floor":1,"turns":5},{"damage":0,"enemies":"Small Slimes","floor":2,"turns":3},{"damage":0,"enemies":"2 Louse","floor":5,"turns":2},{"damage":0,"enemies":"Exordium Thugs","floor":7,"turns":2},{"damage":6,"enemies":"Gremlin Nob","floor":8,"turns":3},{"damage":0,"enemies":"Gremlin Gang","floor":10,"turns":1},{"damage":0,"enemies":"3 Sentries","floor":12,"turns":2},{"damage":0,"enemies":"3 Sentries","floor":13,"turns":1},{"damage":0,"enemies":"Exordium Wildlife","floor":14,"turns":1},{"damage":0,"enemies":"Fading Forest","floor":16,"turns":4},{"damage":0,"enemies":"Shell Parasite","floor":18,"turns":2},{"damage":0,"enemies":"Chosen","floor":19,"turns":2},{"damage":0,"enemies":"Centurion and Healer","floor":22,"turns":1},{"damage":0,"enemies":"Book of Stabbing","floor":23,"turns":1},{"damage":0,"enemies":"Chosen and Byrds","floor":29,"turns":1},{"damage":0,"enemies":"Slavers","floor":30,"turns":2},{"damage":2,"enemies":"Snake Plant","floor":31,"turns":2},{"damage":0,"enemies":"Champ","floor":33,"turns":1},{"damage":0,"enemies":"3 Darklings","floor":35,"turns":1},{"damage":0,"enemies":"Orb Walker","floor":37,"turns":1},{"damage":0,"enemies":"R_Hoarder","floor":41,"turns":5},{"damage":3,"enemies":"4 Shapes","floor":44,"turns":2},{"damage":5,"enemies":"Writhing Mass","floor":45,"turns":3},{"damage":0,"enemies":"Nemesis","floor":47,"turns":3},{"damage":0,"enemies":"Spire Growth","floor":48,"turns":2},{"damage":0,"enemies":"Replay:Hell Engine","floor":50,"turns":3}],"seed_played":"6976014421611594052","potions_obtained":[{"floor":5,"key":"PowerPotion"},{"floor":8,"key":"Fire Potion"},{"floor":12,"key":"Block Potion"},{"floor":13,"key":"Fruit Juice"},{"floor":19,"key":"Doom Potion"},{"floor":33,"key":"Energy Potion"},{"floor":39,"key":"DistilledChaos"},{"floor":39,"key":"CultistPotion"}],"is_trial":false,"path_per_floor":["M","M","?","?","M","R","M","E","T","M","R","?","E","M","R","B",null,"M","M","?","?","M","E","R","?","T","T","R","M","E","M","R","B",null,"M","?","M","$","?","R","E","R","T","M","M","$","E","M","R","B",null],"character_chosen":"THE_SILENT","items_purchased":["After Image","Hidden Blade","Chemical X","BargainBundle","Nunchaku","InkBottle","Panache","AT_TwilightShroud"],"campfire_rested":0,"item_purchase_floors":[38,38,38,46,46,46,46,46],"current_hp_per_floor":[69,69,62,51,51,51,51,45,45,45,45,45,50,50,50,50,75,75,75,75,59,59,59,59,59,59,59,59,59,59,57,57,57,75,75,75,75,75,75,75,75,75,75,72,67,67,67,67,67,73],"gold":132,"neow_bonus":"RANDOM_COLORLESS","is_daily":false,"chose_seed":false,"campfire_upgraded":6,"win_rate":0.0,"timestamp":1609128797,"path_taken":["M","M","?","?","M","R","M","E","T","M","R","?","E","?","R","BOSS","M","?","?","?","M","E","R","?","T","?","R","?","E","M","R","BOSS","M","?","M","$","?","R","E","R","T","?","M","$","E","M","R","BOSS"],"items_purchased_type":["Card","Card","Relic","Relic","Relic","Relic","Card","Card"],"build_version":"2020-12-22","purchased_purges":2,"victory":true,"max_hp_per_floor":[70,70,70,70,70,70,70,70,70,70,70,70,75,75,75,75,75,75,75,75,75,75,75,75,75,75,75,75,75,75,75,75,75,75,75,75,75,75,75,75,75,75,75,75,75,75,75,75,75,75],"card_choices":[{"not_picked":["Dramatic Entrance","AT_PowerWithin"],"picked":"Finesse","floor":0},{"not_picked":["AT_TinkerSharpsword","Backflip"],"picked":"AT_WindFlip","floor":1},{"not_picked":["Blur","Underhanded Strike"],"picked":"Prepared","floor":2},{"not_picked":["Blade Dance","Poisoned Stab"],"picked":"Acrobatics","floor":5},{"not_picked":["Dagger Spray","Backflip"],"picked":"Endless Agony","floor":7},{"not_picked":["Underhanded Strike","Masterful Stab"],"picked":"Dagger Throw","floor":8},{"not_picked":["Backflip","Draining Mist"],"picked":"Acrobatics","floor":10},{"not_picked":["Poisoned Stab","AT_ShadowStep"],"picked":"Calculated Gamble","floor":12},{"not_picked":["Underhanded Strike","Distraction"],"picked":"ReplayTheSpireMod:The Works","floor":13},{"not_picked":["Dodge and Roll","AT_Desolate","Masterful Stab"],"picked":"Hidden Blade","floor":14},{"not_picked":["Atom Bomb","AT_MyraUnstableElement","Wraith Form v2"],"picked":"Replay:Bag of Tricks","floor":16},{"not_picked":["Accuracy","Catalyst","ReplayTheSpireMod:Shiv Toss"],"picked":"Dagger Throw+1","floor":18},{"not_picked":["ReplayTheSpireMod:Speed Training","Deflect","AT_Desolate+1"],"picked":"Prepared","floor":19},{"not_picked":["Slice","Cloak And Dagger+1","Corpse Explosion","All Out Attack+1"],"picked":"SKIP","floor":22},{"not_picked":["PiercingWail","Deadly Poison","Choke","AT_TwilightShroud"],"picked":"SKIP","floor":23},{"not_picked":["Slice","Bouncing Flask","Bane+1"],"picked":"Blade Dance+1","floor":29},{"not_picked":["Footwork","Poisoned Stab+1","Deadly Poison"],"picked":"Eviscerate+1","floor":30},{"not_picked":["PiercingWail","Cloak And Dagger","AT_TwilightShroud"],"picked":"Blade Dance+1","floor":31},{"not_picked":["Night Terror","ReplayTheSpireMod:Necrosis","A Thousand Cuts"],"picked":"Adrenaline","floor":33},{"not_picked":["Dagger Spray","Sucker Punch","Dagger Throw"],"picked":"Reflex+1","floor":35},{"not_picked":["Choke+1","Crippling Poison+1","Toxin Wave"],"picked":"Burst","floor":37},{"not_picked":["PiercingWail+1","Glass Knife","Poisoned Stab"],"picked":"ReplayTheSpireMod:Scrap Shanks+1","floor":41},{"not_picked":["PiercingWail","Infinite Blades+1","Accuracy"],"picked":"ReplayTheSpireMod:Scrap Shanks","floor":44},{"not_picked":["Deflect+1","Skewer","AT_WindFlip+1"],"picked":"Underhanded Strike+1","floor":45},{"not_picked":["Poisoned Stab+1","Prepared+1","Blade Dance"],"picked":"ReplayTheSpireMod:Scrap Shanks+1","floor":47},{"not_picked":["Dagger Spray+1","Blur+1","Dodge and Roll+1","Corpse Explosion"],"picked":"SKIP","floor":48}],"player_experience":28681,"relics_obtained":[{"floor":8,"key":"Anchor"},{"floor":9,"key":"Letter Opener"},{"floor":12,"key":"Ice Cream"},{"floor":13,"key":"Question Card"},{"floor":21,"key":"Nilry\u0027s Codex"},{"floor":23,"key":"Garlic"},{"floor":26,"key":"Vajra"},{"floor":27,"key":"Replay:Baseball"},{"floor":30,"key":"ReplayTheSpireMod:TigerMarble"},{"floor":34,"key":"Bag of Preparation"},{"floor":34,"key":"Replay:Bottled Snecko"},{"floor":34,"key":"WingedGreaves"},{"floor":41,"key":"Old Coin"},{"floor":43,"key":"AT_GuinsooRageblade"},{"floor":47,"key":"Gremlin Food"},{"floor":49,"key":"Snack Pack"}],"event_choices":[{"cards_removed":["Strike_G"],"damage_healed":0,"gold_gain":0,"player_choice":"Card Removal","damage_taken":7,"max_hp_gain":0,"max_hp_loss":0,"event_name":"Golden Wing","floor":3,"gold_loss":0},{"damage_healed":0,"gold_gain":75,"player_choice":"Gather Gold","damage_taken":11,"max_hp_gain":0,"max_hp_loss":0,"event_name":"World of Goop","floor":4,"gold_loss":0},{"damage_healed":0,"gold_gain":0,"player_choice":"Searched \u00272\u0027 times","damage_taken":0,"max_hp_gain":0,"max_hp_loss":0,"event_name":"Dead Adventurer","floor":12,"gold_loss":0},{"damage_healed":0,"gold_gain":0,"player_choice":"Obtained Relic","damage_taken":0,"relics_obtained":["ReplayTheSpireMod:Lightbulb"],"max_hp_gain":0,"max_hp_loss":0,"event_name":"Addict","floor":20,"gold_loss":85},{"damage_healed":0,"gold_gain":0,"player_choice":"Obtained Book","damage_taken":16,"max_hp_gain":0,"max_hp_loss":0,"event_name":"Cursed Tome","floor":21,"gold_loss":0},{"damage_healed":0,"gold_gain":0,"player_choice":"Ignored","damage_taken":0,"max_hp_gain":0,"max_hp_loss":0,"event_name":"Ghosts","floor":25,"gold_loss":0},{"damage_healed":0,"gold_gain":99,"player_choice":"Stole From Cult","damage_taken":0,"max_hp_gain":0,"max_hp_loss":0,"event_name":"Nest","floor":32,"gold_loss":0},{"cards_removed":["Strike_G"],"damage_healed":0,"gold_gain":0,"player_choice":"Removed Attack","damage_taken":0,"max_hp_gain":0,"max_hp_loss":0,"event_name":"Falling","floor":36,"gold_loss":0},{"damage_healed":0,"gold_gain":0,"player_choice":"Got Potions","damage_taken":0,"max_hp_gain":0,"max_hp_loss":0,"event_name":"Lab","floor":39,"gold_loss":0}],"is_beta":false,"boss_relics":[{"not_picked":["SlaversCollar","WristBlade"],"picked":"ChewingGum"},{"not_picked":["Snecko Eye","ReplayTheSpireMod:DimensionalGlitch"],"picked":"Calling Bell"}],"items_purged_floors":[38,46],"is_endless":false,"potions_floor_spawned":[5,8,12,13,19,23,29,33,37,41,44,48],"ascension_level":0}}