{"host":"206uhceyiubfocqu","time":1609192699,"event":{"mods":["Act Like it!","BaseMod","Gensokyo","Minty Spire (QoL Compilation)","StSLib","The Senshi"],"gold_per_floor":[119,119,49,64,79,106,106,138,138,169,169,194,194,213,213,318,318,334,334,346,359,459,490,508,526,549,549,584,603,278,297,297,401,401,413,413,123,123,123,158,158,229,229,229,240,240,250,266,266,266],"floor_reached":51,"playtime":5432,"items_purged":["Regret"],"score":820,"play_id":"c44c80fb-22a7-4895-962f-25b35c42df19","local_time":"20201228225819","is_ascension_mode":false,"campfire_choices":[{"data":"theSenshi:RoseThrow","floor":7.0,"key":"SMITH"},{"data":"theSenshi:CrisisMakeUp","floor":11.0,"key":"SMITH"},{"floor":15.0,"key":"REST"},{"data":"theSenshi:SilverMoonCrystalPowerKiss","floor":32.0,"key":"SMITH"},{"data":"theSenshi:SailorPlanetPower","floor":41,"key":"SMITH"},{"data":"theSenshi:YouCanTalk","floor":44,"key":"SMITH"},{"data":"theSenshi:SailorStarHealerAssists","floor":49,"key":"SMITH"}],"circlet_count":0,"master_deck":["theSenshi:SailorKick","theSenshi:SailorKick+1","theSenshi:SailorKick","theSenshi:SailorKick","theSenshi:SailorBlock","theSenshi:SailorBlock","theSenshi:SailorBlock+1","theSenshi:SailorBlock","theSenshi:RoseThrow+1","theSenshi:SailorStarHealerAssists+1","theSenshi:TallSilhouette","theSenshi:InTheNameOfTheMoon+1","theSenshi:YouCanTalk+1","theSenshi:CrisisMakeUp+1","theSenshi:LunasBite","theSenshi:Sidestep+1","theSenshi:SailorMercuryAssists+1","theSenshi:SilverMoonCrystalPowerKiss+1","theSenshi:JupitersPower","theSenshi:MoonCrystalPowerMakeUp","theSenshi:KlutzyLuck+1","theSenshi:KlutzyLuck+1","theSenshi:TuxedoMaskAssists+1","Gensokyo:AllTheWorldsEvil","theSenshi:MoonCrystalPowerMakeUp+1","theSenshi:SailorStarHealerAssists+1","theSenshi:IWillPunishYou+1","theSenshi:LunaSensingAllies+1","theSenshi:MoonlightKnight+1","theSenshi:SailorPlanetPower+1","Regret","Clumsy","theSenshi:SailorMercuryAssists+1","theSenshi:InTheNickOfTime+1","theSenshi:SchoolBag+1"],"relics":["theSenshi:TransformationBroochRelic","Pear","Bag of Preparation","Toxic Egg 2","theSenshi:HolyGrailRelic","Bronze Scales","Mercury Hourglass","Cursed Key","TungstenRod","Lizard Tail","Toy Ornithopter","Tiny Chest","ClockworkSouvenir","Blood Vial","Runic Pyramid","Calipers","Vajra","Gensokyo:EmptyGrave","Ice Cream","theSenshi:FeatherClipsRelic","Ornamental Fan","Lantern"],"acts_visited":["Gensokyo:Gensokyo","Gensokyo:Gensokyoer","Gensokyo:Gensokyoest"],"potions_floor_usage":[47],"damage_taken":[{"damage":5.0,"enemies":"Gensokyo:Python","floor":1.0,"turns":4.0},{"damage":0.0,"enemies":"Gensokyo:Gryphon","floor":4.0,"turns":4.0},{"damage":4.0,"enemies":"Gensokyo:3_Fairies","floor":5.0,"turns":5.0},{"damage":8.0,"enemies":"Gensokyo:Aya","floor":6.0,"turns":8.0},{"damage":0.0,"enemies":"Gensokyo:Mamizou","floor":8.0,"turns":9.0},{"damage":56.0,"enemies":"Gensokyo:Cirno","floor":10.0,"turns":10.0},{"damage":4.0,"enemies":"Gensokyo:Aya","floor":12.0,"turns":7.0},{"damage":2.0,"enemies":"Gensokyo:Gryphon_and_Rabbit","floor":14.0,"turns":4.0},{"damage":4.0,"enemies":"Gensokyo:Reimu","floor":16.0,"turns":8.0},{"damage":0.0,"enemies":"Gensokyo:AngelMirror","floor":18.0,"turns":1.0},{"damage":0.0,"enemies":"Gensokyo:2_Gloops","floor":20.0,"turns":4.0},{"damage":3.0,"enemies":"Gensokyo:Slime_Group","floor":21.0,"turns":7.0},{"damage":16.0,"enemies":"Gensokyo:Slime_Group","floor":22.0,"turns":9.0},{"damage":10.0,"enemies":"Gensokyo:Tenshi","floor":23.0,"turns":5.0},{"damage":0.0,"enemies":"Gensokyo:Swordslinger","floor":24.0,"turns":4.0},{"damage":5.0,"enemies":"Gensokyo:Wraith","floor":25.0,"turns":3.0},{"damage":0.0,"enemies":"Gensokyo:Reisen","floor":28.0,"turns":7.0},{"damage":31.0,"enemies":"Gensokyo:Monolith_and_Dog","floor":29.0,"turns":6.0},{"damage":5.0,"enemies":"Gensokyo:Slime_Group","floor":31.0,"turns":6.0},{"damage":23.0,"enemies":"Gensokyo:Eternal_Rivals","floor":33.0,"turns":9.0},{"damage":0,"enemies":"Gensokyo:3_Bats","floor":35,"turns":5},{"damage":0,"enemies":"Gensokyo:Marisa","floor":40,"turns":5},{"damage":0,"enemies":"Gensokyo:AncientGuardian","floor":45,"turns":5},{"damage":0,"enemies":"Gensokyo:Rafflesia","floor":47,"turns":5},{"damage":1,"enemies":"Gensokyo:Dusk_and_Dawn","floor":48,"turns":4},{"damage":22,"enemies":"Gensokyo:Scarlet_Devils","floor":50,"turns":7}],"seed_played":"-5736628184052987700","potions_obtained":[{"floor":5.0,"key":"GamblersBrew"},{"floor":8.0,"key":"LiquidBronze"},{"floor":10.0,"key":"SteroidPotion"},{"floor":12.0,"key":"PowerPotion"},{"floor":16.0,"key":"LiquidMemories"},{"floor":18.0,"key":"PowerPotion"},{"floor":25.0,"key":"LiquidBronze"},{"floor":28.0,"key":"CultistPotion"},{"floor":45,"key":"Swift Potion"},{"floor":47,"key":"SpeedPotion"}],"is_trial":false,"path_per_floor":["M","?","?","M","M","E","R","E","T","E","R","E","?","M","R","B",null,"M","?","M","M","?","E","M","M","T","?","E","M","COS","M","R","B",null,"M","?","$","?","?","E","R","T","T","R","M","?","M","M","R","B",null],"character_chosen":"THE_SENSHI","items_purchased":["Vajra","theSenshi:SailorPlanetPower"],"campfire_rested":1,"item_purchase_floors":[37,37],"current_hp_per_floor":[70,65,65,70,71,68,68,73,73,22,22,23,23,26,51,52,85,85,85,85,85,69,64,69,69,69,69,69,43,43,43,43,25,85,85,52,52,52,42,54,79,79,79,79,79,79,79,79,79,68],"gold":266,"neow_bonus":"ONE_RANDOM_RARE_CARD","is_daily":false,"chose_seed":false,"campfire_upgraded":6,"win_rate":0.0,"timestamp":1609192699,"path_taken":["M","?","?","M","M","E","R","E","T","E","R","E","?","M","R","BOSS","M","?","M","M","?","E","?","?","T","?","E","M","COS","M","R","BOSS","M","?","$","?","?","E","R","?","T","R","M","?","M","?","R","BOSS"],"items_purchased_type":["Relic","Card"],"build_version":"2020-12-22","purchased_purges":1,"victory":true,"max_hp_per_floor":[75,85,85,85,85,85,85,85,85,85,85,85,85,85,85,85,85,85,85,85,85,85,85,85,85,85,85,85,85,85,85,85,85,85,85,85,85,79,79,79,79,79,79,79,79,79,79,79,79,79],"card_choices":[{"not_picked":["theSenshi:SailorVenusAssists","theSenshi:LateForSchool"],"picked":"theSenshi:TallSilhouette","floor":1.0},{"not_picked":["theSenshi:EncouragingSpeech","theSenshi:MoonSpiralHeartAttack","theSenshi:SailorMercuryAssists"],"picked":"SKIP","floor":4.0},{"not_picked":["theSenshi:MoonCosmicPowerMakeUp","theSenshi:LunasBite"],"picked":"theSenshi:InTheNameOfTheMoon","floor":5.0},{"not_picked":["theSenshi:OdangoHead","theSenshi:MoonsReflection"],"picked":"theSenshi:YouCanTalk","floor":6.0},{"not_picked":["theSenshi:MoonPrincessHalation","theSenshi:SailorVenusAssists"],"picked":"theSenshi:CrisisMakeUp","floor":8.0},{"not_picked":["theSenshi:MoonPunch","theSenshi:OdangoHead+1"],"picked":"theSenshi:LunasBite","floor":10.0},{"not_picked":["theSenshi:MoonCrystalPowerMakeUp","theSenshi:MoonsReflection+1"],"picked":"theSenshi:Sidestep+1","floor":12.0},{"not_picked":["theSenshi:SailorVenusAssists","theSenshi:EncouragingSpeech+1"],"picked":"theSenshi:SailorMercuryAssists+1","floor":14.0},{"not_picked":["theSenshi:GlimpseOfThePast","theSenshi:ChibiMoonsLove+1"],"picked":"theSenshi:SilverMoonCrystalPowerKiss","floor":16.0},{"not_picked":["theSenshi:MoonPrincessHalation","theSenshi:LunasBite","theSenshi:SailorChibiMoonAssists"],"picked":"SKIP","floor":18.0},{"not_picked":["theSenshi:SailorVenusAssists","theSenshi:Sidestep+1"],"picked":"theSenshi:MoonCrystalPowerMakeUp","floor":20.0},{"not_picked":["theSenshi:SailorMarsAssists","theSenshi:SupersonicWaves","theSenshi:MoonKick"],"picked":"SKIP","floor":21.0},{"not_picked":["theSenshi:OdangoHead+1","theSenshi:CrisisMakeUp"],"picked":"theSenshi:KlutzyLuck+1","floor":23.0},{"not_picked":["theSenshi:MoonlightKnight","theSenshi:SaturnsMystery"],"picked":"theSenshi:KlutzyLuck+1","floor":24.0},{"not_picked":["theSenshi:MoonPrincessHalation","theSenshi:SailorMercuryAssists+1"],"picked":"theSenshi:TuxedoMaskAssists+1","floor":25.0},{"not_picked":["theSenshi:SailorV+1","theSenshi:MoonPunch"],"picked":"theSenshi:MoonCrystalPowerMakeUp+1","floor":28.0},{"not_picked":["theSenshi:MoonPunch+1","theSenshi:LunaWiseMentor+1"],"picked":"theSenshi:SailorStarHealerAssists+1","floor":29.0},{"not_picked":["theSenshi:SupersonicWaves+1","theSenshi:SailorChibiMoonAssists","theSenshi:SailorVenusAssists"],"picked":"SKIP","floor":31.0},{"not_picked":["theSenshi:FatedKiss","theSenshi:GlimpseOfThePast"],"picked":"theSenshi:IWillPunishYou","floor":33.0},{"not_picked":["theSenshi:JupitersPower","theSenshi:GlimpseOfThePast"],"picked":"theSenshi:LunaSensingAllies+1","floor":33.0},{"not_picked":["theSenshi:VenusGlamour+1","theSenshi:SailorMercuryAssists+1"],"picked":"theSenshi:MoonlightKnight+1","floor":35},{"not_picked":["theSenshi:SailorVenusAssists","theSenshi:DramaticEntrance+1","theSenshi:LunasBite+1"],"picked":"SKIP","floor":40},{"not_picked":["theSenshi:HesSoDreamy+1","theSenshi:MoonSpiralHeartAttack+1"],"picked":"theSenshi:SailorMercuryAssists+1","floor":45},{"not_picked":["theSenshi:SailorVenusAssists+1","theSenshi:MoonTiaraMagic"],"picked":"theSenshi:InTheNickOfTime+1","floor":47},{"not_picked":["theSenshi:EncouragingSpeech+1","theSenshi:SailorVenusAssists"],"picked":"theSenshi:SchoolBag+1","floor":48}],"player_experience":662802,"relics_obtained":[{"floor":6.0,"key":"Bag of Preparation"},{"floor":8.0,"key":"Toxic Egg 2"},{"floor":9.0,"key":"theSenshi:HolyGrailRelic"},{"floor":10.0,"key":"Bronze Scales"},{"floor":12.0,"key":"Mercury Hourglass"},{"floor":22.0,"key":"TungstenRod"},{"floor":22.0,"key":"Lizard Tail"},{"floor":26.0,"key":"Toy Ornithopter"},{"floor":28.0,"key":"Tiny Chest"},{"floor":40,"key":"theSenshi:FeatherClipsRelic"},{"floor":42,"key":"Ornamental Fan"},{"floor":43,"key":"Lantern"}],"event_choices":[],"is_beta":false,"boss_relics":[{"not_picked":["Runic Dome","Tiny House"],"picked":"Cursed Key"},{"not_picked":["Pandora\u0027s Box","Busted Crown"],"picked":"Runic Pyramid"}],"items_purged_floors":[37],"is_endless":false,"potions_floor_spawned":[5,8,10,12,14,16,18,20,21,25,28,45,47],"ascension_level":0}}