{"host":"7mrmd33mpx7q5wx9","time":1609154469,"event":{"mods":["AchievementEnabler","BaseMod","BetterRewards","Colored Map","Defuse TimeMaze Blight","Minty Spire (QoL Compilation)","Permanent Neow","Quick Restart","StSLib"],"gold_per_floor":[109,120,395,57,71,101,101,120,146,181,181,200,229,241,241,338,338,351,9,24,24,123,153,153,163,190,207,219,62,75,87,87,188,188,202,213,63,80,97,114,144,144,144,163,163,163,195,205,205,205,205,205,45,72,72],"floor_reached":56,"playtime":3490,"items_purged":["Defend_G","Regret","Strike_G","Strike_G"],"score":1605,"play_id":"20f0fef7-bfbc-4add-9d45-96782bbef24b","local_time":"20201228052109","is_ascension_mode":false,"campfire_choices":[{"data":"Noxious Fumes","floor":7,"key":"SMITH"},{"data":"Noxious Fumes","floor":11,"key":"SMITH"},{"data":"After Image","floor":15,"key":"SMITH"},{"data":"Footwork","floor":24,"key":"SMITH"},{"data":"Leg Sweep","floor":32,"key":"SMITH"},{"data":"Wraith Form v2","floor":45,"key":"SMITH"},{"floor":49,"key":"RECALL"},{"data":"After Image","floor":52,"key":"SMITH"}],"circlet_count":0,"master_deck":["Defend_G","Defend_G","Defend_G","Defend_G","Survivor","Neutralize","Noxious Fumes+1","Crippling Poison","Underhanded Strike","Noxious Fumes+1","Leg Sweep+1","Skewer","Acrobatics+1","After Image+1","Predator","PiercingWail","Quick Slash","Dagger Throw","Deadly Poison","Adrenaline","Prepared+1","Footwork+1","Dodge and Roll","Caltrops","Leg Sweep+1","Flechettes+1","After Image+1","Dodge and Roll+1","Flechettes+1","Die Die Die+1","Escape Plan+1","Backflip+1","Wraith Form v2+1","Noxious Fumes","Well Laid Plans+1","Footwork","Noxious Fumes+1"],"relics":["Ring of the Snake","TungstenRod","Ancient Tea Set","War Paint","Nunchaku","Centennial Puzzle","Velvet Choker","Oddly Smooth Stone","Incense Burner","Astrolabe","CaptainsWheel","Meat on the Bone","Potion Belt","Shuriken"],"acts_visited":["Exordium","TheCity","TheBeyond","TheEnding"],"potions_floor_usage":[6,10,41,47,48,50,55,55,55],"damage_taken":[{"damage":0,"enemies":"Jaw Worm","floor":1,"turns":4},{"damage":0,"enemies":"Cultist","floor":2,"turns":4},{"damage":0,"enemies":"2 Louse","floor":5,"turns":3},{"damage":15,"enemies":"3 Sentries","floor":6,"turns":7},{"damage":0,"enemies":"Looter","floor":8,"turns":3},{"damage":12,"enemies":"Gremlin Nob","floor":10,"turns":5},{"damage":0,"enemies":"3 Louse","floor":12,"turns":3},{"damage":5,"enemies":"Lagavulin","floor":13,"turns":7},{"damage":5,"enemies":"2 Fungi Beasts","floor":14,"turns":4},{"damage":1,"enemies":"Slime Boss","floor":16,"turns":7},{"damage":0,"enemies":"3 Byrds","floor":18,"turns":4},{"damage":7,"enemies":"Spheric Guardian","floor":20,"turns":4},{"damage":0,"enemies":"Gremlin Leader","floor":23,"turns":6},{"damage":0,"enemies":"Shelled Parasite and Fungi","floor":25,"turns":5},{"damage":1,"enemies":"Snecko","floor":27,"turns":5},{"damage":7,"enemies":"Cultist and Chosen","floor":28,"turns":7},{"damage":0,"enemies":"Centurion and Healer","floor":30,"turns":6},{"damage":4,"enemies":"Snake Plant","floor":31,"turns":5},{"damage":23,"enemies":"Champ","floor":33,"turns":15},{"damage":4,"enemies":"Orb Walker","floor":35,"turns":6},{"damage":0,"enemies":"3 Darklings","floor":36,"turns":5},{"damage":0,"enemies":"Maw","floor":38,"turns":9},{"damage":8,"enemies":"Spire Growth","floor":39,"turns":8},{"damage":4,"enemies":"Writhing Mass","floor":40,"turns":6},{"damage":0,"enemies":"Nemesis","floor":41,"turns":8},{"damage":0,"enemies":"3 Darklings","floor":44,"turns":5},{"damage":8,"enemies":"Reptomancer","floor":47,"turns":8},{"damage":0,"enemies":"Jaw Worm Horde","floor":48,"turns":5},{"damage":28,"enemies":"Awakened One","floor":50,"turns":17},{"damage":6,"enemies":"Shield and Spear","floor":54,"turns":8},{"damage":30,"enemies":"The Heart","floor":55,"turns":14}],"seed_played":"-3280862293087334400","potions_obtained":[{"floor":6,"key":"ColorlessPotion"},{"floor":10,"key":"GamblersBrew"},{"floor":12,"key":"GhostInAJar"},{"floor":18,"key":"SmokeBomb"},{"floor":25,"key":"Fire Potion"},{"floor":35,"key":"LiquidMemories"},{"floor":44,"key":"LiquidMemories"},{"floor":48,"key":"Fruit Juice"}],"is_trial":false,"path_per_floor":["M","M","?","$","M","E","R","M","T","E","R","M","E","M","R","B",null,"M","$","M","?","?","E","R","M","T","M","M","$","M","M","R","B",null,"M","M","$","M","M","M","E","$","T","M","R","?","E","M","R","B",null,"R","$","E","B",null],"character_chosen":"THE_SILENT","items_purchased":["TungstenRod","Noxious Fumes","Noxious Fumes","Leg Sweep","Skewer","Block Potion","Oddly Smooth Stone","Footwork","Caltrops","Leg Sweep","Footwork","Regen Potion","Strength Potion"],"campfire_rested":0,"item_purchase_floors":[0,0,4,4,4,4,19,19,29,29,53,53,53],"current_hp_per_floor":[63,63,63,63,63,48,48,48,48,36,36,36,31,26,26,25,70,70,70,63,63,63,63,63,63,63,62,55,55,55,51,51,28,70,66,66,66,66,58,54,54,54,54,54,54,54,46,51,51,35,71,71,71,65,50],"gold":72,"neow_bonus":"","is_daily":false,"chose_seed":false,"campfire_upgraded":7,"win_rate":0.0,"timestamp":1609154469,"path_taken":["M","M","?","$","M","E","R","M","T","E","R","M","E","M","R","BOSS","M","$","?","?","?","E","R","M","T","M","M","$","M","M","R","BOSS","M","M","$","M","M","M","E","$","T","M","R","?","E","M","R","BOSS","R","$","E","BOSS"],"items_purchased_type":["Relic","Card","Card","Card","Card","Potion","Relic","Card","Card","Card","Card","Potion","Potion"],"build_version":"2020-12-22","purchased_purges":4,"victory":true,"max_hp_per_floor":[70,70,70,70,70,70,70,70,70,70,70,70,70,70,70,70,70,70,70,70,70,70,70,70,70,70,70,70,70,70,70,70,70,70,70,70,70,70,70,70,70,70,70,70,70,66,66,71,71,71,71,71,71,71,71],"card_choices":[{"not_picked":["Deadly Poison","Tactician"],"picked":"Crippling Poison","floor":1},{"not_picked":["Slice","Blur"],"picked":"Underhanded Strike","floor":2},{"not_picked":["Leg Sweep","Slice"],"picked":"Acrobatics","floor":5},{"not_picked":["Deadly Poison","Quick Slash"],"picked":"After Image","floor":6},{"not_picked":["Backflip","Reflex"],"picked":"Predator","floor":8},{"not_picked":["Cloak And Dagger","Blade Dance"],"picked":"PiercingWail","floor":10},{"not_picked":["Dagger Throw","Bane"],"picked":"Quick Slash","floor":12},{"not_picked":["Phantasmal Killer","PiercingWail"],"picked":"Dagger Throw","floor":13},{"not_picked":["PiercingWail","Dash"],"picked":"Deadly Poison","floor":14},{"not_picked":["A Thousand Cuts","Corpse Explosion"],"picked":"Adrenaline","floor":16},{"not_picked":["Slice","Dodge and Roll"],"picked":"Prepared+1","floor":18},{"not_picked":["Sucker Punch","Dagger Throw","Riddle With Holes"],"picked":"SKIP","floor":20},{"not_picked":["Outmaneuver+1","Concentrate","Quick Slash"],"picked":"SKIP","floor":23},{"not_picked":["Slice","Quick Slash","Outmaneuver"],"picked":"SKIP","floor":25},{"not_picked":["Bane","Accuracy+1","Quick Slash"],"picked":"SKIP","floor":27},{"not_picked":["Cloak And Dagger","Sucker Punch+1"],"picked":"Dodge and Roll","floor":28},{"not_picked":["Masterful Stab","Sucker Punch+1","Crippling Poison+1"],"picked":"SKIP","floor":30},{"not_picked":["Infinite Blades+1","Masterful Stab"],"picked":"Flechettes+1","floor":31},{"not_picked":["Corpse Explosion","Envenom"],"picked":"After Image","floor":33},{"not_picked":["Dodge and Roll+1","Outmaneuver+1"],"picked":"Escape Plan+1","floor":35},{"not_picked":["Poisoned Stab+1","Bane+1","Accuracy+1"],"picked":"SKIP","floor":36},{"not_picked":["Deflect+1","Blade Dance","Underhanded Strike+1"],"picked":"SKIP","floor":38},{"not_picked":["Expertise","Deflect+1","Accuracy+1"],"picked":"SKIP","floor":39},{"not_picked":["Slice","Distraction"],"picked":"Backflip+1","floor":40},{"not_picked":["Slice+1","Expertise"],"picked":"Wraith Form v2","floor":41},{"not_picked":["Dodge and Roll+1","Bane+1","Acrobatics+1"],"picked":"SKIP","floor":44},{"not_picked":["Prepared","Cloak And Dagger+1"],"picked":"Noxious Fumes","floor":47},{"not_picked":["Bane","Predator+1"],"picked":"Well Laid Plans+1","floor":48},{"not_picked":["Corpse Explosion","Flechettes+1"],"picked":"Noxious Fumes+1","floor":54}],"player_experience":370663,"relics_obtained":[{"floor":6,"key":"Ancient Tea Set"},{"floor":9,"key":"War Paint"},{"floor":10,"key":"Nunchaku"},{"floor":13,"key":"Centennial Puzzle"},{"floor":23,"key":"Incense Burner"},{"floor":41,"key":"CaptainsWheel"},{"floor":43,"key":"Meat on the Bone"},{"floor":47,"key":"Potion Belt"},{"floor":54,"key":"Shuriken"}],"event_choices":[{"damage_healed":0,"gold_gain":275,"player_choice":"Desecrate","damage_taken":0,"max_hp_gain":0,"max_hp_loss":0,"event_name":"Golden Shrine","floor":3,"gold_loss":0,"cards_obtained":["Regret"]},{"damage_healed":0,"gold_gain":0,"player_choice":"Ignored","damage_taken":0,"max_hp_gain":0,"max_hp_loss":0,"event_name":"The Mausoleum","floor":21,"gold_loss":0},{"damage_healed":0,"gold_gain":99,"player_choice":"Stole From Cult","damage_taken":0,"max_hp_gain":0,"max_hp_loss":0,"event_name":"Nest","floor":22,"gold_loss":0},{"damage_healed":0,"gold_gain":0,"player_choice":"Max HP","damage_taken":0,"max_hp_gain":0,"max_hp_loss":4,"event_name":"Winding Halls","floor":46,"gold_loss":0}],"is_beta":false,"boss_relics":[{"not_picked":["Philosopher\u0027s Stone","Ring of the Serpent"],"picked":"Velvet Choker"},{"not_picked":["Tiny House","Busted Crown"],"picked":"Astrolabe"}],"items_purged_floors":[0,4,19,37],"is_endless":false,"potions_floor_spawned":[6,10,12,18,25,30,35,36,40,44,48],"ascension_level":0}}