{"host":"wbjiqg83duq292na","time":1609189822,"event":{"mods":["BaseMod","Minty Spire (QoL Compilation)"],"gold_per_floor":[114,64,64,83,83,83,115,115,115,133,133,133,133,147,147,147,147],"floor_reached":16,"playtime":892,"items_purged":[],"score":103,"play_id":"2e3b85d4-ffd4-422b-809d-02ffb55b8191","local_time":"20201228191022","is_ascension_mode":true,"campfire_choices":[{"data":"Backflip","floor":6,"key":"SMITH"},{"floor":8,"key":"REST"},{"floor":11,"key":"REST"},{"floor":13,"key":"RECALL"},{"floor":15,"key":"DIG"}],"circlet_count":0,"master_deck":["Strike_G","Strike_G","Strike_G","Strike_G","Defend_G","Defend_G+1","Defend_G","Defend_G","Defend_G","Survivor+1","Neutralize","Backflip+1","Infinite Blades","Infinite Blades"],"relics":["Ring of the Snake","MealTicket","Shovel","Boot"],"acts_visited":["Exordium"],"potions_floor_usage":[12,16,16],"damage_taken":[{"damage":2,"enemies":"2 Louse","floor":1,"turns":3},{"damage":0,"enemies":"Small Slimes","floor":4,"turns":5},{"damage":47,"enemies":"Gremlin Nob","floor":7,"turns":7},{"damage":0,"enemies":"Cultist","floor":10,"turns":4},{"damage":16,"enemies":"Lots of Slimes","floor":14,"turns":5},{"damage":41,"enemies":"Hexaghost","floor":16,"turns":15}],"seed_played":"-6679379999395750140","potions_obtained":[{"floor":7,"key":"Swift Potion"},{"floor":12,"key":"DistilledChaos"},{"floor":12,"key":"Fruit Juice"},{"floor":12,"key":"SkillPotion"}],"is_trial":false,"path_per_floor":["M","?","$","M","?","R","E","R","T","M","R","?","R","M","R","B"],"character_chosen":"THE_SILENT","items_purchased":[],"campfire_rested":2,"item_purchase_floors":[],"current_hp_per_floor":[68,68,70,70,56,56,9,30,30,30,51,56,56,40,40,0,0],"gold":147,"neow_bonus":"RANDOM_COMMON_RELIC","is_daily":false,"chose_seed":false,"campfire_upgraded":1,"win_rate":0.0,"timestamp":1609189822,"path_taken":["M","?","$","M","?","R","E","R","T","M","R","?","R","M","R","BOSS"],"items_purchased_type":[],"build_version":"2020-12-22","purchased_purges":0,"victory":false,"max_hp_per_floor":[70,70,70,70,70,70,70,70,70,70,70,75,75,75,75,75,75],"card_choices":[{"not_picked":["Flying Knee","Acrobatics"],"picked":"Backflip","floor":1},{"not_picked":["Skewer","Deadly Poison"],"picked":"Infinite Blades","floor":4},{"not_picked":["Flying Knee","Flechettes"],"picked":"Infinite Blades","floor":7},{"not_picked":["Slice","Calculated Gamble","Riddle With Holes"],"picked":"SKIP","floor":10},{"not_picked":["Deadly Poison","Dagger Throw","Eviscerate"],"picked":"SKIP","floor":14}],"player_experience":248833,"relics_obtained":[{"floor":7,"key":"Shovel"},{"floor":15,"key":"Boot"}],"event_choices":[{"cards_removed":["Strike_G"],"damage_healed":0,"gold_gain":0,"player_choice":"Card Removal","damage_taken":0,"max_hp_gain":0,"max_hp_loss":0,"event_name":"The Cleric","floor":2,"gold_loss":50},{"damage_healed":0,"gold_gain":0,"player_choice":"Entered Light","damage_taken":14,"max_hp_gain":0,"max_hp_loss":0,"event_name":"Shining Light","floor":5,"gold_loss":0,"cards_upgraded":["Defend_G","Survivor"]},{"damage_healed":0,"gold_gain":0,"player_choice":"Got Potions","damage_taken":0,"max_hp_gain":0,"max_hp_loss":0,"event_name":"Lab","floor":12,"gold_loss":0}],"is_beta":false,"boss_relics":[],"items_purged_floors":[],"is_endless":false,"potions_floor_spawned":[7,14],"killed_by":"Hexaghost","ascension_level":1}}