{"host":"m77rrhbqzv44va4v","time":1609151756,"event":{"mods":["AchievementEnabler","BaseMod","Colored Map","DeckTracker","Keyboard Shortcuts","Minty Spire (QoL Compilation)","StSLib","SuperFastMode","everything is the same but u backflip on backflip"],"gold_per_floor":[111,122,31,31,31,64,64,77,100,117,117,42,42,56,56,151,151,163,163,163],"floor_reached":19,"playtime":462,"items_purged":["Strike_B"],"score":234,"play_id":"4251526a-0204-4fea-a791-1bc783d0724d","local_time":"20201228193556","is_ascension_mode":true,"campfire_choices":[{"data":"Loop","floor":7,"key":"SMITH"},{"data":"Dualcast","floor":15,"key":"SMITH"}],"circlet_count":0,"master_deck":["Strike_B","Defend_B","Defend_B","Defend_B","Defend_B","Zap","Dualcast+1","Stack","Loop+1","Barrage","Consume+1","Ball Lightning","Redo","Compile Driver","Coolheaded","Self Repair","Echo Form","Undo"],"relics":["Cracked Core","Oddly Smooth Stone","Pen Nib","GremlinMask","SacredBark"],"acts_visited":["Exordium","TheCity"],"potions_floor_usage":[6,6],"damage_taken":[{"damage":0,"enemies":"Cultist","floor":1,"turns":4},{"damage":0,"enemies":"Small Slimes","floor":2,"turns":3},{"damage":34,"enemies":"Gremlin Nob","floor":6,"turns":4},{"damage":0,"enemies":"2 Louse","floor":8,"turns":1},{"damage":28,"enemies":"Gremlin Gang","floor":10,"turns":4},{"damage":8,"enemies":"Looter","floor":14,"turns":3},{"damage":16,"enemies":"The Guardian","floor":16,"turns":11},{"damage":19,"enemies":"Spheric Guardian","floor":18,"turns":5},{"damage":55,"enemies":"3 Byrds","floor":19,"turns":6}],"seed_played":"-1874520701027296734","potions_obtained":[{"floor":1,"key":"Strength Potion"},{"floor":2,"key":"SteroidPotion"}],"is_trial":false,"path_per_floor":["M","M","$","?","?","E","R","M","T","M","?","$","?","M","R","B",null,"M","M"],"character_chosen":"DEFECT","items_purchased":["Consume","Ball Lightning"],"campfire_rested":0,"item_purchase_floors":[3,3],"current_hp_per_floor":[68,68,68,68,68,34,34,34,34,6,31,31,31,23,23,14,60,55,0,0],"gold":163,"neow_bonus":"TRANSFORM_CARD","is_daily":false,"chose_seed":false,"campfire_upgraded":2,"win_rate":0.0,"timestamp":1609151756,"path_taken":["M","M","?","?","?","E","R","M","T","?","?","$","?","M","R","BOSS","M","M"],"items_purchased_type":["Card","Card"],"build_version":"2020-12-22","purchased_purges":1,"victory":false,"max_hp_per_floor":[75,75,75,75,75,75,75,75,75,75,75,75,75,75,75,75,75,75,75,75],"card_choices":[{"not_picked":["Barrage","Genetic Algorithm"],"picked":"Loop","floor":1},{"not_picked":["Auto Shields","Static Discharge"],"picked":"Barrage","floor":2},{"not_picked":["Beam Cell","Sweeping Beam"],"picked":"Redo","floor":6},{"not_picked":["Static Discharge","Ball Lightning"],"picked":"Compile Driver","floor":8},{"not_picked":["Ball Lightning","Static Discharge"],"picked":"Coolheaded","floor":10},{"not_picked":["Steam","Beam Cell"],"picked":"Self Repair","floor":14},{"not_picked":["Core Surge","Thunder Strike"],"picked":"Echo Form","floor":16},{"not_picked":["Cold Snap","Heatsinks"],"picked":"Undo","floor":18}],"player_experience":827641,"relics_obtained":[{"floor":6,"key":"Oddly Smooth Stone"},{"floor":9,"key":"Pen Nib"}],"event_choices":[{"cards_removed":["Strike_B"],"damage_healed":0,"gold_gain":0,"player_choice":"Forget","damage_taken":0,"max_hp_gain":0,"max_hp_loss":0,"event_name":"Living Wall","floor":4,"gold_loss":0},{"damage_healed":0,"gold_gain":0,"player_choice":"Upgraded","damage_taken":0,"max_hp_gain":0,"max_hp_loss":0,"event_name":"Upgrade Shrine","floor":5,"gold_loss":0,"cards_upgraded":["Consume"]},{"damage_healed":25,"gold_gain":0,"player_choice":"Banana","damage_taken":0,"max_hp_gain":0,"max_hp_loss":0,"event_name":"Big Fish","floor":11,"gold_loss":0},{"damage_healed":0,"gold_gain":0,"player_choice":"Trade","damage_taken":0,"relics_obtained":["GremlinMask"],"max_hp_gain":0,"max_hp_loss":0,"event_name":"FaceTrader","floor":13,"gold_loss":0}],"is_beta":false,"boss_relics":[{"not_picked":["Pandora\u0027s Box","Runic Dome"],"picked":"SacredBark"}],"items_purged_floors":[12],"is_endless":false,"potions_floor_spawned":[1,2],"killed_by":"3 Byrds","ascension_level":8}}