{"host":"svwqvw2il1zfkkg0","time":1609151023,"event":{"mods":["AchievementEnabler","BaseMod","BetterRewards","Colored Map","Colored Powertips","Custom Start","Downfall","GifTheSpireLib","Highlight Path","Hubris","Infinite Spire","Minty Spire (QoL Compilation)","Quick Restart","Replay The Spire","Shop Mod","StSLib","SuperFastMode"],"gold_per_floor":[19,94,112,46,57,57,92,92,92,107,123,123,78,96,96,193,193,208,219,234,250,10,30,43,43,68,103,103,118,144,157,157,157,157],"floor_reached":33,"playtime":1252,"items_purged":["Normality"],"score":273,"play_id":"40383e70-bfdc-4f5e-8d1a-076a241ec6a3","local_time":"20201228022343","is_ascension_mode":false,"campfire_choices":[{"data":"hubris:DuctTapeCard","floor":6,"key":"SMITH"},{"floor":8,"key":"REST"},{"data":"Backstab","floor":12,"key":"SMITH"},{"data":"hubris:Counter","floor":15,"key":"SMITH"},{"floor":25,"key":"REST"},{"floor":32,"key":"REST"}],"circlet_count":0,"master_deck":["Strike_G","Strike_G","Strike_G","Strike_G","Strike_G","Defend_G","Defend_G","Defend_G","Defend_G","Defend_G","Survivor","Prepared","PiercingWail","hubris:DuctTapeCard+2","Poisoned Stab","Backstab+1","Masterful Stab","Bane","hubris:Counter+1","Bullet Time","Backstab","All Out Attack+1","Blade Dance","Blade Dance+1","Cloak And Dagger","Backstab"],"relics":["Ring of the Snake","hubris:DuctTape","ReplayTheSpireMod:Shallot","Blue Doll","ReplayTheSpireMod:CursedCoin","Painkiller Herb","Snake Skull","PreservedInsect","Boot","ReplayTheSpireMod:Lightbulb"],"acts_visited":["Exordium","TheCity"],"potions_floor_usage":[1,1,3,7,10,11,16,16,16,16,20,20,20,20,21,23,23,24,27,29,33],"damage_taken":[{"damage":3,"enemies":"Jaw Worm","floor":1,"turns":6},{"damage":0,"enemies":"Cultist","floor":3,"turns":4},{"damage":4,"enemies":"Small Slimes","floor":5,"turns":5},{"damage":23,"enemies":"Lagavulin","floor":7,"turns":6},{"damage":0,"enemies":"Gremlin Gang","floor":10,"turns":3},{"damage":0,"enemies":"Lots of Slimes","floor":11,"turns":3},{"damage":0,"enemies":"Blue Slaver","floor":14,"turns":3},{"damage":26,"enemies":"Slime Boss","floor":16,"turns":10},{"damage":6,"enemies":"Shell Parasite","floor":18,"turns":4},{"damage":0,"enemies":"3 Byrds","floor":19,"turns":6},{"damage":2,"enemies":"Sentry and Sphere","floor":20,"turns":4},{"damage":25,"enemies":"Snecko","floor":21,"turns":6},{"damage":17,"enemies":"Centurion and Healer","floor":23,"turns":4},{"damage":2,"enemies":"3 Cultists","floor":24,"turns":4},{"damage":13,"enemies":"Slavers","floor":27,"turns":4},{"damage":9,"enemies":"Sentry and Sphere","floor":29,"turns":4},{"damage":12,"enemies":"Snake Plant","floor":31,"turns":4},{"damage":33,"enemies":"Pondfish","floor":33,"turns":8}],"seed_played":"-7338661240222075476","potions_obtained":[{"floor":1,"key":"Fruit Juice"},{"floor":3,"key":"Reflective Coating"},{"floor":10,"key":"Reflective Coating"},{"floor":14,"key":"champ:CounterPotion"},{"floor":18,"key":"Swift Potion"},{"floor":21,"key":"Dexterity Potion"},{"floor":24,"key":"Elixir"}],"is_trial":false,"path_per_floor":["M","?","M","?","M","R","E","R","T","M","M","R","$","M","R","B",null,"?","?","?","?","T","?","?","T","T","E","?","?","T","?","T","B"],"character_chosen":"THE_SILENT","items_purchased":["ReplayTheSpireMod:CursedCoin","Bane","hubris:Counter","Snake Skull","Strength Potion","All Out Attack+1"],"campfire_rested":3,"item_purchase_floors":[13,13,13,22,22,22],"current_hp_per_floor":[72,65,65,65,61,61,38,60,60,60,60,60,60,60,60,34,75,69,69,67,42,42,25,23,45,45,32,32,23,23,11,33,0,0],"gold":157,"neow_bonus":"THREE_RARE_CARDS","is_daily":false,"chose_seed":false,"campfire_upgraded":3,"win_rate":0.0,"timestamp":1609151023,"path_taken":["M","?","?","?","M","R","E","R","T","?","M","R","$","?","R","BOSS","?","?","?","?","T","?","?","T","T","E","?","?","?","?","T","BOSS"],"items_purchased_type":["Relic","Card","Card","Relic","Potion","Card"],"build_version":"2020-12-22","purchased_purges":1,"victory":false,"max_hp_per_floor":[75,75,75,75,75,75,75,75,75,75,75,75,75,75,75,75,75,75,75,75,75,75,75,75,75,75,75,75,75,75,75,75,75,75],"card_choices":[{"not_picked":["Envenom","Atom Bomb"],"picked":"Venomology","floor":0},{"not_picked":["Finisher","PiercingWail"],"picked":"Prepared","floor":1},{"not_picked":["Backflip","Escape Plan"],"picked":"PiercingWail","floor":3},{"not_picked":["Dagger Throw","Slice"],"picked":"Poisoned Stab","floor":5},{"not_picked":["ReplayTheSpireMod:Tripwire","Reflex"],"picked":"Backstab","floor":7},{"not_picked":["Finisher","Expertise","Dodge and Roll"],"picked":"SKIP","floor":10},{"not_picked":["Quick Slash","Slice"],"picked":"Masterful Stab","floor":11},{"not_picked":["Backflip","Dodge and Roll","Heel Hook"],"picked":"SKIP","floor":14},{"not_picked":["Unload","A Thousand Cuts"],"picked":"Bullet Time","floor":16},{"not_picked":["Prepared","Backflip+1","Underhanded Strike"],"picked":"SKIP","floor":18},{"not_picked":["Predator","Backflip+1","Slice"],"picked":"SKIP","floor":19},{"not_picked":["Predator","Backflip+1","Slice"],"picked":"SKIP","floor":19},{"not_picked":["Well Laid Plans+1","Hidden Blade","Cloak And Dagger"],"picked":"SKIP","floor":20},{"not_picked":["Cloak And Dagger+1","PiercingWail+1"],"picked":"Backstab","floor":21},{"not_picked":["Dodge and Roll","Acrobatics+1"],"picked":"Blade Dance","floor":23},{"not_picked":["ReplayTheSpireMod:Necrosis","Concentrate","Predator"],"picked":"SKIP","floor":24},{"not_picked":["Acrobatics","Calculated Gamble+1"],"picked":"Blade Dance+1","floor":27},{"not_picked":["hubris:Sniper+1","hubris:SlightOfHand+1"],"picked":"Cloak And Dagger","floor":29},{"not_picked":["Escape Plan+1","Distraction"],"picked":"Backstab","floor":31}],"player_experience":433735,"relics_obtained":[{"floor":7,"key":"ReplayTheSpireMod:Shallot"},{"floor":9,"key":"Blue Doll"},{"floor":26,"key":"PreservedInsect"},{"floor":27,"key":"Boot"},{"floor":30,"key":"ReplayTheSpireMod:Lightbulb"}],"event_choices":[{"damage_healed":0,"gold_gain":75,"player_choice":"Touch","damage_taken":7,"max_hp_gain":0,"max_hp_loss":0,"event_name":"FaceTrader","floor":2,"gold_loss":0},{"damage_healed":0,"gold_gain":0,"player_choice":"Paid Gold","damage_taken":0,"relics_obtained":["hubris:DuctTape"],"max_hp_gain":0,"max_hp_loss":0,"event_name":"WeMeetAgain","floor":4,"gold_loss":66},{"damage_healed":0,"gold_gain":0,"player_choice":"Ignored","damage_taken":0,"max_hp_gain":0,"max_hp_loss":0,"event_name":"Transmorgrifier","floor":28,"gold_loss":0}],"is_beta":false,"boss_relics":[{"not_picked":["Velvet Choker","hubris:Stopwatch"],"picked":"Painkiller Herb"}],"items_purged_floors":[13],"is_endless":false,"potions_floor_spawned":[1,3,10,14,18,19,21,24],"killed_by":"Pondfish","ascension_level":0}}