{"host":"1hv1kueuvc4r3rdp","time":1609175210,"event":{"mods":["AchievementEnabler","BaseMod","DeckTracker","Highlight Path","Minty Spire (QoL Compilation)","Permanent Neow","StSLib"],"gold_per_floor":[112,125,144,71,85,115,132,132,132,132,132,132,164,12,12,116,116,136,155,169,169,25,51,68,101,125,125,125,159,175,192,192,289,289,304,304,158,170,185,216,216,267,291,291,302,302,352,377,377,377],"floor_reached":51,"playtime":2925,"items_purged":["Strike_B"],"score":1205,"play_id":"732ead86-8bbc-4346-8122-67224aa13b6b","local_time":"20201228110650","is_ascension_mode":true,"campfire_choices":[{"data":"Sweeping Beam","floor":8,"key":"SMITH"},{"data":"Sunder","floor":10,"key":"SMITH"},{"floor":15,"key":"REST"},{"floor":27,"key":"REST"},{"data":"Creative AI","floor":32,"key":"SMITH"},{"floor":41,"key":"REST"},{"data":"Auto Shields","floor":46,"key":"SMITH"},{"data":"FTL","floor":49,"key":"SMITH"}],"circlet_count":0,"master_deck":["Strike_B","Defend_B","Defend_B+1","Defend_B","Defend_B+1","Zap","Dualcast","Sunder+1","Cold Snap","FTL+1","Auto Shields+1","Sweeping Beam+1","Conserve Battery+1","Reboot+1","Ball Lightning","Consume+1","Stack+1","Melter","Chill+1","White Noise+1","Creative AI+1","Seek+1","Lockon","Force Field+1","BootSequence+1"],"relics":["Cracked Core","NeowsBlessing","DataDisk","Cables","Toxic Egg 2","Gremlin Horn","PreservedInsect","Velvet Choker","Runic Capacitor","War Paint","Art of War","Dream Catcher","Strawberry","Regal Pillow","Blood Vial","Vajra","Thread and Needle","Happy Flower"],"acts_visited":["Exordium","TheCity","TheBeyond"],"potions_floor_usage":[6,25,31,33,50,50,50],"damage_taken":[{"damage":0,"enemies":"Jaw Worm","floor":1,"turns":1},{"damage":0,"enemies":"2 Louse","floor":2,"turns":1},{"damage":0,"enemies":"Cultist","floor":3,"turns":1},{"damage":0,"enemies":"2 Fungi Beasts","floor":5,"turns":3},{"damage":20,"enemies":"Lagavulin","floor":6,"turns":7},{"damage":1,"enemies":"Looter","floor":7,"turns":3},{"damage":13,"enemies":"Gremlin Nob","floor":13,"turns":3},{"damage":12,"enemies":"Slime Boss","floor":16,"turns":11},{"damage":0,"enemies":"Chosen","floor":18,"turns":3},{"damage":3,"enemies":"Shell Parasite","floor":19,"turns":4},{"damage":3,"enemies":"Centurion and Healer","floor":20,"turns":7},{"damage":29,"enemies":"Slavers","floor":23,"turns":3},{"damage":11,"enemies":"Snake Plant","floor":24,"turns":3},{"damage":7,"enemies":"Book of Stabbing","floor":25,"turns":6},{"damage":0,"enemies":"Gremlin Leader","floor":29,"turns":5},{"damage":0,"enemies":"Sentry and Sphere","floor":30,"turns":3},{"damage":3,"enemies":"Cultist and Chosen","floor":31,"turns":5},{"damage":3,"enemies":"Collector","floor":33,"turns":7},{"damage":13,"enemies":"Orb Walker","floor":35,"turns":3},{"damage":7,"enemies":"3 Darklings","floor":38,"turns":4},{"damage":4,"enemies":"Jaw Worm Horde","floor":39,"turns":4},{"damage":0,"enemies":"Reptomancer","floor":40,"turns":7},{"damage":0,"enemies":"Spire Growth","floor":45,"turns":6},{"damage":0,"enemies":"Mind Bloom Boss Battle","floor":47,"turns":4},{"damage":0,"enemies":"Nemesis","floor":48,"turns":7},{"damage":18,"enemies":"Awakened One","floor":50,"turns":15}],"seed_played":"-1894816518627483016","potions_obtained":[{"floor":1,"key":"Swift Potion"},{"floor":2,"key":"Fire Potion"},{"floor":6,"key":"LiquidMemories"},{"floor":7,"key":"Weak Potion"},{"floor":25,"key":"SteroidPotion"},{"floor":29,"key":"Regen Potion"},{"floor":31,"key":"Swift Potion"},{"floor":33,"key":"ColorlessPotion"},{"floor":39,"key":"LiquidMemories"},{"floor":45,"key":"Block Potion"}],"is_trial":false,"path_per_floor":["M","M","M","$","M","E","M","R","T","R","?","?","E","$","R","B",null,"M","M","M","?","$","E","M","E","T","R","?","E","M","M","R","B",null,"M","?","$","M","M","E","R","T","T","?","M","R","?","E","R","B",null],"character_chosen":"DEFECT","items_purchased":["FTL","PreservedInsect","Runic Capacitor","Lockon"],"campfire_rested":3,"item_purchase_floors":[4,14,22,37],"current_hp_per_floor":[68,68,68,68,68,48,47,47,47,47,44,44,31,31,53,41,67,67,64,61,61,61,32,21,14,14,36,36,43,43,54,54,51,74,61,61,61,54,50,50,82,82,82,74,76,76,78,80,80,64],"gold":377,"neow_bonus":"THREE_ENEMY_KILL","is_daily":false,"chose_seed":false,"campfire_upgraded":5,"win_rate":0.0,"timestamp":1609175210,"path_taken":["M","M","M","$","M","E","M","R","T","R","?","?","E","?","R","BOSS","M","M","M","?","$","E","M","E","T","R","?","E","M","M","R","BOSS","M","?","$","M","M","E","R","?","T","?","?","R","?","E","R","BOSS"],"items_purchased_type":["Card","Relic","Relic","Card"],"build_version":"2020-12-22","purchased_purges":1,"victory":true,"max_hp_per_floor":[75,75,75,75,75,75,75,75,75,75,75,75,75,75,75,75,75,75,75,75,75,75,75,75,75,75,75,75,82,82,82,82,82,82,82,82,82,82,82,82,82,82,82,82,82,82,82,82,82,82],"card_choices":[{"not_picked":["Self Repair","Steam"],"picked":"Sunder","floor":1},{"not_picked":["Blizzard","Chaos","Coolheaded"],"picked":"SKIP","floor":2},{"not_picked":["Blizzard","Chaos","Coolheaded"],"picked":"SKIP","floor":2},{"not_picked":["Streamline","Sweeping Beam"],"picked":"Cold Snap","floor":3},{"not_picked":["Sweeping Beam","Recycle"],"picked":"Auto Shields","floor":5},{"not_picked":["Aggregate","Redo","Cold Snap"],"picked":"SKIP","floor":6},{"not_picked":["White Noise","Meteor Strike"],"picked":"Sweeping Beam","floor":7},{"not_picked":["Aggregate+1","Stack+1"],"picked":"Conserve Battery+1","floor":13},{"not_picked":["Amplify+1","Machine Learning"],"picked":"Reboot+1","floor":16},{"not_picked":["Barrage","Static Discharge+1"],"picked":"Ball Lightning","floor":18},{"not_picked":["Cold Snap","Compile Driver"],"picked":"Consume+1","floor":19},{"not_picked":["Redo+1","Streamline"],"picked":"Stack+1","floor":20},{"not_picked":["Leap+1","Streamline+1"],"picked":"Chill+1","floor":23},{"not_picked":["Beam Cell+1","Chaos+1","Stack+1"],"picked":"SKIP","floor":24},{"not_picked":["Compile Driver","Redo+1","Aggregate+1"],"picked":"SKIP","floor":25},{"not_picked":["Thunder Strike","Coolheaded+1"],"picked":"White Noise+1","floor":27},{"not_picked":["Turbo+1","Compile Driver"],"picked":"Creative AI","floor":29},{"not_picked":["Hello World","Hologram+1","Rebound"],"picked":"SKIP","floor":30},{"not_picked":["Ball Lightning","Sweeping Beam","Beam Cell"],"picked":"SKIP","floor":31},{"not_picked":["Biased Cognition","Echo Form"],"picked":"Seek+1","floor":33},{"not_picked":["Conserve Battery+1","Scrape","Barrage"],"picked":"SKIP","floor":35},{"not_picked":["Loop+1","Undo+1","Gash+1"],"picked":"SKIP","floor":38},{"not_picked":["Stack+1","Leap+1"],"picked":"Force Field+1","floor":39},{"not_picked":["Force Field+1","Leap+1","Multi-Cast+1"],"picked":"SKIP","floor":40},{"not_picked":["Ball Lightning+1","Hologram+1"],"picked":"BootSequence+1","floor":41},{"not_picked":["Loop+1","Turbo+1","Chill+1"],"picked":"SKIP","floor":45},{"not_picked":["Hologram+1","Sweeping Beam+1","Redo+1"],"picked":"SKIP","floor":48}],"player_experience":1107527,"relics_obtained":[{"floor":6,"key":"DataDisk"},{"floor":9,"key":"Cables"},{"floor":13,"key":"Gremlin Horn"},{"floor":23,"key":"War Paint"},{"floor":25,"key":"Art of War"},{"floor":26,"key":"Dream Catcher"},{"floor":29,"key":"Strawberry"},{"floor":40,"key":"Regal Pillow"},{"floor":42,"key":"Blood Vial"},{"floor":43,"key":"Vajra"},{"floor":47,"key":"Thread and Needle"},{"floor":48,"key":"Happy Flower"}],"event_choices":[{"damage_healed":0,"gold_gain":0,"player_choice":"Success","damage_taken":3,"relics_obtained":["Toxic Egg 2"],"max_hp_gain":0,"max_hp_loss":0,"event_name":"Scrap Ooze","floor":11,"gold_loss":0},{"damage_healed":0,"gold_gain":0,"player_choice":"Ignored","damage_taken":0,"max_hp_gain":0,"max_hp_loss":0,"event_name":"Golden Idol","floor":12,"gold_loss":0},{"damage_healed":0,"gold_gain":0,"cards_transformed":["Strike_B","Strike_B"],"player_choice":"Became Test Subject","damage_taken":0,"max_hp_gain":0,"max_hp_loss":0,"event_name":"Drug Dealer","floor":21,"gold_loss":0,"cards_obtained":["Melter","Loop"]},{"damage_healed":0,"gold_gain":0,"player_choice":"Ignored","damage_taken":0,"max_hp_gain":0,"max_hp_loss":0,"event_name":"Ghosts","floor":28,"gold_loss":0},{"cards_removed":["Loop"],"damage_healed":0,"gold_gain":0,"player_choice":"Removed Power","damage_taken":0,"max_hp_gain":0,"max_hp_loss":0,"event_name":"Falling","floor":36,"gold_loss":0},{"damage_healed":0,"gold_gain":0,"player_choice":"Damaged","damage_taken":8,"max_hp_gain":0,"max_hp_loss":0,"event_name":"Wheel of Change","floor":44,"gold_loss":0},{"damage_healed":0,"gold_gain":0,"player_choice":"Fight","damage_taken":0,"max_hp_gain":0,"max_hp_loss":0,"event_name":"MindBloom","floor":47,"gold_loss":0}],"is_beta":false,"boss_relics":[{"not_picked":["Busted Crown","SacredBark"],"picked":"Velvet Choker"},{"not_picked":["Cursed Key","Sozu","Coffee Dripper"]}],"items_purged_floors":[37],"is_endless":false,"potions_floor_spawned":[1,2,6,7,18,25,29,31,33,35,39,45,48],"ascension_level":7}}