{"host":"baymyijz6sxaqj5s","time":1609147851,"event":{"mods":["AchievementEnabler","BaseMod","Colored Map","Colored Powertips","DeckTracker","Highlight Path","KOR Keyword Fix","Keyboard Shortcuts","Minty Spire (QoL Compilation)","Quick Restart","StSLib","SuperFastMode"],"gold_per_floor":[111,122,133,143,161,161,179,179,179,144,175,175,240,240,240,240,240],"floor_reached":16,"playtime":317,"items_purged":[],"score":112,"play_id":"62d18333-a815-45fb-937b-5506b251238e","local_time":"20201228183051","is_ascension_mode":true,"campfire_choices":[{"floor":6,"key":"REST"},{"data":"Armaments","floor":8,"key":"SMITH"},{"data":"Heavy Blade","floor":12,"key":"SMITH"},{"data":"Bash","floor":15,"key":"SMITH"}],"circlet_count":0,"master_deck":["Strike_R","Strike_R","Strike_R","Strike_R","Strike_R","Defend_R","Defend_R","Defend_R","Defend_R","Bash+1","Heavy Blade+1","Shrug It Off+1","Twin Strike","Armaments+1"],"relics":["Burning Blood","Du-Vu Doll","Bag of Marbles"],"acts_visited":["Exordium"],"potions_floor_usage":[11,11],"damage_taken":[{"damage":10.0,"enemies":"Small Slimes","floor":1.0,"turns":3.0},{"damage":8,"enemies":"2 Louse","floor":2,"turns":3},{"damage":10,"enemies":"Cultist","floor":3,"turns":5},{"damage":8,"enemies":"Exordium Wildlife","floor":4,"turns":3},{"damage":23,"enemies":"Red Slaver","floor":5,"turns":4},{"damage":27,"enemies":"Gremlin Gang","floor":7,"turns":6},{"damage":18,"enemies":"Lagavulin","floor":11,"turns":7},{"damage":89,"enemies":"Slime Boss","floor":16,"turns":12}],"seed_played":"-4831896129943048331","potions_obtained":[{"floor":2,"key":"Strength Potion"},{"floor":7,"key":"Regen Potion"}],"is_trial":false,"path_per_floor":["M","M","M","M","M","R","M","R","T","?","E","R","?","?","R","B"],"character_chosen":"IRONCLAD","items_purchased":[],"campfire_rested":1,"item_purchase_floors":[],"current_hp_per_floor":[84,82,78,76,59,85,64,64,64,86,84,84,84,84,84,0,0],"gold":240,"neow_bonus":"TEN_PERCENT_HP_BONUS","is_daily":false,"chose_seed":false,"campfire_upgraded":3,"win_rate":0.0,"timestamp":1609147851,"path_taken":["M","M","M","M","M","R","M","R","T","?","E","R","?","?","R","BOSS"],"items_purchased_type":[],"build_version":"2020-12-22","purchased_purges":0,"victory":false,"max_hp_per_floor":[88,88,88,88,88,88,88,88,88,88,88,88,88,88,88,88,88],"card_choices":[{"not_picked":["True Grit","Flex","Dark Embrace"],"picked":"SKIP","floor":1.0},{"not_picked":["Perfected Strike","Feel No Pain"],"picked":"Heavy Blade","floor":2},{"not_picked":["Warcry","Headbutt","Clothesline"],"picked":"SKIP","floor":3},{"not_picked":["Impervious","Warcry"],"picked":"Shrug It Off","floor":4},{"not_picked":["Evolve","Headbutt"],"picked":"Twin Strike","floor":5},{"not_picked":["Reckless Charge","Havoc"],"picked":"Armaments","floor":7},{"not_picked":["Uppercut","Pommel Strike","Heavy Blade"],"picked":"SKIP","floor":11}],"player_experience":271713,"relics_obtained":[{"floor":9,"key":"Du-Vu Doll"},{"floor":11,"key":"Bag of Marbles"}],"event_choices":[{"damage_healed":22,"gold_gain":0,"player_choice":"Healed","damage_taken":0,"max_hp_gain":0,"max_hp_loss":0,"event_name":"The Cleric","floor":10,"gold_loss":35},{"damage_healed":0,"gold_gain":65,"player_choice":"Gained Gold","damage_taken":0,"max_hp_gain":0,"max_hp_loss":0,"event_name":"Golden Wing","floor":13,"gold_loss":0},{"damage_healed":0,"gold_gain":0,"player_choice":"Grow","damage_taken":0,"max_hp_gain":0,"max_hp_loss":0,"event_name":"Living Wall","floor":14,"gold_loss":0,"cards_upgraded":["Shrug It Off"]}],"is_beta":false,"boss_relics":[],"items_purged_floors":[],"is_endless":false,"potions_floor_spawned":[2,7],"killed_by":"Slime Boss","ascension_level":2}}