{"host":"6pgtslebjnyv5xmi","time":1609138014,"event":{"mods":["AchievementEnabler","BaseMod","Colored Map","Minty Spire (QoL Compilation)","Rare Cards Sparkle","StSLib","SuperFastMode","everything is the same but u backflip on backflip"],"gold_per_floor":[116,116,131,131,141,141,141,141],"floor_reached":7,"playtime":93,"items_purged":[],"score":41,"play_id":"37794e0d-2930-47a9-8124-11926c668af0","local_time":"20201228154654","is_ascension_mode":false,"campfire_choices":[{"data":"Clash","floor":6,"key":"SMITH"}],"circlet_count":0,"master_deck":["Strike_R","Strike_R","Strike_R","Strike_R","Strike_R","Defend_R","Defend_R","Defend_R","Defend_R","Bash","Clash+1"],"relics":["Burning Blood","NeowsBlessing","FaceOfCleric"],"acts_visited":["Exordium"],"potions_floor_usage":[7],"damage_taken":[{"damage":0,"enemies":"Small Slimes","floor":1,"turns":1},{"damage":0,"enemies":"Cultist","floor":3,"turns":1},{"damage":0,"enemies":"Jaw Worm","floor":5,"turns":1},{"damage":0,"enemies":"Lagavulin","floor":7,"turns":2}],"seed_played":"8867988289488681444","potions_obtained":[{"floor":1,"key":"GamblersBrew"},{"floor":2,"key":"EssenceOfSteel"},{"floor":2,"key":"HeartOfIron"},{"floor":2,"key":"SneckoOil"}],"is_trial":false,"path_per_floor":["M","?","M","?","M","R","E"],"character_chosen":"IRONCLAD","items_purchased":[],"campfire_rested":0,"item_purchase_floors":[],"current_hp_per_floor":[80,80,80,80,81,81,81,81],"gold":141,"neow_bonus":"THREE_ENEMY_KILL","is_daily":false,"chose_seed":false,"campfire_upgraded":1,"win_rate":0.0,"timestamp":1609138014,"path_taken":["M","?","?","?","M","R","E"],"items_purchased_type":[],"build_version":"2020-12-22","purchased_purges":0,"victory":false,"max_hp_per_floor":[80,80,80,80,81,81,81,81],"card_choices":[{"not_picked":["Wild Strike","Reckless Charge","Power Through"],"picked":"SKIP","floor":1},{"not_picked":["Perfected Strike","Body Slam","Shrug It Off"],"picked":"SKIP","floor":3},{"not_picked":["True Grit","Evolve"],"picked":"Clash","floor":5}],"player_experience":547090,"relics_obtained":[],"event_choices":[{"damage_healed":0,"gold_gain":0,"player_choice":"Got Potions","damage_taken":0,"max_hp_gain":0,"max_hp_loss":0,"event_name":"Lab","floor":2,"gold_loss":0},{"damage_healed":0,"gold_gain":0,"player_choice":"Trade","damage_taken":0,"relics_obtained":["FaceOfCleric"],"max_hp_gain":0,"max_hp_loss":0,"event_name":"FaceTrader","floor":4,"gold_loss":0}],"is_beta":false,"boss_relics":[],"items_purged_floors":[],"is_endless":false,"potions_floor_spawned":[1],"killed_by":"Lagavulin","ascension_level":0}}