{"host":"ttx8tv95o5vka1nm","time":1609133178,"event":{"mods":["BaseMod","Colored Map","Downfall","Infinite Spire","Minty Spire (QoL Compilation)","Replay The Spire","Shop Mod","StSLib","The Jungle"],"gold_per_floor":[119,194,208,158,23,57,76,109,109,122,122,141,160,178,178,280,280,294,304,368,368,368,368,105,116,116,126,139,168,168,202,202,202,202],"floor_reached":33,"playtime":4241,"items_purged":["Strike_R","Strike_R"],"score":419,"play_id":"aed54dbc-940c-4de6-b0b3-78a002811dda","local_time":"20201228152618","is_ascension_mode":true,"campfire_choices":[{"data":"Inflame","floor":11,"key":"SMITH"},{"data":"Strike_R","floor":15,"key":"PURGE"},{"data":"Barricade","floor":23,"key":"SMITH"},{"data":"Limit Break","floor":32,"key":"SMITH"}],"circlet_count":0,"master_deck":["Strike_R","Defend_R","Defend_R","Defend_R","Defend_R","Bash","Inflame+1","Pommel Strike","ReplayTheSpireMod:Private Reserves","Cleave","Barricade+1","Iron Wave+1","Shrug It Off","ReplayTheSpireMod:Limb From Limb+1","Flex","Iron Wave+1","Berserk+1","Clothesline+1","Shrug It Off","Rage","Inflame+1","Limit Break+1","Flame Barrier+1"],"relics":["Burning Blood","NeowsBlessing","Molten Egg 2","Replay:Bottled Snecko","Replay:WaspNest","Coffee Dripper","Ancient Tea Set","Sling","MerchantsRug","Letter Opener","Turnip","FossilizedHelix"],"acts_visited":["Exordium","TheCity"],"potions_floor_usage":[8,19,25,31,31,33],"damage_taken":[{"damage":0,"enemies":"2 Louse","floor":1,"turns":1},{"damage":0,"enemies":"Cultist","floor":3,"turns":1},{"damage":0,"enemies":"3 Sentries","floor":6,"turns":1},{"damage":8,"enemies":"Jaw Worm","floor":7,"turns":4},{"damage":16,"enemies":"Gremlin Nob","floor":8,"turns":5},{"damage":16,"enemies":"Exordium Wildlife","floor":10,"turns":3},{"damage":10,"enemies":"Looter","floor":12,"turns":3},{"damage":6,"enemies":"Blue Slaver","floor":13,"turns":4},{"damage":0,"enemies":"Gremlin Gang","floor":14,"turns":3},{"damage":29,"enemies":"Hexaghost","floor":16,"turns":9},{"damage":29,"enemies":"Spheric Guardian","floor":18,"turns":4},{"damage":13,"enemies":"Shell Parasite","floor":19,"turns":4},{"damage":6,"enemies":"Snake Plant","floor":25,"turns":3},{"damage":8,"enemies":"Snecko","floor":27,"turns":3},{"damage":18,"enemies":"Chosen and Byrds","floor":28,"turns":6},{"damage":0,"enemies":"Gremlin Leader","floor":29,"turns":6},{"damage":13,"enemies":"Nightmare","floor":31,"turns":6},{"damage":19,"enemies":"Pondfish","floor":33,"turns":6}],"seed_played":"7262618868039784425","potions_obtained":[{"floor":1,"key":"BloodPotion"},{"floor":6,"key":"Block Potion"},{"floor":7,"key":"FearPotion"},{"floor":10,"key":"Doom Potion"},{"floor":13,"key":"Weak Potion"},{"floor":19,"key":"Slimebound:ThreeZeroPotion"},{"floor":27,"key":"infinitespire:BlackPotion"},{"floor":29,"key":"Dexterity Potion"},{"floor":31,"key":"DistilledChaos"}],"is_trial":false,"path_per_floor":["M","?","M","?","$","E","M","E","T","M","R","M","M","M","R_BF","B",null,"M","M","?","AVR","?","R","$","M","T","M","M","E","?","NM","R","B"],"character_chosen":"IRONCLAD","items_purchased":["ReplayTheSpireMod:Private Reserves","Cleave","Rage","MerchantsRug"],"campfire_rested":0,"item_purchase_floors":[5,5,24,24],"current_hp_per_floor":[80,72,78,78,78,80,78,68,68,58,58,54,54,60,60,37,80,57,66,34,34,34,34,34,34,34,32,20,26,26,19,19,0,0],"gold":202,"neow_bonus":"THREE_ENEMY_KILL","is_daily":false,"chose_seed":false,"campfire_upgraded":3,"win_rate":0.0,"timestamp":1609133178,"path_taken":["M","?","?","?","$","E","M","E","T","M","R","M","M","M","R_BF","BOSS","M","M","?","AVR","?","R","$","M","T","?","M","E","?","NM","R","BOSS"],"items_purchased_type":["Card","Card","Card","Relic"],"build_version":"2020-12-22","purchased_purges":2,"victory":false,"max_hp_per_floor":[80,80,80,80,80,80,80,80,80,80,80,80,80,80,80,80,80,80,80,80,80,80,80,80,80,80,80,80,80,80,80,80,80,80],"card_choices":[{"not_picked":["Reckless Charge","True Grit"],"picked":"Inflame","floor":1},{"not_picked":["Anger","Clothesline"],"picked":"Pommel Strike","floor":3},{"not_picked":["Feel No Pain","Disarm"],"picked":"Barricade","floor":6},{"not_picked":["Searing Blow+1","ReplayReversal"],"picked":"Iron Wave+1","floor":7},{"not_picked":["Fire Breathing","Searing Blow+1"],"picked":"Shrug It Off","floor":8},{"not_picked":["Wild Strike+1","Clothesline+1"],"picked":"ReplayTheSpireMod:Limb From Limb+1","floor":10},{"not_picked":["Replay:Undeath\u0027s Touch+1","Battle Trance"],"picked":"Flex","floor":12},{"not_picked":["infinitespire:OneForAll+1","ReplayReversal"],"picked":"Iron Wave+1","floor":13},{"not_picked":["Havoc","Clash+1","Brutality"],"picked":"SKIP","floor":14},{"not_picked":["Limit Break","Reaper+1"],"picked":"Berserk","floor":16},{"not_picked":["Headbutt+1","Wild Strike+1"],"picked":"Clothesline+1","floor":18},{"not_picked":["Pommel Strike+1","Clash+1","Sword Boomerang+1"],"picked":"SKIP","floor":19},{"not_picked":["True Grit","Flex"],"picked":"Shrug It Off","floor":20},{"not_picked":["Searing Blow+1","Twin Strike+1"],"picked":"Inflame+1","floor":25},{"not_picked":["True Grit","Flex"],"picked":"Limit Break","floor":27},{"not_picked":["Replay:Undeath\u0027s Touch+1","True Grit","Sentinel"],"picked":"SKIP","floor":28},{"not_picked":["Rage","Dark Embrace","Pommel Strike+1"],"picked":"SKIP","floor":29},{"not_picked":["ReplayTheSpireMod:Strike From Hell+1","Hemogenesis+1"],"picked":"Flame Barrier+1","floor":31}],"player_experience":482083,"relics_obtained":[{"floor":6,"key":"Molten Egg 2"},{"floor":8,"key":"Replay:Bottled Snecko"},{"floor":9,"key":"Replay:WaspNest"},{"floor":20,"key":"Ancient Tea Set"},{"floor":26,"key":"Letter Opener"},{"floor":29,"key":"Turnip"},{"floor":31,"key":"FossilizedHelix"}],"event_choices":[{"damage_healed":0,"gold_gain":75,"player_choice":"Touch","damage_taken":8,"max_hp_gain":0,"max_hp_loss":0,"event_name":"FaceTrader","floor":2,"gold_loss":0},{"cards_removed":["Strike_R"],"damage_healed":0,"gold_gain":0,"player_choice":"Card Removal","damage_taken":0,"max_hp_gain":0,"max_hp_loss":0,"event_name":"The Cleric","floor":4,"gold_loss":50},{"damage_healed":0,"gold_gain":0,"player_choice":"Upgraded","damage_taken":0,"max_hp_gain":0,"max_hp_loss":0,"event_name":"Upgrade Shrine","floor":22,"gold_loss":0,"cards_upgraded":["Berserk"]},{"damage_healed":0,"gold_gain":0,"player_choice":"Ignored","damage_taken":0,"max_hp_gain":0,"max_hp_loss":0,"event_name":"Ghosts","floor":30,"gold_loss":0}],"is_beta":false,"boss_relics":[{"not_picked":["Mark of Pain","Black Blood"],"picked":"Coffee Dripper"}],"items_purged_floors":[21,24],"is_endless":false,"potions_floor_spawned":[1,6,7,10,13,19,27,29,31],"killed_by":"Pondfish","ascension_level":4}}