{"host":"t8xcc1szlyy3f8no","time":1609116765,"event":{"mods":["BaseMod","BetterRewards","Colored Map","Colored Powertips","Downfall","Duelist Mod","Minty Spire (QoL Compilation)","Quick Restart","Rare Cards Sparkle","Spicy Shops","StSLib","SuperFastMode","The Construct"],"gold_per_floor":[144,94,130,130,173,173,173,231,256,5,30,30,57,77,77,182,182,196,229,104,104,129,158,158,168,168,200,211,238,238,270,270,375,375,391,391,409,409,409,440,456,456,481,495,495,522,2,31,31,31,31],"floor_reached":50,"playtime":3438,"items_purged":["theDuelist:CastleWalls","Parasite","theDuelist:Sparks+1","Decay"],"score":937,"play_id":"78c3fd12-bee9-4cbe-8aa7-6fbaba68e596","local_time":"20201228005245","is_ascension_mode":true,"campfire_choices":[{"data":"theDuelist:SilentDoom+1","floor":6.0,"key":"SMITH"},{"data":"theDuelist:SilentDoom+2","floor":12.0,"key":"SMITH"},{"data":"theDuelist:RainbowDarkDragon","floor":15.0,"key":"SMITH"},{"floor":24.0,"key":"REST"},{"data":"theDuelist:QueenDragunDjinn","floor":30.0,"key":"SMITH"},{"data":"theDuelist:SwordsRevealing","floor":32.0,"key":"SMITH"},{"data":"theDuelist:Raigeki","floor":42,"key":"SMITH"},{"data":"Madness","floor":45,"key":"SMITH"},{"data":"Madness","floor":49,"key":"SMITH"}],"circlet_count":0,"master_deck":["theDuelist:RainbowDarkDragon+1","theDuelist:QueenDragunDjinn+1","theDuelist:LesserDragon","theDuelist:SilentDoom+3","theDuelist:LesserDragon","theDuelist:CastleWalls+1","theDuelist:CosmicHorrorGangiel+1","theDuelist:YamataDragon","theDuelist:CaveDragon","theDuelist:BabyDragon","theDuelist:SwordsRevealing+1","theDuelist:Raigeki+1","theDuelist:VoidVanishment+1","theDuelist:FairyBox+1","theDuelist:CaveDragon","Madness+1","Madness+1","theDuelist:RainbowOverdragon"],"relics":["theDuelist:MillenniumPuzzle","theDuelist:CardPoolRelic","theDuelist:CardPoolBasicRelic","theDuelist:BoosterPackPoolRelic","theDuelist:CardPoolAddRelic","theDuelist:CardPoolMinusRelic","theDuelist:CardPoolSaveRelic","theDuelist:CardPoolOptionsRelic","theDuelist:AknamkanonsEssence","theDuelist:ZoneToken","theDuelist:CardRewardRelicI","Blood Vial","Orichalcum","theDuelist:MillenniumStone","Question Card","Self Forming Clay","Velvet Choker","Red Mask","Bronze Scales","Pocketwatch","theDuelist:MillenniumRing","PreservedInsect","Busted Crown","theDuelist:CursedHealer","theDuelist:WhiteBowlRelic","Lantern","theDuelist:MerchantNecklace","theDuelist:Monsterbox","HornCleat","theDuelist:SummonAnchor","Bag of Preparation","theDuelist:MetronomeRelicB"],"acts_visited":["Exordium","TheCity","TheBeyond"],"potions_floor_usage":[48,48,50,50],"damage_taken":[{"damage":0.0,"enemies":"Small Slimes","floor":1.0,"turns":2.0},{"damage":0.0,"enemies":"2 Louse","floor":3.0,"turns":3.0},{"damage":0.0,"enemies":"Jaw Worm","floor":5.0,"turns":2.0},{"damage":19.0,"enemies":"Lagavulin","floor":8.0,"turns":5.0},{"damage":4.0,"enemies":"Gremlin Nob","floor":11.0,"turns":3.0},{"damage":6.0,"enemies":"3 Sentries","floor":13.0,"turns":4.0},{"damage":7.0,"enemies":"Blue Slaver","floor":14.0,"turns":2.0},{"damage":7.0,"enemies":"The Guardian","floor":16.0,"turns":8.0},{"damage":0.0,"enemies":"Chosen","floor":18.0,"turns":3.0},{"damage":23.0,"enemies":"Spheric Guardian","floor":19.0,"turns":4.0},{"damage":39.0,"enemies":"Masked Bandits","floor":22.0,"turns":5.0},{"damage":0.0,"enemies":"theDuelist:KaibaA2","floor":23.0,"turns":5.0},{"damage":0.0,"enemies":"Snake Plant","floor":25.0,"turns":4.0},{"damage":12.0,"enemies":"Gremlin Leader","floor":27.0,"turns":6.0},{"damage":3.0,"enemies":"Chosen and Byrds","floor":28.0,"turns":4.0},{"damage":0.0,"enemies":"Sentry and Sphere","floor":29.0,"turns":4.0},{"damage":0.0,"enemies":"theDuelist:KaibaA2","floor":31.0,"turns":5.0},{"damage":12.0,"enemies":"Collector","floor":33.0,"turns":8.0},{"damage":0,"enemies":"3 Shapes","floor":35,"turns":2},{"damage":0,"enemies":"Orb Walker","floor":37,"turns":4},{"damage":1,"enemies":"Nemesis","floor":40,"turns":8},{"damage":0,"enemies":"Jaw Worm Horde","floor":41,"turns":4},{"damage":15,"enemies":"Sphere and 2 Shapes","floor":44,"turns":4},{"damage":1,"enemies":"Reptomancer","floor":46,"turns":6},{"damage":40,"enemies":"Nemesis","floor":48,"turns":9},{"damage":46,"enemies":"Time Eater","floor":50,"turns":9}],"seed_played":"-1958137974949342207","potions_obtained":[{"floor":5.0,"key":"theDuelist:ExtraOrbsBottle"},{"floor":8.0,"key":"theDuelist:StunPotion"},{"floor":13.0,"key":"theDuelist:TokenPotion"},{"floor":22.0,"key":"Guardian:BlockOnCardUsePotion"},{"floor":25.0,"key":"theDuelist:BabyPotion"},{"floor":27.0,"key":"Fruit Juice"},{"floor":33.0,"key":"theDuelist:OrbBottle"},{"floor":35,"key":"Regen Potion"},{"floor":40,"key":"BlessingOfTheForge"},{"floor":48,"key":"theDuelist:TokenPotion"}],"is_trial":false,"path_per_floor":["M","?","M","?","M","R","?","E","T","$","E","R","E","M","R","B",null,"M","M","$","?","?","E","R","M","T","E","M","M","R","E","R","B",null,"M","?","M","?","?","E","M","R","T","M","R","E","$","E","R","B"],"character_chosen":"THE_DUELIST","items_purchased":["theDuelist:AknamkanonsEssence","theDuelist:ZoneToken","theDuelist:CardRewardRelicI","theDuelist:MillenniumStone","theDuelist:Monsterbox","HornCleat","theDuelist:SummonAnchor","Bag of Preparation"],"campfire_rested":1,"item_purchase_floors":[0,0,0,10,47,47,47,47],"current_hp_per_floor":[80,80,80,80,80,80,85,66,66,66,64,64,60,55,55,50,76,76,53,53,76,37,39,61,63,63,53,52,54,54,56,56,51,81,81,71,73,73,81,80,81,81,81,66,66,67,67,44,44,0,0],"gold":31,"neow_bonus":"","is_daily":false,"chose_seed":false,"campfire_upgraded":8,"win_rate":0.0,"timestamp":1609116765,"path_taken":["M","?","M","?","M","R","?","E","T","$","E","R","E","M","R","BOSS","M","M","$","?","?","E","R","M","T","E","M","M","R","E","R","BOSS","M","?","M","?","?","E","M","R","T","M","R","E","?","E","R","BOSS"],"items_purchased_type":["Relic","Relic","Relic","Relic","Relic","Relic","Relic","Relic"],"build_version":"2020-12-22","purchased_purges":4,"victory":false,"max_hp_per_floor":[80,80,80,80,80,80,85,85,85,76,76,76,76,76,76,76,76,76,76,76,76,76,76,76,76,76,76,76,76,76,76,76,81,81,81,81,81,81,81,81,81,81,81,81,81,81,81,81,81,81,81],"card_choices":[{"not_picked":["theDuelist:GuardianAngel","theDuelist:Mudballman","theDuelist:ExodiaRA","theDuelist:FogKing","theDuelist:ContractExodia"],"picked":"SKIP","floor":1.0},{"not_picked":["theDuelist:DarkMagician","theDuelist:InjectionFairy","theDuelist:NeoMagic","theDuelist:SpellShatteringArrow","theDuelist:MythicalBeast"],"picked":"SKIP","floor":3.0},{"not_picked":["theDuelist:DarkMagician","theDuelist:InjectionFairy","theDuelist:NeoMagic","theDuelist:SpellShatteringArrow","theDuelist:MythicalBeast"],"picked":"SKIP","floor":3.0},{"not_picked":["theDuelist:InfernoFireBlast+1","theDuelist:MagicalStone+1","theDuelist:DianKeto+1","theDuelist:RedMedicine+1"],"picked":"theDuelist:SilentDoom+1","floor":5.0},{"not_picked":["theDuelist:BadReaction","theDuelist:Yami","theDuelist:MindAir","theDuelist:VoidExpansion"],"picked":"SKIP","floor":8.0},{"not_picked":["theDuelist:GuardianAngel+1","theDuelist:MagicalBlast+1"],"picked":"theDuelist:CosmicHorrorGangiel+1","floor":11.0},{"not_picked":["theDuelist:SwordsBurning","theDuelist:ThousandEyesRestrict","theDuelist:DarkPaladin","theDuelist:Wildfire"],"picked":"theDuelist:RainbowDarkDragon","floor":13.0},{"not_picked":["theDuelist:BattleguardKing","theDuelist:BigFire","theDuelist:LightningDarts","theDuelist:SmashingGround"],"picked":"theDuelist:Raigeki","floor":14.0},{"not_picked":["theDuelist:GateGuardian","theDuelist:DarkPaladin","theDuelist:SwordsRevealing","theDuelist:ExodiaNecross"],"picked":"theDuelist:QueenDragunDjinn","floor":16.0},{"not_picked":["theDuelist:SangaEarth","theDuelist:AncientElf","theDuelist:BlizzardPrincess","theDuelist:CosmicHorrorGangiel+1","theDuelist:WhiteHowling"],"picked":"SKIP","floor":18.0},{"not_picked":["theDuelist:Hinotama+1","theDuelist:LightningDarts","theDuelist:BigFire","theDuelist:Raigeki"],"picked":"theDuelist:RainbowOverdragon","floor":19.0},{"not_picked":["theDuelist:BattleguardKing","theDuelist:BigFire","theDuelist:Hinotama","theDuelist:LightningDarts","theDuelist:Raigeki"],"picked":"SKIP","floor":23.0},{"not_picked":["theDuelist:SpiritHarp","theDuelist:AltarTribute","theDuelist:BlueDragonSummoner+1","theDuelist:ContractExodia","theDuelist:BookSecret"],"picked":"SKIP","floor":25.0},{"not_picked":["theDuelist:BadReaction","theDuelist:TimeWizard","theDuelist:MagiciansRobe","theDuelist:MagiciansRod"],"picked":"SKIP","floor":27.0},{"not_picked":["theDuelist:DarkMagician","theDuelist:Mudballman","theDuelist:BlueDragonSummoner","theDuelist:CallAtlanteans","theDuelist:LordD"],"picked":"SKIP","floor":28.0},{"not_picked":["theDuelist:BlizzardPrincess","theDuelist:ExodiaRA","theDuelist:ThousandEyesRestrict","theDuelist:SangaWater"],"picked":"theDuelist:SwordsRevealing","floor":29.0},{"not_picked":["theDuelist:BlizzardWarrior","theDuelist:SpellShatteringArrow","theDuelist:DarkMagicianGirl","theDuelist:FairyBox","theDuelist:ApprenticeIllusionMagician+1"],"picked":"SKIP","floor":31.0},{"not_picked":["theDuelist:LightningDarts+2","theDuelist:LabyrinthWall+1","theDuelist:Mausoleum","theDuelist:BlackPendant+1"],"picked":"SKIP","floor":35},{"not_picked":["theDuelist:GrandSpellbookTower+1","theDuelist:IceQueen+1"],"picked":"theDuelist:VoidVanishment+1","floor":37},{"not_picked":["theDuelist:DarkMagicianGirl+1","theDuelist:NeoMagic","theDuelist:SilentDoom"],"picked":"theDuelist:FairyBox+1","floor":40},{"not_picked":["theDuelist:ExodiaLA","theDuelist:DoomShaman","theDuelist:MindAir+1","theDuelist:ThousandEyesIdol+1"],"picked":"SKIP","floor":41},{"not_picked":["theDuelist:ExodiaNecross+1","theDuelist:IrisEarthMother","theDuelist:RainbowMagician+1","theDuelist:SwordsBurning"],"picked":"SKIP","floor":44},{"not_picked":["theDuelist:SpellShatteringArrow","theDuelist:OnslaughtFireKings","theDuelist:CallAtlanteans+1","theDuelist:PowerKaishin"],"picked":"SKIP","floor":46},{"not_picked":["theDuelist:SpellShatteringArrow","theDuelist:SangaThunder+1","theDuelist:DarkMagician","theDuelist:ExodiaRA+1"],"picked":"SKIP","floor":48}],"player_experience":35989,"relics_obtained":[{"floor":8.0,"key":"Blood Vial"},{"floor":9.0,"key":"Orichalcum"},{"floor":11.0,"key":"Question Card"},{"floor":13.0,"key":"Self Forming Clay"},{"floor":22.0,"key":"Red Mask"},{"floor":23.0,"key":"Bronze Scales"},{"floor":26.0,"key":"Pocketwatch"},{"floor":27.0,"key":"theDuelist:MillenniumRing"},{"floor":31.0,"key":"PreservedInsect"},{"floor":40,"key":"theDuelist:WhiteBowlRelic"},{"floor":43,"key":"Lantern"},{"floor":46,"key":"theDuelist:MerchantNecklace"},{"floor":48,"key":"theDuelist:MetronomeRelicB"}],"event_choices":[{"cards_removed":["theDuelist:Sparks"],"damage_healed":0.0,"max_hp_gain":0.0,"max_hp_loss":0.0,"gold_gain":0.0,"event_name":"The Cleric","player_choice":"Card Removal","floor":2.0,"gold_loss":50.0,"damage_taken":0.0},{"total_magic_score":19.0,"gold_gain":0.0,"duelist":true,"damage_taken":0.0,"relics_obtained":[],"points":16.0,"max_hp_gain":0.0,"max_hp_loss":0.0,"spent_points":{"magic":0.0,"greed":0.0,"war":0.0,"power":0.0,"hunger":0.0},"event_name":"Nameless Tomb","floor":4.0,"gold_loss":0.0,"cards_obtained":[]},{"damage_healed":0.0,"max_hp_gain":5.0,"max_hp_loss":0.0,"gold_gain":0.0,"event_name":"Big Fish","player_choice":"Donut","floor":7.0,"gold_loss":0.0,"damage_taken":0.0},{"damage_healed":25.0,"max_hp_gain":0.0,"max_hp_loss":0.0,"gold_gain":0.0,"event_name":"The Library","player_choice":"Heal","floor":21.0,"gold_loss":0.0,"damage_taken":0.0},{"damage_healed":0.0,"max_hp_gain":0.0,"max_hp_loss":0.0,"gold_gain":0.0,"event_name":"Masked Bandits","player_choice":"Fought Bandits","floor":22.0,"gold_loss":0.0,"damage_taken":0.0},{"damage_healed":0,"gold_gain":0,"player_choice":"Embrace Madness","damage_taken":10,"max_hp_gain":0,"max_hp_loss":0,"event_name":"Winding Halls","floor":36,"gold_loss":0,"cards_obtained":["Madness","Madness"]},{"damage_healed":0,"gold_gain":0,"player_choice":"Leave","duelist":true,"damage_taken":0,"max_hp_gain":0,"max_hp_loss":0,"event_name":"Relic Duplicator","floor":38,"gold_loss":0},{"damage_healed":0,"gold_gain":0,"player_choice":"Succumb - +25HP/Cursed Relic","duelist":true,"damage_taken":0,"max_hp_gain":0,"max_hp_loss":0,"event_name":"Tomb of the Nameless","floor":39,"gold_loss":0}],"is_beta":false,"boss_relics":[{"not_picked":["theDuelist:HauntedRelic","Cursed Key"],"picked":"Velvet Choker"},{"not_picked":["construct:ClawGrip","Astrolabe"],"picked":"Busted Crown"}],"items_purged_floors":[0,10,20,47],"is_endless":false,"potions_floor_spawned":[5,8,13,22,25,27,33,35,40,48],"killed_by":"Time Eater","ascension_level":2}}