{"host":"9e8t9l667fx7pth6","time":1609140690,"event":{"mods":["2.2 Compatiblity","AlwaysNeverKeys","Aspiration","BaseMod","BetterRewards","Custom Start","Halation","Minty Spire (QoL Compilation)","Remove Card Discount Mod","StSLib","The Blue Laboratory"],"gold_per_floor":[118,137,137,152,49,79,79,110,133,32,32,107,107,119,119,119,119],"floor_reached":16,"playtime":472,"items_purged":["Strike_R","Strike_R","Bash","Strike_R","Strike_R","Strike_R","Defend_R","Defend_R"],"score":216,"play_id":"d5581d1a-fe79-430e-a0e1-b08dd0bb86a6","local_time":"20201228023130","is_ascension_mode":true,"campfire_choices":[{"data":"Inflame","floor":11,"key":"SMITH"},{"data":"Headbutt","floor":13,"key":"SMITH"},{"data":"Rampage","floor":15,"key":"SMITH"}],"circlet_count":0,"master_deck":["AscendersBane","Defend_R","Defend_R","Anger","Bloodletting","Anger","Thunderclap","Headbutt+1","Inflame+1","Anger","Swift Strike","Rampage+1"],"relics":["Burning Blood","Paper Frog","PreservedInsect","Oddly Smooth Stone"],"acts_visited":["Exordium"],"potions_floor_usage":[8,16],"damage_taken":[{"damage":13,"enemies":"Cultist","floor":1,"turns":5},{"damage":9,"enemies":"2 Louse","floor":2,"turns":3},{"damage":3,"enemies":"Small Slimes","floor":4,"turns":4},{"damage":5,"enemies":"Lagavulin","floor":6,"turns":5},{"damage":14,"enemies":"3 Sentries","floor":8,"turns":5},{"damage":11,"enemies":"Looter","floor":14,"turns":3},{"damage":51,"enemies":"The Guardian","floor":16,"turns":7}],"seed_played":"-680762720856463346","potions_obtained":[{"floor":4,"key":"blueLaboratory:HorrorPotion"},{"floor":14,"key":"Dexterity Potion"}],"is_trial":false,"path_per_floor":["M","M","?","M","$","E","?","E","T","$","R","?","R","M","R","B"],"character_chosen":"IRONCLAD","items_purchased":["Anger","Headbutt","Inflame","Swift Strike"],"campfire_rested":0,"item_purchase_floors":[0,5,5,10],"current_hp_per_floor":[61,58,47,50,50,51,75,67,67,67,67,56,56,51,51,0,0],"gold":119,"neow_bonus":"","is_daily":false,"chose_seed":false,"campfire_upgraded":3,"win_rate":0.0,"timestamp":1609140690,"path_taken":["M","?","?","M","$","E","?","E","T","$","R","?","R","M","R","BOSS"],"items_purchased_type":["Card","Card","Card","Card"],"build_version":"2020-12-22","purchased_purges":8,"victory":false,"max_hp_per_floor":[75,75,75,75,75,75,75,75,75,75,75,75,75,75,75,75,75],"card_choices":[{"not_picked":["Sword Boomerang","Havoc"],"picked":"Bloodletting","floor":1},{"not_picked":["Warcry","Sword Boomerang"],"picked":"Anger","floor":2},{"not_picked":["Seeing Red","True Grit"],"picked":"Thunderclap","floor":4},{"not_picked":["Whirlwind","Pommel Strike"],"picked":"Anger","floor":6},{"not_picked":["Reckless Charge","Heavy Blade","Seeing Red"],"picked":"SKIP","floor":8},{"not_picked":["Body Slam","Berserk"],"picked":"Rampage","floor":14}],"player_experience":1009259,"relics_obtained":[{"floor":8,"key":"PreservedInsect"},{"floor":9,"key":"Oddly Smooth Stone"}],"event_choices":[{"damage_healed":0,"gold_gain":0,"player_choice":"Success","damage_taken":11,"relics_obtained":["Paper Frog"],"max_hp_gain":0,"max_hp_loss":0,"event_name":"Scrap Ooze","floor":3,"gold_loss":0},{"damage_healed":25,"gold_gain":0,"player_choice":"Banana","damage_taken":0,"max_hp_gain":0,"max_hp_loss":0,"event_name":"Big Fish","floor":7,"gold_loss":0},{"damage_healed":0,"gold_gain":75,"player_choice":"Gather Gold","damage_taken":11,"max_hp_gain":0,"max_hp_loss":0,"event_name":"World of Goop","floor":12,"gold_loss":0}],"is_beta":false,"boss_relics":[],"items_purged_floors":[0,0,0,5,5,5,5,10],"is_endless":false,"potions_floor_spawned":[4,14],"killed_by":"The Guardian","ascension_level":20}}