{"host":"9d83omykrosjn1d3","time":1609160125,"event":{"mods":["AchievementEnabler","BaseMod","BetterRewards","Card Forge","Downfall","Hubris","Minty Spire (QoL Compilation)","Permanent Neow","Shop Mod","StSLib","SuperFastMode","The Construct"],"gold_per_floor":[115,172,172,184,184,184,214,214,214,226,253,279,316,341,353,469,481,503,599,611,657,739,783,795,823,835,876,888,934,959,983,995,1403,1415,1443,1472,1484,1563,1575,1587,1613,1625,1664,1676,1688,1735,1758,1781,1793,1805],"floor_reached":51,"playtime":1036,"items_purged":["Searing Blow+22","Heatsinks+1"],"score":2164,"play_id":"d679f1e7-e97d-4b18-b325-73f9efd45054","local_time":"20201228215525","is_ascension_mode":true,"campfire_choices":[{"data":"Searing Blow+20","floor":6.0,"key":"SMITH"},{"data":"Searing Blow+23","floor":8.0,"key":"SMITH"},{"data":"Searing Blow+24","floor":15.0,"key":"SMITH"},{"floor":32.0,"key":"RECALL"},{"data":"Searing Blow+26","floor":40,"key":"SMITH"},{"data":"Searing Blow+28","floor":45,"key":"SMITH"},{"data":"Searing Blow+30","floor":49,"key":"SMITH"}],"circlet_count":0,"master_deck":["Echo Form+1","Searing Blow+31","construct:ClockworkEgg+4","hubris:DuctTapeCard"],"relics":["Cracked Core","Hammer of Thor","Seething Fire","Anvil of the Gods","MerchantsRug","Anchor","hubris:64BitClover","Molten Egg 2","Toxic Egg 2","Frozen Egg 2","construct:ClockworkPhoenix","Tiny Chest","Potion Belt","hubris:ToyBattleship","Bag of Marbles","MawBank","The Courier","CeramicFish","Emotion Chip","construct:FoamFinger","White Beast Statue","PreservedInsect","Singing Bowl","Oddly Smooth Stone","hubris:VirtuousBlindfold","Meat on the Bone","Regal Pillow","Gambling Chip","Red Mask","InkBottle","Turnip","Ornamental Fan","Question Card","Omamori","hubris:Reverence","Bag of Preparation","Bottled Flame","hubris:Potato","hubris:CrystalStatue","Eternal Feather","DataDisk","hubris:GlazedTorus","Bottled Tornado","Mercury Hourglass","Bronze Scales","hubris:DuctTape","StrikeDummy","Matryoshka","War Paint","Vajra","Guardian:PocketSentry","Old Coin","construct:WeddingRing","Smiling Mask","Juzu Bracelet","hubris:BundleOfHerbs","Symbiotic Virus","Gremlin Horn","Centennial Puzzle","HornCleat","hubris:SlimyHat","hubris:Towel","Happy Flower","Ancient Tea Set","Whetstone","FossilizedHelix","Pear","Lantern","Pantograph","Sundial"],"acts_visited":["Exordium","TheCity","TheBeyond"],"potions_floor_usage":[],"damage_taken":[{"damage":2.0,"enemies":"Jaw Worm","floor":1.0,"turns":2.0},{"damage":0.0,"enemies":"Cultist","floor":4.0,"turns":1.0},{"damage":0.0,"enemies":"Gremlin Nob","floor":7.0,"turns":2.0},{"damage":0.0,"enemies":"Small Slimes","floor":10.0,"turns":2.0},{"damage":0.0,"enemies":"Lagavulin","floor":11.0,"turns":3.0},{"damage":0.0,"enemies":"Blue Slaver","floor":12.0,"turns":1.0},{"damage":0.0,"enemies":"Gremlin Nob","floor":13.0,"turns":1.0},{"damage":5.0,"enemies":"Gremlin Gang","floor":14.0,"turns":4.0},{"damage":0.0,"enemies":"The Guardian","floor":16.0,"turns":2.0},{"damage":0.0,"enemies":"Shell Parasite","floor":18.0,"turns":3.0},{"damage":14.0,"enemies":"Masked Bandits","floor":21.0,"turns":4.0},{"damage":0.0,"enemies":"Gremlin Leader","floor":23.0,"turns":2.0},{"damage":0.0,"enemies":"Spheric Guardian","floor":25.0,"turns":2.0},{"damage":0.0,"enemies":"Book of Stabbing","floor":27.0,"turns":2.0},{"damage":0.0,"enemies":"Slavers","floor":29.0,"turns":3.0},{"damage":0.0,"enemies":"Snake Plant","floor":30.0,"turns":3.0},{"damage":0.0,"enemies":"Centurion and Healer","floor":31.0,"turns":2.0},{"damage":0.0,"enemies":"Collector","floor":33.0,"turns":2.0},{"damage":0.0,"enemies":"3 Shapes","floor":35.0,"turns":3.0},{"damage":20.0,"enemies":"3 Darklings","floor":36.0,"turns":4.0},{"damage":0,"enemies":"Jaw Worm Horde","floor":41,"turns":3},{"damage":0,"enemies":"Reptomancer","floor":46,"turns":1},{"damage":0,"enemies":"Transient","floor":47,"turns":4},{"damage":0,"enemies":"4 Shapes","floor":48,"turns":3},{"damage":0,"enemies":"Awakened One","floor":50,"turns":2}],"seed_played":"6507153440422251805","potions_obtained":[{"floor":4.0,"key":"AttackPotion"},{"floor":10.0,"key":"AttackPotion"},{"floor":12.0,"key":"PowerPotion"},{"floor":13.0,"key":"Swift Potion"},{"floor":14.0,"key":"SkillPotion"},{"floor":25.0,"key":"FairyPotion"},{"floor":30.0,"key":"Strength Potion"},{"floor":31.0,"key":"BlessingOfTheForge"},{"floor":33.0,"key":"ColorlessPotion"},{"floor":35.0,"key":"Explosive Potion"},{"floor":36,"key":"Strength Potion"},{"floor":46,"key":"sneckomod:MuddlingPotion"},{"floor":47,"key":"Dexterity Potion"},{"floor":48,"key":"SpeedPotion"}],"is_trial":false,"path_per_floor":["M","?","?","M","T","R","E","R","T","M","E","M","E","M","R","B",null,"M","$","?","?","T","E","$","M","T","E","?","E","M","M","R","B",null,"M","M","T","$","?","R","M","?","T","?","R","E","M","M","R","B",null],"character_chosen":"DEFECT","items_purchased":["MerchantsRug","Anchor","Bag of Preparation","Bottled Flame"],"campfire_rested":0,"item_purchase_floors":[0,0,24,24],"current_hp_per_floor":[19,19,24,24,24,24,24,24,24,24,24,24,24,19,19,21,67,69,69,69,57,57,59,25,39,39,53,35,49,63,65,65,67,96,98,80,80,80,80,80,82,82,82,82,82,84,96,98,98,123],"gold":1817,"neow_bonus":"","is_daily":false,"chose_seed":false,"campfire_upgraded":6,"win_rate":0.0,"timestamp":1609160125,"path_taken":["M","?","?","M","?","R","E","R","T","M","E","?","E","M","R","BOSS","M","$","?","?","?","E","?","M","T","E","?","E","M","?","R","BOSS","M","M","?","$","?","R","M","?","T","?","R","E","M","M","R","BOSS"],"items_purchased_type":["Relic","Relic","Relic","Relic"],"build_version":"2020-12-22","purchased_purges":2,"victory":true,"max_hp_per_floor":[75,75,80,80,80,80,80,80,80,80,80,80,80,80,80,82,82,84,84,84,86,86,88,88,90,90,92,97,99,101,103,103,105,105,107,109,109,109,109,109,111,111,111,111,111,113,125,127,127,127],"card_choices":[{"not_picked":["Loop+1","Genetic Algorithm+1","Heatsinks+1"],"picked":"SKIP","floor":1.0},{"not_picked":["Stack+1","Gash+1","Rebound+1"],"picked":"SKIP","floor":4.0},{"not_picked":["Self Repair+1","Streamline+1","Redo+1"],"picked":"SKIP","floor":7.0},{"not_picked":["Conserve Battery+1","Doom and Gloom+1","Scrape+1"],"picked":"SKIP","floor":10.0},{"not_picked":["Conserve Battery+1","Stack+1","Genetic Algorithm+1"],"picked":"SKIP","floor":11.0},{"not_picked":["Reinforced Body+1","Double Energy+1","FTL+1"],"picked":"SKIP","floor":12.0},{"not_picked":["Turbo+1","Gash+1","Ball Lightning+1"],"picked":"SKIP","floor":13.0},{"not_picked":["Leap+1","Heatsinks+1","Gash+1"],"picked":"SKIP","floor":14.0},{"not_picked":["Hyperbeam+1","Creative AI+1","hubris:DoWhile+1"],"picked":"Singing Bowl","floor":16.0},{"not_picked":["Go for the Eyes+1","Compile Driver+1","Melter+1"],"picked":"Singing Bowl","floor":18.0},{"not_picked":["Turbo+1","Stack+1","Streamline+1"],"picked":"Singing Bowl","floor":21.0},{"not_picked":["hubris:PowerSurge+1","Undo+1","Coolheaded+1"],"picked":"Singing Bowl","floor":23.0},{"not_picked":["Reboot+1","Barrage+1","Redo+1","Stack+1"],"picked":"Singing Bowl","floor":25.0},{"not_picked":["Stack+1","Conserve Battery+1","Fusion+1","Gash+1"],"picked":"Singing Bowl","floor":27.0},{"not_picked":["Gash+1","Go for the Eyes+1","Chill+1","Ball Lightning+1"],"picked":"Singing Bowl","floor":29.0},{"not_picked":["Cold Snap+1","hubris:SpecializedCircuitry+1","Go for the Eyes+1","Coolheaded+1"],"picked":"Singing Bowl","floor":30.0},{"not_picked":["Stack+1","Streamline+1","hubris:DoWhile+1","Conserve Battery+1"],"picked":"Singing Bowl","floor":31.0},{"not_picked":["Hyperbeam+1","Buffer+1","Creative AI+1","hubris:Prefetch+1"],"picked":"Singing Bowl","floor":33.0},{"not_picked":["Ball Lightning+1","Redo+1","Go for the Eyes+1","Sunder+1"],"picked":"Singing Bowl","floor":35.0},{"not_picked":["Turbo+1","Leap+1","Redo+1","Conserve Battery+1"],"picked":"Singing Bowl","floor":36},{"not_picked":["Glacier+1","Rebound+1","Hologram+1","Steam+1"],"picked":"Singing Bowl","floor":41},{"not_picked":["hubris:PowerSurge+1","Capacitor+1","Compile Driver+1","Stack+1"],"picked":"Singing Bowl","floor":46},{"not_picked":["Cold Snap+1","Hello World+1","BootSequence+1","Doom and Gloom+1"],"picked":"Singing Bowl","floor":47},{"not_picked":["Doom and Gloom+1","Recycle+1","Chaos+1","Sweeping Beam+1"],"picked":"Singing Bowl","floor":48}],"player_experience":707886,"relics_obtained":[{"floor":7.0,"key":"Tiny Chest"},{"floor":7.0,"key":"Potion Belt"},{"floor":9.0,"key":"hubris:ToyBattleship"},{"floor":10.0,"key":"Bag of Marbles"},{"floor":11.0,"key":"MawBank"},{"floor":11.0,"key":"The Courier"},{"floor":11.0,"key":"CeramicFish"},{"floor":12.0,"key":"Emotion Chip"},{"floor":13.0,"key":"construct:FoamFinger"},{"floor":13.0,"key":"White Beast Statue"},{"floor":14.0,"key":"PreservedInsect"},{"floor":16.0,"key":"Singing Bowl"},{"floor":16.0,"key":"Oddly Smooth Stone"},{"floor":18.0,"key":"Meat on the Bone"},{"floor":18.0,"key":"Regal Pillow"},{"floor":18.0,"key":"Gambling Chip"},{"floor":21.0,"key":"Red Mask"},{"floor":21.0,"key":"InkBottle"},{"floor":21.0,"key":"Turnip"},{"floor":22.0,"key":"Ornamental Fan"},{"floor":23.0,"key":"Question Card"},{"floor":23.0,"key":"Omamori"},{"floor":23.0,"key":"hubris:Reverence"},{"floor":25.0,"key":"hubris:Potato"},{"floor":25.0,"key":"hubris:CrystalStatue"},{"floor":26.0,"key":"Eternal Feather"},{"floor":27.0,"key":"DataDisk"},{"floor":27.0,"key":"hubris:GlazedTorus"},{"floor":27.0,"key":"Bottled Tornado"},{"floor":29.0,"key":"Mercury Hourglass"},{"floor":29.0,"key":"Bronze Scales"},{"floor":29.0,"key":"hubris:DuctTape"},{"floor":30.0,"key":"StrikeDummy"},{"floor":30.0,"key":"Matryoshka"},{"floor":31.0,"key":"War Paint"},{"floor":31.0,"key":"Vajra"},{"floor":33.0,"key":"Guardian:PocketSentry"},{"floor":33.0,"key":"Old Coin"},{"floor":35.0,"key":"Smiling Mask"},{"floor":35.0,"key":"Juzu Bracelet"},{"floor":36,"key":"hubris:BundleOfHerbs"},{"floor":37,"key":"Symbiotic Virus"},{"floor":37,"key":"Gremlin Horn"},{"floor":41,"key":"Centennial Puzzle"},{"floor":41,"key":"HornCleat"},{"floor":41,"key":"hubris:SlimyHat"},{"floor":43,"key":"Happy Flower"},{"floor":43,"key":"Ancient Tea Set"},{"floor":46,"key":"Whetstone"},{"floor":46,"key":"FossilizedHelix"},{"floor":47,"key":"Pear"},{"floor":47,"key":"Lantern"},{"floor":48,"key":"Pantograph"},{"floor":48,"key":"Sundial"}],"event_choices":[{"damage_healed":0.0,"max_hp_gain":0.0,"max_hp_loss":0.0,"gold_gain":57.0,"event_name":"Golden Wing","player_choice":"Gained Gold","floor":2.0,"gold_loss":0.0,"damage_taken":0.0},{"damage_healed":0.0,"max_hp_gain":5.0,"max_hp_loss":0.0,"gold_gain":0.0,"event_name":"Big Fish","player_choice":"Donut","floor":3.0,"gold_loss":0.0,"damage_taken":0.0},{"damage_healed":0.0,"max_hp_gain":0.0,"max_hp_loss":0.0,"gold_gain":0.0,"event_name":"Back to Basics","player_choice":"Simplicity","floor":20.0,"gold_loss":0.0,"damage_taken":0.0,"cards_upgraded":[]},{"damage_healed":0.0,"max_hp_gain":0.0,"max_hp_loss":0.0,"gold_gain":0.0,"event_name":"Masked Bandits","player_choice":"Fought Bandits","floor":21.0,"gold_loss":0.0,"damage_taken":0.0},{"damage_healed":0.0,"max_hp_gain":5.0,"max_hp_loss":0.0,"gold_gain":0.0,"event_name":"Forgotten Altar","player_choice":"Shed Blood","floor":28.0,"gold_loss":0.0,"damage_taken":23.0},{"damage_healed":0,"gold_gain":0,"player_choice":"Forge","damage_taken":0,"max_hp_gain":0,"max_hp_loss":0,"event_name":"Accursed Blacksmith","floor":44,"gold_loss":0,"cards_upgraded":["Searing Blow"]}],"is_beta":false,"boss_relics":[{"not_picked":["Fusion Hammer","Tiny House"],"picked":"hubris:VirtuousBlindfold"},{"not_picked":["Astrolabe","SacredBark"],"picked":"construct:WeddingRing"}],"items_purged_floors":[0,24],"is_endless":false,"potions_floor_spawned":[4,10,12,13,14,16,25,30,31,33,35,36,46,47,48],"ascension_level":9}}