{"host":"sh8ot41fo7a0kahq","time":1609160232,"event":{"mods":["ATMod(°¢èªMod)","BaseMod","Better Third Choice","Colored Powertips","Displayed Cursed Tome","Minty Spire (QoL Compilation)","Quick Restart","Spicy Shops","StSLib","UnlockEverythingMod","¡¾ÒÅÎï¿¨ÅÆ¡¿REMEMod"],"gold_per_floor":[117,171,191,202,218,251,251,281,281,281,297,322,339,26,26,130,130,144,144,144,179,278,278,313,313,313,65,77,96,127,42,42,147,147,165,179,192,212,227,227,262,262,313,313,313,341,341,357,357,357,357,357,82,108,128],"floor_reached":56,"playtime":1719,"items_purged":["Defend_P","Strike_P","Strike_P","Strike_P"],"score":1967,"play_id":"f390b9c1-4fd7-47f0-8c77-6f3ef07e6cae","local_time":"20201228205712","is_ascension_mode":true,"campfire_choices":[{"data":"AT_RealColorLess","floor":7.0,"key":"SMITH"},{"data":"Eruption","floor":10.0,"key":"SMITH"},{"data":"Ragnarok","floor":15.0,"key":"SMITH"},{"data":"MasterReality","floor":23.0,"key":"SMITH"},{"floor":25.0,"key":"RECALL"},{"data":"TalkToTheHand","floor":32,"key":"SMITH"},{"data":"AT_IrregularMenstruation","floor":40,"key":"SMITH"},{"data":"Omniscience","floor":42,"key":"SMITH"},{"data":"REME_PuzzleBox","floor":44,"key":"SMITH"},{"floor":47,"key":"REST"},{"data":"Indignation","floor":49,"key":"SMITH"},{"data":"Prostrate","floor":52,"key":"SMITH"}],"circlet_count":0,"master_deck":["Strike_P","Defend_P","Defend_P","Defend_P","Eruption+1","Vigilance","AT_RealColorLess+1","REME_PuzzleBox+1","WheelKick","Prostrate+1","Indignation+1","Ragnarok+1","BowlingBash","MasterReality+1","TalkToTheHand+1","Omniscience+1","Tantrum","Wallop+1","AT_IrregularMenstruation+1"],"relics":["HolyWater","AT_ATBox","REME_ComplimentaryCards","AT_BladeRuinedKing","REME_LimitBreaker","REME_PuzzleBoxRelic","TungstenRod","AT_BellowingDragoncrestRing","Mercury Hourglass","Pear","OrangePellets","Question Card","Ornamental Fan","REME_HourglassOfDeath","AT_SunfireAegis","Meat on the Bone","AT_ChloranthyRing"],"acts_visited":["Exordium","TheCity","TheBeyond","TheEnding"],"potions_floor_usage":[55,55],"damage_taken":[{"damage":1.0,"enemies":"Cultist","floor":1.0,"turns":5.0},{"damage":7.0,"enemies":"Small Slimes","floor":3.0,"turns":4.0},{"damage":7.0,"enemies":"Jaw Worm","floor":4.0,"turns":2.0},{"damage":28.0,"enemies":"Gremlin Gang","floor":5.0,"turns":3.0},{"damage":0.0,"enemies":"Lagavulin","floor":6.0,"turns":4.0},{"damage":18.0,"enemies":"3 Sentries","floor":8.0,"turns":5.0},{"damage":2.0,"enemies":"Looter","floor":11.0,"turns":3.0},{"damage":0.0,"enemies":"Lagavulin","floor":12.0,"turns":4.0},{"damage":1.0,"enemies":"3 Louse","floor":13.0,"turns":3.0},{"damage":0.0,"enemies":"Slime Boss","floor":16.0,"turns":3.0},{"damage":7.0,"enemies":"Shell Parasite","floor":18.0,"turns":6.0},{"damage":0.0,"enemies":"2 Thieves","floor":21.0,"turns":1.0},{"damage":0.0,"enemies":"Gremlin Leader","floor":24.0,"turns":3.0},{"damage":6,"enemies":"Chosen and Byrds","floor":28,"turns":2},{"damage":0,"enemies":"Centurion and Healer","floor":29,"turns":1},{"damage":0,"enemies":"Slavers","floor":30,"turns":1},{"damage":37,"enemies":"Collector","floor":33,"turns":5},{"damage":0,"enemies":"3 Shapes","floor":35,"turns":2},{"damage":0,"enemies":"Orb Walker","floor":36,"turns":1},{"damage":0,"enemies":"Writhing Mass","floor":37,"turns":2},{"damage":0,"enemies":"Maw","floor":38,"turns":2},{"damage":17,"enemies":"Sphere and 2 Shapes","floor":39,"turns":3},{"damage":4,"enemies":"Giant Head","floor":41,"turns":5},{"damage":12,"enemies":"Nemesis","floor":46,"turns":3},{"damage":12,"enemies":"Jaw Worm Horde","floor":48,"turns":2},{"damage":49,"enemies":"Donu and Deca","floor":50,"turns":4},{"damage":0,"enemies":"Shield and Spear","floor":54,"turns":2},{"damage":26,"enemies":"The Heart","floor":55,"turns":5}],"seed_played":"-86797458801278711","potions_obtained":[{"floor":4.0,"key":"Weak Potion"},{"floor":6.0,"key":"EntropicBrew"},{"floor":12.0,"key":"GamblersBrew"},{"floor":13.0,"key":"Ambrosia"}],"is_trial":false,"path_per_floor":["M","T","M","M","M","E","R","E","T","R","M","E","M","$","R","B",null,"M","?","?","M","?","R","E","R","T","$","M","M","E","?","R","B",null,"M","M","M","M","M","R","E","R","T","R","?","E","R","M","R","B",null,"R","$","E","B",null],"character_chosen":"WATCHER","items_purchased":["AT_BellowingDragoncrestRing","OrangePellets"],"campfire_rested":1,"item_purchase_floors":[14,27],"current_hp_per_floor":[71,71,64,57,29,29,29,11,11,11,9,9,8,8,8,8,61,62,62,62,62,62,62,62,62,72,72,66,66,66,66,66,29,74,77,77,77,77,60,60,56,56,56,56,56,44,71,59,59,22,75,75,75,75,49],"gold":128,"neow_bonus":"TEN_PERCENT_HP_BONUS","is_daily":false,"chose_seed":false,"campfire_upgraded":10,"win_rate":0.0,"timestamp":1609160232,"path_taken":["M","?","?","M","?","E","R","E","T","R","M","E","M","$","R","BOSS","BOSS","M","?","?","M","?","R","E","R","T","$","M","M","E","?","R","BOSS","M","M","M","M","M","R","E","R","T","R","?","E","R","M","R","BOSS","R","$","E","BOSS"],"items_purchased_type":["Relic","Relic"],"build_version":"2020-12-22","purchased_purges":4,"victory":true,"max_hp_per_floor":[79,79,79,79,79,79,79,79,79,79,79,79,79,79,79,79,79,79,79,79,79,79,79,79,79,89,89,89,89,89,89,89,89,89,92,92,92,92,92,92,92,92,92,92,92,92,92,92,92,92,92,92,92,92,92],"card_choices":[{"not_picked":["Protect","PathToVictory","Prostrate"],"picked":"SKIP","floor":1.0},{"not_picked":["Protect","Prostrate"],"picked":"WheelKick","floor":3.0},{"not_picked":["Swivel","Meditate"],"picked":"Prostrate","floor":4.0},{"not_picked":["Wireheading","ThirdEye","ReachHeaven"],"picked":"SKIP","floor":5.0},{"not_picked":["Wallop","Sanctity"],"picked":"Indignation","floor":6.0},{"not_picked":["Consecrate","FlurryOfBlows"],"picked":"Ragnarok","floor":8.0},{"not_picked":["Wireheading","REME_Repentance","SignatureMove"],"picked":"SKIP","floor":11.0},{"not_picked":["FlyingSleeves","AT_RealFormLess"],"picked":"BowlingBash","floor":12.0},{"not_picked":["WaveOfTheHand","EmptyFist","SashWhip"],"picked":"SKIP","floor":13.0},{"not_picked":["Vault","Blasphemy"],"picked":"MasterReality","floor":16.0},{"not_picked":["PathToVictory","WreathOfFlame","JustLucky"],"picked":"SKIP","floor":18.0},{"not_picked":["EmptyFist","SashWhip","FlurryOfBlows"],"picked":"SKIP","floor":21.0},{"not_picked":["Perseverance+1","Prostrate","BattleHymn"],"picked":"SKIP","floor":24.0},{"not_picked":["Prostrate","WaveOfTheHand","PathToVictory+1"],"picked":"SKIP","floor":28},{"not_picked":["REME_Repentance","Crescendo","CutThroughFate+1"],"picked":"SKIP","floor":29},{"not_picked":["EmptyMind+1","WindmillStrike+1"],"picked":"TalkToTheHand","floor":30},{"not_picked":["Scrawl","Alpha","Ragnarok"],"picked":"Omniscience","floor":33},{"not_picked":["FlurryOfBlows","REME_Repentance+1","EmptyBody","FollowUp"],"picked":"SKIP","floor":35},{"not_picked":["REME_MusicOfDeath+1","FlyingSleeves","Prostrate+1"],"picked":"Tantrum","floor":36},{"not_picked":["MentalFortress","AT_ChampionStep","AT_DivineConfetti+1"],"picked":"Wallop+1","floor":37},{"not_picked":["Prostrate+1","SashWhip","Perseverance+1"],"picked":"AT_IrregularMenstruation","floor":38},{"not_picked":["CutThroughFate+1","FlyingSleeves","LessonLearned","Sanctity+1"],"picked":"SKIP","floor":39},{"not_picked":["EmptyFist","REME_Repentance","FlyingSleeves+1","Worship+1"],"picked":"SKIP","floor":41},{"not_picked":["BowlingBash","SashWhip","InnerPeace+1","Prostrate+1"],"picked":"SKIP","floor":46},{"not_picked":["Weave+1","Swivel","CarveReality","AT_RealFormLess"],"picked":"SKIP","floor":48},{"not_picked":["BowlingBash","Halt","SashWhip+1","Crescendo+1"],"picked":"SKIP","floor":54}],"player_experience":312711,"relics_obtained":[{"floor":2.0,"key":"AT_BladeRuinedKing"},{"floor":6.0,"key":"REME_LimitBreaker"},{"floor":8.0,"key":"REME_PuzzleBoxRelic"},{"floor":12.0,"key":"TungstenRod"},{"floor":24.0,"key":"Mercury Hourglass"},{"floor":26.0,"key":"Pear"},{"floor":30,"key":"Question Card"},{"floor":41,"key":"REME_HourglassOfDeath"},{"floor":43,"key":"AT_SunfireAegis"},{"floor":46,"key":"Meat on the Bone"},{"floor":54,"key":"AT_ChloranthyRing"}],"event_choices":[{"damage_healed":0.0,"max_hp_gain":0.0,"max_hp_loss":0.0,"gold_gain":0.0,"event_name":"Vampires","player_choice":"Ignored","floor":19.0,"gold_loss":0.0,"damage_taken":0.0},{"damage_healed":0.0,"max_hp_gain":0.0,"max_hp_loss":0.0,"gold_gain":0.0,"event_name":"Ghosts","player_choice":"Ignored","floor":20.0,"gold_loss":0.0,"damage_taken":0.0},{"damage_healed":0.0,"max_hp_gain":0.0,"max_hp_loss":0.0,"gold_gain":99.0,"event_name":"betterThird:BetterNest","player_choice":"Steal","floor":22.0,"gold_loss":0.0,"damage_taken":0.0},{"damage_healed":0,"gold_gain":0,"player_choice":"Obtained Relic","damage_taken":0,"relics_obtained":["Ornamental Fan"],"max_hp_gain":0,"max_hp_loss":0,"event_name":"Addict","floor":31,"gold_loss":85},{"damage_healed":0,"gold_gain":0,"player_choice":"Bought 0 Potions","damage_taken":0,"max_hp_gain":0,"max_hp_loss":0,"event_name":"The Woman in Blue","floor":45,"gold_loss":0}],"is_beta":false,"boss_relics":[{"not_picked":["SlaversCollar","Astrolabe"],"picked":"HolyWater"},{"not_picked":["Sozu","Cursed Key","Runic Pyramid"]}],"items_purged_floors":[14,27,53,53],"is_endless":false,"potions_floor_spawned":[4,6,12,13,18,28,30,33,35,38,48,54],"ascension_level":7}}