{"host":"3qkmyeoym75lj4wn","time":1609182775,"event":{"mods":["2.2 Compatiblity","BaseMod","Block Reminder","Colored Powertips","Highlight Path","Minty Spire (QoL Compilation)","Permanent Neow","Potion Indicator Mod","Rare Cards Sparkle","Relic Stats","StSLib"],"gold_per_floor":[119,132,132,152,8,8,28,56,56,87,101,101,139,139,139,237,237,262,262,276,294,313,352,352,365,365,405,419,435,435,476,476,476,476],"floor_reached":33,"playtime":1537,"items_purged":[],"score":658,"play_id":"46efd2e6-63e4-4c1e-a73d-03df27f86514","local_time":"20201228191255","is_ascension_mode":true,"campfire_choices":[{"floor":6,"key":"REST"},{"data":"Bash","floor":15,"key":"SMITH"},{"data":"Uppercut","floor":24,"key":"SMITH"},{"data":"Limit Break","floor":30,"key":"SMITH"},{"data":"Spot Weakness","floor":32,"key":"SMITH"}],"circlet_count":0,"master_deck":["AscendersBane","Strike_R","Strike_R","Strike_R","Strike_R","Defend_R","Defend_R","Defend_R","Defend_R","Bash+1","Seeing Red","Iron Wave","Feel No Pain","Spot Weakness+1","Reaper","Pummel","Twin Strike","Limit Break+1","Uppercut+1","Battle Trance"],"relics":["Burning Blood","StoneCalendar","Shuriken","Self Forming Clay","Charon\u0027s Ashes","Golden Idol","Toy Ornithopter","Coffee Dripper","Bird Faced Urn","Mercury Hourglass","PreservedInsect"],"acts_visited":["Exordium","TheCity"],"potions_floor_usage":[8,8,16,18,21,27],"damage_taken":[{"damage":14,"enemies":"2 Louse","floor":1,"turns":3},{"damage":17,"enemies":"Cultist","floor":2,"turns":5},{"damage":9,"enemies":"Small Slimes","floor":4,"turns":4},{"damage":9,"enemies":"2 Fungi Beasts","floor":7,"turns":4},{"damage":18,"enemies":"Lagavulin","floor":8,"turns":5},{"damage":39,"enemies":"Gremlin Nob","floor":10,"turns":4},{"damage":16,"enemies":"Gremlin Gang","floor":11,"turns":4},{"damage":12,"enemies":"3 Sentries","floor":13,"turns":6},{"damage":60,"enemies":"Hexaghost","floor":16,"turns":11},{"damage":6,"enemies":"Spheric Guardian","floor":18,"turns":5},{"damage":18,"enemies":"3 Byrds","floor":20,"turns":5},{"damage":25,"enemies":"Centurion and Healer","floor":21,"turns":7},{"damage":24,"enemies":"3 Cultists","floor":22,"turns":5},{"damage":26,"enemies":"Book of Stabbing","floor":23,"turns":4},{"damage":32,"enemies":"Cultist and Chosen","floor":25,"turns":6},{"damage":31,"enemies":"Slavers","floor":27,"turns":4},{"damage":2,"enemies":"Chosen and Byrds","floor":28,"turns":4},{"damage":21,"enemies":"3 Cultists","floor":29,"turns":5},{"damage":57,"enemies":"Book of Stabbing","floor":31,"turns":6},{"damage":76,"enemies":"Automaton","floor":33,"turns":6}],"seed_played":"5115894984153547547","potions_obtained":[{"floor":4,"key":"PowerPotion"},{"floor":8,"key":"FairyPotion"},{"floor":10,"key":"SpeedPotion"},{"floor":16,"key":"SpeedPotion"},{"floor":20,"key":"Regen Potion"},{"floor":25,"key":"Dexterity Potion"},{"floor":27,"key":"Ancient Potion"}],"is_trial":false,"path_per_floor":["M","M","?","M","$","R","M","E","T","E","M","?","E","?","R","B",null,"M","?","M","M","M","E","R","M","T","E","M","M","R","E","R","B"],"character_chosen":"IRONCLAD","items_purchased":["Spot Weakness","BlessingOfTheForge"],"campfire_rested":1,"item_purchase_floors":[5,5],"current_hp_per_floor":[42,31,31,28,28,50,47,50,50,29,40,40,46,51,51,10,57,62,56,44,63,61,41,41,27,27,23,27,31,31,23,23,0,0],"gold":476,"neow_bonus":"ONE_RARE_RELIC","is_daily":false,"chose_seed":false,"campfire_upgraded":4,"win_rate":0.0,"timestamp":1609182775,"path_taken":["M","M","?","M","$","R","?","E","T","E","M","?","E","?","R","BOSS","M","?","?","M","?","E","R","M","T","E","M","M","R","E","R","BOSS"],"items_purchased_type":["Card","Potion"],"build_version":"2020-12-22","purchased_purges":0,"victory":false,"max_hp_per_floor":[75,75,75,75,75,75,75,75,75,75,75,68,68,73,73,73,73,73,73,73,73,73,73,73,73,73,73,73,73,73,73,73,73,73],"relic_stats":{"counters":[20,103],"Shuriken":[17],"Self Forming Clay":[210],"Golden Idol":77,"Bird Faced Urn":[8],"StoneCalendar":[50],"Charon\u0027s Ashes":[346],"PreservedInsect":0,"obtain_stats":[{"Shuriken":8,"Self Forming Clay":9,"Golden Idol":12,"Bird Faced Urn":23,"StoneCalendar":0,"Charon\u0027s Ashes":10,"PreservedInsect":31,"Coffee Dripper":17,"Burning Blood":0,"Toy Ornithopter":13,"Mercury Hourglass":27},{"Shuriken":5,"Self Forming Clay":5,"Golden Idol":7,"Bird Faced Urn":14,"StoneCalendar":0,"Charon\u0027s Ashes":6,"PreservedInsect":19,"Coffee Dripper":9,"Burning Blood":0,"Toy Ornithopter":8,"Mercury Hourglass":16},{"Shuriken":21,"Self Forming Clay":21,"Golden Idol":29,"Bird Faced Urn":72,"StoneCalendar":0,"Charon\u0027s Ashes":25,"PreservedInsect":97,"Coffee Dripper":46,"Burning Blood":0,"Toy Ornithopter":35,"Mercury Hourglass":82}],"Burning Blood":114,"Toy Ornithopter":20,"Mercury Hourglass":[111]},"card_choices":[{"not_picked":["Havoc","Rampage"],"picked":"Seeing Red","floor":1},{"not_picked":["Flex","Clash"],"picked":"Iron Wave","floor":2},{"not_picked":["Heavy Blade","Havoc"],"picked":"Feel No Pain","floor":4},{"not_picked":["Shrug It Off","Sword Boomerang"],"picked":"Reaper","floor":7},{"not_picked":["Anger","Sword Boomerang"],"picked":"Pummel","floor":8},{"not_picked":["Armaments","Sword Boomerang","Clothesline"],"picked":"SKIP","floor":10},{"not_picked":["Warcry","Flex","Burning Pact"],"picked":"SKIP","floor":11},{"not_picked":["Bludgeon","Burning Pact"],"picked":"Twin Strike","floor":13},{"not_picked":["Offering","Immolate"],"picked":"Limit Break","floor":16},{"not_picked":["Anger","Havoc"],"picked":"Uppercut","floor":18},{"not_picked":["Twin Strike","Wild Strike","Pommel Strike"],"picked":"SKIP","floor":20},{"not_picked":["Cleave","Bloodletting","Anger"],"picked":"SKIP","floor":21},{"not_picked":["Iron Wave","Cleave","Twin Strike"],"picked":"SKIP","floor":22},{"not_picked":["Twin Strike","Fiend Fire","Perfected Strike"],"picked":"SKIP","floor":23},{"not_picked":["Iron Wave","Headbutt","True Grit"],"picked":"SKIP","floor":25},{"not_picked":["Cleave","Body Slam","Berserk"],"picked":"SKIP","floor":27},{"not_picked":["Warcry","Rage","Feel No Pain"],"picked":"SKIP","floor":28},{"not_picked":["Iron Wave","Shockwave"],"picked":"Battle Trance","floor":29},{"not_picked":["Warcry","Flex","Anger"],"picked":"SKIP","floor":31}],"player_experience":1603683,"relics_obtained":[{"floor":8,"key":"Shuriken"},{"floor":9,"key":"Self Forming Clay"},{"floor":10,"key":"Charon\u0027s Ashes"},{"floor":13,"key":"Toy Ornithopter"},{"floor":23,"key":"Bird Faced Urn"},{"floor":27,"key":"Mercury Hourglass"},{"floor":31,"key":"PreservedInsect"}],"event_choices":[{"cards_removed":["Strike_R"],"damage_healed":0,"gold_gain":0,"player_choice":"Purged","damage_taken":0,"max_hp_gain":0,"max_hp_loss":0,"event_name":"Purifier","floor":3,"gold_loss":0},{"damage_healed":0,"gold_gain":0,"player_choice":"Lose Max HP","damage_taken":0,"relics_obtained":["Golden Idol"],"max_hp_gain":0,"max_hp_loss":7,"event_name":"Golden Idol","floor":12,"gold_loss":0},{"damage_healed":0,"gold_gain":0,"player_choice":"Donut","damage_taken":0,"max_hp_gain":5,"max_hp_loss":0,"event_name":"Big Fish","floor":14,"gold_loss":0},{"damage_healed":0,"gold_gain":0,"player_choice":"","damage_taken":6,"max_hp_gain":0,"max_hp_loss":0,"event_name":"Knowing Skull","floor":19,"potions_obtained":[],"gold_loss":0,"cards_obtained":[]}],"is_beta":false,"boss_relics":[{"not_picked":["Empty Cage","Pandora\u0027s Box"],"picked":"Coffee Dripper"}],"items_purged_floors":[],"is_endless":false,"potions_floor_spawned":[4,8,10,16,20,25,27,28],"killed_by":"Automaton","ascension_level":20}}