{"host":"337p6miwxbqfki03","time":1609127453,"event":{"mods":["BaseMod","Better Third Choice","Colored Map","Conspire","Downfall","Hubris","Minty Spire (QoL Compilation)","Replay The Spire","Somnambulant","StSLib","The Hierophant","Unceasing Turn Reminder"],"gold_per_floor":[115,115,134,148,148,148,162,192,192,1,21,21,21,33,33,138,138,103,103,103,103],"floor_reached":20,"playtime":1339,"items_purged":[],"score":176,"play_id":"a72fb139-0adb-4721-afb2-e7ffcfb846b4","local_time":"20201227215053","is_ascension_mode":false,"campfire_choices":[{"floor":6.0,"key":"REST"},{"floor":13.0,"key":"REST"},{"floor":15.0,"key":"REST"}],"circlet_count":0,"master_deck":["somnambulantmod: Defend_Somnambulant","somnambulantmod: Defend_Somnambulant","somnambulantmod: Defend_Somnambulant","somnambulantmod: Defend_Somnambulant","somnambulantmod: Defend_Somnambulant","somnambulantmod: QuickNap","somnambulantmod: PrimingPunch","somnambulantmod: Blink+1","somnambulantmod: BadIdea","somnambulantmod: TimeCompression","somnambulantmod: DarkeningMind","somnambulantmod: LightSleeper+1","somnambulantmod: RuthlessStudy","somnambulantmod: Overshare","somnambulantmod: Lucidity","somnambulantmod: Damping+1","somnambulantmod: AllForNothing+1","somnambulantmod: ShowerThought+1","somnambulantmod: Pinch"],"relics":["somnambulantmod: DreamJournal","Pen Nib","hubris:Towel","Blood Vial","Boot","conspire:TreasureMap","Astrolabe","MutagenicStrength"],"acts_visited":[],"potions_floor_usage":[],"damage_taken":[{"damage":0.0,"enemies":"Jaw Worm","floor":1.0,"turns":5.0},{"damage":5.0,"enemies":"Small Slimes","floor":3.0,"turns":4.0},{"damage":0.0,"enemies":"Cultist","floor":4.0,"turns":3.0},{"damage":10.0,"enemies":"Exordium Wildlife","floor":7.0,"turns":4.0},{"damage":43.0,"enemies":"3 Sentries","floor":8.0,"turns":11.0},{"damage":4.0,"enemies":"2 Fungi Beasts","floor":11.0,"turns":4.0},{"damage":9.0,"enemies":"conspire:2 RoseBushes","floor":14.0,"turns":4.0},{"damage":49.0,"enemies":"Hexaghost","floor":16.0,"turns":9.0},{"damage":41.0,"enemies":"2 Thieves","floor":18.0,"turns":6.0},{"damage":26.0,"enemies":"Chosen","floor":20.0,"turns":7.0}],"seed_played":"8226314412894948285","potions_obtained":[{"floor":7.0,"key":"Weak Potion"},{"floor":11.0,"key":"Strength Potion"},{"floor":14.0,"key":"SteroidPotion"}],"is_trial":false,"path_per_floor":["M","?","M","M","?","R","M","E","T","$","M","?","R","M","R","B",null,"M","?","M"],"character_chosen":"THE_SOMNAMBULANT","items_purchased":["conspire:TreasureMap"],"campfire_rested":3,"item_purchase_floors":[10],"current_hp_per_floor":[77,70,65,65,65,79,69,26,26,26,24,24,49,42,68,21,83,42,42,18,18],"gold":103,"neow_bonus":"TEN_PERCENT_HP_BONUS","is_daily":false,"chose_seed":false,"campfire_upgraded":0,"win_rate":0.0,"timestamp":1609127453,"path_taken":["M","?","M","M","?","R","M","E","T","$","?","?","R","M","R","BOSS","M","?","M"],"items_purchased_type":["Relic"],"build_version":"2020-12-22","purchased_purges":0,"victory":false,"max_hp_per_floor":[77,77,77,77,77,79,79,79,79,79,79,79,81,81,83,83,83,83,83,83,83],"card_choices":[{"not_picked":["somnambulantmod: Nosebleed","somnambulantmod: Unknow"],"picked":"somnambulantmod: Blink","floor":1.0},{"not_picked":["somnambulantmod: Unknow","somnambulantmod: Cower"],"picked":"somnambulantmod: BadIdea","floor":3.0},{"not_picked":["somnambulantmod: Repression","somnambulantmod: Sleepyhead"],"picked":"somnambulantmod: TimeCompression","floor":4.0},{"not_picked":["somnambulantmod: Reject","somnambulantmod: ViralIdea"],"picked":"somnambulantmod: DarkeningMind","floor":7.0},{"not_picked":["somnambulantmod: Pinch","somnambulantmod: Repression"],"picked":"somnambulantmod: LightSleeper","floor":8.0},{"not_picked":["somnambulantmod: MindWave","somnambulantmod: HeavyLids","somnambulantmod: SnuggleUp"],"picked":"SKIP","floor":11.0},{"not_picked":["somnambulantmod: Harden","somnambulantmod: Stumble"],"picked":"somnambulantmod: Overshare","floor":14.0},{"not_picked":["somnambulantmod: SleepParalysis","somnambulantmod: Remember"],"picked":"somnambulantmod: Lucidity","floor":16.0},{"not_picked":["somnambulantmod: Stumble","somnambulantmod: HorrificThought"],"picked":"somnambulantmod: Pinch","floor":18.0}],"player_experience":215784,"relics_obtained":[{"floor":8.0,"key":"Blood Vial"},{"floor":9.0,"key":"Boot"}],"event_choices":[{"damage_healed":0.0,"max_hp_gain":0.0,"max_hp_loss":0.0,"gold_gain":0.0,"event_name":"Scrap Ooze","player_choice":"Success","floor":2.0,"gold_loss":0.0,"damage_taken":7.0,"relics_obtained":["Pen Nib"]},{"damage_healed":0.0,"max_hp_gain":0.0,"max_hp_loss":0.0,"gold_gain":0.0,"cards_transformed":["somnambulantmod: SomnambulantStrike"],"event_name":"Living Wall","player_choice":"Change","floor":12.0,"gold_loss":0.0,"damage_taken":0.0,"cards_obtained":["somnambulantmod: RuthlessStudy"]},{"damage_healed":0.0,"max_hp_gain":0.0,"max_hp_loss":0.0,"gold_gain":0.0,"event_name":"Drug Dealer","player_choice":"Inject Mutagens","floor":19.0,"gold_loss":0.0,"damage_taken":0.0,"relics_obtained":["MutagenicStrength"]}],"is_beta":false,"boss_relics":[{"not_picked":["hubris:Stopwatch","somnambulantmod: GluedMask"],"picked":"Astrolabe"}],"items_purged_floors":[],"is_endless":false,"potions_floor_spawned":[7,11,14,16,18,20],"killed_by":"Chosen","ascension_level":0}}