{"host":"9blctju11f5snuyr","time":1609199000,"event":{"mods":["2.2 Compatiblity","AchievementEnabler","BaseMod","BetterRewards","Colored Map","Colored Powertips","Highlight Path","Minty Spire (QoL Compilation)","Quick Restart","Rare Cards Sparkle","Shop Mod","Spicy Shops","StSLib","Synergy Search"],"gold_per_floor":[115,190,190,190,190,190,210,210,210,210,223,241,261,274,274,377,377,389,407,332,332,232,252,270,270,270],"floor_reached":25,"playtime":691,"items_purged":["Strike_R","Strike_R"],"score":295,"play_id":"a391835d-5d5f-4c32-96b1-37149baf2964","local_time":"20201228154320","is_ascension_mode":false,"campfire_choices":[{"data":"Heavy Blade","floor":6,"key":"SMITH"},{"data":"Twin Strike","floor":8,"key":"SMITH"},{"data":"Sword Boomerang","floor":10,"key":"SMITH"},{"data":"Bash","floor":15,"key":"SMITH"}],"circlet_count":0,"master_deck":["Strike_R","Strike_R","Defend_R","Defend_R","Defend_R","Defend_R","Bash+1","Armaments+1","Cleave","Sword Boomerang+1","Shrug It Off","Heavy Blade+1","Twin Strike+1","Anger","Reaper","J.A.X."],"relics":["Burning Blood"],"acts_visited":["Exordium","TheCity"],"potions_floor_usage":[16,24],"damage_taken":[{"damage":5,"enemies":"Jaw Worm","floor":1,"turns":3},{"damage":0,"enemies":"Small Slimes","floor":7,"turns":3},{"damage":1,"enemies":"Cultist","floor":11,"turns":3},{"damage":0,"enemies":"2 Fungi Beasts","floor":12,"turns":3},{"damage":0,"enemies":"3 Louse","floor":13,"turns":2},{"damage":4,"enemies":"Blue Slaver","floor":14,"turns":3},{"damage":56,"enemies":"The Guardian","floor":16,"turns":12},{"damage":39,"enemies":"Shell Parasite","floor":18,"turns":6},{"damage":21,"enemies":"Spheric Guardian","floor":19,"turns":5},{"damage":18,"enemies":"Snake Plant","floor":23,"turns":4},{"damage":14,"enemies":"Snecko","floor":24,"turns":5},{"damage":11,"enemies":"Cultist and Chosen","floor":25,"turns":3}],"seed_played":"-5467903210775122825","potions_obtained":[{"floor":1,"key":"Weak Potion"},{"floor":13,"key":"AttackPotion"},{"floor":23,"key":"HeartOfIron"}],"is_trial":false,"path_per_floor":["M","?","?","?","?","R","M","R","T","R","M","M","M","M","R","B",null,"M","M","$","?","$","M","M","M"],"character_chosen":"IRONCLAD","items_purchased":["Armaments","Cleave","Sword Boomerang","Shrug It Off"],"campfire_rested":0,"item_purchase_floors":[0,0,0,0],"current_hp_per_floor":[80,69,69,69,69,69,75,75,75,75,80,80,80,80,80,30,80,47,32,32,32,32,20,16,17,17],"gold":270,"neow_bonus":"","is_daily":false,"chose_seed":false,"campfire_upgraded":4,"win_rate":0.0,"timestamp":1609199000,"path_taken":["M","?","?","?","?","R","?","R","T","R","M","M","M","M","R","BOSS","M","M","$","?","$","M","M","M"],"items_purchased_type":["Card","Card","Card","Card"],"build_version":"2020-12-22","purchased_purges":2,"victory":false,"max_hp_per_floor":[80,80,80,80,80,80,80,80,80,80,80,80,80,80,80,80,80,80,80,80,80,80,80,80,80,80],"card_choices":[{"not_picked":["Warcry","True Grit"],"picked":"Heavy Blade","floor":1},{"not_picked":["Uppercut","Dual Wield"],"picked":"Twin Strike","floor":7},{"not_picked":["Metallicize","Clash","Entrench"],"picked":"SKIP","floor":11},{"not_picked":["Rage","Warcry","Blood for Blood"],"picked":"SKIP","floor":12},{"not_picked":["Burning Pact","Flame Barrier"],"picked":"Anger","floor":13},{"not_picked":["Sword Boomerang","Dropkick","Evolve"],"picked":"SKIP","floor":14},{"not_picked":["Juggernaut","Berserk"],"picked":"Reaper","floor":16},{"not_picked":["Searing Blow","Wild Strike","Rage"],"picked":"SKIP","floor":18},{"not_picked":["Reckless Charge+1","Thunderclap","Wild Strike"],"picked":"SKIP","floor":19},{"not_picked":["Headbutt","Pommel Strike","Seeing Red"],"picked":"SKIP","floor":23},{"not_picked":["Blood for Blood","Thunderclap+1","Feel No Pain"],"picked":"SKIP","floor":24}],"player_experience":189072,"relics_obtained":[],"event_choices":[{"damage_healed":0,"gold_gain":75,"player_choice":"Gather Gold","damage_taken":11,"max_hp_gain":0,"max_hp_loss":0,"event_name":"World of Goop","floor":2,"gold_loss":0},{"damage_healed":0,"gold_gain":0,"player_choice":"Grow","damage_taken":0,"max_hp_gain":0,"max_hp_loss":0,"event_name":"Living Wall","floor":3,"gold_loss":0,"cards_upgraded":["Armaments"]},{"damage_healed":0,"gold_gain":0,"player_choice":"Fled","damage_taken":0,"max_hp_gain":0,"max_hp_loss":0,"event_name":"Scrap Ooze","floor":4,"gold_loss":0},{"cards_removed":["Strike_R"],"damage_healed":0,"gold_gain":0,"player_choice":"Offered Basic","damage_taken":0,"max_hp_gain":0,"max_hp_loss":0,"event_name":"Bonfire Elementals","floor":5,"gold_loss":0},{"damage_healed":0,"gold_gain":0,"player_choice":"Obtain J.A.X.","damage_taken":0,"max_hp_gain":0,"max_hp_loss":0,"event_name":"Drug Dealer","floor":21,"gold_loss":0,"cards_obtained":["J.A.X."]}],"is_beta":false,"boss_relics":[{"not_picked":["Philosopher\u0027s Stone","Black Star","Astrolabe"]}],"items_purged_floors":[20,22],"is_endless":false,"potions_floor_spawned":[1,13,16,18,23,24],"killed_by":"Cultist and Chosen","ascension_level":0}}