{"host":"m77rrhbqzv44va4v","time":1609128087,"event":{"mods":["AchievementEnabler","BaseMod","Colored Map","DeckTracker","Keyboard Shortcuts","Minty Spire (QoL Compilation)","StSLib","SuperFastMode","everything is the same but u backflip on backflip"],"gold_per_floor":[116,129,64,76,1,31,44,71,71,87,87,87,128,28,28,119,119,133,133,158,33,33,72,72,86,158,158,198,198,198,211,211,310,310,334,667,682,84,96,96,114,134,134,159,205,221,52,82,82,82,82],"floor_reached":50,"playtime":1542,"items_purged":["Strike_G","Injury","Strike_G"],"score":1135,"play_id":"30a54846-ad08-4ccf-b1c3-300b44293e37","local_time":"20201228130127","is_ascension_mode":true,"campfire_choices":[{"floor":11,"key":"REST"},{"data":"Noxious Fumes","floor":15,"key":"SMITH"},{"data":"Burst","floor":24,"key":"SMITH"},{"data":"Catalyst","floor":29,"key":"SMITH"},{"data":"Malaise","floor":32,"key":"SMITH"},{"data":"Bouncing Flask","floor":40,"key":"SMITH"},{"floor":49,"key":"REST"}],"circlet_count":0,"master_deck":["AscendersBane","Strike_G","Strike_G","Defend_G","Defend_G","Defend_G","Defend_G","Survivor","Neutralize","Bouncing Flask","Poisoned Stab","Dash","Noxious Fumes+1","Malaise+1","Acrobatics","Footwork+1","Burst+1","Bouncing Flask+1","Backflip","Calculated Gamble","Catalyst+1","Backflip","Tools of the Trade+1","Acrobatics","Underhanded Strike","Catalyst","Noxious Fumes+1","Escape Plan"],"relics":["Ring of the Snake","NeowsBlessing","Mercury Hourglass","Torii","Pantograph","Frozen Egg 2","Anchor","Snecko Eye","Pear","Mummified Hand","Paper Crane","Busted Crown","Thread and Needle","Eternal Feather","Juzu Bracelet","Pocketwatch","The Specimen","DollysMirror","Regal Pillow"],"acts_visited":["Exordium","TheCity","TheBeyond"],"potions_floor_usage":[6,8,16,23,31,45,50],"damage_taken":[{"damage":0.0,"enemies":"Small Slimes","floor":1.0,"turns":1.0},{"damage":0,"enemies":"Cultist","floor":2,"turns":1},{"damage":0,"enemies":"Jaw Worm","floor":4,"turns":1},{"damage":22,"enemies":"3 Sentries","floor":6,"turns":6},{"damage":0,"enemies":"Exordium Wildlife","floor":7,"turns":5},{"damage":8,"enemies":"Lagavulin","floor":8,"turns":5},{"damage":1,"enemies":"Looter","floor":10,"turns":3},{"damage":16,"enemies":"Gremlin Nob","floor":13,"turns":6},{"damage":41,"enemies":"Slime Boss","floor":16,"turns":11},{"damage":10,"enemies":"Chosen","floor":18,"turns":4},{"damage":0,"enemies":"Shell Parasite","floor":20,"turns":7},{"damage":20,"enemies":"Gremlin Leader","floor":23,"turns":7},{"damage":0,"enemies":"Shelled Parasite and Fungi","floor":25,"turns":4},{"damage":1,"enemies":"Book of Stabbing","floor":28,"turns":4},{"damage":1,"enemies":"Cultist and Chosen","floor":31,"turns":5},{"damage":58,"enemies":"Automaton","floor":33,"turns":8},{"damage":0,"enemies":"3 Shapes","floor":35,"turns":3},{"damage":11,"enemies":"3 Darklings","floor":37,"turns":4},{"damage":0,"enemies":"Transient","floor":39,"turns":6},{"damage":0,"enemies":"4 Shapes","floor":41,"turns":5},{"damage":8,"enemies":"Maw","floor":42,"turns":5},{"damage":0,"enemies":"Mind Bloom Boss Battle","floor":44,"turns":4},{"damage":26,"enemies":"2 Orb Walkers","floor":45,"turns":5},{"damage":12,"enemies":"Sphere and 2 Shapes","floor":46,"turns":4},{"damage":11,"enemies":"Giant Head","floor":48,"turns":5},{"damage":82,"enemies":"Awakened One","floor":50,"turns":7}],"seed_played":"-9170982337549063190","potions_obtained":[{"floor":4,"key":"DuplicationPotion"},{"floor":6,"key":"Ancient Potion"},{"floor":13,"key":"SpeedPotion"},{"floor":16,"key":"Dexterity Potion"},{"floor":28,"key":"Strength Potion"},{"floor":31,"key":"Explosive Potion"},{"floor":33,"key":"Ancient Potion"},{"floor":42,"key":"Energy Potion"},{"floor":46,"key":"Weak Potion"},{"floor":48,"key":"DuplicationPotion"}],"is_trial":false,"path_per_floor":["M","M","?","M","$","E","M","E","T","M","R","?","E","$","R","B",null,"M","?","M","$","?","E","R","M","T","?","E","R","?","M","R","B",null,"M","?","M","$","M","R","M","M","T","?","?","M","$","E","R","B"],"character_chosen":"THE_SILENT","items_purchased":["Thread and Needle","Eternal Feather","DollysMirror"],"campfire_rested":2,"item_purchase_floors":[38,38,47],"current_hp_per_floor":[59,59,59,59,59,37,37,29,29,28,47,47,31,31,31,15,53,43,56,56,56,56,46,46,46,46,46,45,45,45,44,44,11,60,60,60,49,49,49,61,61,53,53,76,50,38,38,27,76,0,0],"gold":82,"neow_bonus":"THREE_ENEMY_KILL","is_daily":false,"chose_seed":false,"campfire_upgraded":5,"win_rate":0.0,"timestamp":1609128087,"path_taken":["M","M","?","?","$","E","M","E","T","M","R","?","E","$","R","BOSS","M","?","M","$","?","E","R","M","T","?","E","R","?","M","R","BOSS","M","?","M","$","M","R","M","M","T","?","?","M","$","E","R","BOSS"],"items_purchased_type":["Relic","Relic","Relic"],"build_version":"2020-12-22","purchased_purges":3,"victory":false,"max_hp_per_floor":[66,66,66,66,66,66,66,66,66,66,66,66,66,66,66,66,66,66,66,66,66,66,76,76,76,76,76,76,76,76,76,76,76,76,76,76,76,76,76,76,76,76,76,76,76,76,76,76,76,76,76],"card_choices":[{"not_picked":["PiercingWail","Cloak And Dagger"],"picked":"Bouncing Flask","floor":1},{"not_picked":["Deadly Poison","Heel Hook","Deflect"],"picked":"SKIP","floor":2},{"not_picked":["Reflex","Outmaneuver"],"picked":"Poisoned Stab","floor":4},{"not_picked":["Sucker Punch","Backflip"],"picked":"Dash","floor":6},{"not_picked":["Sucker Punch","Deadly Poison"],"picked":"Noxious Fumes","floor":7},{"not_picked":["Blur","Tools of the Trade"],"picked":"Malaise","floor":8},{"not_picked":["Poisoned Stab","Predator"],"picked":"Acrobatics","floor":10},{"not_picked":["Heel Hook","Die Die Die"],"picked":"Footwork+1","floor":13},{"not_picked":["Night Terror","Storm of Steel"],"picked":"Burst","floor":16},{"not_picked":["Quick Slash+1","Deadly Poison","Backstab"],"picked":"SKIP","floor":18},{"not_picked":["All Out Attack","Flying Knee"],"picked":"Bouncing Flask","floor":20},{"not_picked":["Quick Slash","Dodge and Roll","Backstab"],"picked":"SKIP","floor":23},{"not_picked":["Dagger Throw","Infinite Blades+1"],"picked":"Catalyst","floor":25},{"not_picked":["Die Die Die","Bouncing Flask","Prepared"],"picked":"SKIP","floor":28},{"not_picked":["Flechettes+1","Prepared"],"picked":"Backflip","floor":31},{"not_picked":["Phantasmal Killer","Doppelganger"],"picked":"Tools of the Trade+1","floor":33},{"not_picked":[],"picked":"Acrobatics","floor":35},{"not_picked":["Quick Slash+1"],"picked":"SKIP","floor":37},{"not_picked":["Dagger Throw"],"picked":"SKIP","floor":39},{"not_picked":["Sucker Punch"],"picked":"SKIP","floor":41},{"not_picked":[],"picked":"Underhanded Strike","floor":42},{"not_picked":[],"picked":"Catalyst","floor":46},{"not_picked":[],"picked":"Escape Plan","floor":48}],"player_experience":816823,"relics_obtained":[{"floor":6,"key":"Torii"},{"floor":8,"key":"Pantograph"},{"floor":9,"key":"Frozen Egg 2"},{"floor":13,"key":"Anchor"},{"floor":23,"key":"Pear"},{"floor":26,"key":"Mummified Hand"},{"floor":28,"key":"Paper Crane"},{"floor":43,"key":"Juzu Bracelet"},{"floor":44,"key":"Pocketwatch"},{"floor":45,"key":"The Specimen"},{"floor":48,"key":"Regal Pillow"}],"event_choices":[{"damage_healed":0,"gold_gain":0,"player_choice":"Paid Gold","damage_taken":0,"relics_obtained":["Mercury Hourglass"],"max_hp_gain":0,"max_hp_loss":0,"event_name":"WeMeetAgain","floor":3,"gold_loss":65},{"damage_healed":0,"gold_gain":0,"player_choice":"Take Wound","damage_taken":0,"relics_obtained":["Golden Idol"],"max_hp_gain":0,"max_hp_loss":0,"event_name":"Golden Idol","floor":12,"gold_loss":0,"cards_obtained":["Injury"]},{"damage_healed":13,"gold_gain":0,"player_choice":"Heal","damage_taken":0,"max_hp_gain":0,"max_hp_loss":0,"event_name":"The Library","floor":19,"gold_loss":0},{"damage_healed":0,"gold_gain":0,"cards_transformed":["Defend_G","Strike_G"],"player_choice":"Became Test Subject","damage_taken":0,"max_hp_gain":0,"max_hp_loss":0,"event_name":"Drug Dealer","floor":22,"gold_loss":0,"cards_obtained":["Backflip","Calculated Gamble"]},{"damage_healed":0,"gold_gain":0,"player_choice":"Ignored","damage_taken":0,"max_hp_gain":0,"max_hp_loss":0,"event_name":"Ghosts","floor":27,"gold_loss":0},{"damage_healed":0,"gold_gain":0,"player_choice":"Ignored","damage_taken":0,"max_hp_gain":0,"max_hp_loss":0,"event_name":"Vampires","floor":30,"gold_loss":0},{"damage_healed":0,"gold_gain":333,"player_choice":"Gave Idol","damage_taken":0,"max_hp_gain":0,"max_hp_loss":0,"event_name":"The Moai Head","floor":36,"relics_lost":["Golden Idol"],"gold_loss":0},{"damage_healed":0,"gold_gain":0,"player_choice":"Fight","damage_taken":0,"max_hp_gain":0,"max_hp_loss":0,"event_name":"MindBloom","floor":44,"gold_loss":0},{"damage_healed":0,"gold_gain":0,"player_choice":"Fight","damage_taken":0,"max_hp_gain":0,"max_hp_loss":0,"event_name":"Mysterious Sphere","floor":45,"gold_loss":0}],"is_beta":false,"boss_relics":[{"not_picked":["Astrolabe","WristBlade"],"picked":"Snecko Eye"},{"not_picked":["Runic Dome","Philosopher\u0027s Stone"],"picked":"Busted Crown"}],"items_purged_floors":[5,14,21],"is_endless":false,"potions_floor_spawned":[4,6,13,16,28,31,33,39,42,46,48],"killed_by":"Awakened One","ascension_level":20}}