{"host":"l2821e3dgmq4sghh","time":1609114246,"event":{"mods":["BaseMod","Colored Powertips","Minty Spire (QoL Compilation)","StSLib"],"gold_per_floor":[219,219,237,252,272,305,322,355,435,448,448,475,425,27,27,125,125,145,145,160,160,178,178,204,204,204,204,220,251,264,37,37,135,135,152,0,13,63,76,76,110,124,150,178,197,197,223,238,238,238,238,238,88,122,122],"floor_reached":56,"playtime":8277,"items_purged":["Writhe","Strike_B"],"score":1581,"play_id":"7ca650a1-e9a7-4e0d-ab22-0508d40a7dd4","local_time":"20201228011046","is_ascension_mode":true,"campfire_choices":[{"floor":15.0,"key":"REST"},{"data":"Zap","floor":23.0,"key":"SMITH"},{"data":"Sweeping Beam","floor":25.0,"key":"SMITH"},{"data":"Beam Cell","floor":27.0,"key":"SMITH"},{"data":"Go for the Eyes","floor":32.0,"key":"SMITH"},{"data":"Coolheaded","floor":40,"key":"SMITH"},{"floor":46,"key":"RECALL"},{"data":"Beam Cell","floor":49,"key":"SMITH"},{"data":"Barrage","floor":52,"key":"SMITH"}],"circlet_count":0,"master_deck":["Strike_B","Defend_B+1","Defend_B","Defend_B","Defend_B","Zap+1","Dualcast+1","Beam Cell+1","Compile Driver","Steam","Barrage+1","Ball Lightning","Sweeping Beam+1","Coolheaded+1","Coolheaded+1","Steam+1","Go for the Eyes+1","Beam Cell+1","Gash","Turbo+1","Ball Lightning+1","Compile Driver+1","Turbo+1","Compile Driver","Hologram+1","Go for the Eyes+1","Stack+1","Gash"],"relics":["Cracked Core","Bronze Scales","Cables","Unceasing Top","Ornamental Fan","Regal Pillow","Bag of Preparation","Symbiotic Virus","Black Star","Toxic Egg 2","Shuriken","Sundial","Gremlin Horn","Lizard Tail","Eternal Feather","Runic Capacitor","Sozu","Red Mask","FossilizedHelix","Vajra","MealTicket","War Paint","Question Card","Toy Ornithopter","StrikeDummy","Kunai","Nunchaku","Happy Flower"],"acts_visited":["Exordium","TheCity","TheBeyond","TheEnding"],"potions_floor_usage":[55,55],"damage_taken":[{"damage":6.0,"enemies":"Jaw Worm","floor":1.0,"turns":3.0},{"damage":3.0,"enemies":"Small Slimes","floor":3.0,"turns":3.0},{"damage":0.0,"enemies":"Cultist","floor":4.0,"turns":2.0},{"damage":2.0,"enemies":"Blue Slaver","floor":5.0,"turns":3.0},{"damage":34.0,"enemies":"Lagavulin","floor":6.0,"turns":7.0},{"damage":7.0,"enemies":"3 Louse","floor":7.0,"turns":2.0},{"damage":8.0,"enemies":"3 Sentries","floor":8.0,"turns":5.0},{"damage":0.0,"enemies":"Looter","floor":10.0,"turns":2.0},{"damage":6.0,"enemies":"Gremlin Nob","floor":12.0,"turns":3.0},{"damage":17.0,"enemies":"Hexaghost","floor":16.0,"turns":6.0},{"damage":3.0,"enemies":"3 Byrds","floor":18.0,"turns":3.0},{"damage":0.0,"enemies":"Shell Parasite","floor":20.0,"turns":4.0},{"damage":11.0,"enemies":"Snecko","floor":22.0,"turns":4.0},{"damage":12.0,"enemies":"Slavers","floor":24.0,"turns":4.0},{"damage":1.0,"enemies":"3 Cultists","floor":28.0,"turns":4.0},{"damage":9.0,"enemies":"Book of Stabbing","floor":29.0,"turns":3.0},{"damage":6.0,"enemies":"Centurion and Healer","floor":30.0,"turns":4.0},{"damage":39,"enemies":"Champ","floor":33,"turns":8},{"damage":0,"enemies":"Orb Walker","floor":35,"turns":2},{"damage":25,"enemies":"3 Darklings","floor":37,"turns":3},{"damage":0,"enemies":"Mind Bloom Boss Battle","floor":38,"turns":3},{"damage":0,"enemies":"4 Shapes","floor":39,"turns":3},{"damage":0,"enemies":"Reptomancer","floor":41,"turns":3},{"damage":2,"enemies":"Sphere and 2 Shapes","floor":42,"turns":3},{"damage":0,"enemies":"Giant Head","floor":44,"turns":5},{"damage":0,"enemies":"Transient","floor":45,"turns":5},{"damage":0,"enemies":"Reptomancer","floor":47,"turns":2},{"damage":0,"enemies":"Writhing Mass","floor":48,"turns":3},{"damage":0,"enemies":"Time Eater","floor":50,"turns":4},{"damage":0,"enemies":"Shield and Spear","floor":54,"turns":3},{"damage":97,"enemies":"The Heart","floor":55,"turns":7}],"seed_played":"4222556293795720412","potions_obtained":[{"floor":4.0,"key":"Regen Potion"},{"floor":5.0,"key":"LiquidMemories"},{"floor":6.0,"key":"Weak Potion"},{"floor":10.0,"key":"SkillPotion"},{"floor":12.0,"key":"DistilledChaos"},{"floor":24.0,"key":"SteroidPotion"},{"floor":30.0,"key":"Ancient Potion"}],"is_trial":false,"path_per_floor":["M","?","M","M","M","E","M","E","T","M","?","E","?","$","R","B",null,"M","?","M","?","M","R","E","R","T","R","M","E","M","$","R","B",null,"M","?","M","?","M","R","E","M","T","E","M","R","E","M","R","B",null,"R","$","E","B",null],"character_chosen":"DEFECT","items_purchased":["Bag of Preparation","Symbiotic Virus","Runic Capacitor","Stack+1"],"campfire_rested":1,"item_purchase_floors":[14,14,31,53],"current_hp_per_floor":[69,57,54,54,52,33,26,18,18,18,11,5,5,5,42,25,75,72,72,72,72,61,61,49,49,49,49,48,39,33,33,45,6,75,75,75,50,50,50,62,62,60,60,60,60,75,75,75,75,75,75,75,75,75,15],"gold":122,"neow_bonus":"HUNDRED_GOLD","is_daily":false,"chose_seed":false,"campfire_upgraded":7,"win_rate":0.0,"timestamp":1609114246,"path_taken":["M","?","M","M","M","E","M","E","T","M","?","E","?","?","R","BOSS","M","?","M","?","?","R","E","R","T","R","M","E","M","$","R","BOSS","M","?","M","?","M","R","E","M","T","E","M","R","E","M","R","BOSS","R","$","E","BOSS"],"items_purchased_type":["Relic","Relic","Relic","Card"],"build_version":"2020-12-22","purchased_purges":2,"victory":true,"max_hp_per_floor":[75,75,75,75,75,75,75,75,75,75,75,75,75,75,75,75,75,75,75,75,75,75,75,75,75,75,75,75,75,75,75,75,75,75,75,75,75,75,75,75,75,75,75,75,75,75,75,75,75,75,75,75,75,75,75],"card_choices":[{"not_picked":["Go for the Eyes","FTL"],"picked":"Beam Cell","floor":1.0},{"not_picked":["Rebound","Ball Lightning"],"picked":"Compile Driver","floor":3.0},{"not_picked":["Genetic Algorithm","Chaos"],"picked":"Steam","floor":4.0},{"not_picked":["Hologram","Redo"],"picked":"Barrage","floor":5.0},{"not_picked":["Leap","Rebound"],"picked":"Ball Lightning","floor":6.0},{"not_picked":["Ball Lightning","Turbo"],"picked":"Sweeping Beam","floor":7.0},{"not_picked":["Hello World","Heatsinks","Sweeping Beam"],"picked":"SKIP","floor":8.0},{"not_picked":["Amplify","Barrage"],"picked":"Coolheaded","floor":10.0},{"not_picked":["Fusion","Sweeping Beam","Rip and Tear"],"picked":"SKIP","floor":12.0},{"not_picked":["Beam Cell","Rebound"],"picked":"Coolheaded+1","floor":18.0},{"not_picked":["Doom and Gloom","Capacitor+1"],"picked":"Steam+1","floor":20.0},{"not_picked":["Beam Cell","Cold Snap"],"picked":"Go for the Eyes","floor":22.0},{"not_picked":["Hyperbeam","Double Energy+1"],"picked":"Beam Cell","floor":24.0},{"not_picked":["White Noise+1","Static Discharge","Loop"],"picked":"SKIP","floor":28.0},{"not_picked":["Beam Cell","Fusion+1","Reprogram+1"],"picked":"SKIP","floor":29.0},{"not_picked":["Streamline","Melter"],"picked":"Gash","floor":30.0},{"not_picked":["Cold Snap+1","Lockon"],"picked":"Turbo+1","floor":35},{"not_picked":["Loop+1","Cold Snap"],"picked":"Ball Lightning+1","floor":37},{"not_picked":["Auto Shields+1","Fusion+1"],"picked":"Compile Driver+1","floor":38},{"not_picked":["Glacier+1","Rebound"],"picked":"Turbo+1","floor":39},{"not_picked":["Beam Cell","Chill+1"],"picked":"Compile Driver","floor":41},{"not_picked":["Lockon+1","Doom and Gloom","Self Repair"],"picked":"SKIP","floor":42},{"not_picked":["Hello World+1","Beam Cell","Consume+1"],"picked":"SKIP","floor":44},{"not_picked":["Lockon+1","Rebound+1","Seek+1","Auto Shields+1"],"picked":"SKIP","floor":45},{"not_picked":["Reprogram+1","Gash+1","Stack+1"],"picked":"Hologram+1","floor":47},{"not_picked":["Coolheaded+1","Compile Driver+1","Leap+1"],"picked":"Go for the Eyes+1","floor":48},{"not_picked":["Sweeping Beam","Storm","Undo+1"],"picked":"Gash","floor":54}],"player_experience":5383577,"relics_obtained":[{"floor":6.0,"key":"Cables"},{"floor":8.0,"key":"Unceasing Top"},{"floor":9.0,"key":"Ornamental Fan"},{"floor":12.0,"key":"Regal Pillow"},{"floor":24.0,"key":"Sundial"},{"floor":24.0,"key":"Gremlin Horn"},{"floor":29.0,"key":"Lizard Tail"},{"floor":29.0,"key":"Eternal Feather"},{"floor":38,"key":"FossilizedHelix"},{"floor":41,"key":"Vajra"},{"floor":41,"key":"MealTicket"},{"floor":43,"key":"War Paint"},{"floor":44,"key":"Question Card"},{"floor":44,"key":"Toy Ornithopter"},{"floor":47,"key":"StrikeDummy"},{"floor":47,"key":"Kunai"},{"floor":54,"key":"Nunchaku"},{"floor":54,"key":"Happy Flower"}],"event_choices":[{"damage_healed":0.0,"max_hp_gain":0.0,"max_hp_loss":0.0,"gold_gain":0.0,"event_name":"Scrap Ooze","player_choice":"Success","floor":2.0,"gold_loss":0.0,"damage_taken":12.0,"relics_obtained":["Bronze Scales"]},{"cards_removed":["Strike_B"],"damage_healed":0.0,"max_hp_gain":0.0,"max_hp_loss":0.0,"gold_gain":0.0,"event_name":"Golden Wing","player_choice":"Card Removal","floor":11.0,"gold_loss":0.0,"damage_taken":7.0},{"cards_removed":["Strike_B"],"damage_healed":0.0,"max_hp_gain":0.0,"max_hp_loss":0.0,"gold_gain":0.0,"event_name":"The Cleric","player_choice":"Card Removal","floor":13.0,"gold_loss":50.0,"damage_taken":0.0},{"damage_healed":0.0,"max_hp_gain":0.0,"max_hp_loss":0.0,"gold_gain":0.0,"event_name":"The Mausoleum","player_choice":"Opened","floor":19.0,"gold_loss":0.0,"damage_taken":0.0,"relics_obtained":["Toxic Egg 2"],"cards_obtained":["Writhe"]},{"damage_healed":0.0,"max_hp_gain":0.0,"max_hp_loss":0.0,"gold_gain":0.0,"event_name":"WeMeetAgain","player_choice":"Gave Potion","floor":21.0,"gold_loss":0.0,"damage_taken":0.0,"relics_obtained":["Shuriken"]},{"damage_healed":0,"gold_gain":0,"player_choice":"Paid","damage_taken":0,"relics_obtained":["Red Mask"],"max_hp_gain":0,"max_hp_loss":0,"event_name":"Tomb of Lord Red Mask","floor":36,"gold_loss":152},{"damage_healed":0,"gold_gain":0,"player_choice":"Fight","damage_taken":0,"max_hp_gain":0,"max_hp_loss":0,"event_name":"MindBloom","floor":38,"gold_loss":0}],"is_beta":false,"boss_relics":[{"not_picked":["SacredBark","Empty Cage"],"picked":"Black Star"},{"not_picked":["Inserter","Velvet Choker"],"picked":"Sozu"}],"items_purged_floors":[31,53],"is_endless":false,"potions_floor_spawned":[4,5,6,10,12,24,30,35,38,41,47,48,54],"ascension_level":1}}