{"host":"gk5m6v7zec9neb0j","time":1609172031,"event":{"mods":["AchievementEnabler","AlwaysNeverKeys","BaseMod","BetterRewards","Block Reminder","Minty Spire (QoL Compilation)","Rare Cards Sparkle","Relic Stats","StSLib"],"gold_per_floor":[110,122,134,150,150,150,164,164,164,164,199,10,29,47,47,152,152,172,191,191,207,207,207,207,240,240,240,140,154,154,154,154,251,251,264,274,290,20,38,65,83,111,111,126,153,172,205,225,225,225,225,225,27,52,52],"floor_reached":56,"playtime":2400,"items_purged":["Strike_B","Strike_B","Defend_B","Defend_B"],"score":1718,"play_id":"f4776779-9315-4cf9-ba89-40c6e2ab1502","local_time":"20201228111351","is_ascension_mode":false,"campfire_choices":[{"data":"Defragment","floor":6,"key":"SMITH"},{"data":"Zap","floor":8,"key":"SMITH"},{"data":"Barrage","floor":10,"key":"SMITH"},{"floor":15,"key":"REST"},{"data":"Dualcast","floor":24,"key":"SMITH"},{"data":"Creative AI","floor":27,"key":"SMITH"},{"floor":30,"key":"REST"},{"floor":32,"key":"REST"},{"data":"Defragment","floor":49,"key":"SMITH"},{"data":"Seek","floor":52,"key":"SMITH"}],"circlet_count":0,"master_deck":["Defend_B","Defend_B","Zap+1","Dualcast+1","Defragment+1","Ball Lightning","Coolheaded","Barrage+1","Seek+1","Leap+1","Loop","Biased Cognition","Conserve Battery","Creative AI+1","Leap","Electrodynamics","Conserve Battery","Loop+1","Scrape","Steam Power","Coolheaded","Biased Cognition","Glacier+1","Defragment+1","Self Repair","Turbo","Chill+1","Heatsinks+1","Seek+1","Skim","Redo","Biased Cognition","Heatsinks+1"],"relics":["Cracked Core","Runic Capacitor","Mercury Hourglass","CaptainsWheel","Mummified Hand","Symbiotic Virus","Inserter","PreservedInsect","HornCleat","Blue Candle","Happy Flower","StrikeDummy","War Paint"],"acts_visited":["Exordium","TheCity","TheBeyond","TheEnding"],"potions_floor_usage":[18,33,50,54],"damage_taken":[{"damage":0,"enemies":"Cultist","floor":1,"turns":3},{"damage":3,"enemies":"Small Slimes","floor":2,"turns":3},{"damage":0,"enemies":"2 Louse","floor":3,"turns":3},{"damage":9,"enemies":"Exordium Wildlife","floor":4,"turns":4},{"damage":6,"enemies":"Looter","floor":7,"turns":2},{"damage":32,"enemies":"Gremlin Nob","floor":11,"turns":4},{"damage":6,"enemies":"Blue Slaver","floor":13,"turns":3},{"damage":4,"enemies":"Exordium Wildlife","floor":14,"turns":4},{"damage":0,"enemies":"Hexaghost","floor":16,"turns":8},{"damage":8,"enemies":"2 Thieves","floor":18,"turns":3},{"damage":15,"enemies":"3 Byrds","floor":19,"turns":4},{"damage":10,"enemies":"Sentry and Sphere","floor":21,"turns":5},{"damage":27,"enemies":"Slavers","floor":25,"turns":3},{"damage":23,"enemies":"Cultist and Chosen","floor":29,"turns":5},{"damage":7,"enemies":"Automaton","floor":33,"turns":6},{"damage":2,"enemies":"Orb Walker","floor":35,"turns":6},{"damage":2,"enemies":"3 Shapes","floor":36,"turns":4},{"damage":0,"enemies":"Maw","floor":37,"turns":5},{"damage":4,"enemies":"Jaw Worm Horde","floor":39,"turns":3},{"damage":0,"enemies":"Reptomancer","floor":40,"turns":4},{"damage":0,"enemies":"Transient","floor":41,"turns":5},{"damage":0,"enemies":"Nemesis","floor":42,"turns":3},{"damage":0,"enemies":"Writhing Mass","floor":44,"turns":3},{"damage":0,"enemies":"Reptomancer","floor":45,"turns":3},{"damage":8,"enemies":"Spire Growth","floor":46,"turns":5},{"damage":0,"enemies":"Giant Head","floor":47,"turns":4},{"damage":0,"enemies":"Transient","floor":48,"turns":5},{"damage":6,"enemies":"Time Eater","floor":50,"turns":6},{"damage":0,"enemies":"Shield and Spear","floor":54,"turns":5},{"damage":24,"enemies":"The Heart","floor":55,"turns":10}],"seed_played":"145921810781015408","potions_obtained":[{"floor":11,"key":"FairyPotion"},{"floor":16,"key":"Block Potion"},{"floor":21,"key":"PotionOfCapacity"},{"floor":44,"key":"Regen Potion"},{"floor":45,"key":"Fire Potion"},{"floor":47,"key":"Energy Potion"},{"floor":54,"key":"LiquidBronze"}],"is_trial":false,"path_per_floor":["M","M","M","M","$","R","M","R","T","R","E","$","M","M","R","B",null,"M","M","?","M","?","?","R","E","T","R","$","M","R","?","R","B",null,"M","M","M","$","M","E","M","E","T","M","E","M","E","M","R","B",null,"R","$","E","B",null],"character_chosen":"DEFECT","items_purchased":["Runic Capacitor","Defragment","Biased Cognition","Conserve Battery","Self Repair","Turbo","Swift Potion","SkillPotion"],"campfire_rested":3,"item_purchase_floors":[0,0,12,12,38,38,38,53],"current_hp_per_floor":[66,63,63,54,54,54,48,48,48,48,16,16,10,6,28,28,75,67,52,52,42,42,42,42,15,15,15,15,15,37,21,43,36,75,73,71,71,71,74,74,75,75,75,75,75,67,67,74,74,75,75,75,75,75,58],"gold":52,"neow_bonus":"","is_daily":false,"chose_seed":false,"campfire_upgraded":7,"win_rate":0.0,"timestamp":1609172031,"path_taken":["M","M","?","M","$","R","M","R","T","R","E","$","M","M","R","BOSS","M","M","?","M","?","?","R","E","T","R","$","?","R","?","R","BOSS","M","M","M","$","M","E","M","E","T","M","E","M","E","M","R","BOSS","R","$","E","BOSS"],"items_purchased_type":["Relic","Card","Card","Card","Card","Card","Potion","Potion"],"build_version":"2020-12-22","purchased_purges":4,"victory":true,"max_hp_per_floor":[75,75,75,75,75,75,75,75,75,75,75,75,75,75,75,75,75,75,75,75,75,75,75,75,75,75,75,75,75,75,75,75,75,75,75,75,75,75,75,75,75,75,75,75,75,75,75,75,75,75,75,75,75,75,75],"relic_stats":{"Inserter":[32],"Happy Flower":[11],"counters":[30,131],"Mummified Hand":[191],"Blue Candle":[0],"PreservedInsect":297,"War Paint":["Leap","Seek"],"obtain_stats":[{"Inserter":34,"Happy Flower":45,"Blue Candle":43,"PreservedInsect":40,"Runic Capacitor":0,"War Paint":54,"Mercury Hourglass":9,"CaptainsWheel":11,"HornCleat":42,"Mummified Hand":25,"Cracked Core":0,"Symbiotic Virus":26,"StrikeDummy":47},{"Inserter":15,"Happy Flower":24,"Blue Candle":22,"PreservedInsect":20,"Runic Capacitor":0,"War Paint":29,"Mercury Hourglass":5,"CaptainsWheel":6,"HornCleat":22,"Mummified Hand":13,"Cracked Core":0,"Symbiotic Virus":13,"StrikeDummy":26},{"Inserter":60,"Happy Flower":96,"Blue Candle":90,"PreservedInsect":82,"Runic Capacitor":0,"War Paint":121,"Mercury Hourglass":15,"CaptainsWheel":19,"HornCleat":90,"Mummified Hand":49,"Cracked Core":0,"Symbiotic Virus":49,"StrikeDummy":105}],"Mercury Hourglass":[434]},"card_choices":[{"not_picked":["Turbo","Double Energy"],"picked":"Ball Lightning","floor":1},{"not_picked":["Reinforced Body","Compile Driver"],"picked":"Coolheaded","floor":2},{"not_picked":["Stack","Beam Cell"],"picked":"Barrage","floor":3},{"not_picked":["BootSequence","Sweeping Beam"],"picked":"Seek","floor":4},{"not_picked":["Beam Cell","Hologram"],"picked":"Leap","floor":7},{"not_picked":["Stack","Self Repair"],"picked":"Loop","floor":11},{"not_picked":["Steam Power","BootSequence"],"picked":"Creative AI","floor":13},{"not_picked":["Hello World","Barrage"],"picked":"Leap","floor":14},{"not_picked":["Meteor Strike","All For One"],"picked":"Electrodynamics","floor":16},{"not_picked":["Ball Lightning","Streamline+1"],"picked":"Conserve Battery","floor":18},{"not_picked":["Sweeping Beam","Stack","Compile Driver"],"picked":"SKIP","floor":19},{"not_picked":["Streamline+1","Cold Snap"],"picked":"Loop+1","floor":21},{"not_picked":["Hologram","Gash","Redo+1"],"picked":"SKIP","floor":25},{"not_picked":["Ball Lightning","Aggregate"],"picked":"Coolheaded","floor":29},{"not_picked":["All For One","Electrodynamics"],"picked":"Biased Cognition","floor":33},{"not_picked":["Hello World+1","Hologram+1"],"picked":"Glacier+1","floor":35},{"not_picked":["Sweeping Beam","Stack","Cold Snap"],"picked":"SKIP","floor":36},{"not_picked":["Gash+1","Conserve Battery"],"picked":"Defragment","floor":37},{"not_picked":["Hologram+1","Leap","Conserve Battery"],"picked":"SKIP","floor":39},{"not_picked":["Auto Shields","Streamline"],"picked":"Chill+1","floor":40},{"not_picked":["Stack","Hologram+1"],"picked":"Heatsinks+1","floor":41},{"not_picked":["Barrage+1","Turbo+1"],"picked":"Seek","floor":42},{"not_picked":["Beam Cell","Cold Snap"],"picked":"Skim","floor":44},{"not_picked":["Stack","Coolheaded+1","Recycle+1"],"picked":"SKIP","floor":45},{"not_picked":["Ball Lightning+1","Beam Cell+1"],"picked":"Redo","floor":46},{"not_picked":["Glacier+1","Steam","Compile Driver+1"],"picked":"SKIP","floor":47},{"not_picked":["Undo+1","Hologram+1"],"picked":"Biased Cognition","floor":48},{"not_picked":["Rebound+1","Double Energy+1"],"picked":"Heatsinks+1","floor":54}],"player_experience":725180,"relics_obtained":[{"floor":9,"key":"Mercury Hourglass"},{"floor":11,"key":"CaptainsWheel"},{"floor":25,"key":"Mummified Hand"},{"floor":26,"key":"Symbiotic Virus"},{"floor":40,"key":"PreservedInsect"},{"floor":42,"key":"HornCleat"},{"floor":43,"key":"Blue Candle"},{"floor":45,"key":"Happy Flower"},{"floor":47,"key":"StrikeDummy"},{"floor":54,"key":"War Paint"}],"event_choices":[{"damage_healed":0,"gold_gain":0,"player_choice":"Ignored","damage_taken":0,"max_hp_gain":0,"max_hp_loss":0,"event_name":"The Mausoleum","floor":20,"gold_loss":0},{"damage_healed":0,"gold_gain":0,"cards_transformed":["Strike_B","Strike_B"],"player_choice":"Became Test Subject","damage_taken":0,"max_hp_gain":0,"max_hp_loss":0,"event_name":"Drug Dealer","floor":22,"gold_loss":0,"cards_obtained":["Scrape","Steam Power"]},{"damage_healed":0,"gold_gain":0,"player_choice":"Ignored","damage_taken":0,"max_hp_gain":0,"max_hp_loss":0,"event_name":"Vampires","floor":23,"gold_loss":0},{"damage_healed":0,"gold_gain":0,"player_choice":"Obtained Book","damage_taken":16,"max_hp_gain":0,"max_hp_loss":0,"event_name":"Cursed Tome","floor":31,"gold_loss":0}],"is_beta":false,"boss_relics":[{"not_picked":["Fusion Hammer","Velvet Choker","Astrolabe"]},{"not_picked":["Black Star","Coffee Dripper"],"picked":"Inserter"}],"items_purged_floors":[0,28,38,53],"is_endless":false,"potions_floor_spawned":[1,4,11,16,21,29,35,39,44,45,47,48,54],"ascension_level":0}}