{"host":"KYO","time":1609160427,"event":{"mods":["BaseMod","BetterRewards","Minty Spire (QoL Compilation)","Remove Card Discount Mod","Shop Mod","StSLib","SuperFastMode","[IsaacMod]ÒÔÈö¼âËþ","noobMod"],"gold_per_floor":[114,114,114,137,222,222,222,260,260,296,321,321,392,528,528,621,654,667,667,850,850,863,906,906,972,1051,1075,1109,1288,1311,1355,1355,1446,1471,1487,1487,1787,1810,1824,1824,1858,1882,1882,1897,1933,1933,1973,1998,1998,1998,1998,1998,2062,2097,2097],"floor_reached":56,"playtime":2092,"items_purged":["Strike_P","Defend_P","Strike_P","Defend_P","Strike_P","Defend_P","Defend_P","EpicFetus","Vigilance","Strike_P","Weave","Eruption+1","Parasite","LessonLearned+1"],"score":3448,"play_id":"842026c6-0465-4527-8f20-acba8c8bbdbc","local_time":"20201228210027","is_ascension_mode":true,"campfire_choices":[{"floor":6.0,"key":"REST"},{"floor":15,"key":"REST"},{"floor":32,"key":"RECALL"},{"floor":40,"key":"REST"},{"floor":46,"key":"REST"},{"floor":49,"key":"REST"},{"floor":52,"key":"REST"}],"circlet_count":0,"master_deck":["AscendersBane","JustLucky+1","Prostrate+1"],"relics":["HushsDoor","ice","DoctorsRemote","NineVolt","MerchantsRug","Ornamental Fan","Bag of Marbles","TheAbacus","Unceasing Top","ClockworkSouvenir","D6","PreservedInsect","SteamSale","Void","Golden Idol","Membership Card","GuppysTail","GuppysPaw","Singing Bowl","DeathBook","Vajra","Blue Candle","TheBean","GuppysCollar","Pen Nib","AnarchistCookbook","Strange Spoon","BookOfRevelations","Centennial Puzzle","Art of War"],"acts_visited":["Exordium","TheCity","TheBeyond","TheEnding"],"potions_floor_usage":[53,55,55,55,55,55,55,55],"damage_taken":[{"damage":0.0,"enemies":"Jaw Worm","floor":1.0,"turns":1.0},{"damage":0.0,"enemies":"2 Louse","floor":4.0,"turns":1.0},{"damage":0.0,"enemies":"Lagavulin","floor":8.0,"turns":1.0},{"damage":0.0,"enemies":"Gremlin Nob","floor":10.0,"turns":1.0},{"damage":0.0,"enemies":"Small Slimes","floor":11.0,"turns":1.0},{"damage":0.0,"enemies":"Lagavulin Event","floor":13.0,"turns":1.0},{"damage":0,"enemies":"3 Sentries","floor":14,"turns":1},{"damage":0,"enemies":"The Guardian","floor":16,"turns":2},{"damage":0,"enemies":"Chosen","floor":18,"turns":1},{"damage":1,"enemies":"Shell Parasite","floor":22,"turns":1},{"damage":1,"enemies":"Gremlin Leader","floor":23,"turns":1},{"damage":1,"enemies":"Chosen and Byrds","floor":27,"turns":1},{"damage":1,"enemies":"Book of Stabbing","floor":28,"turns":1},{"damage":0,"enemies":"Snake Plant","floor":30,"turns":1},{"damage":0,"enemies":"Slavers","floor":31,"turns":1},{"damage":1,"enemies":"Automaton","floor":33,"turns":2},{"damage":0,"enemies":"3 Darklings","floor":35,"turns":1},{"damage":0,"enemies":"Orb Walker","floor":38,"turns":1},{"damage":0,"enemies":"Writhing Mass","floor":39,"turns":2},{"damage":1,"enemies":"Giant Head","floor":41,"turns":2},{"damage":0,"enemies":"3 Darklings","floor":42,"turns":1},{"damage":0,"enemies":"Spire Growth","floor":44,"turns":1},{"damage":0,"enemies":"Nemesis","floor":45,"turns":1},{"damage":2,"enemies":"Reptomancer","floor":47,"turns":1},{"damage":2,"enemies":"Writhing Mass","floor":48,"turns":1},{"damage":2,"enemies":"Awakened One","floor":50,"turns":2},{"damage":0,"enemies":"Shield and Spear","floor":54,"turns":1},{"damage":0,"enemies":"The Heart","floor":55,"turns":4}],"seed_played":"-3462831980599126494","potions_obtained":[{"floor":1.0,"key":"GamblersBrew"},{"floor":8.0,"key":"SkillPotion"},{"floor":11.0,"key":"Energy Potion"},{"floor":22,"key":"Strength Potion"},{"floor":27,"key":"Block Potion"},{"floor":29,"key":"Weak Potion"},{"floor":29,"key":"StancePotion"},{"floor":29,"key":"SteroidPotion"},{"floor":29,"key":"LiquidBronze"},{"floor":29,"key":"Ambrosia"},{"floor":30,"key":"LiquidMemories"},{"floor":35,"key":"EntropicBrew"},{"floor":42,"key":"AttackPotion"},{"floor":47,"key":"Block Potion"},{"floor":48,"key":"SpeedPotion"}],"is_trial":false,"path_per_floor":["M","?","?","M","$","R","?","E","T","E","M","?","?","E","R","B",null,"M","?","$","?","M","E","?","$","T","M","E","$","M","E","R","B",null,"M","?","?","M","M","R","E","M","T","M","E","R","E","M","R","B",null,"R","$","E","B",null],"character_chosen":"WATCHER","items_purchased":["Potion Belt","NineVolt","MerchantsRug","Ornamental Fan","Bag of Marbles","TheAbacus","Unceasing Top","Strawberry","ClockworkSouvenir","SalivaCoin","D6","PreservedInsect","SteamSale","Void","Membership Card","GuppysTail","BloodDonationMachine","DeathBook","OrangePellets","Vajra","Regal Pillow","Blue Candle","Frozen Egg 2","Dexterity Potion","Dexterity Potion","SneckoOil","TheBean","Toy Ornithopter","Orrery","LiquidBronze","StancePotion","AttackPotion","Mercury Hourglass","MealTicket","Cauldron","Dexterity Potion","SkillPotion","SpeedPotion","GuppysCollar","Pear","AnarchistCookbook","Strange Spoon","Fruit Juice","Ambrosia","PowerPotion","BookOfRevelations","Centennial Puzzle","Chemical X","Strength Potion"],"campfire_rested":6,"item_purchase_floors":[0,0,0,0,0,0,0,0,0,0,0,0,0,0,5,5,5,17,20,20,20,20,20,20,20,20,25,25,25,25,25,25,29,29,29,29,29,29,34,53,53,53,53,53,53,53,53,53,53],"current_hp_per_floor":[72,53,53,53,38,61,61,61,61,61,61,61,61,50,74,74,71,73,73,61,61,62,63,63,73,73,74,75,75,77,79,79,80,88,90,88,88,90,92,92,93,95,109,111,113,114,114,114,118,116,118,118,130,132,132],"gold":2097,"neow_bonus":"","is_daily":false,"chose_seed":false,"campfire_upgraded":0,"win_rate":0.0,"timestamp":1609160427,"path_taken":["M","?","?","M","?","R","?","E","T","E","?","?","?","E","R","BOSS","M","?","$","?","M","E","?","?","T","?","E","$","M","E","R","BOSS","M","?","?","M","M","R","E","?","T","M","E","R","E","M","R","BOSS","R","$","E","BOSS"],"items_purchased_type":["Relic","Relic","Relic","Relic","Relic","Relic","Relic","Relic","Relic","Relic","Relic","Relic","Relic","Card","Relic","Relic","Relic","Relic","Relic","Relic","Relic","Relic","Relic","Potion","Potion","Potion","Relic","Relic","Relic","Potion","Potion","Potion","Relic","Relic","Relic","Potion","Potion","Potion","Relic","Relic","Relic","Relic","Potion","Potion","Potion","Relic","Relic","Relic","Potion"],"build_version":"2020-12-18","purchased_purges":14,"victory":true,"max_hp_per_floor":[79,79,79,79,79,79,79,79,79,79,79,79,79,81,81,81,71,73,73,80,80,82,84,84,94,94,96,98,98,100,102,102,104,91,93,88,88,90,92,92,94,96,110,112,114,114,116,118,118,118,118,118,130,132,132],"card_choices":[{"not_picked":[],"picked":"EpicFetus","floor":0.0},{"not_picked":["Wallop","Evaluate","CrushJoints"],"picked":"SKIP","floor":1.0},{"not_picked":["Crescendo","Tantrum","FollowUp"],"picked":"SKIP","floor":4.0},{"not_picked":["Worship","Crescendo","Vengeance"],"picked":"SKIP","floor":8.0},{"not_picked":["TalkToTheHand","EmptyFist","Crescendo"],"picked":"JustLucky","floor":10.0},{"not_picked":["Establishment","ClearTheMind","ThirdEye"],"picked":"Weave","floor":11.0},{"not_picked":["Swivel","Halt","EmptyFist","SashWhip"],"picked":"Singing Bowl","floor":14},{"not_picked":["EmptyBody","CutThroughFate","CrushJoints"],"picked":"Prostrate","floor":15},{"not_picked":["DevaForm","Brilliance","Blasphemy"],"picked":"LessonLearned","floor":16},{"not_picked":["Conclude","Crescendo","WreathOfFlame","Consecrate"],"picked":"Singing Bowl","floor":18},{"not_picked":["CrushJoints","SashWhip+1","Weave","PathToVictory"],"picked":"Singing Bowl","floor":22},{"not_picked":["Protect","BowlingBash+1","Meditate","Judgement"],"picked":"Singing Bowl","floor":23},{"not_picked":["Pray","EmptyFist","Halt+1","Devotion+1"],"picked":"Singing Bowl","floor":25},{"not_picked":["Fasting2+1","Halt","Sanctity","Perseverance"],"picked":"Singing Bowl","floor":25},{"not_picked":["JustLucky","Pray","PathToVictory","Adaptation+1"],"picked":"Singing Bowl","floor":25},{"not_picked":["EmptyFist+1","MasterReality+1","Meditate","Adaptation+1"],"picked":"Singing Bowl","floor":25},{"not_picked":["EmptyFist","SashWhip+1","EmptyBody","CrushJoints"],"picked":"Singing Bowl","floor":25},{"not_picked":["CrushJoints","Blasphemy","PathToVictory","CutThroughFate"],"picked":"Singing Bowl","floor":27},{"not_picked":["FlurryOfBlows","Halt","Adaptation+1","Swivel"],"picked":"Singing Bowl","floor":28},{"not_picked":["FollowUp","CutThroughFate","EmptyBody","Vengeance"],"picked":"Singing Bowl","floor":30},{"not_picked":["SashWhip","Vengeance","Pray+1"],"picked":"Singing Bowl","floor":31},{"not_picked":["Omniscience","Ragnarok","Alpha"],"picked":"Singing Bowl","floor":33},{"not_picked":["FollowUp","Consecrate+1","Protect+1"],"picked":"Singing Bowl","floor":35},{"not_picked":["Crescendo+1","Prostrate","Vengeance+1"],"picked":"Singing Bowl","floor":38},{"not_picked":["Study","SashWhip+1","CutThroughFate"],"picked":"Singing Bowl","floor":39},{"not_picked":["WindmillStrike","Vault","Crescendo"],"picked":"Singing Bowl","floor":41},{"not_picked":["Consecrate","WreathOfFlame","PathToVictory"],"picked":"Singing Bowl","floor":42},{"not_picked":["PathToVictory","Vengeance+1","CrushJoints"],"picked":"Singing Bowl","floor":44},{"not_picked":["Halt","Collect","Conclude"],"picked":"Singing Bowl","floor":45},{"not_picked":["JustLucky+1","SpiritShield","PathToVictory"],"picked":"Singing Bowl","floor":47},{"not_picked":["FlyingSleeves","EmptyFist+1","Perseverance"],"picked":"Singing Bowl","floor":48},{"not_picked":["CutThroughFate","Crescendo+1","ThirdEye"],"picked":"Singing Bowl","floor":54}],"player_experience":562918,"relics_obtained":[{"floor":8.0,"key":"Question Card"},{"floor":10.0,"key":"Dream Catcher"},{"floor":13.0,"key":"GuppysPaw"},{"floor":14,"key":"Singing Bowl"},{"floor":23,"key":"Lantern"},{"floor":26,"key":"Bottled Flame"},{"floor":28,"key":"HowToJump"},{"floor":31,"key":"CeramicFish"},{"floor":41,"key":"TeardropLocket"},{"floor":43,"key":"Mango"},{"floor":45,"key":"Eternal Feather"},{"floor":47,"key":"Pen Nib"},{"floor":54,"key":"Art of War"}],"event_choices":[{"damage_healed":0.0,"max_hp_gain":0.0,"max_hp_loss":0.0,"gold_gain":0.0,"event_name":"Golden Idol","player_choice":"Take Damage","floor":2.0,"gold_loss":0.0,"damage_taken":19.0,"relics_obtained":["Golden Idol"]},{"damage_healed":0.0,"max_hp_gain":0.0,"max_hp_loss":0.0,"gold_gain":0.0,"event_name":"Living Wall","player_choice":"Grow","floor":3.0,"gold_loss":0.0,"damage_taken":0.0,"cards_upgraded":["Eruption"]},{"damage_healed":0.0,"max_hp_gain":0.0,"max_hp_loss":0.0,"gold_gain":0.0,"event_name":"Shining Light","player_choice":"Ignored","floor":7.0,"gold_loss":0.0,"damage_taken":0.0},{"damage_healed":0.0,"max_hp_gain":0.0,"max_hp_loss":0.0,"gold_gain":0.0,"event_name":"Golden Wing","player_choice":"Ignored","floor":12.0,"gold_loss":0.0,"damage_taken":0.0},{"damage_healed":0.0,"max_hp_gain":0.0,"max_hp_loss":0.0,"gold_gain":0.0,"event_name":"Dead Adventurer","player_choice":"Searched \u00272\u0027 times","floor":13.0,"gold_loss":0.0,"damage_taken":0.0},{"damage_healed":0,"gold_gain":0,"player_choice":"Ignored","damage_taken":0,"max_hp_gain":0,"max_hp_loss":0,"event_name":"Beggar","floor":19,"gold_loss":0},{"damage_healed":0,"gold_gain":0,"player_choice":"Opened","damage_taken":0,"relics_obtained":["Yang"],"max_hp_gain":0,"max_hp_loss":0,"event_name":"The Mausoleum","floor":21,"gold_loss":0},{"damage_healed":0,"gold_gain":0,"player_choice":"Ignored","damage_taken":0,"max_hp_gain":0,"max_hp_loss":0,"event_name":"Vampires","floor":24,"gold_loss":0},{"damage_healed":0,"gold_gain":0,"player_choice":"Max HP","damage_taken":0,"max_hp_gain":0,"max_hp_loss":5,"event_name":"Winding Halls","floor":36,"gold_loss":0}],"is_beta":true,"boss_relics":[{"not_picked":["Fusion Hammer","Coffee Dripper"],"picked":"SlaversCollar"},{"not_picked":[]},{"not_picked":["Pandora\u0027s Box","Astrolabe"],"picked":"Runic Pyramid"},{"not_picked":[]}],"items_purged_floors":[0,0,0,0,0,0,0,0,0,5,20,53,53,53],"is_endless":false,"potions_floor_spawned":[1,8,11,22,27,30,35,42,47,48,54],"ascension_level":13}}