{"host":"151yr9p79rpn1su6","time":1609126821,"event":{"mods":["BaseMod","Colored Map","Downfall","Minty Spire (QoL Compilation)","Replay The Spire","StSLib"],"gold_per_floor":[0,14,34,45,45,30,30,45,45,71,71,86,11,27,42,142,142,67,67,82,94,110,135,203,219,230,230,330,346,346,346,357,459,459,459,477,477,524,524,256,305,305,305,305,305],"floor_reached":43,"playtime":2810,"items_purged":["Slimebound:Defend_Slimebound"],"score":450,"play_id":"6d50f69c-b3ad-4582-94b3-35445aa82c9b","local_time":"20201227224021","is_ascension_mode":false,"campfire_choices":[{"data":"Slimebound:Recycling","floor":1.0,"key":"SMITH"},{"data":"Slimebound:Split","floor":9.0,"key":"SMITH"},{"data":"Slimebound:DisruptingSlam","floor":11.0,"key":"SMITH"},{"floor":13.0,"key":"RECALL"},{"data":"Slimebound:SelfFormingGoo","floor":18.0,"key":"SMITH"},{"data":"Slimebound:SlimeSpikes","floor":30.0,"key":"SMITH"},{"data":"Slimebound:SelfFormingGoo","floor":35.0,"key":"SMITH"}],"circlet_count":0,"master_deck":["Slimebound:Tackle","Slimebound:Defend_Slimebound","Slimebound:Defend_Slimebound","Slimebound:Split+1","Slimebound:CorrosiveSpit","Slimebound:Recycling+1","Slimebound:SlimeSpikes+1","Slimebound:MassRepurpose+1","Slimebound:DisruptingSlam+1","Slimebound:SelfFormingGoo+1","Slimebound:SlimeSpikes","Slimebound:Grow","Slimebound:RollThrough","Slimebound:AcidTongue","Slimebound:SelfFormingGoo+1","Slimebound:Grow+1","Slimebound:FirmFortitude"],"relics":["Slimebound:AbsorbEndCombat","Replay:Ringing Soul","Eternal Feather","downfall:HeartBlessingGreen","downfall:HeartBlessingRed","Bag of Marbles","Sundial","Philosopher\u0027s Stone","Shovel","Bronze Scales"],"acts_visited":["Exordium","TheCity","TheBeyond"],"potions_floor_usage":[43],"damage_taken":[{"damage":12.0,"enemies":"2 Louse","floor":2.0,"turns":4.0},{"damage":27.0,"enemies":"Jaw Worm","floor":3.0,"turns":5.0},{"damage":16.0,"enemies":"Cultist","floor":4.0,"turns":5.0},{"damage":14.0,"enemies":"downfall:FleeingMerchant","floor":6.0,"turns":4.0},{"damage":40.0,"enemies":"Gremlin Gang","floor":8.0,"turns":4.0},{"damage":52.0,"enemies":"Lagavulin","floor":10.0,"turns":6.0},{"damage":40.0,"enemies":"Large Slime","floor":12.0,"turns":4.0},{"damage":12.0,"enemies":"2 Fungi Beasts","floor":14.0,"turns":3.0},{"damage":3.0,"enemies":"Exordium Wildlife","floor":15.0,"turns":2.0},{"damage":88.0,"enemies":"downfall:Silent","floor":16.0,"turns":9.0},{"damage":38.0,"enemies":"Spheric Guardian","floor":20.0,"turns":6.0},{"damage":45.0,"enemies":"3 Byrds","floor":21.0,"turns":5.0},{"damage":39.0,"enemies":"Snake Plant","floor":22.0,"turns":4.0},{"damage":60.0,"enemies":"Replay:Snechameleon","floor":23.0,"turns":8.0},{"damage":68.0,"enemies":"Sentry and Sphere","floor":25.0,"turns":7.0},{"damage":45.0,"enemies":"Snecko","floor":26.0,"turns":6.0},{"damage":68.0,"enemies":"Centurion and Healer","floor":29.0,"turns":7.0},{"damage":48.0,"enemies":"3 Cultists","floor":32.0,"turns":5.0},{"damage":114.0,"enemies":"downfall:Ironclad","floor":33.0,"turns":9.0},{"damage":49.0,"enemies":"3 Darklings","floor":36.0,"turns":5.0},{"damage":123.0,"enemies":"2 Orb Walkers","floor":38.0,"turns":6.0},{"damage":40,"enemies":"downfall:FleeingMerchant","floor":40,"turns":4},{"damage":14,"enemies":"Reptomancer","floor":43,"turns":2}],"seed_played":"6943806573817524190","potions_obtained":[{"floor":3.0,"key":"LifebloodPotion"},{"floor":8.0,"key":"Death Potion"},{"floor":10.0,"key":"Fire Potion"},{"floor":15.0,"key":"Regen Potion"},{"floor":20.0,"key":"Weak Potion"},{"floor":23.0,"key":"BlessingOfTheForge"},{"floor":29.0,"key":"Elixir"},{"floor":33.0,"key":"Dexterity Potion"}],"is_trial":false,"path_per_floor":["R","M","M","M","?","$","T","M","R","E","R","M","R","M","M","B",null,"R","?","M","M","M","E","T","M","M","?","?","M","R","?","M","B",null,"R","M","?","?","?","$","T","?","E"],"character_chosen":"SLIMEBOUND","items_purchased":["Slimebound:FirmFortitude","Bronze Scales"],"campfire_rested":0,"item_purchase_floors":[40,40],"current_hp_per_floor":[60,60,60,60,60,60,60,59,59,51,57,63,63,63,66,66,66,66,69,67,54,55,55,55,66,72,75,75,71,75,75,75,65,78,78,73,73,17,17,20,20,20,6,6,6],"gold":305,"neow_bonus":"THREE_RARE_CARDS","is_daily":false,"chose_seed":true,"campfire_upgraded":6,"win_rate":0.0,"timestamp":1609126821,"path_taken":["R","M","M","M","?","$","T","M","R","E","R","M","R","M","M","BOSS","R","?","?","M","?","E","T","M","M","?","?","M","R","?","M","BOSS","R","M","?","?","?","$","T","?","E"],"items_purchased_type":["Card","Relic"],"build_version":"2020-12-22","purchased_purges":1,"victory":false,"max_hp_per_floor":[60,60,60,60,60,60,60,63,63,63,63,63,63,63,66,66,66,66,69,69,69,69,69,69,72,72,75,75,75,75,75,75,78,78,78,78,78,81,81,84,84,84,84,84,84],"card_choices":[{"not_picked":["Slimebound:SelfFormingGoo","Slimebound:RallyTheTroops"],"picked":"Slimebound:Recycling","floor":0.0},{"not_picked":["Slimebound:SplitAcid","Slimebound:ServeAndProtect"],"picked":"Slimebound:SlimeSpikes","floor":2.0},{"not_picked":["Slimebound:GoopSpray","Slimebound:SpikyOuterGoop","Slimebound:DisruptingSlam"],"picked":"SKIP","floor":3.0},{"not_picked":["Slimebound:SpikyOuterGoop","Slimebound:Schlurp"],"picked":"Slimebound:PressTheAttack","floor":4.0},{"not_picked":["Slimebound:ServeAndProtect","Slimebound:WasteNot","Slimebound:SlimeBrawl"],"picked":"SKIP","floor":6.0},{"not_picked":["Slimebound:ServeAndProtect","Slimebound:RollThrough"],"picked":"Slimebound:DisruptingSlam","floor":8.0},{"not_picked":["Slimebound:LeechEnergy","Slimebound:ServeAndProtect","Slimebound:SplitMire"],"picked":"SKIP","floor":10.0},{"not_picked":["Slimebound:GoopSpray","Slimebound:Recollect","Slimebound:SamplingLick"],"picked":"SKIP","floor":12.0},{"not_picked":["Slimebound:ComboTackle","Slimebound:GrowthPunch","Slimebound:ViciousTackle"],"picked":"SKIP","floor":14.0},{"not_picked":["Slimebound:LeadByExample","Slimebound:MegaLick"],"picked":"Slimebound:SelfFormingGoo","floor":15.0},{"not_picked":["Slimebound:SlimeSpikes","Slimebound:HauntingLick","Slimebound:SplitLeeching"],"picked":"SKIP","floor":20.0},{"not_picked":["Slimebound:ComboTackle","Slimebound:GrowthPunch","Slimebound:SamplingLick"],"picked":"SKIP","floor":21.0},{"not_picked":["Slimebound:Prepare","Slimebound:ServeAndProtect","Slimebound:FinishingTackle"],"picked":"SKIP","floor":22.0},{"not_picked":["Slimebound:SamplingLick","Slimebound:PressTheAttack","Slimebound:ComboTackle+1"],"picked":"SKIP","floor":23.0},{"not_picked":["Slimebound:ServeAndProtect+1","Slimebound:FinishingTackle"],"picked":"Slimebound:Grow","floor":25.0},{"not_picked":["Slimebound:SplitMire","Slimebound:SplitLeeching+1","Slimebound:ItLooksTasty"],"picked":"SKIP","floor":26.0},{"not_picked":["Slimebound:GrowthPunch+1","Slimebound:ComboTackle+1","Slimebound:RollThrough"],"picked":"SKIP","floor":29.0},{"not_picked":["Slimebound:ComboTackle","Slimebound:SplitBruiser","Slimebound:ForwardTackle"],"picked":"SKIP","floor":32.0},{"not_picked":["Slimebound:OneTwoCombo","Slimebound:SlimeSlap"],"picked":"Slimebound:SelfFormingGoo","floor":33.0},{"not_picked":["Slimebound:SpikyOuterGoop","Slimebound:LeechingTouch+1","Slimebound:MegaLick"],"picked":"SKIP","floor":36.0},{"not_picked":["Slimebound:FinishingTackle+1","Slimebound:RainOfGoop"],"picked":"Slimebound:Grow+1","floor":38},{"not_picked":["Slimebound:ProtectTheBoss","Slimebound:FinishingTackle+1","Slimebound:GoopSpray+1"],"picked":"SKIP","floor":40}],"player_experience":1056525,"relics_obtained":[{"floor":7.0,"key":"Replay:Ringing Soul"},{"floor":10.0,"key":"Eternal Feather"},{"floor":23.0,"key":"Bag of Marbles"},{"floor":24.0,"key":"Sundial"},{"floor":38,"key":"Shovel"}],"event_choices":[{"damage_healed":0.0,"max_hp_gain":0.0,"max_hp_loss":0.0,"gold_gain":0.0,"cards_transformed":["Slimebound:Strike_Slimebound"],"event_name":"Transmorgrifier","player_choice":"Transformed","floor":19.0,"gold_loss":0.0,"damage_taken":0.0,"cards_obtained":["Slimebound:SlimeSpikes"]},{"damage_healed":0.0,"max_hp_gain":0.0,"max_hp_loss":0.0,"gold_gain":0.0,"cards_transformed":["Slimebound:Strike_Slimebound","Slimebound:Strike_Slimebound"],"event_name":"Drug Dealer","player_choice":"Became Test Subject","floor":27.0,"gold_loss":0.0,"damage_taken":0.0,"cards_obtained":["Slimebound:RollThrough","Slimebound:AcidTongue"]},{"damage_healed":0.0,"max_hp_gain":0.0,"max_hp_loss":0.0,"gold_gain":0.0,"event_name":"Mysterious Sphere","player_choice":"Fight","floor":38.0,"gold_loss":0.0,"damage_taken":0.0},{"cards_removed":["Slimebound:PressTheAttack"],"damage_healed":0,"gold_gain":0,"player_choice":"Purged","damage_taken":0,"max_hp_gain":0,"max_hp_loss":0,"event_name":"Purifier","floor":42,"gold_loss":0}],"is_beta":false,"boss_relics":[{"not_picked":["Replay:Ancient Bell","Runic Pyramid","Ring of Chaos"]},{"not_picked":["Calling Bell","Runic Dome"],"picked":"Philosopher\u0027s Stone"}],"items_purged_floors":[40],"is_endless":false,"potions_floor_spawned":[3,8,10,15,20,22,23,29,33],"killed_by":"Reptomancer","ascension_level":0}}