{"host":"wgmbtq7u7cgqo6r7","time":1609139110,"event":{"mods":["BaseMod","Minty Spire (QoL Compilation)","Rare Cards Sparkle","StSLib","The Disciple","everything is the same but u backflip on backflip"],"gold_per_floor":[119,132,142,142,142,172,172,204,204,204,204,222,78,96,96,195,195,214,139,139,139,159,159,159,178,203,216,216,228,228,228],"floor_reached":30,"playtime":1632,"items_purged":["Defend_Br"],"score":254,"play_id":"613d4369-cdc9-437b-aab5-8774553f80d4","local_time":"20201228020510","is_ascension_mode":true,"campfire_choices":[{"floor":7,"key":"REST"},{"floor":10,"key":"RECALL"},{"floor":15,"key":"REST"},{"floor":24,"key":"REST"},{"floor":28,"key":"REST"}],"circlet_count":0,"master_deck":["Strike_Br","Strike_Br","Defend_Br","Defend_Br","SecondHand","PatternShift+1","TickedOff","ReapSow","Accruing","Keepsakes","LockedOrichalcum","Echonomics","LockedThread","RageCommand","HandsUpB+1","Fragmentalize","TiringSlam","Accruing+1","MasterKey","WatchCommand"],"relics":["Chronometer","NeowsBlessing","Strawberry","Mercury Hourglass","Black Star","Vajra","Nunchaku"],"acts_visited":["Exordium","TheCity"],"potions_floor_usage":[8,16,21,29],"damage_taken":[{"damage":0,"enemies":"Small Slimes","floor":1,"turns":1},{"damage":0,"enemies":"2 Louse","floor":2,"turns":1},{"damage":0,"enemies":"Jaw Worm","floor":3,"turns":1},{"damage":20,"enemies":"3 Sentries","floor":6,"turns":11},{"damage":11,"enemies":"Gremlin Nob","floor":8,"turns":4},{"damage":6,"enemies":"Looter","floor":12,"turns":3},{"damage":5,"enemies":"3 Louse","floor":14,"turns":3},{"damage":7,"enemies":"Slime Boss","floor":16,"turns":11},{"damage":29,"enemies":"Shell Parasite","floor":18,"turns":10},{"damage":0,"enemies":"2 Thieves","floor":21,"turns":1},{"damage":48,"enemies":"3 Cultists","floor":22,"turns":5},{"damage":19,"enemies":"Snecko","floor":25,"turns":6},{"damage":16,"enemies":"Snake Plant","floor":27,"turns":5},{"damage":25,"enemies":"Shelled Parasite and Fungi","floor":29,"turns":5},{"damage":10,"enemies":"Cultist and Chosen","floor":30,"turns":1}],"seed_played":"-7541503678283977988","potions_obtained":[{"floor":1,"key":"FairyPotion"},{"floor":2,"key":"BlessingOfTheForge"},{"floor":12,"key":"PowerPotion"},{"floor":18,"key":"SmokeBomb"},{"floor":22,"key":"SteroidPotion"},{"floor":25,"key":"Energy Potion"},{"floor":27,"key":"Fire Potion"}],"is_trial":false,"path_per_floor":["M","M","M","?","?","E","R","E","T","R","$","M","$","M","R","B",null,"M","?","?","M","M","?","R","M","T","M","R","M","M"],"character_chosen":"CHRONO_CLASS","items_purchased":["Echonomics"],"campfire_rested":4,"item_purchase_floors":[13],"current_hp_per_floor":[65,65,65,70,56,43,66,55,55,55,55,49,49,44,67,60,77,48,48,48,48,23,23,46,27,27,11,34,9,0,0],"gold":228,"neow_bonus":"THREE_ENEMY_KILL","is_daily":false,"chose_seed":false,"campfire_upgraded":0,"win_rate":0.0,"timestamp":1609139110,"path_taken":["M","M","M","?","?","E","R","E","T","R","?","M","$","M","R","BOSS","M","?","?","M","M","?","R","M","T","M","R","M","M"],"items_purchased_type":["Card"],"build_version":"2020-12-22","purchased_purges":1,"victory":false,"max_hp_per_floor":[65,65,65,70,70,77,77,77,77,77,77,77,77,77,77,77,77,77,77,77,77,77,77,77,77,77,77,77,77,77,77],"card_choices":[{"not_picked":["Recurrance","HandsUpB"],"picked":"TickedOff","floor":1},{"not_picked":["BeatsPerMinute","TickedOff"],"picked":"ReapSow","floor":2},{"not_picked":["HandsUpB","LockedWhetstone"],"picked":"Accruing","floor":3},{"not_picked":["LockedAnchor","HandsUpB"],"picked":"Keepsakes","floor":6},{"not_picked":["Parity","LockedMercury"],"picked":"LockedOrichalcum","floor":8},{"not_picked":["LockedAnchor","BiteCommand","LockedMedicine"],"picked":"SKIP","floor":12},{"not_picked":["LockedMawBank","LockedScales"],"picked":"LockedThread","floor":14},{"not_picked":["Fragmentalize","LockedBell"],"picked":"RageCommand","floor":16},{"not_picked":["ReapSow","Engulf"],"picked":"HandsUpB+1","floor":18},{"not_picked":["LockedUrn","HandsUpB","Keepsakes"],"picked":"SKIP","floor":22},{"not_picked":["WindUp","LockedAnchor"],"picked":"Accruing+1","floor":25},{"not_picked":["LockedMedicine","LockedMawBank"],"picked":"MasterKey","floor":27},{"not_picked":["Echoward","FormalWear"],"picked":"WatchCommand","floor":29}],"player_experience":140018,"relics_obtained":[{"floor":6,"key":"Strawberry"},{"floor":8,"key":"Mercury Hourglass"},{"floor":26,"key":"Nunchaku"}],"event_choices":[{"damage_healed":0,"gold_gain":0,"player_choice":"Donut","damage_taken":0,"max_hp_gain":5,"max_hp_loss":0,"event_name":"Big Fish","floor":4,"gold_loss":0},{"damage_healed":0,"gold_gain":0,"player_choice":"Entered Light","damage_taken":14,"max_hp_gain":0,"max_hp_loss":0,"event_name":"Shining Light","floor":5,"gold_loss":0,"cards_upgraded":["Defend_Br","PatternShift"]},{"cards_removed":["Strike_Br"],"damage_healed":0,"gold_gain":0,"player_choice":"Gave Gold","damage_taken":0,"max_hp_gain":0,"max_hp_loss":0,"event_name":"Beggar","floor":19,"gold_loss":75},{"damage_healed":0,"gold_gain":0,"cards_transformed":["Strike_Br","Defend_Br"],"player_choice":"Became Test Subject","damage_taken":0,"max_hp_gain":0,"max_hp_loss":0,"event_name":"Drug Dealer","floor":20,"gold_loss":0,"cards_obtained":["Fragmentalize","TiringSlam"]},{"damage_healed":0,"gold_gain":0,"player_choice":"Opened","damage_taken":0,"relics_obtained":["Vajra"],"max_hp_gain":0,"max_hp_loss":0,"event_name":"The Mausoleum","floor":23,"gold_loss":0}],"is_beta":false,"boss_relics":[{"not_picked":["Ectoplasm","Coffee Dripper"],"picked":"Black Star"}],"items_purged_floors":[13],"is_endless":false,"potions_floor_spawned":[1,2,12,18,22,25,27],"killed_by":"Cultist and Chosen","ascension_level":1}}