{"host":"iy58fyt9wsbv4cf1","time":1609169833,"event":{"mods":["BaseMod","Better Altar","Better Match","Better Skull","Better Third Choice","BetterRewards","Conspire","Custom Start","Defuse TimeMaze Blight","Hubris","Infinite Spire","Minty Spire (QoL Compilation)","Permanent Neow","Quick Restart","Spicy Shops","StSLib"],"gold_per_floor":[114,114,114,114,114,148,87,100,100,117,135,135,151,151,151,251,251,267,277,277,277,290,290,290,315,315,349,349,369,919,938,938,1035,1035,1051,760,760,760,760,785,685,700,700,700,735,469,498,515,515,610,610,619,619,619,619,619,619,645,661,684,709,720,720,740,740,740,830,830,840,840,840,840,719,719,774,774,800,800,807,807,828,838,838,928,978,984,995,995,995,1003,1003,1330,1330,1330,1354,1362,1362,1365,1389,1389,1478,1478,1490,1502,1502,1502,1502,1539,1539,1552,1552,1570,1570,1585,1622,1649,1661,1797,1809,1830,1842,1866,1878,1890,1933,1945,1976,1988,2000,2012,2024,2036,2075,2087,2213,2225,2255,2286,2298,2341,2383,2418,2430,2468,2488,2530,2542,2668,2680,2692,2478,2499,2602],"floor_reached":158,"playtime":2685,"items_purged":["Strike_R","Strike_R","Strike_R","Strike_R","Strike_R","Dropkick","Bash","Defend_R","Defend_R","Defend_R","Flame Barrier"],"score":5931,"play_id":"e56fa00e-10d6-4de9-92ed-75b44e476667","local_time":"20201228103713","is_ascension_mode":true,"campfire_choices":[{"data":"Body Slam","floor":12.0,"key":"SMITH"},{"data":"Body Slam","floor":15.0,"key":"SMITH"},{"floor":23.0,"key":"DIG"},{"data":"Offering","floor":32.0,"key":"SMITH"},{"floor":44.0,"key":"RECALL"},{"data":"Entrench","floor":49.0,"key":"SMITH"},{"floor":57.0,"key":"DIG"},{"floor":63.0,"key":"DIG"},{"floor":66.0,"key":"DIG"},{"floor":74.0,"key":"DIG"},{"floor":76.0,"key":"DIG"},{"floor":78.0,"key":"DIG"},{"floor":80.0,"key":"DIG"},{"floor":83.0,"key":"DIG"},{"floor":91.0,"key":"DIG"},{"floor":100.0,"key":"DIG"},{"floor":109,"key":"DIG"},{"floor":117,"key":"DIG"},{"floor":129,"key":"DIG"},{"floor":131,"key":"DIG"},{"floor":134,"key":"DIG"},{"floor":146,"key":"DIG"},{"floor":151,"key":"DIG"},{"floor":154,"key":"DIG"}],"circlet_count":0,"master_deck":["Body Slam+1","Body Slam+1","Shrug It Off+1","Body Slam+1","Shrug It Off+1","Barricade+1","Entrench+1","Shrug It Off+1","Entrench+1","Impervious+1","Entrench+1"],"relics":["Black Blood","conspire:TreasureMap","Membership Card","Omamori","Shovel","hubris:CrystalStatue","Bag of Preparation","hubris:OldNail","hubris:SlimyHat","Oddly Smooth Stone","Ice Cream","Lee\u0027s Waffle","War Paint","FossilizedHelix","Strange Spoon","Lantern","Juzu Bracelet","PreservedInsect","Pear","Singing Bowl","WingedGreaves","Runic Cube","Charon\u0027s Ashes","Tiny Chest","Anchor","Frozen Egg 2","Bloody Idol","hubris:TerracottaHorce","Strawberry","hubris:Towel","Black Star","The Courier","Centennial Puzzle","Ancient Tea Set","hubris:Potato","Kunai","Paper Frog","Toxic Egg 2","Runic Dome","hubris:Icosahedron","Dream Catcher","Whetstone","Darkstone Periapt","Pen Nib","infinitespire:Beetle Shell","hubris:TinFlute","Boot","Potion Belt","Smiling Mask","Self Forming Clay","Lizard Tail","hubris:Metronome","hubris:MedicalManual","infinitespire:Joker Card","Happy Flower","infinitespire:Lucky Rock","hubris:TenFootPole","MealTicket","conspire:BottledYoYo","infinitespire:ShieldingShard","Blood Vial","Bag of Marbles","Tiny House","InkBottle","Old Coin","hubris:ChampionShield","Question Card","Ginger","conspire:TopHat","Molten Egg 2","Mercury Hourglass","hubris:MysteriousPyramids","Golden Idol","infinitespire:FocusingShard","Mango","infinitespire:Midas Blood","hubris:ToyBattleship","hubris:CuriousFeather","MawBank","Regal Pillow","hubris:RunicObelisk","DollysMirror","White Beast Statue","hubris:Teleporter","conspire:Boomerang","Gremlin Horn","Orichalcum","Art of War","Bronze Scales","hubris:Reverence","Prayer Wheel","infinitespire:Bottled Soul","infinitespire:WardingShard","Thread and Needle","Vajra","hubris:SphereOfDissonance","hubris:IronBody","Mummified Hand","Sundial","hubris:PeanutButter","conspire:DeflatedDodgeball","Sozu","Shuriken","TheAbacus","hubris:MobiusCoin","infinitespire:EmpoweringShard","infinitespire:Golems Mask","Incense Burner"],"acts_visited":["Exordium","TheCity","TheBeyond","Exordium","TheCity","TheBeyond","Exordium","TheCity","TheBeyond","TheEnding"],"potions_floor_usage":[],"damage_taken":[{"damage":0.0,"enemies":"Jaw Worm","floor":1.0,"turns":2.0},{"damage":0.0,"enemies":"Gremlin Nob","floor":6.0,"turns":3.0},{"damage":0.0,"enemies":"Cultist","floor":8.0,"turns":2.0},{"damage":0.0,"enemies":"Small Slimes","floor":10.0,"turns":2.0},{"damage":0.0,"enemies":"Blue Slaver","floor":11.0,"turns":1.0},{"damage":0.0,"enemies":"2 Fungi Beasts","floor":13.0,"turns":2.0},{"damage":0.0,"enemies":"Hexaghost","floor":16.0,"turns":3.0},{"damage":0.0,"enemies":"3 Byrds","floor":18.0,"turns":1.0},{"damage":0.0,"enemies":"conspire:FuzzyDice","floor":19.0,"turns":2.0},{"damage":0.0,"enemies":"Snake Plant","floor":22.0,"turns":1.0},{"damage":0.0,"enemies":"Nightmare","floor":25.0,"turns":1.0},{"damage":0.0,"enemies":"Slavers","floor":27.0,"turns":1.0},{"damage":0.0,"enemies":"3 Cultists","floor":29.0,"turns":1.0},{"damage":0.0,"enemies":"conspire:HollyBat","floor":31.0,"turns":4.0},{"damage":6.0,"enemies":"Champ","floor":33.0,"turns":2.0},{"damage":0.0,"enemies":"3 Darklings","floor":35.0,"turns":2.0},{"damage":0.0,"enemies":"Nightmare","floor":40.0,"turns":1.0},{"damage":0.0,"enemies":"3 Shapes","floor":42.0,"turns":1.0},{"damage":0.0,"enemies":"Nemesis","floor":45.0,"turns":1.0},{"damage":0.0,"enemies":"Giant Head","floor":47.0,"turns":1.0},{"damage":0.0,"enemies":"Maw","floor":48.0,"turns":1.0},{"damage":0.0,"enemies":"Awakened One","floor":50.0,"turns":2.0},{"damage":0.0,"enemies":"Cultist","floor":52.0,"turns":1.0},{"damage":0.0,"enemies":"3 Sentries","floor":59.0,"turns":1.0},{"damage":0.0,"enemies":"Gremlin Nob","floor":61.0,"turns":1.0},{"damage":0.0,"enemies":"2 Louse","floor":62.0,"turns":1.0},{"damage":0.0,"enemies":"Lagavulin","floor":64.0,"turns":1.0},{"damage":0.0,"enemies":"Slime Boss","floor":67.0,"turns":1.0},{"damage":0.0,"enemies":"Spheric Guardian","floor":69.0,"turns":1.0},{"damage":0.0,"enemies":"3 Byrds","floor":79.0,"turns":1.0},{"damage":0.0,"enemies":"Gremlin Leader","floor":81.0,"turns":1.0},{"damage":0.0,"enemies":"Snake Plant","floor":82.0,"turns":1.0},{"damage":0.0,"enemies":"Champ","floor":84.0,"turns":1.0},{"damage":0.0,"enemies":"3 Shapes","floor":86.0,"turns":1.0},{"damage":0.0,"enemies":"Orb Walker","floor":87.0,"turns":1.0},{"damage":0.0,"enemies":"Sphere and 2 Shapes","floor":90.0,"turns":1.0},{"damage":0.0,"enemies":"Giant Head","floor":92.0,"turns":1.0},{"damage":0.0,"enemies":"Reptomancer","floor":95.0,"turns":1.0},{"damage":0.0,"enemies":"3 Darklings","floor":96.0,"turns":1.0},{"damage":0.0,"enemies":"Transient","floor":98.0,"turns":1.0},{"damage":0.0,"enemies":"Nemesis","floor":99.0,"turns":1.0},{"damage":0.0,"enemies":"infinitespire:MassOfShapes","floor":101.0,"turns":1.0},{"damage":0.0,"enemies":"Jaw Worm","floor":103.0,"turns":1.0},{"damage":0.0,"enemies":"Small Slimes","floor":104.0,"turns":1.0},{"damage":0.0,"enemies":"Lagavulin","floor":108.0,"turns":1.0},{"damage":0,"enemies":"2 Louse","floor":110,"turns":1},{"damage":0,"enemies":"2 Fungi Beasts","floor":112,"turns":1},{"damage":0,"enemies":"Gremlin Gang","floor":114,"turns":1},{"damage":0,"enemies":"Gremlin Nob","floor":115,"turns":1},{"damage":0,"enemies":"Red Slaver","floor":116,"turns":1},{"damage":0,"enemies":"Hexaghost","floor":118,"turns":1},{"damage":0,"enemies":"Chosen","floor":120,"turns":1},{"damage":0,"enemies":"Spheric Guardian","floor":122,"turns":1},{"damage":0,"enemies":"conspire:SneckoGhost","floor":125,"turns":1},{"damage":0,"enemies":"Snake Plant","floor":127,"turns":1},{"damage":0,"enemies":"Gremlin Leader","floor":133,"turns":1},{"damage":0,"enemies":"infinitespire:LordOfFortification","floor":135,"turns":1},{"damage":0,"enemies":"3 Shapes","floor":137,"turns":1},{"damage":0,"enemies":"Orb Walker","floor":138,"turns":1},{"damage":0,"enemies":"Nemesis","floor":142,"turns":1},{"damage":0,"enemies":"Nightmare","floor":144,"turns":1},{"damage":0,"enemies":"Reptomancer","floor":147,"turns":1},{"damage":0,"enemies":"Jaw Worm Horde","floor":149,"turns":1},{"damage":0,"enemies":"Giant Head","floor":150,"turns":1},{"damage":0,"enemies":"infinitespire:LordOfFortification","floor":152,"turns":1},{"damage":0,"enemies":"Shield and Spear","floor":156,"turns":1},{"damage":0,"enemies":"The Heart","floor":157,"turns":5}],"seed_played":"-8725356538741940020","potions_obtained":[{"floor":1.0,"key":"CultistPotion"},{"floor":11.0,"key":"Dexterity Potion"},{"floor":14.0,"key":"ElixirPotion"},{"floor":14.0,"key":"EssenceOfSteel"},{"floor":14.0,"key":"FairyPotion"},{"floor":18.0,"key":"FearPotion"},{"floor":25.0,"key":"Energy Potion"},{"floor":79.0,"key":"ColorlessPotion"},{"floor":82.0,"key":"Ancient Potion"}],"is_trial":false,"path_per_floor":["M","$","?","$","?","E","$","M","T","M","M","R","M","?","R","B",null,"M","M","?","$","M","R","$","NM","T","E","?","M","?","M","R","B",null,"M","$","?","AVR","T","NM","NS","M","T","R","E","$","E","M","R","B",null,"M","AVR","?","?","?","R","T","E","T","E","M","R","E","?","R","B",null,"M","AVR","?","?","$","R","T","R","T","R","M","R","E","M","R","B",null,"M","M","NS","?","M","R","E","AVR","T","E","M","?","M","E","R","B",null,"M","M","?","T","?","E","R","M","T","M","?","M","E","M","R","B",null,"M","AVR","M","?","T","E","?","M","T","R","$","R","$","E","R","B",null,"M","M","?","E","NM","T","R","E","M","E","R","B",null,"R","$","E","B",null],"character_chosen":"IRONCLAD","items_purchased":["conspire:TreasureMap","Membership Card","Omamori","Shovel","hubris:CrystalStatue","Flame Barrier","Bag of Preparation","Shrug It Off","hubris:OldNail","hubris:SlimyHat","Oddly Smooth Stone","Ice Cream","Lee\u0027s Waffle","Body Slam","War Paint","FossilizedHelix","Body Slam","Strange Spoon","Lantern","Shrug It Off","Juzu Bracelet","Shrug It Off","Body Slam","PreservedInsect","Singing Bowl","Strawberry","Entrench","hubris:MedicalManual","TheAbacus","hubris:MobiusCoin","infinitespire:EmpoweringShard"],"campfire_rested":0,"item_purchase_floors":[0,0,0,0,0,0,0,0,0,0,0,0,0,0,0,0,0,0,0,0,0,0,0,0,7,36,46,73,155,155,155],"current_hp_per_floor":[87,87,87,87,87,97,97,99,99,99,101,101,103,103,103,103,103,105,107,107,107,109,109,109,111,111,113,56,69,33,46,46,53,103,116,123,123,123,123,130,130,132,132,132,132,132,134,136,136,138,138,138,138,138,138,138,138,138,140,140,142,144,144,144,115,115,128,142,148,148,150,150,150,150,150,150,150,150,152,152,154,156,156,158,165,167,169,169,169,171,171,173,173,173,175,177,180,182,184,184,186,186,188,190,167,167,167,202,202,208,208,210,215,215,217,219,219,221,221,223,223,225,225,225,227,227,229,229,229,229,229,229,231,231,233,233,237,241,241,243,247,247,247,249,253,255,255,257,259,259,259,261,263],"gold":2602,"neow_bonus":"","is_daily":false,"chose_seed":false,"campfire_upgraded":4,"win_rate":0.0,"timestamp":1609169833,"path_taken":["M","$","?","?","?","E","$","M","T","M","M","R","M","?","R","BOSS","M","M","?","$","M","R","$","NM","T","E","?","M","?","M","R","BOSS","M","$","?","AVR","?","NM","NS","M","T","R","E","$","E","M","R","BOSS","M","AVR","?","?","?","R","?","E","T","E","M","R","E","?","R","BOSS","M","AVR","?","?","$","R","?","R","T","R","M","R","E","M","R","BOSS","M","M","NS","?","M","R","E","AVR","T","E","M","?","M","E","R","BOSS","M","M","?","?","?","E","R","M","T","M","?","M","E","M","R","BOSS","M","AVR","M","?","?","E","?","M","T","R","$","R","?","E","R","BOSS","M","M","?","E","NM","T","R","E","M","E","R","BOSS","R","$","E","BOSS"],"items_purchased_type":["Relic","Relic","Relic","Relic","Relic","Card","Relic","Card","Relic","Relic","Relic","Relic","Relic","Card","Relic","Relic","Card","Relic","Relic","Card","Relic","Card","Card","Relic","Relic","Relic","Card","Relic","Relic","Relic","Relic"],"build_version":"2020-12-22","purchased_purges":11,"victory":true,"max_hp_per_floor":[87,87,87,87,87,97,97,99,99,99,101,101,103,103,103,103,103,105,107,107,107,109,109,109,111,111,113,113,115,115,117,117,119,119,121,128,128,128,128,130,130,132,132,132,132,132,134,136,136,138,138,138,138,138,138,138,138,138,140,140,142,144,144,144,144,144,146,146,148,148,150,150,150,150,150,150,150,150,152,152,154,156,156,158,165,167,169,169,169,171,171,173,173,173,175,177,180,182,184,184,186,186,188,190,190,190,190,206,206,208,208,210,215,215,217,219,219,221,221,223,223,225,225,225,227,227,229,229,229,229,229,229,231,231,233,233,237,241,241,243,247,247,247,249,253,255,255,257,259,259,259,261,263],"card_choices":[{"not_picked":["Sword Boomerang","Intimidate","Pommel Strike"],"picked":"SKIP","floor":1.0},{"not_picked":["Ghostly Armor","Pommel Strike","Searing Blow"],"picked":"SKIP","floor":6.0},{"not_picked":["Searing Blow","conspire:Charge","Anger"],"picked":"Singing Bowl","floor":8.0},{"not_picked":["Intimidate","Anger"],"picked":"Shrug It Off","floor":10.0},{"not_picked":["Warcry","Disarm","Inflame"],"picked":"Singing Bowl","floor":11.0},{"not_picked":["Pommel Strike","Headbutt","Armaments"],"picked":"Singing Bowl","floor":13.0},{"not_picked":["Demon Form","Juggernaut"],"picked":"Offering","floor":16.0},{"not_picked":["Perfected Strike+1","Wild Strike+1","Dark Embrace"],"picked":"Singing Bowl","floor":18.0},{"not_picked":["Anger+1","Clothesline","infinitespire:OneForAll"],"picked":"Singing Bowl","floor":19.0},{"not_picked":["Sword Boomerang","Fire Breathing","Headbutt"],"picked":"Singing Bowl","floor":22.0},{"not_picked":["Blood for Blood","Pummel","Anger"],"picked":"Singing Bowl","floor":25.0},{"not_picked":["hubris:ReadiedAction","Evolve+1","Exhume"],"picked":"Singing Bowl","floor":27.0},{"not_picked":["Perfected Strike","Wild Strike","Cleave+1"],"picked":"Singing Bowl","floor":29.0},{"not_picked":["Sword Boomerang","hubris:CleavingFinish","Iron Wave+1"],"picked":"Singing Bowl","floor":31.0},{"not_picked":["Demon Form+1","Brutality+1","Limit Break"],"picked":"Singing Bowl","floor":33.0},{"not_picked":["Headbutt","Cleave","Armaments"],"picked":"Singing Bowl","floor":35.0},{"not_picked":["Warcry+1","Seeing Red+1","hubris:CleavingFinish+1"],"picked":"Singing Bowl","floor":40.0},{"not_picked":["Inflame+1","Warcry+1","Headbutt+1"],"picked":"Singing Bowl","floor":42.0},{"not_picked":["Body Slam+1","conspire:Purge"],"picked":"Barricade+1","floor":45.0},{"not_picked":["Whirlwind","Warcry+1","Headbutt"],"picked":"Singing Bowl","floor":47.0},{"not_picked":["Body Slam","Armaments+1","infinitespire:OneForAll"],"picked":"Singing Bowl","floor":48.0},{"not_picked":["Offering+1","Immolate","conspire:Purge+1"],"picked":"Singing Bowl","floor":50.0},{"not_picked":["Offering+1","Anger"],"picked":"Shrug It Off+1","floor":52.0},{"not_picked":["Demon Form+1","Heavy Blade","Anger"],"picked":"Singing Bowl","floor":59.0},{"not_picked":["Pommel Strike","hubris:CleavingFinish","Wild Strike"],"picked":"Singing Bowl","floor":61.0},{"not_picked":["Double Tap+1","Warcry+1","Burning Pact+1"],"picked":"Singing Bowl","floor":62.0},{"not_picked":["Dual Wield+1","hubris:ReadiedAction+1"],"picked":"Entrench+1","floor":64.0},{"not_picked":["Juggernaut+1","Demon Form+1","conspire:HitWhereItHurts"],"picked":"Singing Bowl","floor":67.0},{"not_picked":["Seeing Red+1","Combust+1","Sword Boomerang+1"],"picked":"Singing Bowl","floor":69.0},{"not_picked":["Perfected Strike","Heavy Blade","Sword Boomerang"],"picked":"Singing Bowl","floor":71.0},{"not_picked":["Armaments+1","Perfected Strike+1","Rage+1"],"picked":"Singing Bowl","floor":79.0},{"not_picked":["Reaper","Heavy Blade+1","Twin Strike"],"picked":"Singing Bowl","floor":81.0},{"not_picked":["Clothesline","Cleave","Intimidate+1"],"picked":"Singing Bowl","floor":82.0},{"not_picked":["hubris:StunningStrike","Brutality+1","Immolate"],"picked":"Singing Bowl","floor":84.0},{"not_picked":["Perfected Strike","Dark Embrace+1","True Grit+1"],"picked":"Singing Bowl","floor":85.0},{"not_picked":["Pommel Strike+1","conspire:Charge+1","infinitespire:OneForAll"],"picked":"Singing Bowl","floor":86.0},{"not_picked":["Armaments+1","Cleave","Sword Boomerang+1"],"picked":"Singing Bowl","floor":87.0},{"not_picked":["Warcry+1","Armaments+1","Disarm+1"],"picked":"Singing Bowl","floor":90.0},{"not_picked":["Reaper","Iron Wave","Heavy Blade"],"picked":"Singing Bowl","floor":92.0},{"not_picked":["Rage+1","Reckless Charge+1","Twin Strike+1","Dark Embrace+1"],"picked":"Singing Bowl","floor":95.0},{"not_picked":["infinitespire:OneForAll","Twin Strike","Metallicize+1","Cleave"],"picked":"Singing Bowl","floor":96.0},{"not_picked":["Sword Boomerang+1","Armaments+1","Pommel Strike","Feed"],"picked":"Singing Bowl","floor":98.0},{"not_picked":["Corruption+1","Twin Strike+1","Pommel Strike+1","Seeing Red+1"],"picked":"Singing Bowl","floor":99.0},{"not_picked":["Barricade+1","Berserk+1","Limit Break+1","Corruption+1"],"picked":"Singing Bowl","floor":101.0},{"not_picked":["Sword Boomerang+1","Reckless Charge+1","Thunderclap+1","Pommel Strike+1"],"picked":"Singing Bowl","floor":103.0},{"not_picked":["Headbutt+1","Hemokinesis+1","conspire:ExplosiveBarrier+1","Heavy Blade+1"],"picked":"Singing Bowl","floor":104.0},{"not_picked":["Thunderclap+1","Ghostly Armor+1","Dropkick+1","Double Tap+1"],"picked":"Singing Bowl","floor":108.0},{"not_picked":["Flex+1","Rupture+1","Anger+1","Twin Strike+1"],"picked":"Singing Bowl","floor":110},{"not_picked":["Wild Strike+1","Flex+1","Armaments+1","Clash+1"],"picked":"Singing Bowl","floor":112},{"not_picked":["Warcry+1","Heavy Blade+1","Flex+1"],"picked":"Impervious+1","floor":114},{"not_picked":["Havoc+1","Heavy Blade+1","Feel No Pain+1","Intimidate+1"],"picked":"Singing Bowl","floor":115},{"not_picked":["Iron Wave+1","Clothesline+1","Ghostly Armor+1","Burning Pact+1"],"picked":"Singing Bowl","floor":116},{"not_picked":["Offering+1","Berserk+1","Barricade+1","Bludgeon+1"],"picked":"Singing Bowl","floor":118},{"not_picked":["Dropkick+1","Inflame+1","Seeing Red+1","Warcry+1"],"picked":"Singing Bowl","floor":120},{"not_picked":["Battle Trance+1","Perfected Strike+1","Anger+1","Rupture+1"],"picked":"Singing Bowl","floor":122},{"not_picked":["Dropkick+1","Intimidate+1","Heavy Blade+1","Searing Blow+1"],"picked":"Singing Bowl","floor":125},{"not_picked":["Dark Embrace+1","Searing Blow+1","Sever Soul+1","Headbutt+1"],"picked":"Singing Bowl","floor":127},{"not_picked":["Carnage+1","Entrench+1","Warcry+1","Demon Form+1"],"picked":"Singing Bowl","floor":133},{"not_picked":["Demon Form+1","Barricade+1","Impervious+1","conspire:Purge+1"],"picked":"Singing Bowl","floor":135},{"not_picked":["Corruption+1","Pommel Strike+1","Feel No Pain+1","Thunderclap+1"],"picked":"Singing Bowl","floor":137},{"not_picked":["True Grit+1","conspire:Purge+1","Dropkick+1","Rage+1"],"picked":"Singing Bowl","floor":137},{"not_picked":["Burning Pact+1","Twin Strike+1","Evolve+1","Pummel+1"],"picked":"Singing Bowl","floor":138},{"not_picked":["Evolve+1","Metallicize+1","Clothesline+1","Hemokinesis+1"],"picked":"Singing Bowl","floor":138},{"not_picked":["Wild Strike+1","Clash+1","Warcry+1","Rage+1"],"picked":"Singing Bowl","floor":142},{"not_picked":["infinitespire:TheBestDefense","hubris:Rewind","hubris:Fate"],"picked":"Singing Bowl","floor":144},{"not_picked":["Havoc+1","Twin Strike+1","Infernal Blade+1","Feel No Pain+1"],"picked":"Singing Bowl","floor":144},{"not_picked":["Pommel Strike+1","Reaper+1","Reckless Charge+1","Dual Wield+1"],"picked":"Singing Bowl","floor":147},{"not_picked":["Havoc+1","Metallicize+1","hubris:ReadiedAction+1","Wild Strike+1"],"picked":"Singing Bowl","floor":149},{"not_picked":["Armaments+1","Feel No Pain+1","Feed+1","Cleave+1"],"picked":"Singing Bowl","floor":149},{"not_picked":["Wild Strike+1","conspire:ExplosiveBarrier+1","Armaments+1","Limit Break+1"],"picked":"Singing Bowl","floor":150},{"not_picked":["Feed+1","Impervious+1","Exhume+1","Double Tap+1"],"picked":"Singing Bowl","floor":152},{"not_picked":["infinitespire:Execution","infinitespire:DeathsTouch","infinitespire:Starlight"],"picked":"Singing Bowl","floor":153},{"not_picked":["Twin Strike+1","Flex+1","True Grit+1","hubris:StunningStrike+1"],"picked":"Singing Bowl","floor":156},{"not_picked":["hubris:StunningStrike+1","Impervious+1","Demon Form+1","Fiend Fire+1"],"picked":"Singing Bowl","floor":157}],"player_experience":41113,"relics_obtained":[{"floor":6.0,"key":"Pear"},{"floor":9.0,"key":"WingedGreaves"},{"floor":23.0,"key":"Charon\u0027s Ashes"},{"floor":25.0,"key":"Tiny Chest"},{"floor":26.0,"key":"Anchor"},{"floor":27.0,"key":"Frozen Egg 2"},{"floor":40.0,"key":"The Courier"},{"floor":40.0,"key":"Centennial Puzzle"},{"floor":43.0,"key":"Ancient Tea Set"},{"floor":45.0,"key":"hubris:Potato"},{"floor":45.0,"key":"Kunai"},{"floor":47.0,"key":"Paper Frog"},{"floor":47.0,"key":"Toxic Egg 2"},{"floor":57.0,"key":"Dream Catcher"},{"floor":58.0,"key":"Whetstone"},{"floor":59.0,"key":"Darkstone Periapt"},{"floor":59.0,"key":"Pen Nib"},{"floor":60.0,"key":"infinitespire:Beetle Shell"},{"floor":61.0,"key":"hubris:TinFlute"},{"floor":61.0,"key":"Boot"},{"floor":63.0,"key":"Potion Belt"},{"floor":64.0,"key":"Smiling Mask"},{"floor":64.0,"key":"Self Forming Clay"},{"floor":66.0,"key":"Lizard Tail"},{"floor":74.0,"key":"infinitespire:Joker Card"},{"floor":75.0,"key":"Happy Flower"},{"floor":76.0,"key":"infinitespire:Lucky Rock"},{"floor":77.0,"key":"hubris:TenFootPole"},{"floor":78.0,"key":"MealTicket"},{"floor":80.0,"key":"conspire:BottledYoYo"},{"floor":81.0,"key":"infinitespire:ShieldingShard"},{"floor":81.0,"key":"Blood Vial"},{"floor":83.0,"key":"Bag of Marbles"},{"floor":91.0,"key":"InkBottle"},{"floor":92.0,"key":"Old Coin"},{"floor":92.0,"key":"hubris:ChampionShield"},{"floor":94.0,"key":"Question Card"},{"floor":95.0,"key":"Ginger"},{"floor":95.0,"key":"conspire:TopHat"},{"floor":99.0,"key":"Molten Egg 2"},{"floor":99.0,"key":"Mercury Hourglass"},{"floor":100.0,"key":"hubris:MysteriousPyramids"},{"floor":106.0,"key":"infinitespire:FocusingShard"},{"floor":108.0,"key":"Mango"},{"floor":108.0,"key":"infinitespire:Midas Blood"},{"floor":111,"key":"hubris:ToyBattleship"},{"floor":115,"key":"hubris:CuriousFeather"},{"floor":115,"key":"MawBank"},{"floor":117,"key":"Regal Pillow"},{"floor":124,"key":"White Beast Statue"},{"floor":125,"key":"hubris:Teleporter"},{"floor":125,"key":"conspire:Boomerang"},{"floor":128,"key":"Gremlin Horn"},{"floor":129,"key":"Orichalcum"},{"floor":131,"key":"Art of War"},{"floor":133,"key":"Bronze Scales"},{"floor":133,"key":"hubris:Reverence"},{"floor":134,"key":"Prayer Wheel"},{"floor":142,"key":"infinitespire:Bottled Soul"},{"floor":144,"key":"infinitespire:WardingShard"},{"floor":144,"key":"Thread and Needle"},{"floor":145,"key":"Vajra"},{"floor":146,"key":"hubris:SphereOfDissonance"},{"floor":147,"key":"hubris:IronBody"},{"floor":147,"key":"Mummified Hand"},{"floor":150,"key":"Sundial"},{"floor":150,"key":"hubris:PeanutButter"},{"floor":151,"key":"conspire:DeflatedDodgeball"},{"floor":154,"key":"Shuriken"},{"floor":156,"key":"infinitespire:Golems Mask"},{"floor":156,"key":"Incense Burner"}],"event_choices":[{"damage_healed":0.0,"max_hp_gain":0.0,"max_hp_loss":0.0,"gold_gain":0.0,"event_name":"Wheel of Change","player_choice":"Cursed","floor":3.0,"gold_loss":0.0,"damage_taken":0.0,"cards_obtained":["Decay"]},{"damage_healed":0.0,"max_hp_gain":0.0,"max_hp_loss":0.0,"gold_gain":0.0,"event_name":"Lab","player_choice":"Got Potions","floor":14.0,"gold_loss":0.0,"damage_taken":0.0},{"damage_healed":0.0,"max_hp_gain":0.0,"max_hp_loss":0.0,"gold_gain":0.0,"cards_transformed":["Inflame"],"event_name":"Transmorgrifier","player_choice":"Transformed","floor":20.0,"gold_loss":0.0,"damage_taken":0.0,"cards_obtained":["Dropkick"]},{"damage_healed":0.0,"max_hp_gain":113.0,"max_hp_loss":56.0,"gold_gain":0.0,"event_name":"betterAltar:BetterAltar","player_choice":" Idol ","floor":28.0,"potions_obtained":[],"relics_lost":[],"gold_loss":0.0,"damage_taken":57.0,"relics_obtained":["Bloody Idol"]},{"damage_healed":0.0,"max_hp_gain":0.0,"max_hp_loss":0.0,"gold_gain":550.0,"event_name":"betterSkull:BetterSkull","player_choice":"GO GO GO GO GO ","floor":30.0,"gold_loss":0.0,"damage_taken":66.0,"cards_upgraded":[],"relics_obtained":[]},{"damage_healed":0.0,"max_hp_gain":0.0,"max_hp_loss":0.0,"gold_gain":0.0,"event_name":"The Woman in Blue","player_choice":"Bought 0 Potions","floor":54.0,"gold_loss":0.0,"damage_taken":0.0},{"cards_removed":["Shrug It Off"],"damage_healed":5.0,"max_hp_gain":0.0,"max_hp_loss":0.0,"gold_gain":0.0,"event_name":"Bonfire Elementals","player_choice":"Offered Common","floor":56.0,"gold_loss":0.0,"damage_taken":0.0},{"cards_removed":["Shrug It Off"],"damage_healed":5.0,"max_hp_gain":0.0,"max_hp_loss":0.0,"gold_gain":0.0,"event_name":"Bonfire Elementals","player_choice":"Offered Special","floor":56.0,"gold_loss":0.0,"damage_taken":0.0},{"damage_healed":144.0,"max_hp_gain":0.0,"max_hp_loss":144.0,"gold_gain":0.0,"event_name":"betterThird:BetterShining","player_choice":"Upgrade","floor":65.0,"gold_loss":1.0,"damage_taken":29.0,"cards_upgraded":["Shrug It Off","Shrug It Off"]},{"damage_healed":0.0,"max_hp_gain":0.0,"max_hp_loss":0.0,"gold_gain":0.0,"event_name":"betterMatch:BetterMatch","player_choice":"1","floor":71.0,"gold_loss":0.0,"damage_taken":0.0,"cards_obtained":["betterMatch:CommonCard"]},{"cards_removed":["Offering"],"damage_healed":0.0,"max_hp_gain":0.0,"max_hp_loss":0.0,"gold_gain":0.0,"event_name":"Falling","player_choice":"Removed Skill","floor":89.0,"gold_loss":0.0,"damage_taken":0.0},{"damage_healed":0.0,"max_hp_gain":0.0,"max_hp_loss":0.0,"gold_gain":0.0,"event_name":"Golden Idol","player_choice":"Take Damage","floor":105.0,"gold_loss":0.0,"damage_taken":47.0,"relics_obtained":["Golden Idol"]},{"damage_healed":0.0,"max_hp_gain":0.0,"max_hp_loss":0.0,"gold_gain":0.0,"event_name":"betterThird:BetterSerpent","player_choice":"Ignored","floor":107.0,"gold_loss":0.0,"damage_taken":1502.0},{"damage_healed":0,"gold_gain":0,"player_choice":"Donut","damage_taken":0,"max_hp_gain":5,"max_hp_loss":0,"event_name":"Big Fish","floor":113,"gold_loss":0},{"damage_healed":0,"gold_gain":0,"player_choice":"Ignored","damage_taken":0,"max_hp_gain":0,"max_hp_loss":0,"event_name":"Transmorgrifier","floor":123,"gold_loss":0},{"damage_healed":0,"gold_gain":0,"player_choice":"Ignored","damage_taken":0,"max_hp_gain":0,"max_hp_loss":0,"event_name":"Ghosts","floor":126,"gold_loss":0},{"damage_healed":0,"gold_gain":0,"player_choice":"Ignored","damage_taken":0,"max_hp_gain":0,"max_hp_loss":0,"event_name":"Accursed Blacksmith","floor":140,"gold_loss":0}],"is_beta":false,"boss_relics":[{"not_picked":["conspire:SeveredTorchhead","conspire:RoyalGoblet"],"picked":"Runic Cube"},{"not_picked":["Busted Crown","SlaversCollar"],"picked":"hubris:TerracottaHorce"},{"not_picked":["Black Blood","Philosopher\u0027s Stone"],"picked":"Runic Dome"},{"not_picked":["conspire:SeveredTorchhead","conspire:SlowCooker"],"picked":"Black Blood"},{"not_picked":["Fusion Hammer","Coffee Dripper"],"picked":"Tiny House"},{"not_picked":["Runic Pyramid","Pandora\u0027s Box","Astrolabe"]},{"not_picked":["Pandora\u0027s Box","Empty Cage"],"picked":"hubris:RunicObelisk"},{"not_picked":["Calling Bell","Coffee Dripper","Fusion Hammer"]},{"not_picked":["infinitespire:Burning Sword","hubris:HollowSoul"],"picked":"Sozu"}],"items_purged_floors":[0,0,0,0,0,36,36,38,46,46,53],"is_endless":true,"potions_floor_spawned":[1,11,18,25,29,31,33,42,47,59,62,79,82,87,92,96,101,108,110,112,115,122,125,127,133,135,137,138,142,147,149,150,152,156,157],"ascension_level":5}}