{"host":"0ydzwspkajt4brzd","time":1609151607,"event":{"mods":["AchievementEnabler","BaseMod","Colored Map","DeckTracker","Googly Eyes","Highlight Path","Minty Spire (QoL Compilation)","Quick Restart","Random Character Button","Rare Cards Sparkle"],"gold_per_floor":[115,135,145,145,9,42,62,89,89,69,84,84,98,118,118,214,214,233,253,285,298,298,298,328,688,988,1007,1025,1025,244,244,244,340,340,357,357,86,101,151,184,184,194,194,219,219,237,254,254,254,254,254],"floor_reached":50,"playtime":2659,"items_purged":["Defend_R","Limit Break"],"score":765,"play_id":"3fe04c3c-228f-4433-992a-e706ca26d390","local_time":"20201228023327","is_ascension_mode":true,"campfire_choices":[{"data":"Feed","floor":12,"key":"SMITH"},{"data":"True Grit","floor":15,"key":"SMITH"},{"data":"Ghostly","floor":23,"key":"SMITH"},{"data":"Perfected Strike","floor":29,"key":"SMITH"},{"data":"Perfected Strike","floor":32,"key":"SMITH"},{"data":"Madness","floor":45,"key":"SMITH"},{"floor":49,"key":"RECALL"}],"circlet_count":0,"master_deck":["Strike_R","Strike_R","Strike_R","Strike_R","Strike_R","Defend_R","Defend_R","Defend_R","Perfected Strike","Pommel Strike","Perfected Strike+1","Thunderclap","Sword Boomerang","Trip","Perfected Strike","Pommel Strike","Feed+1","True Grit+1","Perfected Strike+1","Ghostly","Ghostly","Ghostly","Ghostly","Ghostly+1","Madness+1","Reaper","Twin Strike","Swift Strike","The Bomb","Twin Strike+1","Perfected Strike"],"relics":["Burning Blood","Orichalcum","Paper Frog","Mummified Hand","Sozu","Red Mask","Akabeko","Old Coin","Lee\u0027s Waffle","Oddly Smooth Stone","Self Forming Clay","SlaversCollar","Pocketwatch","Smiling Mask","Nunchaku"],"acts_visited":["Exordium","TheCity","TheBeyond"],"potions_floor_usage":[20,24,27],"damage_taken":[{"damage":1,"enemies":"Cultist","floor":1,"turns":3},{"damage":4,"enemies":"Jaw Worm","floor":2,"turns":3},{"damage":12,"enemies":"Small Slimes","floor":3,"turns":2},{"damage":25,"enemies":"Lagavulin","floor":6,"turns":5},{"damage":1,"enemies":"Exordium Thugs","floor":7,"turns":3},{"damage":12,"enemies":"3 Sentries","floor":8,"turns":6},{"damage":6,"enemies":"Blue Slaver","floor":11,"turns":3},{"damage":13,"enemies":"3 Louse","floor":13,"turns":3},{"damage":4,"enemies":"Red Slaver","floor":14,"turns":2},{"damage":28,"enemies":"Hexaghost","floor":16,"turns":6},{"damage":17,"enemies":"Spheric Guardian","floor":18,"turns":4},{"damage":8,"enemies":"Chosen","floor":19,"turns":3},{"damage":1,"enemies":"Masked Bandits","floor":20,"turns":2},{"damage":17,"enemies":"3 Cultists","floor":21,"turns":5},{"damage":1,"enemies":"Slavers","floor":24,"turns":5},{"damage":5,"enemies":"Sentry and Sphere","floor":27,"turns":7},{"damage":10,"enemies":"Shelled Parasite and Fungi","floor":28,"turns":5},{"damage":41,"enemies":"Collector","floor":33,"turns":6},{"damage":2,"enemies":"3 Shapes","floor":35,"turns":4},{"damage":2,"enemies":"3 Darklings","floor":38,"turns":7},{"damage":0,"enemies":"Mind Bloom Boss Battle","floor":39,"turns":4},{"damage":0,"enemies":"Nemesis","floor":40,"turns":5},{"damage":29,"enemies":"Transient","floor":42,"turns":5},{"damage":0,"enemies":"Maw","floor":46,"turns":6},{"damage":0,"enemies":"3 Darklings","floor":47,"turns":4},{"damage":80,"enemies":"Awakened One","floor":50,"turns":10}],"seed_played":"4488537359172330218","potions_obtained":[{"floor":3,"key":"SkillPotion"},{"floor":8,"key":"Fire Potion"},{"floor":10,"key":"Energy Potion"},{"floor":11,"key":"Regen Potion"}],"is_trial":false,"path_per_floor":["M","M","M","?","$","E","M","E","T","?","M","R","M","M","R","B",null,"M","M","?","M","?","R","E","?","T","M","M","R","$","?","R","B",null,"M","?","$","M","?","E","?","M","T","T","R","M","M","?","R","B"],"character_chosen":"IRONCLAD","items_purchased":["Trip","Perfected Strike","Lee\u0027s Waffle","Oddly Smooth Stone","Self Forming Clay","Metallicize","Madness","The Bomb"],"campfire_rested":0,"item_purchase_floors":[5,5,30,30,30,30,30,37],"current_hp_per_floor":[80,80,74,74,74,55,60,54,54,54,54,54,51,53,53,35,88,77,75,84,77,48,48,48,12,12,28,24,24,55,55,55,24,59,59,59,59,59,63,63,63,40,40,40,40,50,60,63,63,0,0],"gold":254,"neow_bonus":"THREE_CARDS","is_daily":false,"chose_seed":false,"campfire_upgraded":6,"win_rate":0.0,"timestamp":1609151607,"path_taken":["M","M","M","?","?","E","M","E","T","?","?","R","M","M","R","BOSS","M","M","?","M","?","R","E","?","T","M","?","R","$","?","R","BOSS","M","?","$","M","?","E","?","M","T","?","R","M","?","?","R","BOSS"],"items_purchased_type":["Card","Card","Relic","Relic","Relic","Card","Card","Card"],"build_version":"2020-12-22","purchased_purges":2,"victory":false,"max_hp_per_floor":[80,80,80,80,80,80,80,80,80,80,80,80,84,84,84,88,88,88,88,92,96,48,48,48,48,48,48,48,48,55,55,55,59,59,59,59,59,59,63,63,63,63,63,63,63,63,63,63,63,63,63],"card_choices":[{"not_picked":["Sword Boomerang","Entrench"],"picked":"Perfected Strike","floor":0},{"not_picked":["Anger","Intimidate"],"picked":"Pommel Strike","floor":1},{"not_picked":["Dual Wield","Combust"],"picked":"Perfected Strike","floor":2},{"not_picked":["Flex","Warcry"],"picked":"Thunderclap","floor":3},{"not_picked":["Ghostly Armor","Rage"],"picked":"Combust","floor":6},{"not_picked":["Cleave","Thunderclap"],"picked":"Pommel Strike","floor":7},{"not_picked":["Evolve","Iron Wave"],"picked":"Feed","floor":8},{"not_picked":["Thunderclap","Second Wind","Dropkick"],"picked":"SKIP","floor":11},{"not_picked":["Perfected Strike","Ghostly Armor"],"picked":"True Grit","floor":13},{"not_picked":["Clothesline","Armaments","Sword Boomerang"],"picked":"SKIP","floor":14},{"not_picked":["Offering","Impervious"],"picked":"Limit Break","floor":16},{"not_picked":["Armaments","Cleave","Sword Boomerang"],"picked":"SKIP","floor":18},{"not_picked":["Armaments","Clothesline","True Grit"],"picked":"SKIP","floor":19},{"not_picked":["True Grit","Thunderclap"],"picked":"Perfected Strike","floor":21},{"not_picked":["Metallicize","Iron Wave+1","Burning Pact"],"picked":"SKIP","floor":24},{"not_picked":["Evolve","Fire Breathing+1","Clash"],"picked":"SKIP","floor":27},{"not_picked":["Disarm","Juggernaut","Heavy Blade"],"picked":"SKIP","floor":28},{"not_picked":["Berserk","Bludgeon"],"picked":"Reaper","floor":33},{"not_picked":["Evolve+1","Clothesline"],"picked":"Twin Strike","floor":35},{"not_picked":["Bandage Up","Panacea"],"picked":"Swift Strike","floor":36},{"not_picked":["Thunderclap+1","Shrug It Off+1"],"picked":"Twin Strike+1","floor":38},{"not_picked":["Feel No Pain+1","Iron Wave+1","Combust"],"picked":"SKIP","floor":40},{"not_picked":["Cleave+1","Feel No Pain+1","Metallicize+1"],"picked":"SKIP","floor":42},{"not_picked":["Anger","Iron Wave+1"],"picked":"Perfected Strike","floor":46},{"not_picked":["True Grit","Spot Weakness","Limit Break"],"picked":"SKIP","floor":47}],"player_experience":314199,"relics_obtained":[{"floor":6,"key":"Orichalcum"},{"floor":8,"key":"Paper Frog"},{"floor":9,"key":"Mummified Hand"},{"floor":20,"key":"Red Mask"},{"floor":24,"key":"Akabeko"},{"floor":26,"key":"Old Coin"},{"floor":39,"key":"Pocketwatch"},{"floor":40,"key":"Smiling Mask"},{"floor":44,"key":"Nunchaku"}],"event_choices":[{"damage_healed":0,"gold_gain":0,"cards_transformed":["Bash"],"player_choice":"Change","damage_taken":0,"max_hp_gain":0,"max_hp_loss":0,"event_name":"Living Wall","floor":4,"gold_loss":0,"cards_obtained":["Sword Boomerang"]},{"damage_healed":0,"gold_gain":0,"player_choice":"Bought 1 Potion","damage_taken":0,"max_hp_gain":0,"max_hp_loss":0,"event_name":"The Woman in Blue","floor":10,"gold_loss":0},{"damage_healed":0,"gold_gain":0,"player_choice":"Fought Bandits","damage_taken":0,"max_hp_gain":0,"max_hp_loss":0,"event_name":"Masked Bandits","floor":20,"gold_loss":0},{"damage_healed":0,"gold_gain":0,"player_choice":"Became a Ghost","damage_taken":0,"max_hp_gain":0,"max_hp_loss":48,"event_name":"Ghosts","floor":22,"gold_loss":0,"cards_obtained":["Ghostly","Ghostly","Ghostly","Ghostly","Ghostly"]},{"damage_healed":0,"gold_gain":360,"player_choice":"GOLD GOLD GOLD GOLD ","damage_taken":36,"max_hp_gain":0,"max_hp_loss":0,"event_name":"Knowing Skull","floor":25,"potions_obtained":[],"gold_loss":0,"cards_obtained":[]},{"damage_healed":0,"gold_gain":0,"player_choice":"Ignored","damage_taken":0,"max_hp_gain":0,"max_hp_loss":0,"event_name":"Vampires","floor":31,"gold_loss":0},{"damage_healed":0,"gold_gain":0,"player_choice":"Memory 1","damage_taken":0,"max_hp_gain":0,"max_hp_loss":0,"event_name":"SensoryStone","floor":36,"gold_loss":0},{"damage_healed":0,"gold_gain":0,"player_choice":"Fight","damage_taken":0,"max_hp_gain":0,"max_hp_loss":0,"event_name":"MindBloom","floor":39,"gold_loss":0},{"cards_removed":["Combust"],"damage_healed":0,"gold_gain":0,"player_choice":"Removed Power","damage_taken":0,"max_hp_gain":0,"max_hp_loss":0,"event_name":"Falling","floor":41,"gold_loss":0},{"cards_removed":["Metallicize"],"damage_healed":3,"gold_gain":0,"player_choice":"Offered Uncommon","damage_taken":0,"max_hp_gain":0,"max_hp_loss":0,"event_name":"Bonfire Elementals","floor":48,"gold_loss":0}],"is_beta":false,"boss_relics":[{"not_picked":["Ectoplasm","Snecko Eye"],"picked":"Sozu"},{"not_picked":["Runic Cube","Fusion Hammer"],"picked":"SlaversCollar"}],"items_purged_floors":[30,37],"is_endless":false,"potions_floor_spawned":[3,8,11,16,18,19,24,27,40,46,47],"killed_by":"Awakened One","ascension_level":4}}