{"host":"anox4050deqdcqoh","time":1609188317,"event":{"mods":["BaseMod","Colored Map","Minty Spire (QoL Compilation)","Quick Restart"],"gold_per_floor":[113,113,134,64,78,78,101,101,153,153,167,167,203,218,218,342,342,361,380,83,101,122,122,140,140,140,340,340,363,382,405,405,533,533,556,581,581,581,170,170,204,219,243,243,243,261,261,21,21,21,21,21,21,21,21],"floor_reached":54,"playtime":3144,"items_purged":["Strike_G","Strike_G"],"score":678,"play_id":"7e94c5dc-c581-42b5-ba3f-7861b3a7bf62","local_time":"20201228154517","is_ascension_mode":true,"campfire_choices":[{"floor":6,"key":"REST"},{"floor":10,"key":"RECALL"},{"floor":15,"key":"REST"},{"data":"Neutralize","floor":23,"key":"SMITH"},{"floor":25,"key":"REST"},{"floor":28,"key":"REST"},{"floor":32,"key":"REST"},{"floor":40,"key":"REST"},{"floor":47,"key":"REST"},{"floor":49,"key":"REST"},{"data":"Noxious Fumes","floor":52,"key":"SMITH"}],"circlet_count":0,"master_deck":["Strike_G","Strike_G","Defend_G","Defend_G","Defend_G","Defend_G","Defend_G","Survivor","Neutralize+1","Doppelganger+1","Infinite Blades","Poisoned Stab","Accuracy","Distraction","Dash","Backstab","Blade Dance","Glass Knife","Burst","Choke","Accuracy","Calculated Gamble","Outmaneuver+1","Infinite Blades","Adrenaline","Cloak And Dagger+1","Cloak And Dagger+1","Bandage Up","Footwork","Backstab+1","PiercingWail+1","Leg Sweep+1","Noxious Fumes+1"],"relics":["Ring of the Snake","Golden Idol","Oddly Smooth Stone","Bronze Scales","Black Star","Bag of Preparation","Paper Crane","Runic Pyramid","Akabeko","Membership Card","Vajra","Lantern","TwistedFunnel","Anchor"],"acts_visited":["Exordium","TheCity","TheBeyond","TheEnding"],"potions_floor_usage":[30,33,33,50],"damage_taken":[{"damage":2,"enemies":"Small Slimes","floor":1,"turns":4},{"damage":3,"enemies":"Jaw Worm","floor":3,"turns":5},{"damage":0,"enemies":"2 Louse","floor":5,"turns":3},{"damage":8,"enemies":"Exordium Thugs","floor":7,"turns":6},{"damage":0,"enemies":"Large Slime","floor":11,"turns":5},{"damage":28,"enemies":"3 Sentries","floor":13,"turns":10},{"damage":0,"enemies":"Looter","floor":14,"turns":3},{"damage":44,"enemies":"The Guardian","floor":16,"turns":11},{"damage":0,"enemies":"Chosen","floor":18,"turns":5},{"damage":0,"enemies":"Spheric Guardian","floor":19,"turns":3},{"damage":7,"enemies":"Snecko","floor":21,"turns":4},{"damage":11,"enemies":"Cultist and Chosen","floor":22,"turns":6},{"damage":18,"enemies":"3 Cultists","floor":24,"turns":4},{"damage":28,"enemies":"Chosen and Byrds","floor":29,"turns":5},{"damage":12,"enemies":"Snake Plant","floor":30,"turns":5},{"damage":10,"enemies":"Cultist and Chosen","floor":31,"turns":5},{"damage":38,"enemies":"Collector","floor":33,"turns":9},{"damage":17,"enemies":"3 Shapes","floor":35,"turns":5},{"damage":12,"enemies":"3 Darklings","floor":36,"turns":4},{"damage":19,"enemies":"Reptomancer","floor":41,"turns":6},{"damage":28,"enemies":"Jaw Worm Horde","floor":42,"turns":6},{"damage":5,"enemies":"Maw","floor":46,"turns":7},{"damage":44,"enemies":"Time Eater","floor":50,"turns":12},{"damage":73,"enemies":"Shield and Spear","floor":54,"turns":5}],"seed_played":"-6035003969108077556","potions_obtained":[{"floor":3,"key":"Fire Potion"},{"floor":5,"key":"CultistPotion"},{"floor":7,"key":"SkillPotion"},{"floor":11,"key":"GhostInAJar"},{"floor":41,"key":"SpeedPotion"},{"floor":42,"key":"Swift Potion"}],"is_trial":false,"path_per_floor":["M","?","M","$","M","R","M","?","T","R","M","?","E","M","R","B",null,"M","M","$","M","M","R","M","R","T","?","R","M","M","M","R","B",null,"M","M","?","?","$","R","E","M","T","?","?","M","R","$","R","B",null,"R","$","E"],"character_chosen":"THE_SILENT","items_purchased":["Accuracy","Accuracy","Bag of Preparation","Footwork","Akabeko","Membership Card","TwistedFunnel","Anchor","GhostInAJar","Noxious Fumes"],"campfire_rested":8,"item_purchase_floors":[4,20,20,39,39,39,48,48,48,48],"current_hp_per_floor":[68,51,48,48,48,69,61,61,61,61,61,61,33,33,54,10,70,70,70,70,63,52,52,34,55,55,55,70,42,30,20,41,3,70,53,41,41,41,41,62,47,23,23,23,23,22,41,41,60,20,66,66,66,0,0],"gold":21,"neow_bonus":"ONE_RANDOM_RARE_CARD","is_daily":false,"chose_seed":false,"campfire_upgraded":2,"win_rate":0.0,"timestamp":1609188317,"path_taken":["M","?","M","$","M","R","M","?","T","R","M","?","E","M","R","BOSS","M","M","$","M","M","R","M","R","T","?","R","M","M","?","R","BOSS","M","M","?","?","$","R","E","M","T","?","?","?","R","$","R","BOSS","R","$","E"],"items_purchased_type":["Card","Card","Relic","Card","Relic","Relic","Relic","Relic","Potion","Card"],"build_version":"2020-12-22","purchased_purges":2,"victory":false,"max_hp_per_floor":[70,70,70,70,70,70,70,70,70,70,70,70,70,70,70,70,70,70,70,70,70,70,70,70,70,70,70,70,70,70,70,70,70,70,70,70,70,70,70,70,70,70,70,66,66,66,66,66,66,66,66,66,66,66,66],"card_choices":[{"not_picked":["Deflect","Slice"],"picked":"Infinite Blades","floor":1},{"not_picked":["Underhanded Strike","Acrobatics"],"picked":"Poisoned Stab","floor":3},{"not_picked":["Escape Plan","Reflex"],"picked":"Distraction","floor":5},{"not_picked":["Quick Slash","Underhanded Strike"],"picked":"Dash","floor":7},{"not_picked":["Underhanded Strike","Dagger Throw","Setup"],"picked":"SKIP","floor":11},{"not_picked":["Endless Agony","Quick Slash"],"picked":"Blade Dance","floor":13},{"not_picked":["Quick Slash","Deflect"],"picked":"Glass Knife","floor":14},{"not_picked":["Corpse Explosion","Night Terror"],"picked":"Burst","floor":16},{"not_picked":["Dodge and Roll","Acrobatics","Underhanded Strike"],"picked":"SKIP","floor":18},{"not_picked":["Skewer","Bane"],"picked":"Choke","floor":19},{"not_picked":["Dash","Prepared"],"picked":"Calculated Gamble","floor":21},{"not_picked":["Setup+1","Dagger Spray","Sucker Punch"],"picked":"SKIP","floor":22},{"not_picked":["Deflect+1","Reflex"],"picked":"Outmaneuver+1","floor":24},{"not_picked":["Underhanded Strike","Prepared+1"],"picked":"Infinite Blades","floor":29},{"not_picked":["Acrobatics","Bouncing Flask","Outmaneuver"],"picked":"SKIP","floor":30},{"not_picked":["Tactician","Expertise","A Thousand Cuts"],"picked":"SKIP","floor":31},{"not_picked":["Tools of the Trade","Venomology"],"picked":"Adrenaline","floor":33},{"not_picked":["Tactician","Prepared"],"picked":"Cloak And Dagger+1","floor":35},{"not_picked":["Underhanded Strike+1","Prepared+1"],"picked":"Cloak And Dagger+1","floor":36},{"not_picked":["PanicButton","Forethought"],"picked":"Bandage Up","floor":38},{"not_picked":["Skewer+1","Finisher"],"picked":"Backstab+1","floor":41},{"not_picked":["Acrobatics+1","Dagger Spray+1"],"picked":"PiercingWail+1","floor":42},{"not_picked":["Choke","Die Die Die"],"picked":"Leg Sweep+1","floor":46}],"player_experience":222593,"relics_obtained":[{"floor":9,"key":"Oddly Smooth Stone"},{"floor":13,"key":"Bronze Scales"},{"floor":26,"key":"Paper Crane"},{"floor":41,"key":"Vajra"},{"floor":41,"key":"Lantern"}],"event_choices":[{"damage_healed":0,"gold_gain":0,"player_choice":"Take Damage","damage_taken":17,"relics_obtained":["Golden Idol"],"max_hp_gain":0,"max_hp_loss":0,"event_name":"Golden Idol","floor":2,"gold_loss":0},{"damage_healed":0,"gold_gain":0,"cards_transformed":["Strike_G"],"player_choice":"Change","damage_taken":0,"max_hp_gain":0,"max_hp_loss":0,"event_name":"Living Wall","floor":8,"gold_loss":0,"cards_obtained":["Backstab"]},{"damage_healed":0,"gold_gain":0,"player_choice":"Upgraded","damage_taken":0,"max_hp_gain":0,"max_hp_loss":0,"event_name":"Upgrade Shrine","floor":12,"gold_loss":0,"cards_upgraded":["Doppelganger"]},{"damage_healed":0,"gold_gain":200,"player_choice":"Gold","damage_taken":0,"max_hp_gain":0,"max_hp_loss":0,"event_name":"Wheel of Change","floor":27,"gold_loss":0},{"damage_healed":0,"gold_gain":0,"player_choice":"Ignored","damage_taken":0,"max_hp_gain":0,"max_hp_loss":0,"event_name":"Mysterious Sphere","floor":37,"gold_loss":0},{"damage_healed":0,"gold_gain":0,"player_choice":"Memory 1","damage_taken":0,"max_hp_gain":0,"max_hp_loss":0,"event_name":"SensoryStone","floor":38,"gold_loss":0},{"damage_healed":0,"gold_gain":0,"player_choice":"Max HP","damage_taken":0,"max_hp_gain":0,"max_hp_loss":4,"event_name":"Winding Halls","floor":44,"gold_loss":0},{"damage_healed":0,"gold_gain":0,"player_choice":"0 cards matched","damage_taken":0,"max_hp_gain":0,"max_hp_loss":0,"event_name":"Match and Keep!","floor":45,"gold_loss":0,"cards_obtained":[]}],"is_beta":false,"boss_relics":[{"not_picked":["Sozu","Busted Crown"],"picked":"Black Star"},{"not_picked":["Velvet Choker","Fusion Hammer"],"picked":"Runic Pyramid"}],"items_purged_floors":[20,39],"is_endless":false,"potions_floor_spawned":[3,5,7,11,13,21,22,24,41,42],"killed_by":"Shield and Spear","ascension_level":1}}