{"host":"ff0k6g9g9j8o52vm","time":1609142264,"event":{"mods":["AchievementEnabler","Aspiration","Astrologer","BaseMod","Beaked The Cultist","Better Altar","Better Note","Better Sensory Stone","Better Skull","Better Third Choice","Colored Map","Colored Powertips","Curses Come First","Downfall","Duelist Mod","Energized Spire","GifTheSpireLib","Gremlin Mod","Hermit","Highlight Path","Hubris","Infinite Spire","Jorbs\u0027s Wanderer Trilogy","Koishi","Marisa????????","Minty Spire (QoL Compilation)","Quick Restart","Random Character Button","Replay The Spire","Robot Space Explorer","Shade Mod","Somnambulant","StSLib","The Animator","The Bug Knight","The Clintock","The Construct","The Cursed","The Disciple","The Dragon Tamer","The Forsaken","The Gatherer","The Hayseed","The Hierophant","The Judge","The Jungle","The Marked","The Mystic","The Necromancer","The Poker Player","The Runesmith","The Sage","The Saiyan","The Senshi","The Servant 0.9.4","The Wild Card","TheArtist","Wandering Minibosses","Yuri Mod","vexMod"],"gold_per_floor":[110,124,139,139,156,156,175,175,175,192,192,223,223,243,243,243,243],"floor_reached":16,"playtime":1515,"items_purged":[],"score":104,"play_id":"40428647-f5c4-45ef-83c2-bb521d906ed4","local_time":"20201227235744","is_ascension_mode":false,"campfire_choices":[{"floor":6,"key":"REST"},{"data":"Allegro","floor":8,"key":"SMITH"},{"floor":13,"key":"REST"},{"floor":15,"key":"REST"}],"circlet_count":0,"master_deck":["Allegro","Allegro","Defend_Br","Defend_Br","Defend_Br","Defend_Br","SecondHand","PatternShift","Engulf","HandsUpC","Allegro+1","AlternateTimeline","BeatsPerMinute","TiringSlam","SlimeSpray","LockedCalendar"],"relics":["Chronometer","Gremlin Horn","vexMod:CardConverter"],"acts_visited":["Exordium"],"potions_floor_usage":[7,10,12,14],"damage_taken":[{"damage":0,"enemies":"Small Slimes","floor":1,"turns":7},{"damage":2,"enemies":"Jaw Worm","floor":2,"turns":7},{"damage":10,"enemies":"Cultist","floor":3,"turns":7},{"damage":18,"enemies":"Exordium Thugs","floor":5,"turns":6},{"damage":11,"enemies":"Lots of Slimes","floor":7,"turns":5},{"damage":0,"enemies":"Red Slaver","floor":10,"turns":2},{"damage":17,"enemies":"3 Sentries","floor":12,"turns":6},{"damage":17,"enemies":"2 Fungi Beasts","floor":14,"turns":5},{"damage":57,"enemies":"Fading Forest","floor":16,"turns":8}],"seed_played":"-7598457591156834134","potions_obtained":[{"floor":5,"key":"Strength Potion"},{"floor":7,"key":"DistilledChaos"},{"floor":10,"key":"SkillPotion"},{"floor":12,"key":"SpeedPotion"}],"is_trial":false,"path_per_floor":["M","M","M","?","M","R","M","R","T","M","?","E","R","M","R","B"],"character_chosen":"CHRONO_CLASS","items_purchased":[],"campfire_rested":3,"item_purchase_floors":[],"current_hp_per_floor":[59,57,47,40,22,39,28,28,28,28,28,13,31,14,32,0,0],"gold":243,"neow_bonus":"REMOVE_TWO","is_daily":false,"chose_seed":false,"campfire_upgraded":1,"win_rate":0.0,"timestamp":1609142264,"path_taken":["M","M","M","?","M","R","M","R","T","M","?","E","R","M","R","BOSS"],"items_purchased_type":[],"build_version":"2020-12-22","purchased_purges":0,"victory":false,"max_hp_per_floor":[59,59,59,59,59,59,59,59,59,59,59,61,61,61,61,61,61],"card_choices":[{"not_picked":["LockedWarPaint","PrimeTime"],"picked":"Engulf","floor":1},{"not_picked":["BlueShift","LockedMedicine"],"picked":"HandsUpC","floor":2},{"not_picked":["BlueShift","ExoVibe"],"picked":"Tempo","floor":3},{"not_picked":["ExoVibe","LockedBlood"],"picked":"AlternateTimeline","floor":5},{"not_picked":["TickedOff","DaylightSavings"],"picked":"BeatsPerMinute","floor":7},{"not_picked":["ExoVibe","HandsUpB"],"picked":"TiringSlam","floor":10},{"not_picked":["LockedThread","LockedMercury"],"picked":"LockedCalendar","floor":12},{"not_picked":["LockedOrichalcum","TiringSlam","LockedWarPaint"],"picked":"SKIP","floor":14}],"player_experience":898911,"relics_obtained":[{"floor":9,"key":"Gremlin Horn"},{"floor":12,"key":"vexMod:CardConverter"}],"event_choices":[{"cards_removed":["Strike_Br"],"damage_healed":0,"gold_gain":0,"player_choice":"Card Removal","damage_taken":7,"max_hp_gain":0,"max_hp_loss":0,"event_name":"Golden Wing","floor":4,"gold_loss":0},{"damage_healed":0,"gold_gain":0,"cards_transformed":["Strike_Br"],"player_choice":"Transformed","damage_taken":0,"max_hp_gain":0,"max_hp_loss":0,"event_name":"Transmorgrifier","floor":11,"gold_loss":0,"cards_obtained":["SlimeSpray"]}],"is_beta":false,"boss_relics":[],"items_purged_floors":[],"is_endless":false,"potions_floor_spawned":[5,7,10,12],"killed_by":"Fading Forest","ascension_level":0}}