{"host":"j29osl8nelwi4hyu","time":1609196724,"event":{"mods":["BaseMod","Colored Powertips","Hubris","Infinite Spire","Minty Spire (QoL Compilation)","Replay The Spire","StSLib"],"gold_per_floor":[117,117,129,143,123,150,150,180,180,205,205,205,9,24,24,125,125,138,158,83,0,0,0,31,57,104,118,118,118],"floor_reached":28,"playtime":1402,"items_purged":[],"score":343,"play_id":"62d95e45-c2d5-4348-bbbf-07d354bf6e91","local_time":"20201228150524","is_ascension_mode":true,"campfire_choices":[{"data":"Dualcast","floor":7,"key":"SMITH"},{"floor":15,"key":"DIG"},{"floor":23,"key":"REST"}],"circlet_count":0,"master_deck":["Strike_B","Strike_B","Strike_B","Defend_B","Defend_B","Defend_B","Defend_B","Zap","Dualcast+1","Beam Cell","Sweeping Beam","Sunder","Self Repair","Darkness","Skim+1","Glacier","Defragment","Doom and Gloom","FIFO Queue","Echo Form+1","Conserve Battery+1","Go for the Eyes","Ball Lightning","hubris:Ukulele+1"],"relics":["Cracked Core","Centennial Puzzle","Emotion Chip","Pear","hubris:Towel","Golden Egg","Strawberry","hubris:TenFootPole","War Paint"],"acts_visited":["Exordium","TheCity"],"potions_floor_usage":[6,16,16,24],"damage_taken":[{"damage":2,"enemies":"2 Louse","floor":1,"turns":4},{"damage":3,"enemies":"Small Slimes","floor":3,"turns":2},{"damage":2,"enemies":"Jaw Worm","floor":4,"turns":3},{"damage":9,"enemies":"Replay:BlueRogue","floor":6,"turns":9},{"damage":25,"enemies":"Gremlin Nob","floor":8,"turns":4},{"damage":30,"enemies":"Lagavulin","floor":10,"turns":4},{"damage":13,"enemies":"Exordium Wildlife","floor":14,"turns":4},{"damage":31,"enemies":"Fading Forest","floor":16,"turns":11},{"damage":7,"enemies":"Chosen","floor":18,"turns":3},{"damage":30,"enemies":"Shell Parasite","floor":19,"turns":11},{"damage":33,"enemies":"Gremlin Leader","floor":24,"turns":7},{"damage":25,"enemies":"Snecko","floor":27,"turns":6},{"damage":28,"enemies":"Chosen and Byrds","floor":28,"turns":6}],"seed_played":"335358623984650154","potions_obtained":[{"floor":1,"key":"Adrenaline Potion"},{"floor":3,"key":"SneckoOil"},{"floor":10,"key":"AttackPotion"},{"floor":14,"key":"Explosive Potion"},{"floor":18,"key":"SteroidPotion"},{"floor":19,"key":"Languid Potion"}],"is_trial":false,"path_per_floor":["M","?","M","M","?","E","R","E","T","E","?","?","$","M","R","B",null,"M","M","?","?","?","R","E","T","T","M","M"],"character_chosen":"DEFECT","items_purchased":["Defragment","Doom and Gloom","Fire Potion"],"campfire_rested":1,"item_purchase_floors":[13,13,13],"current_hp_per_floor":[73,73,70,68,68,66,66,48,48,35,35,35,35,29,29,13,67,60,37,37,37,37,62,43,43,43,25,0,0],"gold":118,"neow_bonus":"THREE_CARDS","is_daily":false,"chose_seed":false,"campfire_upgraded":1,"win_rate":0.0,"timestamp":1609196724,"path_taken":["M","?","M","M","?","E","R","E","T","E","?","?","?","M","R","BOSS","M","M","?","?","?","R","E","?","T","M","?"],"items_purchased_type":["Card","Card","Potion"],"build_version":"2020-12-22","purchased_purges":0,"victory":false,"max_hp_per_floor":[75,75,75,75,75,75,75,75,75,85,85,85,85,85,85,85,85,85,85,85,85,85,85,92,92,92,92,92,92],"card_choices":[{"not_picked":["Stack","Coolheaded"],"picked":"Beam Cell","floor":0},{"not_picked":["Scrape","Turbo"],"picked":"Sweeping Beam","floor":1},{"not_picked":["ReplayTheSpireMod:Reroute Power","Doom and Gloom"],"picked":"Sunder","floor":3},{"not_picked":["Cold Snap","Hologram"],"picked":"Self Repair","floor":4},{"not_picked":["ReplaySort","Steam"],"picked":"Darkness","floor":6},{"not_picked":["Amplify","Stack"],"picked":"Skim","floor":8},{"not_picked":["Steam","ReplaySolidLightProjector"],"picked":"Glacier","floor":10},{"not_picked":["Rebound","Coolheaded"],"picked":"FIFO Queue","floor":14},{"not_picked":["Hyperbeam","Mirror Shield"],"picked":"Echo Form","floor":16},{"not_picked":["Barrage","Go for the Eyes"],"picked":"Conserve Battery","floor":18},{"not_picked":["Consume","Glacier"],"picked":"Go for the Eyes","floor":19},{"not_picked":["Go for the Eyes+1","Sweeping Beam"],"picked":"Ball Lightning","floor":24},{"not_picked":["Coolheaded+1","Beam Cell"],"picked":"hubris:Ukulele+1","floor":27}],"player_experience":257917,"relics_obtained":[{"floor":6,"key":"Centennial Puzzle"},{"floor":8,"key":"Emotion Chip"},{"floor":10,"key":"Pear"},{"floor":15,"key":"Golden Egg"},{"floor":24,"key":"Strawberry"},{"floor":25,"key":"hubris:TenFootPole"},{"floor":26,"key":"War Paint"}],"event_choices":[{"damage_healed":0,"gold_gain":0,"player_choice":"Left Gold","damage_taken":0,"max_hp_gain":0,"max_hp_loss":0,"event_name":"World of Goop","floor":5,"gold_loss":20},{"cards_removed":["Strike_B"],"damage_healed":0,"gold_gain":0,"player_choice":"Gave Gold","damage_taken":0,"max_hp_gain":0,"max_hp_loss":0,"event_name":"Beggar","floor":20,"gold_loss":75},{"damage_healed":0,"gold_gain":0,"player_choice":"Paid Fearfully","damage_taken":0,"max_hp_gain":0,"max_hp_loss":0,"event_name":"Masked Bandits","floor":21,"gold_loss":83},{"damage_healed":0,"gold_gain":0,"player_choice":"Ignored","damage_taken":0,"max_hp_gain":0,"max_hp_loss":0,"event_name":"Vampires","floor":22,"gold_loss":0}],"is_beta":false,"boss_relics":[{"not_picked":["Cursed Key","hubris:CrackedHourglass","Fusion Hammer"]}],"items_purged_floors":[],"is_endless":false,"potions_floor_spawned":[1,3,10,14,18,19],"killed_by":"Chosen and Byrds","ascension_level":5}}