{"host":"w3q5ijqu8eoknil3","time":1609120746,"event":{"mods":["AchievementEnabler","BaseMod","Block Reminder","Colored Powertips","Minty Spire (QoL Compilation)","Quick Restart","Relic Stats","ojb\u0027s Better Paths Mod","ojb\u0027s Info Mod","slay the spire mod where everything is the same but ironclad has a cowboy hat"],"gold_per_floor":[111,111,111,125,125,125,153,173,173,173,4,4,4,4,4],"floor_reached":14,"playtime":260,"items_purged":[],"score":172,"play_id":"51557792-2402-47e5-97d4-f521a7d4e367","local_time":"20201228015906","is_ascension_mode":true,"campfire_choices":[{"data":"Bash","floor":6,"key":"SMITH"}],"circlet_count":0,"master_deck":["AscendersBane","Strike_R","Strike_R","Strike_R","Strike_R","Defend_R","Defend_R","Defend_R","Defend_R","Bash+1","Dropkick","Iron Wave+1","Cleave","Thunderclap"],"relics":["Burning Blood","Champion Belt","Letter Opener","Bottled Flame","Frozen Eye"],"acts_visited":["Exordium"],"potions_floor_usage":[7,14],"damage_taken":[{"damage":3,"enemies":"Cultist","floor":1,"turns":4},{"damage":8,"enemies":"Small Slimes","floor":4,"turns":5},{"damage":32,"enemies":"Gremlin Nob","floor":7,"turns":5},{"damage":12,"enemies":"Jaw Worm","floor":8,"turns":3},{"damage":3,"enemies":"3 Sentries","floor":14,"turns":2}],"seed_played":"6640184746375008590","potions_obtained":[{"floor":1,"key":"Block Potion"},{"floor":7,"key":"GamblersBrew"},{"floor":8,"key":"ElixirPotion"}],"is_trial":false,"path_per_floor":["M","?","?","M","?","R","E","M","T","?","$","?","$","E"],"character_chosen":"IRONCLAD","items_purchased":["Frozen Eye"],"campfire_rested":0,"item_purchase_floors":[11],"current_hp_per_floor":[53,46,46,44,44,44,18,12,12,1,1,1,1,0,0],"gold":4,"neow_bonus":"ONE_RARE_RELIC","is_daily":false,"chose_seed":false,"campfire_upgraded":1,"win_rate":0.0,"timestamp":1609120746,"path_taken":["M","?","?","M","?","R","E","M","T","?","$","?","$","E"],"items_purchased_type":["Relic"],"build_version":"2020-12-22","purchased_purges":0,"victory":false,"max_hp_per_floor":[75,75,75,75,75,75,75,75,75,75,75,75,75,75,75],"relic_stats":{"counters":[5,19],"Champion Belt":[6],"Letter Opener":[0],"obtain_stats":[{"Frozen Eye":11,"Bottled Flame":9,"Champion Belt":0,"Letter Opener":7,"Burning Blood":0},{"Frozen Eye":4,"Bottled Flame":4,"Champion Belt":0,"Letter Opener":3,"Burning Blood":0},{"Frozen Eye":17,"Bottled Flame":17,"Champion Belt":0,"Letter Opener":14,"Burning Blood":0}],"Burning Blood":24},"card_choices":[{"not_picked":["Blood for Blood","Intimidate"],"picked":"Dropkick","floor":1},{"not_picked":["Sentinel","Clash"],"picked":"Iron Wave","floor":4},{"not_picked":["Dual Wield","Searing Blow"],"picked":"Cleave","floor":7},{"not_picked":["Hemokinesis","Dark Embrace"],"picked":"Thunderclap","floor":8}],"player_experience":949131,"relics_obtained":[{"floor":7,"key":"Letter Opener"},{"floor":9,"key":"Bottled Flame"}],"event_choices":[{"cards_removed":["Strike_R"],"damage_healed":0,"gold_gain":0,"player_choice":"Card Removal","damage_taken":7,"max_hp_gain":0,"max_hp_loss":0,"event_name":"Golden Wing","floor":2,"gold_loss":0},{"damage_healed":0,"gold_gain":0,"player_choice":"Ignored","damage_taken":0,"max_hp_gain":0,"max_hp_loss":0,"event_name":"Shining Light","floor":3,"gold_loss":0},{"damage_healed":0,"gold_gain":0,"player_choice":"Ignored","damage_taken":0,"max_hp_gain":0,"max_hp_loss":0,"event_name":"Liars Game","floor":5,"gold_loss":0},{"damage_healed":0,"gold_gain":0,"player_choice":"Fled","damage_taken":11,"max_hp_gain":0,"max_hp_loss":0,"event_name":"Scrap Ooze","floor":10,"gold_loss":0},{"damage_healed":0,"gold_gain":0,"player_choice":"Upgraded","damage_taken":0,"max_hp_gain":0,"max_hp_loss":0,"event_name":"Upgrade Shrine","floor":12,"gold_loss":0,"cards_upgraded":["Iron Wave"]}],"is_beta":false,"boss_relics":[],"items_purged_floors":[],"is_endless":false,"potions_floor_spawned":[1,7,8],"killed_by":"3 Sentries","ascension_level":20}}