{"host":"2461dio7vetlq1z3","time":1609141342,"event":{"mods":["2.2 Compatiblity","AchievementEnabler","Aspiration","Bard","BaseMod","Better Third Choice","Friendly Minions","Hermit","Minty Spire (QoL Compilation)","Relic Stats","Spicy Shops","StSLib","Waifu the Spire"],"gold_per_floor":[116,116,129,148,163,191,191,39,66,99,99,29,58,73,73,173,173,193,293,308,208,3,3,29,44,44,377,390,416,432,462,462,560,560,580,127,177,192,202,202,233,233,260,294,309,329,329,346,346,346],"floor_reached":51,"playtime":4421,"items_purged":["bard:Strike","bard:Strike","bard:Defend","bard:Strike"],"score":1306,"play_id":"a61dcff0-961f-4fdf-8c9a-f41d26c00f56","local_time":"20201228084222","is_ascension_mode":true,"campfire_choices":[{"data":"bard:Blink","floor":7,"key":"SMITH"},{"data":"bard:LifeDrain","floor":11,"key":"SMITH"},{"data":"bard:LifeDrain","floor":15,"key":"SMITH"},{"data":"bard:Wish","floor":23,"key":"SMITH"},{"data":"bard:FingerOfDeath","floor":32,"key":"SMITH"},{"data":"bard:Sonata","floor":40,"key":"SMITH"},{"data":"bard:SixFourTime","floor":42,"key":"SMITH"},{"floor":47,"key":"RECALL"},{"data":"bard:Blink","floor":49,"key":"SMITH"}],"circlet_count":0,"master_deck":["bard:Defend","bard:Defend","bard:Defend","bard:Riposte","bard:Inspire","bard:EchoEcho","bard:Heroism","bard:EchoEcho+1","bard:Blink+1","bard:Flourish","bard:LifeDrain+1","bard:LifeDrain+1","bard:FirstStrike","bard:Thunderwave+1","bard:GlyphOfWarding+1","bard:BestowCurse+1","bard:SixFourTime+1","bard:GlyphOfWarding","bard:PhantasmalForce","bard:Demoralize+1","bard:FingerOfDeath+1","bard:SixFourTime+1","bard:Blink+1","bard:ViciousMockery+1","bard:Thunderwave+1","bard:Sonata+1","bard:StudiedStrike+1","bard:DervishDance+1","bard:FaerieFire+1","bard:LingeringEcho+1","bard:StudiedStrike+1","bard:Demoralize+1"],"relics":["bard:BagPipes","SacredBark","Akabeko","Orichalcum","Centennial Puzzle","Art of War","Coffee Dripper","Whetstone","Prayer Wheel","Old Coin","bard:StrangeHarp","aspiration:StickyExplosives_weak","aspiration:RunicSpoon","Bag of Preparation","Anchor","Du-Vu Doll","aspiration:HatOfInfinitePower","Ornamental Fan"],"acts_visited":["Exordium","TheCity","TheBeyond","TheEnding"],"potions_floor_usage":[6,20,27,29,50],"damage_taken":[{"damage":0,"enemies":"2 Louse","floor":1,"turns":4},{"damage":1,"enemies":"Cultist","floor":3,"turns":3},{"damage":0,"enemies":"Small Slimes","floor":4,"turns":3},{"damage":0,"enemies":"2 Fungi Beasts","floor":5,"turns":3},{"damage":7,"enemies":"Gremlin Nob","floor":6,"turns":3},{"damage":3,"enemies":"Lagavulin","floor":10,"turns":7},{"damage":0,"enemies":"3 Sentries","floor":13,"turns":3},{"damage":0,"enemies":"Exordium Thugs","floor":14,"turns":3},{"damage":0,"enemies":"The Guardian","floor":16,"turns":8},{"damage":0,"enemies":"3 Byrds","floor":18,"turns":5},{"damage":0,"enemies":"2 Thieves","floor":20,"turns":3},{"damage":19,"enemies":"Slavers","floor":24,"turns":5},{"damage":7,"enemies":"Snake Plant","floor":25,"turns":2},{"damage":0,"enemies":"Gremlin Leader","floor":27,"turns":5},{"damage":0,"enemies":"Snecko","floor":28,"turns":4},{"damage":0,"enemies":"Slavers","floor":29,"turns":4},{"damage":0,"enemies":"Centurion and Healer","floor":30,"turns":5},{"damage":0,"enemies":"Gremlin Leader","floor":31,"turns":6},{"damage":0,"enemies":"Champ","floor":33,"turns":10},{"damage":0,"enemies":"Orb Walker","floor":35,"turns":3},{"damage":0,"enemies":"Mind Bloom Boss Battle","floor":37,"turns":5},{"damage":12,"enemies":"3 Darklings","floor":38,"turns":3},{"damage":9,"enemies":"Transient","floor":39,"turns":5},{"damage":0,"enemies":"Nemesis","floor":41,"turns":5},{"damage":12,"enemies":"Reptomancer","floor":44,"turns":5},{"damage":12,"enemies":"Sphere and 2 Shapes","floor":45,"turns":3},{"damage":0,"enemies":"4 Shapes","floor":46,"turns":1},{"damage":0,"enemies":"Transient","floor":48,"turns":5},{"damage":5,"enemies":"Donu and Deca","floor":50,"turns":5}],"seed_played":"-238868179469440830","potions_obtained":[{"floor":1,"key":"PowerPotion"},{"floor":5,"key":"Energy Potion"},{"floor":6,"key":"SkillPotion"},{"floor":10,"key":"Block Potion"},{"floor":13,"key":"SkillPotion"},{"floor":24,"key":"SmokeBomb"},{"floor":25,"key":"SteroidPotion"},{"floor":29,"key":"bard:InspiredBrew"},{"floor":30,"key":"SneckoOil"},{"floor":37,"key":"Fire Potion"}],"is_trial":false,"path_per_floor":["M","?","M","M","M","E","R","$","T","E","R","$","E","M","R","B",null,"M","?","M","$","$","R","E","M","T","E","M","E","M","E","R","B",null,"M","$","?","M","M","R","E","R","T","E","M","M","R","M","R","B",null],"character_chosen":"BARD","items_purchased":["bard:LifeDrain","bard:FirstStrike","bard:GlyphOfWarding","Bag of Preparation","Anchor"],"campfire_rested":0,"item_purchase_floors":[8,12,22,36,36],"current_hp_per_floor":[70,70,69,69,69,62,62,62,62,59,59,59,59,59,59,59,70,70,70,70,70,70,70,51,44,44,44,44,44,44,44,44,44,70,70,70,70,58,49,49,49,49,49,37,25,25,25,25,25,20],"gold":346,"neow_bonus":"BOSS_RELIC","is_daily":false,"chose_seed":false,"campfire_upgraded":8,"win_rate":0.0,"timestamp":1609141342,"path_taken":["M","?","M","M","?","E","R","?","T","E","R","$","E","M","R","BOSS","M","?","M","?","$","R","E","M","T","E","?","E","M","E","R","BOSS","M","$","?","M","M","R","E","R","T","E","M","M","R","M","R","BOSS"],"items_purchased_type":["Card","Card","Card","Relic","Relic"],"build_version":"2020-12-22","purchased_purges":4,"victory":true,"max_hp_per_floor":[70,70,70,70,70,70,70,70,70,70,70,70,70,70,70,70,70,70,70,70,70,70,70,70,70,70,70,70,70,70,70,70,70,70,70,70,70,70,70,70,70,70,70,70,70,70,70,70,70,70],"relic_stats":{"Centennial Puzzle":[21],"counters":[29,126],"Ornamental Fan":[12],"aspiration:RunicSpoon":[48],"Prayer Wheel":8,"Art of War":[4],"Bag of Preparation":[18],"Whetstone":["bard:EchoEcho","bard:Thunderwave"],"Orichalcum":[330],"obtain_stats":[{"bard:BagPipes":0,"bard:PitchPipe":0,"SacredBark":0,"aspiration:RunicSpoon":34,"Bag of Preparation":36,"Whetstone":24,"Orichalcum":9,"bard:StrangeHarp":29,"Akabeko":6,"Old Coin":27,"aspiration:StickyExplosives_weak":31,"Du-Vu Doll":37,"Centennial Puzzle":10,"Anchor":36,"Ornamental Fan":44,"Prayer Wheel":26,"Art of War":13,"Coffee Dripper":17,"aspiration:HatOfInfinitePower":41},{"bard:BagPipes":0,"bard:PitchPipe":0,"SacredBark":0,"aspiration:RunicSpoon":19,"Bag of Preparation":20,"Whetstone":12,"Orichalcum":5,"bard:StrangeHarp":16,"Akabeko":5,"Old Coin":14,"aspiration:StickyExplosives_weak":18,"Du-Vu Doll":21,"Centennial Puzzle":6,"Anchor":20,"Ornamental Fan":25,"Prayer Wheel":13,"Art of War":7,"Coffee Dripper":9,"aspiration:HatOfInfinitePower":24},{"bard:BagPipes":0,"bard:PitchPipe":0,"SacredBark":0,"aspiration:RunicSpoon":86,"Bag of Preparation":89,"Whetstone":50,"Orichalcum":16,"bard:StrangeHarp":65,"Akabeko":16,"Old Coin":57,"aspiration:StickyExplosives_weak":76,"Du-Vu Doll":94,"Centennial Puzzle":23,"Anchor":89,"Ornamental Fan":112,"Prayer Wheel":52,"Art of War":26,"Coffee Dripper":37,"aspiration:HatOfInfinitePower":107}]},"card_choices":[{"not_picked":["bard:StudiedStrike","bard:EnGarde"],"picked":"bard:EchoEcho","floor":1},{"not_picked":["bard:OffKey","bard:Accelerando"],"picked":"bard:Heroism","floor":3},{"not_picked":["bard:LocateObject","bard:Sift"],"picked":"bard:EchoEcho","floor":4},{"not_picked":["bard:EchoEcho","bard:Greatness"],"picked":"bard:Blink","floor":5},{"not_picked":["bard:StudiedStrike","bard:HideousLaughter"],"picked":"bard:Flourish","floor":6},{"not_picked":["bard:Gamble","bard:Demoralize"],"picked":"bard:LifeDrain","floor":10},{"not_picked":["bard:GuardPoint","bard:PhantasmalForce"],"picked":"bard:Thunderwave","floor":13},{"not_picked":["bard:Solo","bard:EchoEcho","bard:SongBolt"],"picked":"SKIP","floor":14},{"not_picked":["bard:DeathMetal","bard:SplendidForm"],"picked":"bard:Wish","floor":16},{"not_picked":["bard:LingeringEcho","bard:Thunderwave+1"],"picked":"bard:BestowCurse+1","floor":18},{"not_picked":["bard:FeastOnFear","bard:Parry"],"picked":"bard:SixFourTime+1","floor":20},{"not_picked":["bard:DervishDance","bard:OffKey"],"picked":"bard:PhantasmalForce","floor":24},{"not_picked":["bard:Sift+1","bard:GlyphOfWarding"],"picked":"bard:Demoralize+1","floor":25},{"not_picked":["bard:StudiedStrike","bard:ViciousMockery"],"picked":"bard:FingerOfDeath","floor":27},{"not_picked":["bard:EchoEcho","bard:LingeringPerformance"],"picked":"bard:SixFourTime","floor":28},{"not_picked":["bard:Fermata","bard:OffKey"],"picked":"bard:Blink","floor":28},{"not_picked":["bard:HarmoniousVoice+1","bard:TinyHut"],"picked":"bard:ViciousMockery+1","floor":29},{"not_picked":["bard:Balestra","bard:TinyHut","bard:Sift"],"picked":"SKIP","floor":30},{"not_picked":["bard:SixFourTime","bard:DeathMetal","bard:LingeringEcho"],"picked":"SKIP","floor":30},{"not_picked":["bard:QuickSong+1","bard:OffKey"],"picked":"bard:Thunderwave+1","floor":31},{"not_picked":["bard:CovetousAura","bard:PowerWordStun"],"picked":"bard:Sonata","floor":33},{"not_picked":["bard:BucklerBash","bard:Heroism","bard:EchoEcho+1"],"picked":"SKIP","floor":35},{"not_picked":["bard:LifeDrain","bard:Flourish","bard:BucklerBash"],"picked":"SKIP","floor":35},{"not_picked":["bard:TinyHut+1","bard:DervishDance+1"],"picked":"bard:StudiedStrike+1","floor":37},{"not_picked":["bard:Shout+1","bard:StudiedStrike"],"picked":"bard:DervishDance+1","floor":38},{"not_picked":["bard:ThickOfTheFight+1","bard:EchoEcho+1","bard:Fermata"],"picked":"SKIP","floor":38},{"not_picked":["bard:LingeringEcho","bard:Silence"],"picked":"bard:FaerieFire+1","floor":39},{"not_picked":["bard:ThickOfTheFight+1","bard:BottledSong","bard:Parry+1"],"picked":"SKIP","floor":39},{"not_picked":["bard:OffKey","bard:Thunderwave","bard:InspiringSong"],"picked":"SKIP","floor":41},{"not_picked":["bard:Demoralize","bard:MnemonicVestments"],"picked":"bard:LingeringEcho+1","floor":44},{"not_picked":["bard:LingeringPerformance","bard:CuttingWords"],"picked":"bard:StudiedStrike+1","floor":45},{"not_picked":["bard:TinyHut+1","bard:Parry"],"picked":"bard:Demoralize+1","floor":45},{"not_picked":["bard:EchoEcho+1","bard:GuardPoint+1","bard:FeastOnFear"],"picked":"SKIP","floor":46},{"not_picked":["bard:Flourish","bard:SongBolt+1","bard:Shifting"],"picked":"SKIP","floor":46},{"not_picked":["bard:QuickSong","bard:LingeringPerformance","bard:FirstStrike"],"picked":"SKIP","floor":48},{"not_picked":["bard:LocateObject+1","bard:HideousLaughter+1","bard:Accelerando+1"],"picked":"SKIP","floor":48}],"player_experience":974187,"relics_obtained":[{"floor":6,"key":"Akabeko"},{"floor":9,"key":"Orichalcum"},{"floor":10,"key":"Centennial Puzzle"},{"floor":13,"key":"Art of War"},{"floor":24,"key":"Whetstone"},{"floor":26,"key":"Prayer Wheel"},{"floor":27,"key":"Old Coin"},{"floor":29,"key":"bard:StrangeHarp"},{"floor":31,"key":"aspiration:StickyExplosives_weak"},{"floor":37,"key":"Du-Vu Doll"},{"floor":41,"key":"aspiration:HatOfInfinitePower"},{"floor":44,"key":"Ornamental Fan"}],"event_choices":[{"cards_removed":["bard:Strike"],"damage_healed":0,"gold_gain":0,"player_choice":"Purged","damage_taken":0,"max_hp_gain":0,"max_hp_loss":0,"event_name":"Purifier","floor":2,"gold_loss":0},{"damage_healed":0,"gold_gain":100,"player_choice":"Pray","damage_taken":0,"max_hp_gain":0,"max_hp_loss":0,"event_name":"Golden Shrine","floor":19,"gold_loss":0},{"damage_healed":0,"gold_gain":0,"player_choice":"Fight","damage_taken":0,"max_hp_gain":0,"max_hp_loss":0,"event_name":"MindBloom","floor":37,"gold_loss":0}],"is_beta":false,"boss_relics":[{"not_picked":["Busted Crown","bard:DeepVero"],"picked":"Coffee Dripper"},{"not_picked":["Tiny House","Runic Pyramid"],"picked":"aspiration:RunicSpoon"}],"items_purged_floors":[8,21,22,36],"is_endless":false,"potions_floor_spawned":[1,5,6,10,13,24,25,29,30,37,39,41,45,48],"ascension_level":1}}