{"host":"5f8ute538gzudddu","time":1609114095,"event":{"mods":["BaseMod","Highlight Path","Minty Spire (QoL Compilation)","Relic Stats","StSLib"],"gold_per_floor":[119,136,286,333,59,59,87,87,87,114,94,129,147,163,163,237,237,253,273,273,292,312,312,312],"floor_reached":23,"playtime":1008,"items_purged":["Doubt"],"score":522,"play_id":"7a6777a5-bdd1-48d4-b503-5171acae2f45","local_time":"20201227160815","is_ascension_mode":true,"campfire_choices":[{"data":"Eruption","floor":6.0,"key":"SMITH"},{"data":"FlurryOfBlows","floor":8.0,"key":"SMITH"},{"data":"Consecrate","floor":15.0,"key":"SMITH"}],"circlet_count":0,"master_deck":["AscendersBane","Strike_P","Strike_P+1","Strike_P","Strike_P+1","Defend_P","Defend_P","Defend_P","Defend_P","Eruption+1","Vigilance","Consecrate+1","InnerPeace","ReachHeaven","FlurryOfBlows+1","Sanctity","FearNoEvil","DeusExMachina","ThirdEye+1","BowlingBash","Devotion"],"relics":["VioletLotus","Toy Ornithopter","Anchor","Vajra","The Courier","White Beast Statue","Whetstone","Coffee Dripper"],"acts_visited":["Exordium","TheCity"],"potions_floor_usage":[23],"damage_taken":[{"damage":9.0,"enemies":"Jaw Worm","floor":1.0,"turns":5.0},{"damage":1.0,"enemies":"Small Slimes","floor":2.0,"turns":5.0},{"damage":17.0,"enemies":"Lagavulin","floor":7.0,"turns":4.0},{"damage":15.0,"enemies":"3 Sentries","floor":10.0,"turns":4.0},{"damage":12.0,"enemies":"Lagavulin","floor":12.0,"turns":5.0},{"damage":2.0,"enemies":"Cultist","floor":13.0,"turns":4.0},{"damage":0.0,"enemies":"Red Slaver","floor":14.0,"turns":2.0},{"damage":0.0,"enemies":"Slime Boss","floor":16.0,"turns":3.0},{"damage":0.0,"enemies":"Chosen","floor":18.0,"turns":3.0},{"damage":4.0,"enemies":"Shell Parasite","floor":19.0,"turns":3.0},{"damage":21.0,"enemies":"Chosen and Byrds","floor":21.0,"turns":5.0},{"damage":13.0,"enemies":"Shelled Parasite and Fungi","floor":22.0,"turns":3.0},{"damage":36,"enemies":"Book of Stabbing","floor":23,"turns":4}],"seed_played":"4502068503435543312","potions_obtained":[{"floor":2.0,"key":"Energy Potion"},{"floor":7.0,"key":"LiquidMemories"},{"floor":11.0,"key":"Ancient Potion"},{"floor":12.0,"key":"SteroidPotion"},{"floor":13.0,"key":"CultistPotion"},{"floor":18.0,"key":"SkillPotion"},{"floor":21.0,"key":"ColorlessPotion"},{"floor":22.0,"key":"LiquidBronze"}],"is_trial":false,"path_per_floor":["M","M","?","T","$","R","E","R","T","E","?","E","M","M","R","B",null,"M","M","?","M","M","E"],"character_chosen":"WATCHER","items_purchased":["Anchor","ReachHeaven"],"campfire_rested":0,"item_purchase_floors":[5,5],"current_hp_per_floor":[52,51,51,51,51,51,34,34,34,24,24,12,15,15,15,15,55,55,51,51,35,27,0,0],"gold":312,"neow_bonus":"BOSS_RELIC","is_daily":false,"chose_seed":false,"campfire_upgraded":3,"win_rate":0.0,"timestamp":1609114095,"path_taken":["M","M","?","?","$","R","E","R","T","E","?","E","M","M","R","BOSS","M","M","?","M","M","E"],"items_purchased_type":["Relic","Card"],"build_version":"2020-12-22","purchased_purges":1,"victory":false,"max_hp_per_floor":[68,68,68,68,68,68,68,68,68,68,68,68,68,68,68,68,68,68,68,68,68,68,68,68],"relic_stats":{"counters":[13,50],"VioletLotus":[8],"Whetstone":["Strike_P","Strike_P"],"obtain_stats":[{"Anchor":5,"Vajra":7,"VioletLotus":0,"The Courier":9,"Coffee Dripper":17,"Whetstone":12,"PureWater":0,"Toy Ornithopter":4,"White Beast Statue":10},{"Anchor":2,"Vajra":3,"VioletLotus":0,"The Courier":3,"Coffee Dripper":8,"Whetstone":5,"PureWater":0,"Toy Ornithopter":2,"White Beast Statue":4},{"Anchor":10,"Vajra":14,"VioletLotus":0,"The Courier":14,"Coffee Dripper":32,"Whetstone":23,"PureWater":0,"Toy Ornithopter":10,"White Beast Statue":18}],"Toy Ornithopter":25},"card_choices":[{"not_picked":["ThirdEye","Halt"],"picked":"Consecrate","floor":1.0},{"not_picked":["JustLucky","Evaluate"],"picked":"InnerPeace","floor":2.0},{"not_picked":["Prostrate","ForeignInfluence"],"picked":"FlurryOfBlows","floor":7.0},{"not_picked":["Perseverance","CutThroughFate","ReachHeaven"],"picked":"SKIP","floor":10.0},{"not_picked":["BattleHymn","FlurryOfBlows"],"picked":"Sanctity","floor":12.0},{"not_picked":["Wireheading","FlyingSleeves","Indignation"],"picked":"SKIP","floor":13.0},{"not_picked":["CutThroughFate","Indignation"],"picked":"FearNoEvil","floor":14.0},{"not_picked":["Establishment","Brilliance"],"picked":"DeusExMachina","floor":16.0},{"not_picked":["EmptyFist","EmptyBody"],"picked":"ThirdEye+1","floor":18.0},{"not_picked":["Wallop","ThirdEye"],"picked":"BowlingBash","floor":19.0},{"not_picked":["WheelKick","ThirdEye"],"picked":"Devotion","floor":21.0},{"not_picked":["CrushJoints","Halt","InnerPeace"],"picked":"SKIP","floor":22.0}],"player_experience":926452,"relics_obtained":[{"floor":4.0,"key":"Toy Ornithopter"},{"floor":7.0,"key":"Vajra"},{"floor":9.0,"key":"The Courier"},{"floor":10.0,"key":"White Beast Statue"},{"floor":12.0,"key":"Whetstone"}],"event_choices":[{"damage_healed":0.0,"max_hp_gain":0.0,"max_hp_loss":0.0,"gold_gain":150.0,"event_name":"Liars Game","player_choice":"AGREE","floor":3.0,"gold_loss":0.0,"damage_taken":0.0,"cards_obtained":["Doubt"]},{"damage_healed":0.0,"max_hp_gain":0.0,"max_hp_loss":0.0,"gold_gain":0.0,"event_name":"The Woman in Blue","player_choice":"Bought 1 Potion","floor":11.0,"gold_loss":0.0,"damage_taken":0.0},{"damage_healed":0.0,"max_hp_gain":0.0,"max_hp_loss":0.0,"gold_gain":0.0,"event_name":"Match and Keep!","player_choice":"0 cards matched","floor":20.0,"gold_loss":0.0,"damage_taken":0.0,"cards_obtained":[]}],"is_beta":false,"boss_relics":[{"not_picked":["Snecko Eye","Runic Pyramid"],"picked":"Coffee Dripper"}],"items_purged_floors":[5],"is_endless":false,"potions_floor_spawned":[2,7,12,13,14,16,18,19,21,22],"killed_by":"Book of Stabbing","ascension_level":20}}