{"host":"9xye55gy2im9zffl","time":1609154800,"event":{"mods":["2.2 Compatiblity","Astrologer","BaseMod","Beaked The Cultist","Better Altar","Better Match","Better Note","Better Sensory Stone","Better Skull","Better Third Choice","Dio Mod","Downfall","Friendly Minions","Hermit","Hero for Fun","Minty Spire (QoL Compilation)","Shop Mod","Small Relic Pack","StSLib","The Animator","The Bladedancer","The Cursed","The Disciple","The Exalted","The Hierophant","The Poker Player","The Runesmith","The Valiant","The Wild Card","TheArtist","Wandering Minibosses"],"gold_per_floor":[99,113,113,129,144,419,419,124,135,155,172,67,67,78,93,191,191,41,55,69,26,91,91,117,117,117,117,184,234,234,234],"floor_reached":29,"playtime":6300,"items_purged":["Regret"],"score":269,"play_id":"b88e87db-273f-4a07-a44a-e1bfe46ec403","local_time":"20201228052640","is_ascension_mode":false,"campfire_choices":[{"floor":1,"key":"RECALL"},{"floor":13,"key":"REST"},{"data":"champ:PerfectForm","floor":18,"key":"SMITH"},{"floor":27,"key":"REST"}],"circlet_count":0,"master_deck":["champ:Strike","champ:Strike","champ:Strike","champ:Strike","champ:Defend","champ:Defend","champ:Defend","champ:Defend","champ:Execute","champ:Taunt","champ:DefensiveShout","champ:Aggression","champ:BringItOn","champ:Backstep","champ:ShieldSlam","champ:IgnorePain","champ:FaceSlap","champ:Backstep","champ:FlashCut","champ:StanceDance","champ:ShieldWall","champ:PerfectedStrike","champ:Balance","champ:HoldFirm","champ:PerfectForm+1","champ:Circumvent","champ:BladeFlurry","champ:BringItOn","champ:ShieldWall","champ:TornadoPunch+1","champ:TornadoPunch+1"],"relics":["champ:ChampionCrown","relicPack:KazumaCape","downfall:HeartBlessingRed","downfall:HeartBlessingBlue","Toy Ornithopter","champ:GladiatorsBookOfMartialProwess"],"acts_visited":["Exordium","TheCity"],"potions_floor_usage":[4,16,19,19],"damage_taken":[{"damage":20,"enemies":"Cultist","floor":2,"turns":4},{"damage":15,"enemies":"Jaw Worm","floor":4,"turns":3},{"damage":5,"enemies":"2 Louse","floor":5,"turns":2},{"damage":14,"enemies":"downfall:FleeingMerchant","floor":8,"turns":4},{"damage":10,"enemies":"Lots of Slimes","floor":9,"turns":5},{"damage":17,"enemies":"Blue Slaver","floor":10,"turns":5},{"damage":12,"enemies":"Large Slime","floor":11,"turns":6},{"damage":19,"enemies":"downfall:FleeingMerchant","floor":12,"turns":4},{"damage":7,"enemies":"3 Louse","floor":14,"turns":4},{"damage":17,"enemies":"Blue Slaver","floor":15,"turns":4},{"damage":74,"enemies":"downfall:Ironclad","floor":16,"turns":12},{"damage":31,"enemies":"3 Byrds","floor":19,"turns":6},{"damage":19,"enemies":"Shell Parasite","floor":20,"turns":5},{"damage":19,"enemies":"downfall:FleeingMerchant","floor":21,"turns":4},{"damage":39,"enemies":"3 Cultists","floor":22,"turns":8},{"damage":46,"enemies":"Centurion and Healer","floor":28,"turns":7},{"damage":42,"enemies":"Book of Stabbing","floor":29,"turns":3}],"seed_played":"-619180955416853653","potions_obtained":[{"floor":4,"key":"Fruit Juice"},{"floor":11,"key":"Swift Potion"},{"floor":16,"key":"SkillPotion"}],"is_trial":false,"path_per_floor":["R","M","?","M","M","?","T","$","M","M","M","$","R","M","M","B",null,"R","M","M","$","M","?","T","?","?","R","M","E"],"character_chosen":"THE_CHAMP","items_purchased":["champ:ShieldSlam","champ:IgnorePain","champ:ShieldWall","champ:PerfectedStrike","champ:ShieldWall"],"campfire_rested":2,"item_purchase_floors":[8,8,12,12,21],"current_hp_per_floor":[81,71,77,80,80,80,80,78,73,66,66,61,94,87,75,25,113,123,95,85,75,50,50,50,50,50,86,42,0,0,0],"gold":234,"neow_bonus":"TWENTY_PERCENT_HP_BONUS","is_daily":false,"chose_seed":false,"campfire_upgraded":1,"win_rate":0.0,"timestamp":1609154800,"path_taken":["R","M","?","M","?","?","T","$","M","M","M","$","R","?","M","BOSS","R","M","M","$","M","?","T","?","?","R","M","E"],"items_purchased_type":["Card","Card","Card","Card","Card"],"build_version":"2020-12-22","purchased_purges":1,"victory":false,"max_hp_per_floor":[108,108,108,113,113,113,113,113,113,113,113,113,113,113,113,113,113,123,123,123,123,123,123,123,123,123,123,123,123,123,123],"card_choices":[{"not_picked":["champ:FlashCut","champ:GladiatorsShout"],"picked":"champ:DefensiveShout","floor":2},{"not_picked":["champ:FaceSlap","champ:BladeFlurry"],"picked":"champ:Aggression","floor":4},{"not_picked":["champ:CrookedStrike","champ:FocusedDefense"],"picked":"champ:BringItOn","floor":5},{"not_picked":["champ:FlashCut","champ:HoldFirm"],"picked":"champ:Backstep","floor":8},{"not_picked":["champ:Aggression","champ:RecklessLeap"],"picked":"champ:FaceSlap","floor":9},{"not_picked":["champ:FocusedGladiator","champ:DefensiveShout"],"picked":"champ:Backstep","floor":10},{"not_picked":["champ:Riposte","champ:GutPunch"],"picked":"champ:FlashCut","floor":11},{"not_picked":["champ:EnGarde","champ:BerserkersShout"],"picked":"champ:StanceDance","floor":12},{"not_picked":["champ:BladeFlurry","champ:CrookedStrike"],"picked":"champ:Balance","floor":14},{"not_picked":["champ:GutPunch","champ:EndlessRage"],"picked":"champ:HoldFirm","floor":15},{"not_picked":["champ:VampiricStrike","champ:SteelEdge"],"picked":"champ:PerfectForm","floor":16},{"not_picked":["champ:BladeFlurry","champ:RecklessLeap"],"picked":"champ:Circumvent","floor":19},{"not_picked":["champ:GladiatorsShout+1","champ:TornadoPunch"],"picked":"champ:BladeFlurry","floor":20},{"not_picked":["champ:BladeFlurry","champ:Balance"],"picked":"champ:BringItOn","floor":21},{"not_picked":["champ:BladeFlurry+1","champ:StanceDance"],"picked":"champ:TornadoPunch+1","floor":22},{"not_picked":["champ:Balance+1","champ:CrookedStrike+1"],"picked":"champ:TornadoPunch+1","floor":28}],"player_experience":341275,"relics_obtained":[{"floor":24,"key":"Toy Ornithopter"}],"event_choices":[{"damage_healed":6,"gold_gain":0,"player_choice":"LEAVE ","damage_taken":0,"relics_obtained":[],"max_hp_gain":0,"max_hp_loss":0,"event_name":"betterSkull:BetterSkull","floor":3,"gold_loss":0,"cards_upgraded":[]},{"damage_healed":0,"gold_gain":0,"player_choice":"Ignored","damage_taken":0,"max_hp_gain":0,"max_hp_loss":0,"event_name":"betterNote:BetterNote","floor":23,"gold_loss":0,"cards_obtained":["Injury"]},{"damage_healed":0,"gold_gain":0,"player_choice":"Ignored","damage_taken":0,"max_hp_gain":0,"max_hp_loss":0,"event_name":"Purifier","floor":26,"gold_loss":0}],"is_beta":false,"boss_relics":[{"not_picked":["Philosopher\u0027s Stone","Sozu"],"picked":"relicPack:KazumaCape"}],"items_purged_floors":[8],"is_endless":false,"potions_floor_spawned":[4,9,11,16,22],"killed_by":"Book of Stabbing","ascension_level":0}}