{"host":"s4ae7avgknp5vwpe","time":1609180488,"event":{"mods":["BaseMod","Minty Spire (QoL Compilation)"],"gold_per_floor":[119,119,70,89,14,14,41,97,120,139,158,123,152,171,171,171,171],"floor_reached":16,"playtime":862,"items_purged":["Strike_G"],"score":149,"play_id":"88166c6c-b350-4b29-950d-b6f0d4a7ccaf","local_time":"20201228103448","is_ascension_mode":true,"campfire_choices":[{"data":"Neutralize","floor":6,"key":"SMITH"},{"floor":15,"key":"REST"}],"circlet_count":0,"master_deck":["Strike_G","Strike_G","Strike_G","Defend_G","Defend_G","Defend_G","Defend_G","Defend_G","Survivor","Neutralize+1","Eviscerate","Prepared","Dagger Throw","Quick Slash","Cloak And Dagger","Dagger Spray","Acrobatics","Sucker Punch","Dagger Throw","Footwork"],"relics":["Ring of the Snake","Incense Burner","Toy Ornithopter","Tiny Chest","Anchor"],"acts_visited":["Exordium"],"potions_floor_usage":[10,11,16],"damage_taken":[{"damage":0,"enemies":"Cultist","floor":1,"turns":4},{"damage":4,"enemies":"Jaw Worm","floor":4,"turns":4},{"damage":33,"enemies":"Lagavulin","floor":7,"turns":8},{"damage":43,"enemies":"Lagavulin Event","floor":8,"turns":6},{"damage":0,"enemies":"2 Louse","floor":10,"turns":2},{"damage":0,"enemies":"Looter","floor":11,"turns":4},{"damage":21,"enemies":"3 Sentries","floor":13,"turns":8},{"damage":0,"enemies":"Blue Slaver","floor":14,"turns":3},{"damage":52,"enemies":"Hexaghost","floor":16,"turns":16}],"seed_played":"-4666511690537366507","potions_obtained":[{"floor":4,"key":"FairyPotion"},{"floor":8,"key":"Strength Potion"},{"floor":10,"key":"Fruit Juice"},{"floor":14,"key":"SkillPotion"}],"is_trial":false,"path_per_floor":["M","?","$","M","$","R","E","?","T","M","M","?","E","M","R","B"],"character_chosen":"THE_SILENT","items_purchased":["Dagger Throw"],"campfire_rested":1,"item_purchase_floors":[3],"current_hp_per_floor":[63,63,63,59,59,59,26,13,13,23,28,46,25,25,47,0,0],"gold":171,"neow_bonus":"TRANSFORM_CARD","is_daily":false,"chose_seed":false,"campfire_upgraded":1,"win_rate":0.0,"timestamp":1609180488,"path_taken":["M","?","$","M","$","R","E","?","T","M","M","?","E","M","R","BOSS"],"items_purchased_type":["Card"],"build_version":"2020-12-22","purchased_purges":1,"victory":false,"max_hp_per_floor":[70,70,70,70,70,70,70,70,70,75,75,75,75,75,75,75,75],"card_choices":[{"not_picked":["Deflect","Eviscerate"],"picked":"Prepared","floor":1},{"not_picked":["Noxious Fumes","Deadly Poison"],"picked":"Quick Slash","floor":4},{"not_picked":["Riddle With Holes","Deadly Poison"],"picked":"Cloak And Dagger","floor":7},{"not_picked":["Finisher","Slice"],"picked":"Dagger Spray","floor":8},{"not_picked":["Deadly Poison","Catalyst"],"picked":"Acrobatics","floor":10},{"not_picked":["Slice","Quick Slash"],"picked":"Sucker Punch","floor":11},{"not_picked":["Dodge and Roll","Acrobatics"],"picked":"Dagger Throw","floor":13},{"not_picked":["Flying Knee","Underhanded Strike"],"picked":"Footwork","floor":14}],"player_experience":240178,"relics_obtained":[{"floor":7,"key":"Incense Burner"},{"floor":8,"key":"Toy Ornithopter"},{"floor":9,"key":"Tiny Chest"},{"floor":13,"key":"Anchor"}],"event_choices":[{"damage_healed":0,"gold_gain":0,"player_choice":"Ignored","damage_taken":0,"max_hp_gain":0,"max_hp_loss":0,"event_name":"Golden Idol","floor":2,"gold_loss":0},{"damage_healed":0,"gold_gain":0,"player_choice":"Searched \u00271\u0027 times","damage_taken":0,"max_hp_gain":0,"max_hp_loss":0,"event_name":"Dead Adventurer","floor":8,"gold_loss":0},{"damage_healed":18,"gold_gain":0,"player_choice":"Healed","damage_taken":0,"max_hp_gain":0,"max_hp_loss":0,"event_name":"The Cleric","floor":12,"gold_loss":35}],"is_beta":false,"boss_relics":[],"items_purged_floors":[5],"is_endless":false,"potions_floor_spawned":[4,8,10,14],"killed_by":"Hexaghost","ascension_level":7}}