{"host":"cjhtzh7tp54jdfyv","time":1609178775,"event":{"mods":["AchievementEnabler","BaseMod","Colored Map","Colored Powertips","Curses Come First","DeckTracker","Filter the Spire","Hermit","Minty Spire (QoL Compilation)","RNG Fix","Relic Sorter","Relic Stats","StSLib","The Cursed","The Disciple","The Marked","UnlockEverythingMod","Waifu the Spire","ojb\u0027s Better Paths Mod","ojb\u0027s Info Mod"],"gold_per_floor":[113,130,145,162,162,192,192,204,204,204,230,245,258,269,269,345,345,345,345,345,270,270,270,270,270,270,270,195,195,195,195,195,195,195],"floor_reached":33,"playtime":2797,"items_purged":["TheCursedMod:Strike_TheCursed"],"score":646,"play_id":"894305d0-b8b2-4cb5-b954-ef95529c5622","local_time":"20201228130615","is_ascension_mode":true,"campfire_choices":[{"data":"TheCursedMod:AbyssShockwave","floor":7,"key":"SMITH"},{"data":"TheCursedMod:Neurasthenia","floor":10,"key":"SMITH"},{"data":"TheCursedMod:CursedStaff","floor":15,"key":"SMITH"},{"floor":24,"key":"REST"},{"data":"TheCursedMod:VoidForm","floor":32,"key":"SMITH"}],"circlet_count":0,"master_deck":["AscendersBane","TheCursedMod:Strike_TheCursed","TheCursedMod:Strike_TheCursed","TheCursedMod:Defend_TheCursed","TheCursedMod:Defend_TheCursed","TheCursedMod:Defend_TheCursed","TheCursedMod:Defend_TheCursed","TheCursedMod:CursedWand","TheCursedMod:CleanUpWorkshop","TheCursedMod:Dregs","TheCursedMod:Stigma","TheCursedMod:AbyssShockwave+1","TheCursedMod:CursedBlade","TheCursedMod:CursedBlade","TheCursedMod:Neurasthenia+1","TheCursedMod:SurpriseAttack","TheCursedMod:Wield","TheCursedMod:SpitefulStrike","TheCursedMod:CursedStaff+1","TheCursedMod:VoidForm+1","Writhe","TheCursedMod:RapidMovement","TheCursedMod:AshesToAshes","TheCursedMod:ReleasedStrength","TheCursedMod:Obscuration","TheCursedMod:WearCloak","TheCursedMod:RapidMovement","TheCursedMod:CursedShiv"],"relics":["TheCursedMod:BlackMagic101","Lantern","Pear","Ornamental Fan","Pantograph","Ectoplasm","HornCleat","Dream Catcher","Mummified Hand","Letter Opener"],"acts_visited":["Exordium","TheCity"],"potions_floor_usage":[6,23,29,31],"damage_taken":[{"damage":0,"enemies":"Jaw Worm","floor":1,"turns":5},{"damage":2,"enemies":"Cultist","floor":2,"turns":4},{"damage":0,"enemies":"2 Louse","floor":3,"turns":1},{"damage":2,"enemies":"Large Slime","floor":4,"turns":4},{"damage":22,"enemies":"Gremlin Nob","floor":6,"turns":4},{"damage":0,"enemies":"Looter","floor":8,"turns":2},{"damage":1,"enemies":"3 Sentries","floor":11,"turns":3},{"damage":0,"enemies":"3 Louse","floor":12,"turns":2},{"damage":7,"enemies":"Exordium Thugs","floor":13,"turns":2},{"damage":0,"enemies":"Exordium Wildlife","floor":14,"turns":2},{"damage":47,"enemies":"The Guardian","floor":16,"turns":13},{"damage":7,"enemies":"Spheric Guardian","floor":18,"turns":3},{"damage":2,"enemies":"3 Byrds","floor":20,"turns":4},{"damage":10,"enemies":"Snake Plant","floor":22,"turns":3},{"damage":5,"enemies":"Slavers","floor":23,"turns":4},{"damage":0,"enemies":"3 Cultists","floor":25,"turns":3},{"damage":0,"enemies":"Chosen and Byrds","floor":27,"turns":3},{"damage":30,"enemies":"Gremlin Leader","floor":29,"turns":7},{"damage":0,"enemies":"Centurion and Healer","floor":30,"turns":6},{"damage":33,"enemies":"Book of Stabbing","floor":31,"turns":6},{"damage":42,"enemies":"Collector","floor":33,"turns":5}],"seed_played":"-4299091520665054591","potions_obtained":[{"floor":3,"key":"DistilledChaos"},{"floor":4,"key":"Ancient Potion"},{"floor":11,"key":"FearPotion"},{"floor":23,"key":"Dexterity Potion"},{"floor":30,"key":"SteroidPotion"},{"floor":31,"key":"Fruit Juice"}],"is_trial":false,"path_per_floor":["M","M","M","M","?","E","R","M","T","R","E","M","M","M","R","B",null,"M","?","M","?","M","E","R","M","T","M","$","E","M","E","R","B"],"character_chosen":"THE_CURSED","items_purchased":[],"campfire_rested":1,"item_purchase_floors":[],"current_hp_per_floor":[64,62,62,60,65,53,53,53,53,53,52,52,45,45,45,23,70,63,63,61,61,51,46,71,71,71,71,71,41,41,8,8,0,0],"gold":195,"neow_bonus":"RANDOM_COMMON_RELIC","is_daily":false,"chose_seed":false,"campfire_upgraded":4,"win_rate":0.0,"timestamp":1609178775,"path_taken":["M","M","M","M","?","E","R","M","T","R","E","M","M","M","R","BOSS","M","?","M","?","M","E","R","M","T","M","$","E","M","E","R","BOSS"],"items_purchased_type":[],"build_version":"2020-12-22","purchased_purges":1,"victory":false,"max_hp_per_floor":[71,71,71,71,76,86,86,86,86,86,86,86,86,86,86,86,86,86,86,86,86,86,86,86,86,86,86,86,86,86,86,86,86,86],"relic_stats":{"Dream Catcher":1,"counters":[21,86],"Ornamental Fan":[104],"Mummified Hand":[4],"Pantograph":50,"Ectoplasm":182,"Letter Opener":[5],"obtain_stats":[{"TheCursedMod:BlackMagic101":0,"Lantern":0,"Dream Catcher":23,"Pear":6,"HornCleat":19,"Ornamental Fan":9,"Mummified Hand":29,"Pantograph":11,"Ectoplasm":17,"Letter Opener":31},{"TheCursedMod:BlackMagic101":0,"Lantern":0,"Dream Catcher":15,"Pear":5,"HornCleat":12,"Ornamental Fan":6,"Mummified Hand":18,"Pantograph":7,"Ectoplasm":11,"Letter Opener":20},{"TheCursedMod:BlackMagic101":0,"Lantern":0,"Dream Catcher":56,"Pear":18,"HornCleat":45,"Ornamental Fan":20,"Mummified Hand":69,"Pantograph":23,"Ectoplasm":42,"Letter Opener":81}]},"card_choices":[{"not_picked":["TheCursedMod:BloodBarrier","TheCursedMod:CircleOfBlood"],"picked":"TheCursedMod:Stigma","floor":1},{"not_picked":["TheCursedMod:SurpriseAttack","TheCursedMod:CircleOfCorruption"],"picked":"TheCursedMod:AbyssShockwave","floor":2},{"not_picked":["TheCursedMod:ManaBullet","TheCursedMod:RapidMovement"],"picked":"TheCursedMod:CursedBlade","floor":3},{"not_picked":["TheCursedMod:SurpriseAttack","TheCursedMod:RavingStaff"],"picked":"TheCursedMod:CursedBlade","floor":4},{"not_picked":["TheCursedMod:CursedAmulet","TheCursedMod:SurpriseAttack"],"picked":"TheCursedMod:Neurasthenia","floor":6},{"not_picked":["TheCursedMod:CircleOfCorruption","TheCursedMod:CursedBlade"],"picked":"TheCursedMod:SurpriseAttack","floor":8},{"not_picked":["TheCursedMod:AshesToAshes","TheCursedMod:RapidMovement"],"picked":"TheCursedMod:Wield","floor":11},{"not_picked":["TheCursedMod:Obscuration","TheCursedMod:RavingStaff"],"picked":"TheCursedMod:SpitefulStrike","floor":12},{"not_picked":["TheCursedMod:SpitefulStrike","TheCursedMod:Grudge"],"picked":"TheCursedMod:CursedStaff","floor":13},{"not_picked":["TheCursedMod:ManaBullet","TheCursedMod:CircleOfWindfury","TheCursedMod:TacticalStrike"],"picked":"SKIP","floor":14},{"not_picked":["TheCursedMod:ManaCirculation","TheCursedMod:UltimatePain"],"picked":"TheCursedMod:VoidForm","floor":16},{"not_picked":["TheCursedMod:SpitefulStrike","TheCursedMod:TacticalStrike","TheCursedMod:CursedAmulet"],"picked":"SKIP","floor":18},{"not_picked":["TheCursedMod:CursedMace","TheCursedMod:WearCloak+1"],"picked":"TheCursedMod:RapidMovement","floor":20},{"not_picked":["TheCursedMod:SpitefulPray","TheCursedMod:CircleOfCorruption"],"picked":"TheCursedMod:AshesToAshes","floor":22},{"not_picked":["TheCursedMod:ShockAndAwe","TheCursedMod:RavingStaff+1","TheCursedMod:Mangle"],"picked":"SKIP","floor":23},{"not_picked":["TheCursedMod:Hemoplague","TheCursedMod:CircleOfAmplification"],"picked":"TheCursedMod:ReleasedStrength","floor":24},{"not_picked":["TheCursedMod:VitalStrike","TheCursedMod:HellfireBreathing"],"picked":"TheCursedMod:Obscuration","floor":25},{"not_picked":["TheCursedMod:Stretching","TheCursedMod:Torture"],"picked":"TheCursedMod:WearCloak","floor":27},{"not_picked":["TheCursedMod:SpitefulPray","TheCursedMod:DoubleShield"],"picked":"TheCursedMod:RapidMovement","floor":29},{"not_picked":["TheCursedMod:VitalStrike+1","TheCursedMod:CircleOfFlame+1","TheCursedMod:TacticalStrike"],"picked":"SKIP","floor":30},{"not_picked":["TheCursedMod:VitalStrike+1","TheCursedMod:CircleOfFlame+1","TheCursedMod:TacticalStrike"],"picked":"SKIP","floor":30},{"not_picked":["TheCursedMod:Stigma","TheCursedMod:SpitefulStrike"],"picked":"TheCursedMod:CursedShiv","floor":31}],"player_experience":4470241,"relics_obtained":[{"floor":6,"key":"Pear"},{"floor":9,"key":"Ornamental Fan"},{"floor":11,"key":"Pantograph"},{"floor":23,"key":"Dream Catcher"},{"floor":29,"key":"Mummified Hand"},{"floor":31,"key":"Letter Opener"}],"event_choices":[{"damage_healed":0,"gold_gain":0,"player_choice":"Donut","damage_taken":0,"max_hp_gain":5,"max_hp_loss":0,"event_name":"Big Fish","floor":5,"gold_loss":0},{"damage_healed":0,"gold_gain":0,"player_choice":"Opened","damage_taken":0,"relics_obtained":["HornCleat"],"max_hp_gain":0,"max_hp_loss":0,"event_name":"The Mausoleum","floor":19,"gold_loss":0,"cards_obtained":["Writhe"]},{"cards_removed":["TheCursedMod:Strike_TheCursed"],"damage_healed":0,"gold_gain":0,"player_choice":"Gave Gold","damage_taken":0,"max_hp_gain":0,"max_hp_loss":0,"event_name":"Beggar","floor":21,"gold_loss":75}],"is_beta":false,"boss_relics":[{"not_picked":["SacredBark","TheCursedMod:FourLeafCloverCharm"],"picked":"Ectoplasm"}],"items_purged_floors":[28],"is_endless":false,"potions_floor_spawned":[3,4,11,12,16,23,25,30,31],"killed_by":"Collector","ascension_level":20}}