{"host":"7vidw0fny0glz923","time":1609183211,"event":{"mods":["ATMod(阿瑾Mod)","Act Like it!","BaseMod","Challenge The Spire","Downfall","Friendly Minions","HololiveMod","KinomotoSakuraMod(木之本樱)","Kiyohime（清姬）","KomeijiMod","Lobotomy","LobotomyExtend","Marisa（F雨　魔理沙）","Minty Spire (QoL Compilation)","MostiFishMod","Pale of the Ancients","READ ME - Guardian Mod","Reimu（博丽灵梦）","Remilia（蕾米莉亚）","Replay The Spire","RumiaBox-露米娅的神秘盒子","Shop Mod","StSLib","TestMod","The Cursed","The Hierophant","The Jungle","The Poker Player","The Servant 0.9.4","Yakumo Yukari mod","Youmu（魂魄妖梦）","[地精首领爬塔]The Maniac","【遗物卡牌】REMEMod"],"gold_per_floor":[112,112,155,155,192,192,202,202,225,225,225],"floor_reached":10,"playtime":301,"items_purged":[],"score":113,"play_id":"85b0271b-afd9-4fca-ad91-85c4d1f94941","local_time":"20201228192011","is_ascension_mode":true,"campfire_choices":[{"data":"Eruption","floor":6.0,"key":"SMITH"},{"data":"AT_FamilyPortrait","floor":8,"key":"SMITH"}],"circlet_count":0,"master_deck":["AscendersBane","Strike_P","Strike_P","Strike_P","Strike_P","Defend_P","Defend_P","Defend_P","Defend_P","Eruption+1","Vigilance","AT_FamilyPortrait+1","Wish","testmod-LifeRuler","CutThroughFate","Protect","Evaluate"],"relics":["PureWater","testmod-TestBox","DaveBox","REME_ComplimentaryCards","AT_ATBox","DianDianMeat","RabbitCall","SynthV:TestCard","LetterFromLob"],"acts_visited":["Exordium"],"potions_floor_usage":[7],"damage_taken":[{"damage":12.0,"enemies":"2 Louse","floor":1.0,"turns":3.0},{"damage":2.0,"enemies":"Small Slimes","floor":3.0,"turns":3.0},{"damage":0.0,"enemies":"Jaw Worm","floor":5.0,"turns":5.0},{"damage":18,"enemies":"Large Slime","floor":7,"turns":5},{"damage":0,"enemies":"3 Sentries","floor":10,"turns":2}],"seed_played":"4067717663777729220","potions_obtained":[{"floor":5.0,"key":"FearPotion"},{"floor":7,"key":"Ancient Potion"}],"is_trial":false,"path_per_floor":["M","?","M","?","M","R","M","R","T","E"],"character_chosen":"WATCHER","items_purchased":[],"campfire_rested":0,"item_purchase_floors":[],"current_hp_per_floor":[52,52,50,50,53,53,39,39,39,39,39],"gold":225,"neow_bonus":"","is_daily":false,"chose_seed":false,"campfire_upgraded":2,"win_rate":0.0,"timestamp":1609183211,"path_taken":["M","?","M","?","M","R","M","R","T","E"],"items_purchased_type":[],"build_version":"2020-12-22","purchased_purges":0,"victory":false,"max_hp_per_floor":[71,71,71,71,74,74,78,78,78,78,78],"card_choices":[{"not_picked":["JustLucky","Replay:DivineShield"],"picked":"CutThroughFate","floor":1.0},{"not_picked":["EmptyFist","Replay:AtTheReady","Consecrate","EmptyMind","FlurryOfBlows"],"picked":"SKIP","floor":3.0},{"not_picked":["ThirdEye","SignatureMove","MostiFishMod:ScryFuture","Replay:Vibes"],"picked":"Protect","floor":5.0},{"not_picked":["Replay:Anticipation","Prostrate","SandsOfTime","JustLucky"],"picked":"Evaluate","floor":7}],"player_experience":910901,"relics_obtained":[{"floor":1.0,"key":"SynthV:TestCard"},{"floor":1.0,"key":"LetterFromLob"}],"event_choices":[{"damage_healed":0.0,"max_hp_gain":0.0,"max_hp_loss":0.0,"gold_gain":0.0,"event_name":"Liars Game","player_choice":"Ignored","floor":2.0,"gold_loss":0.0,"damage_taken":0.0},{"damage_healed":0.0,"max_hp_gain":0.0,"max_hp_loss":0.0,"gold_gain":0.0,"event_name":"给自己的盒子","player_choice":"Ignored","floor":4.0,"gold_loss":0.0,"damage_taken":0.0}],"is_beta":false,"boss_relics":[],"items_purged_floors":[],"is_endless":false,"potions_floor_spawned":[5,7],"killed_by":"3 Sentries","ascension_level":19}}