{"host":"k0kjm4m87pwj4phr","time":1609138642,"event":{"mods":["Arknights The Spire","BaseMod","Colored Map","Colored Powertips","Minty Spire (QoL Compilation)","Permanent Neow","Quick Restart","Relic Stats","StSLib"],"gold_per_floor":[116,128,147,147,165,165,165],"floor_reached":6,"playtime":228,"items_purged":[],"score":67,"play_id":"f00f6a8a-6b6d-4526-9c19-7b56872e3e4b","local_time":"20201228145722","is_ascension_mode":true,"campfire_choices":[],"circlet_count":0,"master_deck":["AscendersBane","Strike_G","Strike_G","Strike_G","Strike_G","Strike_G","Defend_G","Defend_G","Defend_G","Survivor","Neutralize","All Out Attack","Escape Plan","Doppelganger","Crippling Poison"],"relics":["Ring of the Snake"],"acts_visited":["Exordium"],"potions_floor_usage":[6],"damage_taken":[{"damage":0.0,"enemies":"Cultist","floor":1.0,"turns":3.0},{"damage":4.0,"enemies":"Jaw Worm","floor":2.0,"turns":3.0},{"damage":0.0,"enemies":"Small Slimes","floor":3.0,"turns":2.0},{"damage":17,"enemies":"3 Louse","floor":5,"turns":4},{"damage":39,"enemies":"Gremlin Nob","floor":6,"turns":4}],"seed_played":"6822922740989787444","potions_obtained":[{"floor":1.0,"key":"Swift Potion"},{"floor":3.0,"key":"DistilledChaos"}],"is_trial":false,"path_per_floor":["M","M","M","?","M","E"],"character_chosen":"THE_SILENT","items_purchased":[],"campfire_rested":0,"item_purchase_floors":[],"current_hp_per_floor":[59,55,55,55,38,0,0],"gold":165,"neow_bonus":"REMOVE_TWO","is_daily":false,"chose_seed":false,"campfire_upgraded":0,"win_rate":0.0,"timestamp":1609138642,"path_taken":["M","M","M","?","?","E"],"items_purchased_type":[],"build_version":"2020-12-22","purchased_purges":0,"victory":false,"max_hp_per_floor":[60,60,60,60,60,60,60],"relic_stats":{"counters":[5,16],"obtain_stats":[{"Ring of the Snake":0},{"Ring of the Snake":0},{"Ring of the Snake":0}],"Ring of the Snake":[10]},"card_choices":[{"not_picked":["Bane","Leg Sweep"],"picked":"All Out Attack","floor":1.0},{"not_picked":["Deadly Poison","Finisher","Quick Slash"],"picked":"SKIP","floor":2.0},{"not_picked":["Quick Slash","Setup"],"picked":"Escape Plan","floor":3.0},{"not_picked":["Flying Knee","Sucker Punch"],"picked":"Crippling Poison","floor":5}],"player_experience":435740,"relics_obtained":[],"event_choices":[{"damage_healed":0,"gold_gain":0,"player_choice":"1 cards matched","damage_taken":0,"max_hp_gain":0,"max_hp_loss":0,"event_name":"Match and Keep!","floor":4,"gold_loss":0,"cards_obtained":["Doppelganger"]}],"is_beta":false,"boss_relics":[],"items_purged_floors":[],"is_endless":false,"potions_floor_spawned":[1,3],"killed_by":"Gremlin Nob","ascension_level":15}}