{"host":"ye7mfqqt9ljtnqit","time":1609172024,"event":{"mods":["BaseMod","Colored Map","Downfall","Marisa£®ÏF”Í°°ƒß¿Ì…≥£©","Minty Spire (QoL Compilation)","StSLib","SuperFastMode","The Servant 0.9.4"],"gold_per_floor":[117,137,212,229,241,272,285,285,285,295,308,340,358,378,378,474,474,486,523,523,14,14,14,14,14,14,114,156,206,249,289,289,289,289],"floor_reached":33,"playtime":2441,"items_purged":[],"score":283,"play_id":"abf7c0a7-43ee-4e5f-9167-089b33fcb64d","local_time":"20201229001344","is_ascension_mode":false,"campfire_choices":[{"data":"Acceleration","floor":8.0,"key":"SMITH"},{"floor":15.0,"key":"REST"},{"data":"EscapeVelocity","floor":23.0,"key":"SMITH"},{"data":"IllusionStar","floor":25.0,"key":"SMITH"},{"floor":32.0,"key":"REST"}],"circlet_count":0,"master_deck":["Defend_MRS","Defend_MRS","Defend_MRS","Defend_MRS","MasterSpark","UpSweep","GrandCross","ChargeUpSpray","EarthLightRay","SprinkleStarSeal","AlicesGift","Acceleration+1","MilkyWay","PowerUp","PulseMagic","6A","PulseMagic","EscapeVelocity+1","StarDustReverie+1","MeteoricShower+1","WitchOfGreed+1","LuminesStrike","PowerUp","ManaConvection","WitchLeyline","EventHorizon","UltimateShortwave","IllusionStar+1","expansioncontent:DefensiveStance","Creative AI"],"relics":["MiniHakkero","NeowsBlessing","White Beast Statue","Mummified Hand","MealTicket","Astrolabe","PrismaticShard","Du-Vu Doll"],"acts_visited":["Exordium","TheCity"],"potions_floor_usage":[33],"damage_taken":[{"damage":0.0,"enemies":"2 Louse","floor":1.0,"turns":1.0},{"damage":0.0,"enemies":"Cultist","floor":2.0,"turns":1.0},{"damage":0.0,"enemies":"Small Slimes","floor":4.0,"turns":1.0},{"damage":9.0,"enemies":"Blue Slaver","floor":5.0,"turns":3.0},{"damage":14.0,"enemies":"Gremlin Nob","floor":6.0,"turns":4.0},{"damage":10.0,"enemies":"3 Louse","floor":7.0,"turns":3.0},{"damage":18.0,"enemies":"Gremlin Gang","floor":10.0,"turns":5.0},{"damage":8.0,"enemies":"2 Fungi Beasts","floor":11.0,"turns":3.0},{"damage":16.0,"enemies":"Lagavulin","floor":12.0,"turns":4.0},{"damage":8.0,"enemies":"Lots of Slimes","floor":13.0,"turns":3.0},{"damage":2.0,"enemies":"3 Louse","floor":14.0,"turns":2.0},{"damage":9.0,"enemies":"Hexaghost","floor":16.0,"turns":9.0},{"damage":0.0,"enemies":"Spheric Guardian","floor":18.0,"turns":3.0},{"damage":5.0,"enemies":"Shell Parasite","floor":19.0,"turns":2.0},{"damage":9.0,"enemies":"Snake Plant","floor":28.0,"turns":3.0},{"damage":49.0,"enemies":"Slavers","floor":29.0,"turns":4.0},{"damage":2.0,"enemies":"Cultist and Chosen","floor":30.0,"turns":5.0},{"damage":15.0,"enemies":"Centurion and Healer","floor":31.0,"turns":7.0},{"damage":44,"enemies":"Collector","floor":33,"turns":5}],"seed_played":"-5247474272195353900","potions_obtained":[{"floor":1.0,"key":"hexamod:EctoCoolerPotion"},{"floor":5.0,"key":"Ancient Potion"},{"floor":6.0,"key":"Swift Potion"},{"floor":12.0,"key":"Block Potion"},{"floor":14.0,"key":"Guardian:BlockOnCardUsePotion"},{"floor":16.0,"key":"SneckoOil"},{"floor":18.0,"key":"Fire Potion"},{"floor":28.0,"key":"Swift Potion"},{"floor":28.0,"key":"Ancient Potion"},{"floor":29.0,"key":"Explosive Potion"},{"floor":30.0,"key":"Regen Potion"},{"floor":31.0,"key":"SpeedPotion"},{"floor":31.0,"key":"Block Potion"}],"is_trial":false,"path_per_floor":["M","M","?","M","M","E","M","R","T","M","M","E","M","M","R","B",null,"M","M","?","$","?","R","?","R","T","?","M","E","M","M","R","B"],"character_chosen":"MARISA","items_purchased":["ManaConvection","WitchLeyline","EventHorizon","PrismaticShard","UltimateShortwave"],"campfire_rested":2,"item_purchase_floors":[21,21,21,21,21],"current_hp_per_floor":[75,75,68,68,63,53,47,47,47,33,29,17,13,15,37,32,75,75,74,74,75,61,61,61,61,61,61,56,11,13,16,40,0,0],"gold":289,"neow_bonus":"THREE_ENEMY_KILL","is_daily":false,"chose_seed":false,"campfire_upgraded":3,"win_rate":0.0,"timestamp":1609172024,"path_taken":["M","M","?","M","M","E","M","R","T","M","M","E","M","?","R","BOSS","M","M","?","$","?","R","?","R","T","?","?","E","M","M","R","BOSS"],"items_purchased_type":["Card","Card","Card","Relic","Card"],"build_version":"2020-12-22","purchased_purges":0,"victory":false,"max_hp_per_floor":[75,75,75,75,75,75,75,75,75,75,75,75,75,75,75,75,75,75,75,75,75,80,80,80,80,80,80,80,80,80,80,80,80,80],"card_choices":[{"not_picked":["OneTimeOff","LuminesStrike"],"picked":"GrandCross","floor":1.0},{"not_picked":["DarkMatter","WitchLeyline"],"picked":"ChargeUpSpray","floor":2.0},{"not_picked":["DeepEcoloBomb","DC"],"picked":"EarthLightRay","floor":4.0},{"not_picked":["GrandCross","DoubleSpark"],"picked":"SprinkleStarSeal","floor":5.0},{"not_picked":["WitchLeyline","OneTimeOff"],"picked":"AlicesGift","floor":6.0},{"not_picked":["ChargeUpSpray","GrandCross"],"picked":"Acceleration","floor":7.0},{"not_picked":["PropBag","LuminesStrike"],"picked":"MilkyWay","floor":10.0},{"not_picked":["DeepEcoloBomb","WitchLeyline"],"picked":"PowerUp","floor":11.0},{"not_picked":["MilkyWay","MagicAbsorber"],"picked":"PulseMagic","floor":12.0},{"not_picked":["Occultation","NonDirectionalLaser"],"picked":"6A","floor":13.0},{"not_picked":["Acceleration","SporeBomb"],"picked":"PulseMagic","floor":14.0},{"not_picked":["CollectingQuirk","BlazingStar"],"picked":"EscapeVelocity","floor":16.0},{"not_picked":["ShootTheMoon","NonDirectionalLaser+1"],"picked":"LuminesStrike","floor":18.0},{"not_picked":["OneTimeOff","DoubleSpark"],"picked":"PowerUp","floor":19.0},{"not_picked":["champ:BerserkersShout","Slimebound:Equalize","Crescendo+1"],"picked":"SKIP","floor":28.0},{"not_picked":["hexamod:ShieldOfDarkness","hexamod:NightmareStrike+1"],"picked":"expansioncontent:DefensiveStance","floor":29.0},{"not_picked":["Streamline+1","MachineGunSpark+1","sneckomod:QuickMove"],"picked":"SKIP","floor":30.0},{"not_picked":["Slimebound:ProtectTheBoss+1","Slimebound:ItLooksTasty"],"picked":"Creative AI","floor":31.0}],"player_experience":44265,"relics_obtained":[{"floor":6.0,"key":"White Beast Statue"},{"floor":9.0,"key":"Mummified Hand"},{"floor":12.0,"key":"MealTicket"},{"floor":29.0,"key":"Du-Vu Doll"}],"event_choices":[{"damage_healed":0.0,"max_hp_gain":0.0,"max_hp_loss":0.0,"gold_gain":75.0,"event_name":"FaceTrader","player_choice":"Touch","floor":3.0,"gold_loss":0.0,"damage_taken":7.0},{"cards_removed":["Strike_MRS"],"damage_healed":0.0,"max_hp_gain":0.0,"max_hp_loss":0.0,"gold_gain":0.0,"event_name":"Back to Basics","player_choice":"Elegance","floor":20.0,"gold_loss":0.0,"damage_taken":0.0},{"damage_healed":0.0,"max_hp_gain":5.0,"max_hp_loss":0.0,"gold_gain":0.0,"event_name":"Forgotten Altar","player_choice":"Shed Blood","floor":22.0,"gold_loss":0.0,"damage_taken":19.0},{"damage_healed":0.0,"max_hp_gain":0.0,"max_hp_loss":0.0,"gold_gain":0.0,"event_name":"The Library","player_choice":"Read","floor":24.0,"gold_loss":0.0,"damage_taken":0.0,"cards_obtained":["IllusionStar"]},{"damage_healed":0.0,"max_hp_gain":0.0,"max_hp_loss":0.0,"gold_gain":100.0,"event_name":"Golden Shrine","player_choice":"Pray","floor":27.0,"gold_loss":0.0,"damage_taken":0.0}],"is_beta":false,"boss_relics":[{"not_picked":["SlaversCollar","Cursed Key"],"picked":"Astrolabe"}],"items_purged_floors":[],"is_endless":false,"potions_floor_spawned":[1,5,6,7,10,11,12,13,14,16,18,19,28,29,30,31],"killed_by":"Collector","ascension_level":0}}