{"host":"eemx8njkng76fu5x","time":1609152978,"event":{"mods":["2.2 Compatiblity","BaseMod","Downfall","Minty Spire (QoL Compilation)","Permanent Neow","StSLib","Unceasing Turn Reminder","Unknown Chances"],"gold_per_floor":[99,118,118,118,138,154,154,170,120,145,156,106,381,415,433,433,433,433],"floor_reached":16,"playtime":541,"items_purged":[],"score":171,"play_id":"9015e122-41cd-47a3-b111-1db7739dc3a6","local_time":"20201228185618","is_ascension_mode":true,"campfire_choices":[{"data":"Slimebound:Grow","floor":1,"key":"SMITH"},{"data":"Slimebound:MassFeed","floor":9,"key":"SMITH"},{"floor":12,"key":"RECALL"}],"circlet_count":0,"master_deck":["Slimebound:Strike_Slimebound","Slimebound:Tackle","Slimebound:Defend_Slimebound","Slimebound:Defend_Slimebound","Slimebound:Defend_Slimebound","Slimebound:Split","Slimebound:CorrosiveSpit","Slimebound:Grow+1","Slimebound:SplitBruiser","Slimebound:SlimeSpikes","Slimebound:SlimeSpikes","Slimebound:MassFeed+1","Slimebound:Repurpose","Regret","Slimebound:ServeAndProtect","Slimebound:DisruptingSlam"],"relics":["Slimebound:AbsorbEndCombat","Slimebound:GreedOozeRelic","The Courier","Thread and Needle","StoneCalendar"],"acts_visited":["Exordium"],"potions_floor_usage":[10],"damage_taken":[{"damage":8,"enemies":"Cultist","floor":2,"turns":3},{"damage":4,"enemies":"2 Louse","floor":5,"turns":2},{"damage":8,"enemies":"Small Slimes","floor":6,"turns":2},{"damage":12,"enemies":"Exordium Wildlife","floor":8,"turns":4},{"damage":22,"enemies":"3 Sentries","floor":10,"turns":4},{"damage":4,"enemies":"Blue Slaver","floor":11,"turns":3},{"damage":38,"enemies":"Gremlin Nob","floor":14,"turns":4},{"damage":0,"enemies":"Gremlin Gang","floor":15,"turns":2},{"damage":44,"enemies":"downfall:Defect","floor":16,"turns":5}],"seed_played":"7098561235533469411","potions_obtained":[{"floor":5,"key":"hexamod:EctoCoolerPotion"},{"floor":11,"key":"Slimebound:SlimedPotion"},{"floor":14,"key":"Ancient Potion"}],"is_trial":false,"path_per_floor":["R","M","?","?","M","M","T","M","R","E","M","R","?","E","M","B"],"character_chosen":"SLIMEBOUND","items_purchased":[],"campfire_rested":0,"item_purchase_floors":[],"current_hp_per_floor":[54,54,54,54,54,54,54,53,53,43,49,49,49,21,35,0,0,0],"gold":433,"neow_bonus":"TRANSFORM_TWO_CARDS","is_daily":false,"chose_seed":false,"campfire_upgraded":2,"win_rate":0.0,"timestamp":1609152978,"path_taken":["R","M","?","?","M","M","T","M","R","E","M","R","?","E","M","BOSS"],"items_purchased_type":[],"build_version":"2020-12-22","purchased_purges":0,"victory":false,"max_hp_per_floor":[54,54,54,54,54,54,54,54,54,62,66,66,66,66,78,78,78,78],"card_choices":[{"not_picked":["Slimebound:SplitMire","Slimebound:SplitLeeching"],"picked":"Slimebound:SlimeSpikes","floor":2},{"not_picked":["Slimebound:SlimeBrawl","Slimebound:LeechingTouch","Slimebound:LeechEnergy"],"picked":"SKIP","floor":5},{"not_picked":["Slimebound:AcidTongue","Slimebound:GoopTackle"],"picked":"Slimebound:SlimeSpikes","floor":6},{"not_picked":["Slimebound:GoopSpray","Slimebound:SplitAcid"],"picked":"Slimebound:MassFeed","floor":8},{"not_picked":["Slimebound:ComboTackle","Slimebound:SplitLeeching"],"picked":"Slimebound:Repurpose","floor":10},{"not_picked":["Slimebound:GoopSpray","Slimebound:DivideAndConquer","Slimebound:SplitSpecialist"],"picked":"SKIP","floor":11},{"not_picked":["Slimebound:Schlurp","Slimebound:SplitMire"],"picked":"Slimebound:ServeAndProtect","floor":14},{"not_picked":["Slimebound:SlimeBrawl","Slimebound:Schlurp"],"picked":"Slimebound:DisruptingSlam","floor":15}],"player_experience":403165,"relics_obtained":[{"floor":7,"key":"The Courier"},{"floor":10,"key":"Thread and Needle"},{"floor":14,"key":"StoneCalendar"}],"event_choices":[],"is_beta":false,"boss_relics":[],"items_purged_floors":[],"is_endless":false,"potions_floor_spawned":[5,11,14],"killed_by":"downfall:Defect","ascension_level":6}}