{"host":"i9lxfrw7gw0fop00","time":1609174359,"event":{"mods":["2.2 Compatiblity","AchievementEnabler","BaseMod","Beaked The Cultist","Better Altar","Better Match","Better Note","Better Sensory Stone","Better Skull","Better Third Choice","Colored Map","Colored Powertips","Downfall","Friendly Minions","Glutton Mod","Hermit","Minty Spire (QoL Compilation)","Permanent Neow","Quick Restart","Rare Cards Sparkle","Relic Sorter","Replay The Spire","Robot Space Explorer","Shade Mod","StSLib","The Construct","The Dragon Tamer","The Jungle","The Marked"],"gold_per_floor":[113,113,113,127,127,161,161,12,12,26,69,69,102,121,121,121,121],"floor_reached":16,"playtime":952,"items_purged":[],"score":118,"play_id":"b594c188-0bba-4b4d-aa56-ffe75bf7af33","local_time":"20201228135239","is_ascension_mode":false,"campfire_choices":[{"floor":7,"key":"RECALL"},{"data":"RobotSpaceExplorer:Pulsar","floor":15,"key":"SMITH"}],"circlet_count":0,"master_deck":["RobotSpaceExplorer:Strike","RobotSpaceExplorer:Strike","RobotSpaceExplorer:Strike","RobotSpaceExplorer:Strike","RobotSpaceExplorer:Defend+1","RobotSpaceExplorer:Defend","RobotSpaceExplorer:Defend+1","RobotSpaceExplorer:Defend","RobotSpaceExplorer:Scan","RobotSpaceExplorer:MiniLasers+1","RobotSpaceExplorer:Pulsar+1","expansioncontent:Corrupt","Apotheosis+1","RobotSpaceExplorer:FreezingShield","RobotSpaceExplorer:ScrapMissile"],"relics":["RobotSpaceExplorer:RoboCore","Golden Idol","MealTicket","Oddly Smooth Stone","Snack Pack","Tiny Chest","War Paint","Darkstone Periapt"],"acts_visited":["Exordium"],"potions_floor_usage":[6,11,16],"damage_taken":[{"damage":0,"enemies":"Small Slimes","floor":1,"turns":3},{"damage":0,"enemies":"Jaw Worm","floor":4,"turns":2},{"damage":12,"enemies":"Gremlin Nob","floor":6,"turns":4},{"damage":0,"enemies":"2 Louse","floor":10,"turns":2},{"damage":18,"enemies":"3 Sentries","floor":11,"turns":13},{"damage":1,"enemies":"Lagavulin","floor":13,"turns":7},{"damage":15,"enemies":"Gremlin Gang","floor":14,"turns":3},{"damage":65,"enemies":"Slime Boss","floor":16,"turns":12}],"seed_played":"92169899773873202","potions_obtained":[{"floor":4,"key":"Block Potion"},{"floor":6,"key":"Fire Potion"},{"floor":13,"key":"RobotSpaceExplorer:RecyclePotion"}],"is_trial":false,"path_per_floor":["M","?","?","M","?","E","R","$","T","M","E","?","E","M","R","B"],"character_chosen":"RobotSpaceExplorer","items_purchased":["Oddly Smooth Stone"],"campfire_rested":0,"item_purchase_floors":[8],"current_hp_per_floor":[75,75,75,75,57,45,45,60,60,62,48,75,75,60,60,0,0],"gold":121,"neow_bonus":"UPGRADE_CARD","is_daily":false,"chose_seed":false,"campfire_upgraded":1,"win_rate":0.0,"timestamp":1609174359,"path_taken":["M","?","?","?","?","E","R","$","T","M","E","?","E","?","R","BOSS"],"items_purchased_type":["Relic"],"build_version":"2020-12-22","purchased_purges":0,"victory":false,"max_hp_per_floor":[75,75,75,75,75,75,75,75,75,75,75,75,75,75,75,75,75],"card_choices":[{"not_picked":["RobotSpaceExplorer:Smokescreen","RobotSpaceExplorer:Blitz"],"picked":"RobotSpaceExplorer:Pulsar","floor":1},{"not_picked":["Flash of Steel","expansioncontent:DarkVoid"],"picked":"expansioncontent:Corrupt","floor":2},{"not_picked":["RobotSpaceExplorer:ShovelStrike","RobotSpaceExplorer:MiniDrones","RobotSpaceExplorer:BigMissile"],"picked":"SKIP","floor":4},{"not_picked":["RobotSpaceExplorer:SurgingStrike","RobotSpaceExplorer:FrostMissile"],"picked":"RobotSpaceExplorer:FreezingShield","floor":6},{"not_picked":["RobotSpaceExplorer:ToxicBomb","RobotSpaceExplorer:MetalStrike"],"picked":"RobotSpaceExplorer:Exploration","floor":10},{"not_picked":["RobotSpaceExplorer:DoubleFind","RobotSpaceExplorer:Calculate"],"picked":"RobotSpaceExplorer:Jetpack","floor":11},{"not_picked":["RobotSpaceExplorer:StunGrenade","RobotSpaceExplorer:FranticSearch","RobotSpaceExplorer:StarDust"],"picked":"SKIP","floor":13},{"not_picked":["RobotSpaceExplorer:MetalStrike","RobotSpaceExplorer:Jetpack"],"picked":"RobotSpaceExplorer:ScrapMissile","floor":14}],"player_experience":222110,"relics_obtained":[{"floor":6,"key":"MealTicket"},{"floor":9,"key":"Snack Pack"},{"floor":11,"key":"Tiny Chest"},{"floor":11,"key":"War Paint"},{"floor":13,"key":"Darkstone Periapt"}],"event_choices":[{"damage_healed":0,"gold_gain":1,"player_choice":"1","damage_taken":0,"max_hp_gain":0,"max_hp_loss":0,"event_name":"betterStone:BetterStone","floor":2,"gold_loss":0},{"damage_healed":75,"gold_gain":0,"player_choice":"Embrace","damage_taken":0,"max_hp_gain":0,"max_hp_loss":75,"event_name":"betterThird:BetterShining","floor":3,"gold_loss":0},{"damage_healed":0,"gold_gain":0,"player_choice":"Take Damage","damage_taken":18,"relics_obtained":["Golden Idol"],"max_hp_gain":0,"max_hp_loss":0,"event_name":"Golden Idol","floor":5,"gold_loss":0},{"cards_removed":["RobotSpaceExplorer:Jetpack"],"damage_healed":27,"gold_gain":0,"player_choice":"Offered Uncommon","damage_taken":0,"max_hp_gain":0,"max_hp_loss":0,"event_name":"Bonfire Elementals","floor":12,"gold_loss":0}],"is_beta":false,"boss_relics":[],"items_purged_floors":[],"is_endless":false,"potions_floor_spawned":[4,6,13],"killed_by":"Slime Boss","ascension_level":0}}