{"host":"g9y2ptialarrkhtq","time":1609158091,"event":{"mods":["BaseMod","Conspire","Downfall","Jedi Mod","Minty Spire (QoL Compilation)","Replay The Spire","StSLib"],"gold_per_floor":[99,99,99,112,132,143,53,53,53,73,86,97,114,129,145,158,172,172,172],"floor_reached":18,"playtime":1298,"items_purged":["Spreading Infection"],"score":112,"play_id":"206d347f-74f5-4efa-82fd-41e39bd6b50b","local_time":"20201228202131","is_ascension_mode":false,"campfire_choices":[{"floor":1,"key":"DIG"}],"circlet_count":0,"master_deck":["sneckomod:Defend","sneckomod:TailWhip","sneckomod:SnekBite","sneckomod:Unknown","sneckomod:Unknown","sneckomod:UnknownExhaust","sneckomod:Nope","sneckomod:MorePower","Iron Wave","sneckomod:Unknown3Cost","sneckomod:Unknown+1","sneckomod:QuickMove","sneckomod:Unknown3Cost+1","sneckomod:UnknownRareAttack","sneckomod:UnknownUncommonSkill+1","sneckomod:DefensiveFlair","sneckomod:UnknownRareSkill+1","sneckomod:SlitherStrike","sneckomod:UnknownUncommonSkill+1","sneckomod:UnknownUncommonAttack"],"relics":["Kintsugi","Bag of Preparation","conspire:GiftBox"],"acts_visited":["Exordium"],"potions_floor_usage":[13,18],"damage_taken":[{"damage":3,"enemies":"Jaw Worm","floor":4,"turns":2},{"damage":5,"enemies":"Cultist","floor":5,"turns":4},{"damage":6,"enemies":"conspire:RoseBush","floor":6,"turns":2},{"damage":11,"enemies":"downfall:FleeingMerchant","floor":7,"turns":4},{"damage":40,"enemies":"Exordium Thugs","floor":10,"turns":7},{"damage":0,"enemies":"3 Louse","floor":11,"turns":1},{"damage":4,"enemies":"Exordium Wildlife","floor":12,"turns":3},{"damage":3,"enemies":"Blue Slaver","floor":13,"turns":4},{"damage":0,"enemies":"Exordium Thugs","floor":14,"turns":3},{"damage":6,"enemies":"Large Slime","floor":15,"turns":3},{"damage":0,"enemies":"Red Slaver","floor":16,"turns":2},{"damage":0,"enemies":"3 Louse","floor":17,"turns":1},{"damage":22,"enemies":"downfall:Defect","floor":18,"turns":3}],"seed_played":"-1460680029875217260","potions_obtained":[{"floor":5,"key":"SpeedPotion"},{"floor":6,"key":"PowerPotion"},{"floor":10,"key":"Venom Potion"},{"floor":11,"key":"Languid Potion"},{"floor":12,"key":"EssenceOfSteel"},{"floor":17,"key":"Dexterity Potion"}],"is_trial":false,"path_per_floor":["R","PTL","PTL","M","M","M","$","?","T","M","M","M","M","M","M","M","M","B"],"character_chosen":"THE_SNECKO","items_purchased":[],"campfire_rested":0,"item_purchase_floors":[],"current_hp_per_floor":[90,90,90,87,87,81,70,70,70,30,30,29,26,26,20,20,20,0,0],"gold":172,"neow_bonus":"BOSS_RELIC","is_daily":false,"chose_seed":false,"campfire_upgraded":0,"win_rate":0.0,"timestamp":1609158091,"path_taken":["R","PTL","PTL","M","M","M","$","?","T","?","?","M","M","M","M","M","M","BOSS"],"items_purchased_type":[],"build_version":"2020-12-22","purchased_purges":1,"victory":false,"max_hp_per_floor":[90,90,90,90,90,90,90,90,90,90,90,93,93,93,93,93,93,93,93],"card_choices":[{"not_picked":["sneckomod:UnknownX","sneckomod:UnknownClassHEXA_GHOST_PURPLE"],"picked":"sneckomod:UnknownExhaust","floor":4},{"not_picked":["sneckomod:CheapStock","sneckomod:SoulRoll","sneckomod:UnknownBlock"],"picked":"SKIP","floor":5},{"not_picked":["sneckomod:UnknownVulnerable","sneckomod:TrashToTreasure"],"picked":"sneckomod:Nope","floor":6},{"not_picked":["sneckomod:SoulRoll","sneckomod:UnknownClassBLUE"],"picked":"sneckomod:MorePower","floor":7},{"not_picked":["sneckomod:UnknownRareSkill","sneckomod:MorePower"],"picked":"sneckomod:Unknown3Cost","floor":9},{"not_picked":["sneckomod:UnknownClassHEXA_GHOST_PURPLE+1","sneckomod:UnknownBlock+1"],"picked":"sneckomod:Unknown+1","floor":10},{"not_picked":["sneckomod:UnlimitedRolls","sneckomod:UnknownBlock"],"picked":"sneckomod:QuickMove","floor":10},{"not_picked":["sneckomod:UnknownClassSLIMEBOUND+1","sneckomod:UnknownEthereal+1"],"picked":"sneckomod:Unknown3Cost+1","floor":11},{"not_picked":["sneckomod:Nope","sneckomod:UnknownWeak"],"picked":"sneckomod:UnknownRareAttack","floor":11},{"not_picked":["sneckomod:UnknownDexterity+1","sneckomod:Unknown1Cost+1"],"picked":"sneckomod:UnknownUncommonSkill+1","floor":12},{"not_picked":["sneckomod:SoulDraw","sneckomod:WideSting"],"picked":"sneckomod:DefensiveFlair","floor":12},{"not_picked":["sneckomod:Unknown0Cost+1","sneckomod:UnknownClassPURPLE+1"],"picked":"sneckomod:UnknownRareSkill+1","floor":13},{"not_picked":["sneckomod:QuickBite","sneckomod:ImprovisedGuard"],"picked":"sneckomod:SlitherStrike","floor":13},{"not_picked":["sneckomod:UnknownCommonAttack","sneckomod:RainOfDice","sneckomod:UnknownWeak"],"picked":"SKIP","floor":14},{"not_picked":["sneckomod:UnknownClassBLUE+1","sneckomod:UnknownClassPURPLE+1"],"picked":"sneckomod:UnknownUncommonSkill+1","floor":15},{"not_picked":["sneckomod:UnknownCommonAttack","sneckomod:IronFang"],"picked":"sneckomod:UnknownUncommonAttack","floor":15},{"not_picked":["sneckomod:SoulRoll","sneckomod:Unknown2Cost","sneckomod:UnknownClassHEXA_GHOST_PURPLE"],"picked":"SKIP","floor":16},{"not_picked":["sneckomod:UnknownX","sneckomod:UnknownCommonAttack","sneckomod:UnknownBlock"],"picked":"SKIP","floor":17}],"player_experience":171407,"relics_obtained":[{"floor":1,"key":"Bag of Preparation"},{"floor":9,"key":"conspire:GiftBox"}],"event_choices":[{"cards_removed":["Clumsy"],"damage_healed":0,"gold_gain":0,"player_choice":"Took Card","damage_taken":0,"max_hp_gain":0,"max_hp_loss":0,"event_name":"NoteForYourself","floor":8,"gold_loss":0,"cards_obtained":["Iron Wave"]}],"is_beta":false,"boss_relics":[],"items_purged_floors":[7],"is_endless":false,"potions_floor_spawned":[5,6,10,11,12,17],"killed_by":"downfall:Defect","ascension_level":0}}