{"host":"mj8akmyfd5lo602f","time":1609178013,"event":{"mods":["2.2 Compatiblity","Act Like it!","BaseMod","Bestiary","BshForSts","Colored Map","Colored Powertips","Downfall","Highlight Path","Minty Spire (QoL Compilation)","Permanent Neow","Relic Stats","StSLib","The Servant 0.9.4"],"gold_per_floor":[99,115,129,129,143,158,158,174,99,84,84,100,100,46,61,163,163,163,181,198,27,27,27,27,57,72,72,72,57,7,0,19,19,19,19],"floor_reached":33,"playtime":1947,"items_purged":[],"score":257,"play_id":"cb5427e2-3110-4398-8a75-6f5f29bc2089","local_time":"20201228175333","is_ascension_mode":false,"campfire_choices":[{"floor":1.0,"key":"RECALL"},{"data":"champ:Encircle","floor":9.0,"key":"SMITH"},{"data":"champ:HoldFirm","floor":11.0,"key":"SMITH"},{"data":"champ:AdrenalArmor","floor":13.0,"key":"SMITH"},{"data":"champ:HeartStrike","floor":18,"key":"SMITH"},{"floor":27,"key":"REST"}],"circlet_count":0,"master_deck":["champ:Strike","champ:Strike","champ:Strike","champ:Defend","champ:Defend","champ:Defend","champ:Defend","champ:Execute","champ:Taunt+1","champ:AdrenalArmor+1","champ:Encircle+1","champ:ShieldSigil","champ:HoldFirm+1","champ:BringItOn","champ:HeartStrike+1","champ:IgnorePain","champ:Lariat","champ:BerserkersShout","Slimebound:Icky","champ:EnchantCrown","champ:Backstep+1"],"relics":["champ:ChampionCrown","Gremlin Horn","downfall:HeartBlessingRed","Cursed Key","Guardian:BottledAnomaly","sneckomod:BlankCard","downfall:RedIOU"],"acts_visited":["Exordium","TheCity"],"potions_floor_usage":[33],"damage_taken":[{"damage":12.0,"enemies":"2 Louse","floor":2.0,"turns":3.0},{"damage":12.0,"enemies":"Cultist","floor":3.0,"turns":4.0},{"damage":16.0,"enemies":"Jaw Worm","floor":5.0,"turns":5.0},{"damage":17.0,"enemies":"3 Louse","floor":6.0,"turns":3.0},{"damage":34.0,"enemies":"Blue Slaver","floor":8.0,"turns":5.0},{"damage":25.0,"enemies":"downfall:FleeingMerchant","floor":10.0,"turns":4.0},{"damage":20.0,"enemies":"2 Fungi Beasts","floor":12.0,"turns":4.0},{"damage":21.0,"enemies":"downfall:FleeingMerchant","floor":14.0,"turns":4.0},{"damage":34.0,"enemies":"Exordium Thugs","floor":15.0,"turns":6.0},{"damage":41.0,"enemies":"downfall:Watcher","floor":16.0,"turns":8.0},{"damage":29,"enemies":"Shell Parasite","floor":19,"turns":6},{"damage":18,"enemies":"3 Byrds","floor":20,"turns":7},{"damage":25,"enemies":"downfall:FleeingMerchant","floor":21,"turns":4},{"damage":103,"enemies":"Slavers","floor":25,"turns":6},{"damage":22,"enemies":"Shelled Parasite and Fungi","floor":26,"turns":6},{"damage":34,"enemies":"downfall:FleeingMerchant","floor":29,"turns":4},{"damage":35,"enemies":"downfall:FleeingMerchant","floor":31,"turns":4},{"damage":50,"enemies":"Snecko","floor":32,"turns":7},{"damage":127,"enemies":"downfall:Ironclad","floor":33,"turns":11}],"seed_played":"2983777942575848677","potions_obtained":[{"floor":2.0,"key":"SteroidPotion"},{"floor":8.0,"key":"AttackPotion"},{"floor":15.0,"key":"SteroidPotion"},{"floor":16.0,"key":"Regen Potion"},{"floor":20,"key":"DuplicationPotion"}],"is_trial":false,"path_per_floor":["R","M","M","?","M","M","T","M","R","$","R","M","R","$","M","B",null,"R","M","M","$","?","?","T","E","M","R","?","$","?","$","M","B"],"character_chosen":"THE_CHAMP","items_purchased":["champ:HeartStrike","Guardian:BottledAnomaly"],"campfire_rested":1,"item_purchase_floors":[14,21],"current_hp_per_floor":[90,83,82,82,81,81,81,69,69,69,69,69,69,69,59,50,90,90,90,90,88,88,88,88,22,29,56,56,41,74,74,74,0,0,0],"gold":19,"neow_bonus":"UPGRADE_CARD","is_daily":false,"chose_seed":false,"campfire_upgraded":4,"win_rate":0.0,"timestamp":1609178013,"path_taken":["R","M","M","?","M","M","T","M","R","$","R","?","R","$","M","BOSS","R","M","M","$","?","?","T","E","M","R","?","$","?","?","M","BOSS"],"items_purchased_type":["Card","Relic"],"build_version":"2020-12-22","purchased_purges":0,"victory":false,"max_hp_per_floor":[90,90,90,90,90,90,90,90,90,90,90,90,90,90,90,90,90,90,90,90,90,90,90,90,90,90,90,90,90,90,90,90,90,90,90],"relic_stats":{"Gremlin Horn":[7,7],"counters":[19,101],"Cursed Key":1,"obtain_stats":[{"Gremlin Horn":7,"downfall:HeartBlessingRed":9,"sneckomod:BlankCard":25,"champ:ChampionCrown":0,"downfall:RedIOU":28,"Guardian:BottledAnomaly":21,"champ:FightingForDummies":22,"Cursed Key":17},{"Gremlin Horn":4,"downfall:HeartBlessingRed":5,"sneckomod:BlankCard":14,"champ:ChampionCrown":0,"downfall:RedIOU":15,"Guardian:BottledAnomaly":13,"champ:FightingForDummies":13,"Cursed Key":10},{"Gremlin Horn":15,"downfall:HeartBlessingRed":20,"sneckomod:BlankCard":69,"champ:ChampionCrown":0,"downfall:RedIOU":75,"Guardian:BottledAnomaly":63,"champ:FightingForDummies":63,"Cursed Key":46}]},"card_choices":[{"not_picked":["champ:CrookedStrike","champ:Circumvent"],"picked":"champ:AdrenalArmor","floor":2.0},{"not_picked":["champ:CalledShot","champ:Control"],"picked":"champ:Encircle","floor":3.0},{"not_picked":["champ:Haymaker","champ:CalledShot"],"picked":"champ:ShieldSigil","floor":5.0},{"not_picked":["champ:FocusedGladiator","champ:HeavySlash","champ:BladeFlurry"],"picked":"SKIP","floor":6.0},{"not_picked":["champ:ShieldSigil","champ:DefensiveShout","champ:BerserkersShout"],"picked":"SKIP","floor":8.0},{"not_picked":["champ:FanOfKnives","champ:StanceDance"],"picked":"champ:HoldFirm","floor":10.0},{"not_picked":["champ:DefensiveShout","champ:RageSigil","champ:GladiatorsShout"],"picked":"SKIP","floor":12.0},{"not_picked":["champ:GladiatorStyle","champ:IgnorePain"],"picked":"champ:BringItOn","floor":14.0},{"not_picked":["champ:Balance","champ:TornadoPunch","champ:ShieldSigil"],"picked":"SKIP","floor":15.0},{"not_picked":["champ:ShieldSlam","champ:StrikeOfGenius"],"picked":"champ:IgnorePain","floor":16.0},{"not_picked":["champ:Duel","champ:ShieldSigil+1","champ:BladeFlurry+1"],"picked":"SKIP","floor":19},{"not_picked":["champ:PerfectedStrike","champ:GladiatorsShout"],"picked":"champ:Lariat","floor":20},{"not_picked":["champ:Devastate","champ:Circumvent"],"picked":"champ:BerserkersShout","floor":21},{"not_picked":["champ:PerfectedStrike","champ:FlashCut","champ:ShieldSigil"],"picked":"SKIP","floor":25},{"not_picked":["champ:RecklessLeap","champ:BringItOn","champ:CrookedStrike"],"picked":"SKIP","floor":26},{"not_picked":["champ:StanceDance","champ:RageSigil"],"picked":"champ:EnchantCrown","floor":29},{"not_picked":["champ:RecklessLeap","champ:Balance"],"picked":"champ:Backstep+1","floor":31},{"not_picked":["champ:EnGarde","champ:TornadoPunch","champ:ShieldSigil"],"picked":"SKIP","floor":32}],"player_experience":466762,"relics_obtained":[{"floor":7.0,"key":"Gremlin Horn"},{"floor":25,"key":"sneckomod:BlankCard"}],"event_choices":[{"cards_removed":["champ:Strike"],"damage_healed":0.0,"max_hp_gain":0.0,"max_hp_loss":0.0,"gold_gain":0.0,"event_name":"Purifier","player_choice":"Purged","floor":4.0,"gold_loss":0.0,"damage_taken":0.0},{"damage_healed":0,"gold_gain":0,"player_choice":"Ignored","damage_taken":0,"max_hp_gain":0,"max_hp_loss":0,"event_name":"Ghosts","floor":23,"gold_loss":0}],"is_beta":false,"boss_relics":[{"not_picked":["Empty Cage","Fusion Hammer"],"picked":"Cursed Key"}],"items_purged_floors":[],"is_endless":false,"potions_floor_spawned":[2,8,15,16,20,32],"killed_by":"downfall:Ironclad","ascension_level":0}}