{"host":"s0ikvqhe10eopvjn","time":1609178914,"event":{"mods":["Act Like it!","Bard","BaseMod","Block Reminder","Colored Map","Colored Powertips","DeckTracker","Downfall","Halation","Hallownest","Hermit","Highlight Path","Hubris","Infinite Spire","Mad Scientist","Minty Spire (QoL Compilation)","Permanent Neow","Random Character Button","StSLib","The Blackbeard","The Blue Laboratory","The Bug Knight","The Cursed","The Disciple","The Mystic","The Necromancer","The Servant 0.9.4"],"gold_per_floor":[116,129,144,161,176,176,192,192,218,248,248,248,248,276,276,371,371,382,395,495,253,253,253,286,286,286,286,286,286],"floor_reached":28,"playtime":2162,"items_purged":[],"score":246,"play_id":"21cde083-f8ee-40f1-8400-e0e6773680cd","local_time":"20201228180834","is_ascension_mode":false,"campfire_choices":[{"floor":6,"key":"RECALL"},{"floor":8,"key":"REST"},{"data":"Hightail","floor":11,"key":"SMITH"},{"floor":15,"key":"REST"},{"data":"hubris:DuctTapeCard","floor":23,"key":"SMITH"},{"floor":25,"key":"REST"}],"circlet_count":0,"master_deck":["Strike_S","Strike_S","Strike_S","Strike_S","Defend_S","Defend_S","Defend_S","Defend_S","KidneyShot","Exchange","Luminosity","Defy","SilverBlades","Hightail+1","Snipe","ReturningBlade","Revamp","Dilation","CurseOfTheBell","SurpressingFire+1","hubris:DuctTapeCard+2","FastForward"],"relics":["Uniform","halation:PrussianBluePaint","Bag of Preparation","halation:Pancakes","HornCleat","hubris:TenFootPole","Bottled Lightning","Calling Bell","Omamori","PocketWatch","hubris:BottledRain","hubris:DuctTape","infinitespire:Golems Mask","Bronze Scales","hubris:Towel"],"acts_visited":["Exordium","TheCity"],"potions_floor_usage":[5,10],"damage_taken":[{"damage":4,"enemies":"Cultist","floor":1,"turns":5},{"damage":0,"enemies":"2 Louse","floor":2,"turns":3},{"damage":0,"enemies":"Small Slimes","floor":3,"turns":2},{"damage":8,"enemies":"3 Louse","floor":4,"turns":4},{"damage":23,"enemies":"Exordium Thugs","floor":5,"turns":4},{"damage":5,"enemies":"Gremlin Gang","floor":7,"turns":5},{"damage":41,"enemies":"Gremlin Nob","floor":10,"turns":6},{"damage":10,"enemies":"3 Sentries","floor":14,"turns":6},{"damage":22,"enemies":"The Guardian","floor":16,"turns":19},{"damage":6,"enemies":"Shell Parasite","floor":18,"turns":13},{"damage":7,"enemies":"Spheric Guardian","floor":19,"turns":8},{"damage":43,"enemies":"Slavers","floor":24,"turns":9},{"damage":33,"enemies":"Gremlin Leader","floor":28,"turns":4}],"seed_played":"3686370329436114224","potions_obtained":[{"floor":1,"key":"blueLaboratory:HorrorPotion"},{"floor":4,"key":"PowerPotion"},{"floor":5,"key":"DistilledChaos"},{"floor":14,"key":"blueLaboratory:BottledHope"},{"floor":16,"key":"Swift Potion"},{"floor":24,"key":"LiquidMemories"}],"is_trial":false,"path_per_floor":["M","M","M","M","M","R","M","R","T","E","R","T","?","E","R","B",null,"M","M","?","$","?","R","E","R","T","?","E"],"character_chosen":"THE_SERVANT","items_purchased":["hubris:DuctTape"],"campfire_rested":3,"item_purchase_floors":[21],"current_hp_per_floor":[61,61,61,53,30,30,25,44,44,49,49,49,49,39,58,36,65,59,52,52,52,52,52,9,28,28,28,0,0],"gold":286,"neow_bonus":"RANDOM_COMMON_RELIC","is_daily":false,"chose_seed":false,"campfire_upgraded":2,"win_rate":0.0,"timestamp":1609178914,"path_taken":["M","M","M","M","?","R","M","R","T","E","R","?","?","E","R","BOSS","M","M","?","?","?","R","E","R","T","?","E"],"items_purchased_type":["Relic"],"build_version":"2020-12-22","purchased_purges":0,"victory":false,"max_hp_per_floor":[65,65,65,65,65,65,65,65,65,65,65,65,65,65,65,65,65,65,65,65,65,65,65,65,65,65,65,65,65],"card_choices":[{"not_picked":["Replace","DoubleEdge"],"picked":"Luminosity","floor":1},{"not_picked":["DoubleEdge","Rearm"],"picked":"Spin","floor":2},{"not_picked":["TimeWarp","DoubleEdge"],"picked":"Defy","floor":3},{"not_picked":["LightFlow","Unruled"],"picked":"SilverBlades","floor":4},{"not_picked":["ShiftingGears","Starlight"],"picked":"Hightail","floor":5},{"not_picked":["Starlight","Collapse"],"picked":"Snipe","floor":7},{"not_picked":["DualDimension","RealityMarble"],"picked":"ReturningBlade","floor":10},{"not_picked":["Luminosity","Read"],"picked":"Revamp","floor":14},{"not_picked":["Duplication","PendulumOfEternity"],"picked":"Dilation","floor":16},{"not_picked":["DualDimension","Advance"],"picked":"Unruled","floor":18},{"not_picked":["Potential","Ricochet"],"picked":"SurpressingFire+1","floor":19},{"not_picked":["ShiftingGears","Shuttle+1"],"picked":"FastForward","floor":24}],"player_experience":65844,"relics_obtained":[{"floor":9,"key":"Bag of Preparation"},{"floor":10,"key":"halation:Pancakes"},{"floor":12,"key":"HornCleat"},{"floor":13,"key":"hubris:TenFootPole"},{"floor":14,"key":"Bottled Lightning"},{"floor":17,"key":"Omamori"},{"floor":17,"key":"PocketWatch"},{"floor":17,"key":"hubris:BottledRain"},{"floor":24,"key":"infinitespire:Golems Mask"},{"floor":26,"key":"Bronze Scales"}],"event_choices":[{"damage_healed":0,"gold_gain":0,"player_choice":"Relic","damage_taken":0,"max_hp_gain":0,"max_hp_loss":0,"event_name":"Wheel of Change","floor":13,"gold_loss":0},{"damage_healed":0,"gold_gain":100,"player_choice":"Pray","damage_taken":0,"max_hp_gain":0,"max_hp_loss":0,"event_name":"Golden Shrine","floor":20,"gold_loss":0},{"damage_healed":0,"gold_gain":0,"player_choice":"Ignored","damage_taken":0,"max_hp_gain":0,"max_hp_loss":0,"event_name":"Ghosts","floor":22,"gold_loss":0}],"is_beta":false,"boss_relics":[{"not_picked":["Empty Cage","halation:CatFaceCupcake"],"picked":"Calling Bell"}],"items_purged_floors":[],"is_endless":false,"potions_floor_spawned":[1,4,5,14,16,24],"killed_by":"Gremlin Leader","ascension_level":0}}