{"host":"dhyczjm99amxd3qx","time":1609134824,"event":{"mods":["BaseMod","Colored Map","Googly Eyes","Highlight Path","Minty Spire (QoL Compilation)","Quick Restart","StSLib"],"gold_per_floor":[119,130,205,155,155,186,186,41,41,41,66,89,124,140,140,140,140],"floor_reached":16,"playtime":831,"items_purged":[],"score":110,"play_id":"5cdee9aa-9d05-4ba3-a87c-4e7c6b134076","local_time":"20201228005344","is_ascension_mode":false,"campfire_choices":[{"data":"Choke","floor":7,"key":"SMITH"},{"data":"Adrenaline","floor":15,"key":"SMITH"}],"circlet_count":0,"master_deck":["Strike_G","Strike_G","Strike_G","Strike_G","Defend_G","Defend_G","Defend_G","Defend_G","Survivor","Neutralize","Choke+1","Deflect","Adrenaline+1"],"relics":["Ring of the Snake","Golden Idol","TungstenRod","Toy Ornithopter","Tiny Chest","Regal Pillow"],"acts_visited":["Exordium"],"potions_floor_usage":[6,14],"damage_taken":[{"damage":0.0,"enemies":"Jaw Worm","floor":1.0,"turns":6.0},{"damage":0.0,"enemies":"Small Slimes","floor":2.0,"turns":3.0},{"damage":27,"enemies":"Lagavulin","floor":6,"turns":9},{"damage":0,"enemies":"2 Louse","floor":11,"turns":3},{"damage":1,"enemies":"Looter","floor":12,"turns":3},{"damage":17,"enemies":"Gremlin Nob","floor":13,"turns":5},{"damage":0,"enemies":"Large Slime","floor":14,"turns":5},{"damage":24,"enemies":"Hexaghost","floor":16,"turns":11}],"seed_played":"1028842722237620617","potions_obtained":[{"floor":2.0,"key":"Block Potion"},{"floor":13,"key":"Energy Potion"}],"is_trial":false,"path_per_floor":["M","M","?","?","?","E","R","$","T","?","M","M","E","M","R","B"],"character_chosen":"THE_SILENT","items_purchased":["Toy Ornithopter"],"campfire_rested":0,"item_purchase_floors":[8],"current_hp_per_floor":[77,77,66,66,66,39,39,39,39,33,33,32,15,20,20,0,0],"gold":140,"neow_bonus":"TEN_PERCENT_HP_BONUS","is_daily":false,"chose_seed":false,"campfire_upgraded":2,"win_rate":0.0,"timestamp":1609134824,"path_taken":["M","M","?","?","?","E","R","$","T","?","M","M","E","M","R","BOSS"],"items_purchased_type":["Relic"],"build_version":"2020-12-22","purchased_purges":0,"victory":false,"max_hp_per_floor":[77,77,77,77,71,71,71,71,71,71,71,71,71,71,71,71,71],"card_choices":[{"not_picked":["Acrobatics","Cloak And Dagger"],"picked":"Choke","floor":1.0},{"not_picked":["PiercingWail","Backflip"],"picked":"Deflect","floor":2.0},{"not_picked":["Flechettes","PiercingWail","Dagger Throw"],"picked":"SKIP","floor":6},{"not_picked":["Dagger Throw","Underhanded Strike","Dagger Spray"],"picked":"SKIP","floor":11},{"not_picked":["Quick Slash","Outmaneuver","Finisher"],"picked":"SKIP","floor":12},{"not_picked":["Caltrops","Cloak And Dagger"],"picked":"Adrenaline","floor":13},{"not_picked":["Deadly Poison","Dodge and Roll","Cloak And Dagger"],"picked":"SKIP","floor":14}],"player_experience":129627,"relics_obtained":[{"floor":6,"key":"TungstenRod"},{"floor":9,"key":"Tiny Chest"},{"floor":13,"key":"Regal Pillow"}],"event_choices":[{"damage_healed":0.0,"max_hp_gain":0.0,"max_hp_loss":0.0,"gold_gain":75.0,"event_name":"World of Goop","player_choice":"Gather Gold","floor":3.0,"gold_loss":0.0,"damage_taken":11.0},{"cards_removed":["Strike_G"],"damage_healed":0.0,"max_hp_gain":0.0,"max_hp_loss":0.0,"gold_gain":0.0,"event_name":"The Cleric","player_choice":"Card Removal","floor":4.0,"gold_loss":50.0,"damage_taken":0.0},{"damage_healed":0.0,"max_hp_gain":0.0,"max_hp_loss":6.0,"gold_gain":0.0,"event_name":"Golden Idol","player_choice":"Lose Max HP","floor":5.0,"gold_loss":0.0,"damage_taken":0.0,"relics_obtained":["Golden Idol"]},{"cards_removed":["Defend_G"],"damage_healed":0,"gold_gain":0,"player_choice":"Card Removal","damage_taken":7,"max_hp_gain":0,"max_hp_loss":0,"event_name":"Golden Wing","floor":10,"gold_loss":0}],"is_beta":false,"boss_relics":[],"items_purged_floors":[],"is_endless":false,"potions_floor_spawned":[2,13],"killed_by":"Hexaghost","ascension_level":0}}