{"host":"cfnmff32z0ky6ioz","time":1609124787,"event":{"mods":["Act Like it!","BaseMod","Colored Powertips","Friendly Minions","Gensokyo","Highlight Path","KinomotoSakuraMod(¤ì¤§¥»?)","Minty Spire (QoL Compilation)","Pale of the Ancients","Quick Restart","Replay The Spire","StSLib","The Animator","The Hierophant","The IronCluck","The Jungle"],"gold_per_floor":[114,114,126,140,157,157,172,172,172,182,207,222,4,4,4,102,102,114,114,132,152,152,152],"floor_reached":22,"playtime":1670,"items_purged":["Defend_G"],"score":180,"play_id":"543ef2e3-b924-4bae-89c0-1dd120733524","local_time":"20201228110627","is_ascension_mode":false,"campfire_choices":[{"data":"Crippling Poison","floor":6,"key":"SMITH"},{"data":"Poisoned Stab","floor":8,"key":"SMITH"}],"circlet_count":0,"master_deck":["Strike_G","Strike_G","Strike_G","Defend_G","Defend_G","Defend_G","Defend_G","Survivor","Neutralize","Poisoned Stab","Crippling Poison+1","Sneak Up","Acrobatics","Poisoned Stab+1","Bouncing Flask","Bane","Parasite","ReplayTheSpireMod:Shiv Toss","Envenom","Decay","Dodge and Roll","Deadly Poison"],"relics":["Ring of the Snake","NeowsBlessing","Replay:Baseball","Dream Catcher","Snake Skull","Ring of Chaos"],"acts_visited":["Exordium","TheCity"],"potions_floor_usage":[16,18,21,21],"damage_taken":[{"damage":0,"enemies":"Small Slimes","floor":1,"turns":1},{"damage":0,"enemies":"Cultist","floor":3,"turns":1},{"damage":0,"enemies":"Jaw Worm","floor":4,"turns":1},{"damage":3,"enemies":"2 Fungi Beasts","floor":5,"turns":4},{"damage":7,"enemies":"Large Slime","floor":7,"turns":6},{"damage":2,"enemies":"Looter","floor":10,"turns":3},{"damage":4,"enemies":"Blue Slaver","floor":12,"turns":3},{"damage":29,"enemies":"The Guardian","floor":16,"turns":8},{"damage":9,"enemies":"2 Thieves","floor":18,"turns":3},{"damage":33,"enemies":"Shell Parasite","floor":20,"turns":6},{"damage":22,"enemies":"Centurion and Healer","floor":21,"turns":6},{"damage":12,"enemies":"Sentry and Sphere","floor":22,"turns":2}],"seed_played":"4016552348545611425","potions_obtained":[{"floor":3,"key":"Swift Potion"},{"floor":4,"key":"Adrenaline Potion"},{"floor":5,"key":"Elixir"},{"floor":12,"key":"Strength Potion"},{"floor":20,"key":"BlessingOfTheForge"}],"is_trial":false,"path_per_floor":["M","?","M","M","M","R","M","R","T","M","T","M","$","?","R","B",null,"M","?","M","M","M"],"character_chosen":"THE_SILENT","items_purchased":["Snake Skull"],"campfire_rested":0,"item_purchase_floors":[13],"current_hp_per_floor":[70,70,70,70,67,67,60,60,60,58,58,54,54,70,70,41,70,61,61,28,6,0,0],"gold":152,"neow_bonus":"THREE_ENEMY_KILL","is_daily":false,"chose_seed":false,"campfire_upgraded":2,"win_rate":0.0,"timestamp":1609124787,"path_taken":["M","?","?","M","M","R","?","R","T","?","?","M","$","?","R","BOSS","M","?","M","M","M"],"items_purchased_type":["Relic"],"build_version":"2020-12-22","purchased_purges":1,"victory":false,"max_hp_per_floor":[70,70,70,70,70,70,70,70,70,70,70,70,70,70,70,70,70,70,70,70,70,70,70],"card_choices":[{"not_picked":["Slice","Bane"],"picked":"Poisoned Stab","floor":1},{"not_picked":["Riddle With Holes","Choke"],"picked":"Crippling Poison","floor":3},{"not_picked":["Cloak And Dagger","Flying Knee"],"picked":"Sneak Up","floor":4},{"not_picked":["Dagger Throw","Dodge and Roll"],"picked":"Acrobatics","floor":5},{"not_picked":["Underhanded Strike","Quick Slash"],"picked":"Poisoned Stab","floor":7},{"not_picked":["ReplayTheSpireMod:Shiv Toss","Quick Slash"],"picked":"Bouncing Flask","floor":10},{"not_picked":["Grand Finale","Dagger Spray"],"picked":"Bane","floor":12},{"not_picked":["After Image","Storm of Steel"],"picked":"Envenom","floor":16},{"not_picked":["Hidden Blade","Quick Slash+1","Acrobatics"],"picked":"SKIP","floor":18},{"not_picked":["Slice","Tactician+1"],"picked":"Dodge and Roll","floor":20},{"not_picked":["Hidden Blade+1","Bouncing Flask"],"picked":"Deadly Poison","floor":21}],"player_experience":339822,"relics_obtained":[{"floor":9,"key":"Replay:Baseball"},{"floor":11,"key":"Dream Catcher"}],"event_choices":[{"cards_removed":["Strike_G"],"damage_healed":0,"gold_gain":0,"player_choice":"Offered Basic","damage_taken":0,"max_hp_gain":0,"max_hp_loss":0,"event_name":"Bonfire Elementals","floor":2,"gold_loss":0},{"damage_healed":17,"gold_gain":0,"player_choice":"Healed and dodged fight","damage_taken":0,"max_hp_gain":0,"max_hp_loss":0,"event_name":"Mushrooms","floor":14,"gold_loss":0,"cards_obtained":["Parasite"]},{"damage_healed":0,"gold_gain":0,"player_choice":"Smashed Altar","damage_taken":0,"max_hp_gain":0,"max_hp_loss":0,"event_name":"Forgotten Altar","floor":19,"gold_loss":0,"cards_obtained":["Decay"]}],"is_beta":false,"boss_relics":[{"not_picked":["Abe\u0027s Treasure","Replay:Drink Me"],"picked":"Ring of Chaos"}],"items_purged_floors":[13],"is_endless":false,"potions_floor_spawned":[3,4,5,12,20],"killed_by":"Sentry and Sphere","ascension_level":0}}