{"host":"sav7uxregyirlf69","time":1609166105,"event":{"mods":["AchievementEnabler","BaseMod","Colored Map","DeckTracker","Keyboard Shortcuts","Minty Spire (QoL Compilation)","READ ME - Guardian Mod","StSLib","SuperFastMode"],"gold_per_floor":[218,218,228,248,258,258,258,258,282,292,68,84,102,118,118,222,222,232,132,148,247,247,247,281,281,331,351,365,375,386,404,404,404,404],"floor_reached":33,"playtime":586,"items_purged":["Strike_R","Strike_R"],"score":265,"play_id":"021699ca-95bd-4a92-ba6e-5076cc07c6e8","local_time":"20201228233505","is_ascension_mode":false,"campfire_choices":[{"data":"Anger","floor":6,"key":"SMITH"},{"data":"Bash","floor":8,"key":"SMITH"},{"data":"Blood for Blood","floor":15,"key":"SMITH"},{"data":"Demon Form","floor":23,"key":"SMITH"},{"floor":25,"key":"REST"},{"floor":32,"key":"REST"}],"circlet_count":0,"master_deck":["Strike_R","Strike_R","Strike_R","Defend_R","Defend_R","Defend_R","Defend_R","Bash+1","Anger+1","Body Slam+1","Impervious","Shrug It Off","Blood for Blood+1","Demon Form+1","Sword Boomerang","Sentinel+1","Offering"],"relics":["Burning Blood"],"acts_visited":["Exordium","TheCity"],"potions_floor_usage":[7,16,20,29,31,33,33],"damage_taken":[{"damage":1,"enemies":"2 Louse","floor":1,"turns":3},{"damage":1,"enemies":"Jaw Worm","floor":3,"turns":5},{"damage":0,"enemies":"Cultist","floor":4,"turns":2},{"damage":4,"enemies":"Blue Slaver","floor":5,"turns":4},{"damage":5,"enemies":"Looter","floor":10,"turns":3},{"damage":8,"enemies":"Red Slaver","floor":12,"turns":2},{"damage":6,"enemies":"Exordium Wildlife","floor":13,"turns":4},{"damage":0,"enemies":"3 Louse","floor":14,"turns":5},{"damage":6,"enemies":"Slime Boss","floor":16,"turns":9},{"damage":24,"enemies":"Spheric Guardian","floor":18,"turns":4},{"damage":22,"enemies":"Shell Parasite","floor":20,"turns":5},{"damage":33,"enemies":"Gremlin Leader","floor":24,"turns":6},{"damage":9,"enemies":"Snake Plant","floor":27,"turns":4},{"damage":14,"enemies":"Centurion and Healer","floor":28,"turns":6},{"damage":20,"enemies":"Sentry and Sphere","floor":29,"turns":6},{"damage":0,"enemies":"Snecko","floor":30,"turns":3},{"damage":18,"enemies":"Centurion and Healer","floor":31,"turns":3},{"damage":79,"enemies":"Collector","floor":33,"turns":6}],"seed_played":"-8583876444539335457","potions_obtained":[{"floor":1,"key":"Fruit Juice"},{"floor":7,"key":"SpeedPotion"},{"floor":7,"key":"Swift Potion"},{"floor":7,"key":"Strength Potion"},{"floor":13,"key":"PowerPotion"},{"floor":16,"key":"FearPotion"},{"floor":27,"key":"Explosive Potion"},{"floor":30,"key":"Swift Potion"}],"is_trial":false,"path_per_floor":["M","?","M","M","M","R","?","R","T","M","$","M","M","M","R","B",null,"M","$","M","?","?","R","E","R","T","M","M","M","M","M","R","B"],"character_chosen":"IRONCLAD","items_purchased":["Impervious"],"campfire_rested":2,"item_purchase_floors":[11],"current_hp_per_floor":[80,85,85,85,85,85,90,90,90,90,90,88,88,90,90,90,90,72,72,56,56,56,56,29,56,56,53,45,31,37,25,52,0,0],"gold":404,"neow_bonus":"HUNDRED_GOLD","is_daily":false,"chose_seed":false,"campfire_upgraded":4,"win_rate":0.0,"timestamp":1609166105,"path_taken":["M","?","M","M","M","R","?","R","T","M","$","M","M","?","R","BOSS","M","$","M","?","?","R","E","R","T","M","M","M","?","M","R","BOSS"],"items_purchased_type":["Card"],"build_version":"2020-12-22","purchased_purges":2,"victory":false,"max_hp_per_floor":[80,85,85,85,85,85,90,90,90,90,90,90,90,90,90,90,90,90,90,90,90,90,90,90,90,90,90,90,90,90,90,90,90,90],"card_choices":[{"not_picked":["Rage","Power Through","Blood for Blood"],"picked":"SKIP","floor":1},{"not_picked":["Iron Wave","Thunderclap"],"picked":"Anger","floor":3},{"not_picked":["Anger","Sever Soul","Headbutt"],"picked":"SKIP","floor":4},{"not_picked":["Feel No Pain","Headbutt","Wild Strike"],"picked":"SKIP","floor":5},{"not_picked":["Power Through","Shockwave"],"picked":"Body Slam","floor":10},{"not_picked":["Blood for Blood","Searing Blow"],"picked":"Shrug It Off","floor":12},{"not_picked":["Headbutt","Double Tap","Twin Strike"],"picked":"SKIP","floor":13},{"not_picked":["Iron Wave","Heavy Blade"],"picked":"Blood for Blood","floor":14},{"not_picked":["Juggernaut","Feed"],"picked":"Demon Form","floor":16},{"not_picked":["Thunderclap","Armaments","Flex+1"],"picked":"SKIP","floor":18},{"not_picked":["Headbutt","Iron Wave","Rampage"],"picked":"SKIP","floor":20},{"not_picked":["Heavy Blade","Anger"],"picked":"Sword Boomerang","floor":24},{"not_picked":["Pommel Strike","Clothesline"],"picked":"Sentinel+1","floor":27},{"not_picked":["Inflame","Reckless Charge","Blood for Blood"],"picked":"SKIP","floor":28},{"not_picked":["Headbutt","Shrug It Off"],"picked":"Offering","floor":29},{"not_picked":["Flame Barrier","Iron Wave","Thunderclap"],"picked":"SKIP","floor":30},{"not_picked":["Clothesline","Flame Barrier","Searing Blow"],"picked":"SKIP","floor":31}],"player_experience":1034749,"relics_obtained":[],"event_choices":[{"damage_healed":0,"gold_gain":0,"player_choice":"Donut","damage_taken":0,"max_hp_gain":5,"max_hp_loss":0,"event_name":"Big Fish","floor":2,"gold_loss":0},{"damage_healed":0,"gold_gain":0,"player_choice":"Got Potions","damage_taken":0,"max_hp_gain":0,"max_hp_loss":0,"event_name":"Lab","floor":7,"gold_loss":0},{"damage_healed":0,"gold_gain":99,"player_choice":"Stole From Cult","damage_taken":0,"max_hp_gain":0,"max_hp_loss":0,"event_name":"Nest","floor":21,"gold_loss":0},{"damage_healed":0,"gold_gain":0,"player_choice":"Upgraded","damage_taken":0,"max_hp_gain":0,"max_hp_loss":0,"event_name":"Upgrade Shrine","floor":22,"gold_loss":0,"cards_upgraded":["Body Slam"]}],"is_beta":false,"boss_relics":[{"not_picked":["Coffee Dripper","Tiny House","Philosopher\u0027s Stone"]}],"items_purged_floors":[11,19],"is_endless":false,"potions_floor_spawned":[1,10,12,13,16,18,27,30],"killed_by":"Collector","ascension_level":0}}