{"host":"67d7yvf7wgk1klfn","time":1609177705,"event":{"mods":["BaseMod","Colored Powertips","Filter the Spire","Minty Spire (QoL Compilation)","Relic Stats","Slay the Relics Exporter","StSLib","ojb\u0027s Better Paths Mod","ojb\u0027s Info Mod"],"gold_per_floor":[119,33,44,44,44,44,72,72,72,72,86,107,150,166,166,265,265,283,283,297,297,314,344,355,381,381,381,415,426,68,108,108,193,193,204,1221,1244,920,967,967,1001,1001,1028,1028,1043,1043,1080,1097,1097,1097,1097,1097,74,112,112],"floor_reached":56,"playtime":3948,"items_purged":["Dodge and Roll","Normality","Normality"],"score":2393,"play_id":"01f52b76-889b-470e-9365-f098ad235c75","local_time":"20201228124825","is_ascension_mode":true,"campfire_choices":[{"data":"Neutralize","floor":6.0,"key":"SMITH"},{"data":"Noxious Fumes","floor":10.0,"key":"SMITH"},{"data":"Well Laid Plans","floor":15.0,"key":"SMITH"},{"data":"Finisher","floor":27,"key":"SMITH"},{"floor":32,"key":"REST"},{"data":"Wraith Form v2","floor":40,"key":"SMITH"},{"data":"Dash","floor":42,"key":"SMITH"},{"floor":44,"key":"RECALL"},{"data":"Calculated Gamble","floor":46,"key":"SMITH"},{"data":"Burst","floor":49,"key":"SMITH"},{"data":"Survivor","floor":52,"key":"SMITH"}],"circlet_count":0,"master_deck":["AscendersBane","Survivor+1","Neutralize+1","Quick Slash+1","Well Laid Plans+1","Finisher+1","Die Die Die","Burst+1","Calculated Gamble+1","Deflect","Dash+1","Dagger Spray","Noxious Fumes+1","Poisoned Stab+1","Blade Dance+1","Cloak And Dagger+1","Adrenaline+1","Bullet Time+1","Reflex+1","Crippling Poison+1","Sucker Punch+1","Dodge and Roll+1","Crippling Poison+1","Escape Plan+1","Acrobatics+1","Wraith Form v2+1","Escape Plan+1","Terror+1","PiercingWail+1","Noxious Fumes","Blade Dance+1","Cloak And Dagger+1","Escape Plan+1"],"relics":["Question Card","Potion Belt","Bloody Idol","HornCleat","Toxic Egg 2","Astrolabe","Nloth\u0027s Gift","Vajra","Nunchaku","Regal Pillow","Ornamental Fan","Membership Card","CeramicFish","Bottled Lightning","Runic Pyramid","Shuriken","Singing Bowl","Calipers","The Courier","Tough Bandages","Mummified Hand","Pear","HandDrill","StrikeDummy","Mercury Hourglass","Happy Flower","Bottled Tornado","Whetstone","Snake Skull","Centennial Puzzle","Bag of Preparation","Bird Faced Urn"],"acts_visited":["Exordium","TheCity","TheBeyond","TheEnding"],"potions_floor_usage":[23,37,55,55],"damage_taken":[{"damage":0.0,"enemies":"Small Slimes","floor":1.0,"turns":2.0},{"damage":0.0,"enemies":"2 Louse","floor":3.0,"turns":3.0},{"damage":7.0,"enemies":"Gremlin Nob","floor":7.0,"turns":4.0},{"damage":0.0,"enemies":"Cultist","floor":11.0,"turns":3.0},{"damage":5.0,"enemies":"3 Louse","floor":12.0,"turns":2.0},{"damage":14.0,"enemies":"Lagavulin","floor":13.0,"turns":6.0},{"damage":7.0,"enemies":"Looter","floor":14.0,"turns":3.0},{"damage":2.0,"enemies":"Hexaghost","floor":16.0,"turns":6.0},{"damage":11,"enemies":"Shell Parasite","floor":18,"turns":4},{"damage":0,"enemies":"Spheric Guardian","floor":20,"turns":4},{"damage":2,"enemies":"Shelled Parasite and Fungi","floor":22,"turns":3},{"damage":23,"enemies":"Gremlin Leader","floor":23,"turns":6},{"damage":0,"enemies":"Centurion and Healer","floor":24,"turns":6},{"damage":6,"enemies":"Book of Stabbing","floor":25,"turns":4},{"damage":0,"enemies":"Gremlin Leader","floor":28,"turns":3},{"damage":13,"enemies":"Snake Plant","floor":29,"turns":4},{"damage":18,"enemies":"Book of Stabbing","floor":31,"turns":4},{"damage":0,"enemies":"Automaton","floor":33,"turns":6},{"damage":11,"enemies":"3 Shapes","floor":35,"turns":4},{"damage":0,"enemies":"Orb Walker","floor":37,"turns":3},{"damage":11,"enemies":"2 Orb Walkers","floor":39,"turns":5},{"damage":5,"enemies":"Nemesis","floor":41,"turns":3},{"damage":0,"enemies":"Sphere and 2 Shapes","floor":45,"turns":4},{"damage":0,"enemies":"Reptomancer","floor":47,"turns":3},{"damage":5,"enemies":"Writhing Mass","floor":48,"turns":7},{"damage":6,"enemies":"Awakened One","floor":50,"turns":9},{"damage":0,"enemies":"Shield and Spear","floor":54,"turns":5},{"damage":39,"enemies":"The Heart","floor":55,"turns":8}],"seed_played":"-3504308162919921763","potions_obtained":[{"floor":1.0,"key":"DistilledChaos"},{"floor":13.0,"key":"EssenceOfSteel"},{"floor":16.0,"key":"GamblersBrew"},{"floor":18,"key":"PowerPotion"},{"floor":20,"key":"EssenceOfSteel"},{"floor":25,"key":"FearPotion"},{"floor":29,"key":"Energy Potion"},{"floor":35,"key":"GhostInAJar"},{"floor":39,"key":"CunningPotion"}],"is_trial":false,"path_per_floor":["M","$","M","?","?","R","E","?","T","R","M","M","E","M","R","B",null,"M","?","M","?","M","E","M","E","T","R","E","M","$","E","R","B",null,"M","?","M","$","?","R","E","R","T","R","M","R","E","M","R","B",null,"R","$","E","B",null],"character_chosen":"THE_SILENT","items_purchased":["Dash","Membership Card","CeramicFish","Escape Plan+1","CultistPotion","Shuriken","Singing Bowl","Mummified Hand","Pear","Noxious Fumes","HandDrill","StrikeDummy","Mercury Hourglass","Happy Flower","Bottled Tornado","Whetstone","Snake Skull","Centennial Puzzle","Bag of Preparation","Blade Dance+1","Cloak And Dagger+1","DistilledChaos"],"campfire_rested":1,"item_purchase_floors":[2,30,30,30,30,38,38,53,53,53,53,53,53,53,53,53,53,53,53,53,53,53],"current_hp_per_floor":[59,59,59,54,54,54,47,47,47,47,47,42,28,21,21,19,50,39,39,44,44,47,29,34,33,33,33,38,30,35,27,60,60,60,54,60,60,60,56,56,61,61,62,62,64,64,64,66,66,60,65,65,76,76,39],"gold":112,"neow_bonus":"BOSS_RELIC","is_daily":false,"chose_seed":false,"campfire_upgraded":9,"win_rate":0.0,"timestamp":1609177705,"path_taken":["M","$","M","?","?","R","E","?","T","R","M","M","E","M","R","BOSS","M","?","M","?","M","E","M","E","T","R","E","M","$","E","R","BOSS","M","?","M","$","?","R","E","R","T","R","M","R","E","M","R","BOSS","R","$","E","BOSS"],"items_purchased_type":["Card","Relic","Relic","Card","Potion","Relic","Relic","Relic","Relic","Card","Relic","Relic","Relic","Relic","Relic","Relic","Relic","Relic","Relic","Card","Card","Potion"],"build_version":"2020-12-22","purchased_purges":3,"victory":true,"max_hp_per_floor":[66,66,66,66,66,66,66,60,60,60,60,60,60,60,60,60,60,60,60,60,60,60,60,60,60,60,60,60,60,60,60,60,60,60,60,60,60,60,62,62,62,62,62,62,64,64,64,66,66,66,66,66,76,76,76],"relic_stats":{"Regal Pillow":15,"Singing Bowl":6,"Happy Flower":[4],"counters":[28,124],"Astrolabe":["Bullet Time","Reflex","Crippling Poison"],"CeramicFish":108,"Snake Skull":[11],"Bag of Preparation":[4],"Whetstone":["Quick Slash","Poisoned Stab"],"Question Card":24,"Mercury Hourglass":[39],"Nunchaku":[23],"Tough Bandages":[135],"Centennial Puzzle":[1],"Ornamental Fan":[224],"Shuriken":[37],"Mummified Hand":[5],"Bloody Idol":83,"Bird Faced Urn":[2],"Nloth\u0027s Gift":5,"HandDrill":[4],"obtain_stats":[{"Regal Pillow":26,"Calipers":39,"Singing Bowl":38,"CeramicFish":30,"Vajra":23,"Snake Skull":53,"Bag of Preparation":53,"Whetstone":53,"Bottled Tornado":53,"Nunchaku":25,"Tough Bandages":47,"Centennial Puzzle":53,"HornCleat":9,"Mummified Hand":53,"HandDrill":53,"Toxic Egg 2":13,"Ring of the Snake":0,"Runic Pyramid":34,"Potion Belt":7,"Pear":53,"Happy Flower":53,"Golden Idol":8,"Astrolabe":17,"The Courier":41,"Question Card":4,"Mercury Hourglass":53,"Ornamental Fan":28,"Shuriken":38,"Bloody Idol":19,"Bird Faced Urn":54,"Pandora\u0027s Box":0,"Nloth\u0027s Gift":21,"Membership Card":30,"Bottled Lightning":31,"StrikeDummy":53},{"Regal Pillow":14,"Calipers":21,"Singing Bowl":20,"CeramicFish":16,"Vajra":12,"Snake Skull":26,"Bag of Preparation":26,"Whetstone":26,"Bottled Tornado":26,"Nunchaku":14,"Tough Bandages":24,"Centennial Puzzle":26,"HornCleat":3,"Mummified Hand":26,"HandDrill":26,"Toxic Egg 2":6,"Ring of the Snake":0,"Runic Pyramid":18,"Potion Belt":3,"Pear":26,"Happy Flower":26,"Golden Idol":3,"Astrolabe":8,"The Courier":22,"Question Card":2,"Mercury Hourglass":26,"Ornamental Fan":15,"Shuriken":20,"Bloody Idol":9,"Bird Faced Urn":27,"Pandora\u0027s Box":0,"Nloth\u0027s Gift":10,"Membership Card":16,"Bottled Lightning":17,"StrikeDummy":26},{"Regal Pillow":56,"Calipers":85,"Singing Bowl":80,"CeramicFish":63,"Vajra":46,"Snake Skull":111,"Bag of Preparation":111,"Whetstone":111,"Bottled Tornado":111,"Nunchaku":56,"Tough Bandages":95,"Centennial Puzzle":111,"HornCleat":9,"Mummified Hand":111,"HandDrill":111,"Toxic Egg 2":20,"Ring of the Snake":0,"Runic Pyramid":73,"Potion Belt":9,"Pear":111,"Happy Flower":111,"Golden Idol":9,"Astrolabe":29,"The Courier":88,"Question Card":5,"Mercury Hourglass":111,"Ornamental Fan":59,"Shuriken":80,"Bloody Idol":33,"Bird Faced Urn":116,"Pandora\u0027s Box":0,"Nloth\u0027s Gift":37,"Membership Card":63,"Bottled Lightning":67,"StrikeDummy":111}]},"card_choices":[{"not_picked":["Calculated Gamble","Prepared"],"picked":"Deflect","floor":1.0},{"not_picked":["Prepared","Masterful Stab"],"picked":"Dagger Spray","floor":3.0},{"not_picked":["Calculated Gamble","Caltrops","Dodge and Roll"],"picked":"Noxious Fumes","floor":7.0},{"not_picked":["Slice","Grand Finale","Quick Slash"],"picked":"Poisoned Stab","floor":11.0},{"not_picked":["Poisoned Stab","Dagger Throw","Quick Slash","Deflect"],"picked":"SKIP","floor":12.0},{"not_picked":["Poisoned Stab","Dagger Throw","Quick Slash","Deflect"],"picked":"SKIP","floor":12.0},{"not_picked":["Crippling Poison+1","Setup+1","Expertise+1"],"picked":"Blade Dance+1","floor":13.0},{"not_picked":["Masterful Stab","Flying Knee","Poisoned Stab"],"picked":"Cloak And Dagger+1","floor":14.0},{"not_picked":["Tools of the Trade","Corpse Explosion+1","A Thousand Cuts"],"picked":"Adrenaline+1","floor":16.0},{"not_picked":["Dash","Backflip+1","Blade Dance+1"],"picked":"Sucker Punch+1","floor":18},{"not_picked":["Poisoned Stab+1","Prepared+1","Quick Slash","Dagger Throw"],"picked":"SKIP","floor":20},{"not_picked":["Venomology+1","Slice","Concentrate+1"],"picked":"Dodge and Roll+1","floor":22},{"not_picked":["Flechettes+1","Underhanded Strike","Grand Finale","Outmaneuver+1"],"picked":"SKIP","floor":23},{"not_picked":["Quick Slash","Poisoned Stab","Deflect+1","Riddle With Holes"],"picked":"SKIP","floor":24},{"not_picked":["Dash+1","Dagger Spray","Catalyst+1"],"picked":"Crippling Poison+1","floor":25},{"not_picked":["Slice","Skewer","Prepared+1","Concentrate+1"],"picked":"SKIP","floor":28},{"not_picked":["Dodge and Roll+1","Crippling Poison+1","Deflect+1","Backflip+1"],"picked":"SKIP","floor":29},{"not_picked":["Flechettes+1","Tactician+1","Doppelganger+1"],"picked":"Acrobatics+1","floor":31},{"not_picked":["Envenom","Bullet Time+1","Die Die Die"],"picked":"Wraith Form v2","floor":33},{"not_picked":["Dagger Spray","Quick Slash","Caltrops+1","Backflip+1"],"picked":"SKIP","floor":35},{"not_picked":["Blade Dance+1","Flying Knee","Underhanded Strike"],"picked":"Escape Plan+1","floor":37},{"not_picked":["Phantasmal Killer+1","Quick Slash","Unload","Flying Knee"],"picked":"Singing Bowl","floor":39},{"not_picked":["Concentrate+1","Deflect+1","Glass Knife"],"picked":"Terror+1","floor":41},{"not_picked":["Acrobatics+1","Prepared+1","Dagger Throw","Deflect+1"],"picked":"Singing Bowl","floor":45},{"not_picked":["Terror+1","Flechettes+1","Acrobatics+1"],"picked":"PiercingWail+1","floor":47},{"not_picked":["Acrobatics+1","Finisher+1","Choke","Sucker Punch+1"],"picked":"Singing Bowl","floor":48},{"not_picked":["Grand Finale","Dagger Spray","Cloak And Dagger+1"],"picked":"Escape Plan+1","floor":54}],"player_experience":625821,"relics_obtained":[{"floor":7.0,"key":"Potion Belt"},{"floor":9.0,"key":"HornCleat"},{"floor":13.0,"key":"Toxic Egg 2"},{"floor":23,"key":"Vajra"},{"floor":25,"key":"Nunchaku"},{"floor":26,"key":"Regal Pillow"},{"floor":28,"key":"Ornamental Fan"},{"floor":31,"key":"Bottled Lightning"},{"floor":39,"key":"Calipers"},{"floor":41,"key":"The Courier"},{"floor":47,"key":"Tough Bandages"},{"floor":54,"key":"Bird Faced Urn"}],"event_choices":[{"damage_healed":0.0,"max_hp_gain":0.0,"max_hp_loss":0.0,"gold_gain":0.0,"event_name":"Scrap Ooze","player_choice":"Success","floor":4.0,"gold_loss":0.0,"damage_taken":5.0,"relics_obtained":["Question Card"]},{"damage_healed":0.0,"max_hp_gain":0.0,"max_hp_loss":0.0,"gold_gain":0.0,"event_name":"The Cleric","player_choice":"Leave","floor":5.0,"gold_loss":0.0,"damage_taken":0.0},{"damage_healed":0.0,"max_hp_gain":0.0,"max_hp_loss":6.0,"gold_gain":0.0,"event_name":"Golden Idol","player_choice":"Lose Max HP","floor":8.0,"gold_loss":0.0,"damage_taken":0.0,"relics_obtained":["Golden Idol"]},{"damage_healed":0,"gold_gain":0,"player_choice":"Gave Idol","damage_taken":0,"relics_obtained":["Bloody Idol"],"max_hp_gain":0,"max_hp_loss":0,"event_name":"Forgotten Altar","floor":19,"relics_lost":["Golden Idol"],"gold_loss":0},{"damage_healed":0,"gold_gain":0,"player_choice":"Traded Relic","damage_taken":0,"relics_obtained":["Nloth\u0027s Gift"],"max_hp_gain":0,"max_hp_loss":0,"event_name":"N\u0027loth","floor":21,"relics_lost":["Pandora\u0027s Box"],"gold_loss":0},{"damage_healed":0,"gold_gain":999,"player_choice":"Gold","damage_taken":0,"max_hp_gain":0,"max_hp_loss":0,"event_name":"MindBloom","floor":36,"gold_loss":0,"cards_obtained":["Normality","Normality"]},{"damage_healed":0,"gold_gain":0,"player_choice":"Fight","damage_taken":0,"max_hp_gain":0,"max_hp_loss":0,"event_name":"Mysterious Sphere","floor":39,"gold_loss":0}],"is_beta":false,"boss_relics":[{"not_picked":["Snecko Eye","SlaversCollar"],"picked":"Astrolabe"},{"not_picked":["Empty Cage","Black Star"],"picked":"Runic Pyramid"}],"items_purged_floors":[30,38,53],"is_endless":false,"potions_floor_spawned":[1,13,16,18,20,25,28,29,35,39,45,47],"ascension_level":17}}