{"host":"cjhtzh7tp54jdfyv","time":1609175947,"event":{"mods":["AchievementEnabler","BaseMod","Colored Map","Colored Powertips","Curses Come First","DeckTracker","Filter the Spire","Hermit","Minty Spire (QoL Compilation)","RNG Fix","Relic Sorter","Relic Stats","StSLib","The Cursed","The Disciple","The Marked","UnlockEverythingMod","Waifu the Spire","ojb\u0027s Better Paths Mod","ojb\u0027s Info Mod"],"gold_per_floor":[17,29,46,62,1,1,35,47,73,102,112,112,123,135,135,135,135],"floor_reached":16,"playtime":1390,"items_purged":[],"score":232,"play_id":"be7cab34-bec6-4c65-89a0-1c8b226a371a","local_time":"20201228121907","is_ascension_mode":true,"campfire_choices":[{"floor":6,"key":"DIG"},{"floor":15,"key":"DIG"}],"circlet_count":0,"master_deck":["AscendersBane","TheCursedMod:Strike_TheCursed","TheCursedMod:Strike_TheCursed","TheCursedMod:Strike_TheCursed","TheCursedMod:Strike_TheCursed","TheCursedMod:Defend_TheCursed","TheCursedMod:Defend_TheCursed","TheCursedMod:Defend_TheCursed","TheCursedMod:Defend_TheCursed","TheCursedMod:CursedWand","TheCursedMod:CleanUpWorkshop","TheCursedMod:Dregs","TheCursedMod:CursedBlade","TheCursedMod:CursedBlade","TheCursedMod:SpitefulStrike","TheCursedMod:FuryStrike","TheCursedMod:TacticalStrike","TheCursedMod:Obscuration","TheCursedMod:WearCloak","TheCursedMod:RapidMovement","Pain","TheCursedMod:Wield"],"relics":["TheCursedMod:BlackMagic101","Shovel","Art of War","Darkstone Periapt","Lantern","StoneCalendar","WarpedTongs","Oddly Smooth Stone"],"acts_visited":["Exordium"],"potions_floor_usage":[7,10,16,16],"damage_taken":[{"damage":0,"enemies":"Jaw Worm","floor":1,"turns":4},{"damage":0,"enemies":"Small Slimes","floor":2,"turns":4},{"damage":8,"enemies":"Cultist","floor":3,"turns":4},{"damage":9,"enemies":"Red Slaver","floor":4,"turns":3},{"damage":7,"enemies":"Lagavulin","floor":7,"turns":5},{"damage":12,"enemies":"Exordium Wildlife","floor":8,"turns":3},{"damage":7,"enemies":"3 Sentries","floor":10,"turns":6},{"damage":3,"enemies":"Looter","floor":11,"turns":2},{"damage":8,"enemies":"2 Fungi Beasts","floor":13,"turns":3},{"damage":1,"enemies":"Large Slime","floor":14,"turns":4},{"damage":23,"enemies":"Slime Boss","floor":16,"turns":6}],"seed_played":"238815248292677473","potions_obtained":[{"floor":1,"key":"Weak Potion"},{"floor":8,"key":"ColorlessPotion"},{"floor":13,"key":"FearPotion"},{"floor":14,"key":"LiquidBronze"}],"is_trial":false,"path_per_floor":["M","M","M","M","?","R","E","M","T","E","M","?","M","M","R","B"],"character_chosen":"THE_CURSED","items_purchased":[],"campfire_rested":0,"item_purchase_floors":[],"current_hp_per_floor":[64,64,56,47,47,47,40,28,28,21,18,24,16,15,15,0,0],"gold":135,"neow_bonus":"ONE_RARE_RELIC","is_daily":false,"chose_seed":false,"campfire_upgraded":0,"win_rate":0.0,"timestamp":1609175947,"path_taken":["M","M","M","M","?","R","E","M","T","E","M","?","M","M","R","BOSS"],"items_purchased_type":[],"build_version":"2020-12-22","purchased_purges":0,"victory":false,"max_hp_per_floor":[71,71,71,71,71,71,71,71,71,71,71,77,77,77,77,77,77],"relic_stats":{"Darkstone Periapt":6,"Shovel":2,"counters":[11,44],"StoneCalendar":[0],"Art of War":[0],"obtain_stats":[{"Darkstone Periapt":7,"TheCursedMod:BlackMagic101":0,"Lantern":9,"Shovel":0,"Oddly Smooth Stone":15,"StoneCalendar":10,"Art of War":6,"WarpedTongs":12},{"Darkstone Periapt":5,"TheCursedMod:BlackMagic101":0,"Lantern":6,"Shovel":0,"Oddly Smooth Stone":10,"StoneCalendar":7,"Art of War":4,"WarpedTongs":8},{"Darkstone Periapt":20,"TheCursedMod:BlackMagic101":0,"Lantern":23,"Shovel":0,"Oddly Smooth Stone":38,"StoneCalendar":29,"Art of War":15,"WarpedTongs":31}],"WarpedTongs":[13]},"card_choices":[{"not_picked":["TheCursedMod:Stretching","TheCursedMod:TacticalStrike"],"picked":"TheCursedMod:CursedBlade","floor":1},{"not_picked":["TheCursedMod:CircleOfAmplification","TheCursedMod:CircleOfFlame"],"picked":"TheCursedMod:CursedBlade","floor":2},{"not_picked":["TheCursedMod:RavingStaff","TheCursedMod:TacticalStrike"],"picked":"TheCursedMod:SpitefulStrike","floor":3},{"not_picked":["TheCursedMod:CircleOfCorruption","TheCursedMod:VitalStrike"],"picked":"TheCursedMod:FuryStrike","floor":4},{"not_picked":["TheCursedMod:Torture","TheCursedMod:FleshFromBone"],"picked":"TheCursedMod:TacticalStrike","floor":7},{"not_picked":["TheCursedMod:SpitefulPray","TheCursedMod:ForbiddenAlchemy"],"picked":"TheCursedMod:Obscuration","floor":8},{"not_picked":["TheCursedMod:CircleOfFocus","TheCursedMod:VitalStrike"],"picked":"TheCursedMod:WearCloak","floor":10},{"not_picked":["TheCursedMod:Hemoplague","TheCursedMod:SurpriseAttack"],"picked":"TheCursedMod:RapidMovement","floor":11},{"not_picked":["TheCursedMod:SpreadPlague","TheCursedMod:Stigma","TheCursedMod:HellsGateOpen"],"picked":"SKIP","floor":13},{"not_picked":["TheCursedMod:Obscuration","TheCursedMod:CircleOfCorruption"],"picked":"TheCursedMod:Wield","floor":14}],"player_experience":4468851,"relics_obtained":[{"floor":6,"key":"Art of War"},{"floor":7,"key":"Darkstone Periapt"},{"floor":9,"key":"Lantern"},{"floor":10,"key":"StoneCalendar"},{"floor":15,"key":"Oddly Smooth Stone"}],"event_choices":[{"damage_healed":0,"gold_gain":0,"player_choice":"Left Gold","damage_taken":0,"max_hp_gain":0,"max_hp_loss":0,"event_name":"World of Goop","floor":5,"gold_loss":61},{"damage_healed":0,"gold_gain":0,"player_choice":"Rummage","damage_taken":0,"relics_obtained":["WarpedTongs"],"max_hp_gain":0,"max_hp_loss":0,"event_name":"Accursed Blacksmith","floor":12,"gold_loss":0,"cards_obtained":["Pain"]}],"is_beta":false,"boss_relics":[],"items_purged_floors":[],"is_endless":false,"potions_floor_spawned":[1,8,13,14],"killed_by":"Slime Boss","ascension_level":20}}