{"host":"wgmbtq7u7cgqo6r7","time":1609180106,"event":{"mods":["BaseMod","Colored Powertips","Marisa（霧雨　魔理沙）","Minty Spire (QoL Compilation)","Rare Cards Sparkle","StSLib","everything is the same but u backflip on backflip"],"gold_per_floor":[112,112,112,122,72,98,98,126,195,221,241,241,254,289,289,401,401,435,435,435,96,125,125,125],"floor_reached":23,"playtime":1510,"items_purged":["Strike_MRS","Strike_MRS"],"score":218,"play_id":"7fdedf7e-4dc3-4dd3-b7d0-5a37bb09a216","local_time":"20201228132826","is_ascension_mode":false,"campfire_choices":[{"floor":7,"key":"RECALL"},{"floor":12,"key":"REST"},{"data":"CasketOfStar","floor":15,"key":"SMITH"}],"circlet_count":0,"master_deck":["Strike_MRS","Strike_MRS","Defend_MRS","Defend_MRS","Defend_MRS","Defend_MRS","MasterSpark","UpSweep","WitchOfGreed","StarlightTyphoon","UnstableBomb","MachineGunSpark","GalacticHalo","CasketOfStar+1","PropBag","BinaryStars","RefractionSpark","OortCloud","RefractionSpark"],"relics":["MiniHakkero","NeowsBlessing","Smiling Mask","Regal Pillow","White Beast Statue","Fusion Hammer","Nunchaku","Toxic Egg 2","Ornamental Fan"],"acts_visited":["Exordium","TheCity"],"potions_floor_usage":[11,16,16,22,23,23],"damage_taken":[{"damage":0,"enemies":"2 Louse","floor":1,"turns":1},{"damage":0,"enemies":"Cultist","floor":4,"turns":1},{"damage":0,"enemies":"Lagavulin","floor":6,"turns":1},{"damage":9,"enemies":"Small Slimes","floor":8,"turns":4},{"damage":10,"enemies":"Exordium Thugs","floor":10,"turns":4},{"damage":0,"enemies":"Lots of Slimes","floor":11,"turns":1},{"damage":0,"enemies":"Looter","floor":13,"turns":4},{"damage":10,"enemies":"Large Slime","floor":14,"turns":6},{"damage":48,"enemies":"Slime Boss","floor":16,"turns":10},{"damage":27,"enemies":"3 Byrds","floor":18,"turns":6},{"damage":0,"enemies":"Spheric Guardian","floor":22,"turns":3},{"damage":66,"enemies":"Gremlin Leader","floor":23,"turns":6}],"seed_played":"-3591448599149275623","potions_obtained":[{"floor":8,"key":"GamblersBrew"},{"floor":10,"key":"AttackPotion"},{"floor":11,"key":"Energy Potion"},{"floor":13,"key":"SteroidPotion"},{"floor":14,"key":"PowerPotion"},{"floor":14,"key":"PowerPotion"},{"floor":16,"key":"GamblersBrew"},{"floor":16,"key":"Dexterity Potion"},{"floor":18,"key":"Explosive Potion"},{"floor":22,"key":"Regen Potion"},{"floor":22,"key":"SpeedPotion"}],"is_trial":false,"path_per_floor":["M","?","?","M","$","E","R","M","T","M","M","R","M","M","R","B",null,"M","?","?","$","M","E"],"character_chosen":"MARISA","items_purchased":["Toxic Egg 2","OortCloud"],"campfire_rested":1,"item_purchase_floors":[21,21],"current_hp_per_floor":[75,75,75,75,75,75,75,66,66,56,56,75,75,65,65,29,75,48,34,34,34,46,0,0],"gold":125,"neow_bonus":"THREE_ENEMY_KILL","is_daily":false,"chose_seed":false,"campfire_upgraded":1,"win_rate":0.0,"timestamp":1609180106,"path_taken":["M","?","?","?","$","E","R","M","T","M","M","R","M","M","R","BOSS","M","?","?","$","M","E"],"items_purchased_type":["Relic","Card"],"build_version":"2020-12-22","purchased_purges":2,"victory":false,"max_hp_per_floor":[75,75,75,75,75,75,75,75,75,75,75,75,75,75,75,75,75,75,80,80,80,80,80,80],"card_choices":[{"not_picked":["GalacticHalo","GravityBeat"],"picked":"WitchOfGreed","floor":1},{"not_picked":["DoubleSpark","DarkSpark"],"picked":"StarlightTyphoon","floor":4},{"not_picked":["ShootingEcho","DarkMatter"],"picked":"UnstableBomb","floor":6},{"not_picked":["Occultation","OpenUniverse"],"picked":"MachineGunSpark","floor":8},{"not_picked":["MysteriousBeam","AsteroidBelt"],"picked":"GalacticHalo","floor":10},{"not_picked":["PropBag","Orbital","SporeBomb"],"picked":"SKIP","floor":11},{"not_picked":["6A","MilkyWay"],"picked":"CasketOfStar","floor":13},{"not_picked":["SporeBomb","GravityBeat"],"picked":"PropBag","floor":14},{"not_picked":["ManaRampage","BlazingStar"],"picked":"BinaryStars","floor":16},{"not_picked":["MilkyWay+1","LuminesStrike"],"picked":"RefractionSpark","floor":18},{"not_picked":["MysteriousBeam","SporeBomb+1"],"picked":"RefractionSpark","floor":22}],"player_experience":114102,"relics_obtained":[{"floor":6,"key":"Regal Pillow"},{"floor":9,"key":"White Beast Statue"}],"event_choices":[{"damage_healed":0,"gold_gain":0,"player_choice":"Box","damage_taken":0,"relics_obtained":["Smiling Mask"],"max_hp_gain":0,"max_hp_loss":0,"event_name":"Big Fish","floor":2,"gold_loss":0,"cards_obtained":["Regret"]},{"cards_removed":["Regret"],"damage_healed":0,"gold_gain":0,"player_choice":"Purged","damage_taken":0,"max_hp_gain":0,"max_hp_loss":0,"event_name":"Purifier","floor":3,"gold_loss":0},{"damage_healed":0,"gold_gain":0,"player_choice":"Shed Blood","damage_taken":19,"max_hp_gain":5,"max_hp_loss":0,"event_name":"Forgotten Altar","floor":19,"gold_loss":0},{"damage_healed":0,"gold_gain":0,"player_choice":"Gave Potion","damage_taken":0,"relics_obtained":["Nunchaku"],"max_hp_gain":0,"max_hp_loss":0,"event_name":"WeMeetAgain","floor":20,"gold_loss":0}],"is_beta":false,"boss_relics":[{"not_picked":["Pandora\u0027s Box","Calling Bell"],"picked":"Fusion Hammer"}],"items_purged_floors":[5,21],"is_endless":false,"potions_floor_spawned":[10,11,13,14,16,18,22],"killed_by":"Gremlin Leader","ascension_level":0}}