{"host":"1eo5f82aifdzd7pr","time":1609157189,"event":{"mods":["AchievementEnabler","BaseMod","Colored Map","Colored Powertips","DeckTracker","Minty Spire (QoL Compilation)","SuperFastMode","The Servant 0.9.4"],"gold_per_floor":[117,67,21,21,40,40,54,54,54,64,74,92,92,92,92,193,193,209,209,308,326,345,345,359,359,359,284,184,212,212,226,226,322,322,341,361,413,141,141,141,174,174,174,203,222,251,251,282,282,282],"floor_reached":51,"playtime":2524,"items_purged":["Defend_S","Defend_S","Defend_S"],"score":1300,"play_id":"8be3a8fd-e685-45b7-9bc3-dd08e46cf0b0","local_time":"20201228140629","is_ascension_mode":true,"campfire_choices":[{"data":"Exchange","floor":6.0,"key":"SMITH"},{"data":"Orbit","floor":8.0,"key":"SMITH"},{"data":"SilverBlades","floor":13.0,"key":"SMITH"},{"data":"KidneyShot","floor":15.0,"key":"SMITH"},{"data":"BottledTime","floor":23,"key":"SMITH"},{"floor":30,"key":"REST"},{"floor":32,"key":"REST"},{"data":"Solidify","floor":40,"key":"SMITH"},{"data":"BottledTime","floor":42,"key":"SMITH"},{"data":"Barrier","floor":49,"key":"SMITH"}],"circlet_count":0,"master_deck":["Defend_S","Exchange+1","InstantArmor","BottledTime+1","Orbit+1","SilverBlades+1","Luminosity","BottledTime+1","BottledTime","Rearm+1","ShiftingGears","Barrier+1","GearUp+1","Solidify+1","FastForward+1"],"relics":["Uniform","Bronze Scales","Pear","Empty Cage","Blue Candle","Lantern","Busted Crown","CaptainsWheel","TheAbacus","Happy Flower","InkBottle","Akabeko","Mango","Toxic Egg 2"],"acts_visited":["Exordium","TheCity","TheBeyond"],"potions_floor_usage":[21,21,28,33,50],"damage_taken":[{"damage":8.0,"enemies":"2 Louse","floor":1.0,"turns":2.0},{"damage":0.0,"enemies":"Jaw Worm","floor":5.0,"turns":2.0},{"damage":0.0,"enemies":"Cultist","floor":7.0,"turns":2.0},{"damage":0.0,"enemies":"Exordium Wildlife","floor":10.0,"turns":2.0},{"damage":6.0,"enemies":"Exordium Thugs","floor":11.0,"turns":3.0},{"damage":6.0,"enemies":"Blue Slaver","floor":12.0,"turns":2.0},{"damage":0.0,"enemies":"Slime Boss","floor":16.0,"turns":4.0},{"damage":0.0,"enemies":"Spheric Guardian","floor":18.0,"turns":2.0},{"damage":11,"enemies":"2 Thieves","floor":21,"turns":4},{"damage":7,"enemies":"Chosen and Byrds","floor":22,"turns":5},{"damage":20,"enemies":"Snake Plant","floor":24,"turns":5},{"damage":15,"enemies":"Book of Stabbing","floor":29,"turns":4},{"damage":0,"enemies":"Shelled Parasite and Fungi","floor":31,"turns":5},{"damage":32,"enemies":"Collector","floor":33,"turns":8},{"damage":0,"enemies":"3 Shapes","floor":35,"turns":2},{"damage":0,"enemies":"3 Darklings","floor":36,"turns":3},{"damage":8,"enemies":"2 Orb Walkers","floor":37,"turns":2},{"damage":0,"enemies":"Reptomancer","floor":41,"turns":3},{"damage":0,"enemies":"Giant Head","floor":44,"turns":5},{"damage":7,"enemies":"4 Shapes","floor":45,"turns":1},{"damage":0,"enemies":"Reptomancer","floor":46,"turns":2},{"damage":0,"enemies":"Nemesis","floor":48,"turns":7},{"damage":0,"enemies":"Time Eater","floor":50,"turns":11}],"seed_played":"7084157087816334617","potions_obtained":[{"floor":5.0,"key":"ColorlessPotion"},{"floor":10.0,"key":"GamblersBrew"},{"floor":11.0,"key":"Fire Potion"},{"floor":12.0,"key":"SkillPotion"},{"floor":18.0,"key":"Fruit Juice"},{"floor":29,"key":"AttackPotion"},{"floor":31,"key":"Energy Potion"},{"floor":33,"key":"BlessingOfTheForge"},{"floor":41,"key":"SmokeBomb"},{"floor":46,"key":"Dexterity Potion"}],"is_trial":false,"path_per_floor":["M","?","$","?","M","R","M","R","T","M","M","M","R","?","R","B",null,"M","?","?","M","M","R","M","?","T","$","$","E","R","M","R","B",null,"M","M","?","$","?","R","E","R","T","E","M","E","?","E","R","B",null],"character_chosen":"THE_SERVANT","items_purchased":["BottledTime","TheAbacus"],"campfire_rested":2,"item_purchase_floors":[3,38],"current_hp_per_floor":[51,51,51,51,51,51,51,51,61,61,55,49,49,49,49,49,69,69,69,69,58,51,51,31,17,17,17,22,7,32,32,57,25,70,70,70,62,62,62,62,62,62,62,62,55,69,69,69,69,69],"gold":282,"neow_bonus":"RANDOM_COMMON_RELIC","is_daily":false,"chose_seed":false,"campfire_upgraded":8,"win_rate":0.0,"timestamp":1609157189,"path_taken":["M","?","$","?","M","R","M","R","T","M","M","?","R","?","R","BOSS","M","?","?","M","M","R","M","?","T","?","$","E","R","?","R","BOSS","M","M","?","$","?","R","E","R","T","E","M","E","?","E","R","BOSS"],"items_purchased_type":["Card","Relic"],"build_version":"2020-12-22","purchased_purges":3,"victory":true,"max_hp_per_floor":[65,65,65,65,65,65,65,65,75,75,75,75,75,75,75,75,75,75,75,75,75,75,75,75,80,80,80,85,85,85,85,85,85,85,85,85,85,85,85,85,85,85,85,85,85,99,99,99,99,99],"card_choices":[{"not_picked":["Spin","Alleviate"],"picked":"InstantArmor","floor":1.0},{"not_picked":["FastForward","MoonPhase"],"picked":"Orbit","floor":5.0},{"not_picked":["Replace","TimeWarp"],"picked":"SilverBlades","floor":7.0},{"not_picked":["Misdirection","Spin"],"picked":"Luminosity","floor":10.0},{"not_picked":["BestPractice","ForgedInTime"],"picked":"BottledTime","floor":11.0},{"not_picked":["MoonPhase","Sabotage"],"picked":"BottledTime","floor":12.0},{"not_picked":["Rewind","Luminosity"],"picked":"Rearm+1","floor":18.0},{"not_picked":["FanOfKnives","Spin"],"picked":"ShiftingGears","floor":21},{"not_picked":["Potential+1","Desolation","Collapse"],"picked":"SKIP","floor":22},{"not_picked":["Starlight","Spin+1","Hightail"],"picked":"SKIP","floor":24},{"not_picked":["Desolation+1","ShatteredReality+1"],"picked":"Barrier","floor":29},{"not_picked":["Embodiment","Replace"],"picked":"GearUp+1","floor":31},{"not_picked":["Sunlight","MurderousAura"],"picked":"Solidify","floor":33},{"not_picked":["Unruled+1"],"picked":"SKIP","floor":35},{"not_picked":["FanOfKnives+1"],"picked":"SKIP","floor":36},{"not_picked":["Read"],"picked":"SKIP","floor":41},{"not_picked":[],"picked":"FastForward+1","floor":44},{"not_picked":["BestPractice"],"picked":"SKIP","floor":45},{"not_picked":["Spin+1"],"picked":"SKIP","floor":46},{"not_picked":["Hightail+1"],"picked":"SKIP","floor":48}],"player_experience":732029,"relics_obtained":[{"floor":9.0,"key":"Pear"},{"floor":26,"key":"Blue Candle"},{"floor":29,"key":"Lantern"},{"floor":37,"key":"CaptainsWheel"},{"floor":41,"key":"Happy Flower"},{"floor":43,"key":"InkBottle"},{"floor":44,"key":"Akabeko"},{"floor":46,"key":"Mango"},{"floor":48,"key":"Toxic Egg 2"}],"event_choices":[{"cards_removed":["Strike_S"],"damage_healed":0.0,"max_hp_gain":0.0,"max_hp_loss":0.0,"gold_gain":0.0,"event_name":"The Cleric","player_choice":"Card Removal","floor":2.0,"gold_loss":50.0,"damage_taken":0.0},{"damage_healed":0.0,"max_hp_gain":0.0,"max_hp_loss":0.0,"gold_gain":0.0,"event_name":"Match and Keep!","player_choice":"0 cards matched","floor":4.0,"gold_loss":0.0,"damage_taken":0.0,"cards_obtained":[]},{"cards_removed":["Strike_S"],"damage_healed":0.0,"max_hp_gain":0.0,"max_hp_loss":0.0,"gold_gain":0.0,"event_name":"Living Wall","player_choice":"Forget","floor":14.0,"gold_loss":0.0,"damage_taken":0.0},{"damage_healed":0.0,"max_hp_gain":0.0,"max_hp_loss":0.0,"gold_gain":0.0,"event_name":"Vampires","player_choice":"Ignored","floor":19.0,"gold_loss":0.0,"damage_taken":0.0},{"damage_healed":0.0,"max_hp_gain":0.0,"max_hp_loss":0.0,"gold_gain":99.0,"event_name":"Nest","player_choice":"Stole From Cult","floor":20.0,"gold_loss":0.0,"damage_taken":0.0},{"damage_healed":0,"gold_gain":0,"player_choice":"Shed Blood","damage_taken":19,"max_hp_gain":5,"max_hp_loss":0,"event_name":"Forgotten Altar","floor":25,"gold_loss":0},{"damage_healed":0,"gold_gain":0,"player_choice":"Fight","damage_taken":0,"max_hp_gain":0,"max_hp_loss":0,"event_name":"Mysterious Sphere","floor":37,"gold_loss":0},{"damage_healed":0,"gold_gain":0,"player_choice":"Memory 1","damage_taken":0,"max_hp_gain":0,"max_hp_loss":0,"event_name":"SensoryStone","floor":39,"gold_loss":0},{"cards_removed":["KidneyShot"],"damage_healed":0,"gold_gain":0,"player_choice":"Removed Attack","damage_taken":0,"max_hp_gain":0,"max_hp_loss":0,"event_name":"Falling","floor":47,"gold_loss":0}],"is_beta":false,"boss_relics":[{"not_picked":["Philosopher\u0027s Stone","Velvet Choker"],"picked":"Empty Cage"},{"not_picked":["Astrolabe","Runic Pyramid"],"picked":"Busted Crown"}],"items_purged_floors":[27,28,38],"is_endless":false,"potions_floor_spawned":[5,10,11,12,18,29,31,33,41,46,48],"ascension_level":6}}