{"host":"5bdt6s51dmpd4l3v","time":1609145543,"event":{"mods":["AchievementEnabler","BaseMod","Colored Map","Colored Powertips","Highlight Path","Minty Spire (QoL Compilation)","Quick Restart","Rare Cards Sparkle","StSLib"],"gold_per_floor":[116,116,135,285,42,42,54,54,54,54,54,34,53,68,68,68,68],"floor_reached":16,"playtime":222,"items_purged":["Doubt"],"score":171,"play_id":"33a47aa2-b6f7-4edc-a2f6-bf48584abe8d","local_time":"20201228165223","is_ascension_mode":true,"campfire_choices":[{"data":"Flex","floor":6,"key":"SMITH"},{"data":"Warcry","floor":8,"key":"SMITH"},{"data":"Battle Trance","floor":11,"key":"SMITH"},{"data":"Bash","floor":15,"key":"SMITH"}],"circlet_count":0,"master_deck":["AscendersBane","Strike_R","Strike_R","Strike_R","Strike_R","Strike_R","Defend_R","Defend_R","Defend_R","Bash+1","Flex+1","Warcry+1","Battle Trance+1"],"relics":["Burning Blood","NeowsBlessing","Ancient Tea Set","Ornamental Fan"],"acts_visited":["Exordium"],"potions_floor_usage":[13,14],"damage_taken":[{"damage":0,"enemies":"2 Louse","floor":1,"turns":1},{"damage":0,"enemies":"Cultist","floor":3,"turns":1},{"damage":0,"enemies":"Small Slimes","floor":7,"turns":1},{"damage":15,"enemies":"Red Slaver","floor":13,"turns":3},{"damage":12,"enemies":"2 Fungi Beasts","floor":14,"turns":3},{"damage":0,"enemies":"Slime Boss","floor":16,"turns":3}],"seed_played":"6701013748737001197","potions_obtained":[{"floor":7,"key":"ColorlessPotion"},{"floor":12,"key":"PowerPotion"},{"floor":14,"key":"SpeedPotion"}],"is_trial":false,"path_per_floor":["M","$","M","?","$","R","M","R","T","?","R","?","M","M","R","B"],"character_chosen":"IRONCLAD","items_purchased":["Ancient Tea Set"],"campfire_rested":0,"item_purchase_floors":[5],"current_hp_per_floor":[74,74,75,75,75,75,75,75,75,68,68,68,59,53,53,53,53],"gold":68,"neow_bonus":"THREE_ENEMY_KILL","is_daily":false,"chose_seed":false,"campfire_upgraded":4,"win_rate":0.0,"timestamp":1609145543,"path_taken":["M","$","M","?","$","R","M","R","T","?","R","?","M","M","R","BOSS"],"items_purchased_type":["Relic"],"build_version":"2020-12-22","purchased_purges":1,"victory":false,"max_hp_per_floor":[75,75,75,75,75,75,75,75,75,75,75,75,75,75,75,75,75],"card_choices":[{"not_picked":["Blood for Blood","Wild Strike"],"picked":"Flex","floor":1},{"not_picked":["Clothesline","Clash"],"picked":"Warcry","floor":3},{"not_picked":["Iron Wave","Wild Strike"],"picked":"Battle Trance","floor":7},{"not_picked":["Perfected Strike","True Grit","Bludgeon"],"picked":"SKIP","floor":13},{"not_picked":["Reckless Charge","Sever Soul","Searing Blow"],"picked":"SKIP","floor":14}],"player_experience":272112,"relics_obtained":[{"floor":9,"key":"Ornamental Fan"}],"event_choices":[{"damage_healed":0,"gold_gain":150,"player_choice":"AGREE","damage_taken":0,"max_hp_gain":0,"max_hp_loss":0,"event_name":"Liars Game","floor":4,"gold_loss":0,"cards_obtained":["Doubt"]},{"cards_removed":["Defend_R"],"damage_healed":0,"gold_gain":0,"player_choice":"Card Removal","damage_taken":7,"max_hp_gain":0,"max_hp_loss":0,"event_name":"Golden Wing","floor":10,"gold_loss":0},{"damage_healed":0,"gold_gain":0,"player_choice":"Bought 1 Potion","damage_taken":0,"max_hp_gain":0,"max_hp_loss":0,"event_name":"The Woman in Blue","floor":12,"gold_loss":0}],"is_beta":false,"boss_relics":[],"items_purged_floors":[5],"is_endless":false,"potions_floor_spawned":[7,14],"killed_by":"Slime Boss","ascension_level":18}}