{"host":"dhyczjm99amxd3qx","time":1609186379,"event":{"mods":["BaseMod","Colored Map","Googly Eyes","Highlight Path","Minty Spire (QoL Compilation)","Quick Restart","StSLib"],"gold_per_floor":[112,122,122,139,154,180,180,215,215,215,165,15,34,61,61,164,164,180,180,180,190,206,234,234,266,266,299,299,316,316,348,360,473,485,517,549,576,638,664,701,713,754,766,804,827,885,897,941,953,965],"floor_reached":51,"playtime":4043,"items_purged":[],"score":1054,"play_id":"7a2fa72c-d441-4c8c-905c-228c0080d257","local_time":"20201228151259","is_ascension_mode":true,"campfire_choices":[{"data":"Searing Blow","floor":7.0,"key":"SMITH"},{"data":"Searing Blow+1","floor":10.0,"key":"SMITH"},{"data":"Searing Blow+2","floor":15.0,"key":"SMITH"},{"data":"Searing Blow+3","floor":28.0,"key":"SMITH"},{"data":"Searing Blow+4","floor":32.0,"key":"SMITH"},{"data":"Searing Blow+5","floor":41.0,"key":"SMITH"},{"data":"Searing Blow+6","floor":47.0,"key":"SMITH"},{"data":"Searing Blow+7","floor":49.0,"key":"SMITH"}],"circlet_count":0,"master_deck":["Defend_R+1","Defend_R+1","Defend_R+1","Bash+1","Carnage","Bloodletting","Searing Blow+8","Clash","Metallicize","Immolate+1","Metallicize","Warcry+1","Bite","Bite","Bite","Bite","Bite","Flex+1","Battle Trance+1","Iron Wave","Clash+1"],"relics":["Burning Blood","Darkstone Periapt","Centennial Puzzle","Oddly Smooth Stone","Nunchaku","Meat on the Bone","SlaversCollar","MutagenicStrength","Nilry\u0027s Codex","Potion Belt","Whetstone","HornCleat","Bag of Preparation","MawBank","Busted Crown","Dead Branch","Bronze Scales","Blood Vial","Ornamental Fan","Turnip","Thread and Needle","Red Skull"],"acts_visited":["Exordium","TheCity","TheBeyond"],"potions_floor_usage":[50,50,50,50],"damage_taken":[{"damage":16.0,"enemies":"Cultist","floor":1.0,"turns":4.0},{"damage":0.0,"enemies":"2 Louse","floor":2.0,"turns":2.0},{"damage":4.0,"enemies":"Jaw Worm","floor":4.0,"turns":4.0},{"damage":5.0,"enemies":"3 Louse","floor":5.0,"turns":2.0},{"damage":24.0,"enemies":"Lagavulin","floor":6.0,"turns":5.0},{"damage":9.0,"enemies":"Gremlin Nob","floor":8.0,"turns":3.0},{"damage":3.0,"enemies":"2 Fungi Beasts","floor":13.0,"turns":2.0},{"damage":18.0,"enemies":"Lagavulin","floor":14.0,"turns":7.0},{"damage":54.0,"enemies":"Hexaghost","floor":16.0,"turns":8.0},{"damage":3.0,"enemies":"2 Thieves","floor":18.0,"turns":2.0},{"damage":9.0,"enemies":"Chosen","floor":21.0,"turns":4.0},{"damage":35.0,"enemies":"Centurion and Healer","floor":22.0,"turns":4.0},{"damage":15.0,"enemies":"Slavers","floor":23.0,"turns":5.0},{"damage":21.0,"enemies":"Book of Stabbing","floor":25.0,"turns":4.0},{"damage":18.0,"enemies":"Slavers","floor":27.0,"turns":3.0},{"damage":3.0,"enemies":"Shelled Parasite and Fungi","floor":29.0,"turns":2.0},{"damage":6.0,"enemies":"Book of Stabbing","floor":31.0,"turns":4.0},{"damage":19.0,"enemies":"Automaton","floor":33.0,"turns":6.0},{"damage":13.0,"enemies":"3 Darklings","floor":35.0,"turns":5.0},{"damage":15.0,"enemies":"3 Shapes","floor":36.0,"turns":1.0},{"damage":23.0,"enemies":"Transient","floor":37.0,"turns":5.0},{"damage":9.0,"enemies":"Mind Bloom Boss Battle","floor":38.0,"turns":5.0},{"damage":11.0,"enemies":"Sphere and 2 Shapes","floor":39.0,"turns":3.0},{"damage":3.0,"enemies":"Reptomancer","floor":40.0,"turns":3.0},{"damage":12.0,"enemies":"Giant Head","floor":42.0,"turns":3.0},{"damage":3.0,"enemies":"Nemesis","floor":44.0,"turns":3.0},{"damage":15.0,"enemies":"4 Shapes","floor":45.0,"turns":1.0},{"damage":24.0,"enemies":"2 Orb Walkers","floor":46.0,"turns":3.0},{"damage":3.0,"enemies":"Giant Head","floor":48.0,"turns":3.0},{"damage":52,"enemies":"Time Eater","floor":50,"turns":9}],"seed_played":"3670180682479266127","potions_obtained":[{"floor":1.0,"key":"AttackPotion"},{"floor":4.0,"key":"SpeedPotion"},{"floor":5.0,"key":"EntropicBrew"},{"floor":6.0,"key":"SteroidPotion"},{"floor":13.0,"key":"LiquidBronze"},{"floor":16.0,"key":"Strength Potion"},{"floor":21.0,"key":"FearPotion"},{"floor":22.0,"key":"Swift Potion"},{"floor":29.0,"key":"SmokeBomb"},{"floor":33.0,"key":"SpeedPotion"},{"floor":36.0,"key":"BlessingOfTheForge"},{"floor":39.0,"key":"FearPotion"},{"floor":44.0,"key":"Swift Potion"},{"floor":45.0,"key":"SpeedPotion"},{"floor":46.0,"key":"LiquidBronze"}],"is_trial":false,"path_per_floor":["M","M","?","M","M","E","R","E","T","R","?","$","M","E","R","B",null,"M","?","?","M","M","E","?","E","T","E","R","M","?","E","R","B",null,"M","M","M","?","M","E","R","E","T","E","M","?","R","E","R","B",null],"character_chosen":"IRONCLAD","items_purchased":["Nunchaku"],"campfire_rested":0,"item_purchase_floors":[12],"current_hp_per_floor":[78,84,88,88,88,70,70,67,67,67,67,67,70,58,58,22,88,88,88,72,69,52,55,55,52,52,52,52,55,55,61,61,61,61,60,57,51,61,59,61,61,61,61,61,56,46,46,61,61,40],"gold":977,"neow_bonus":"TEN_PERCENT_HP_BONUS","is_daily":false,"chose_seed":false,"campfire_upgraded":8,"win_rate":0.0,"timestamp":1609186379,"path_taken":["M","M","?","M","?","E","R","E","T","R","?","?","M","E","R","BOSS","M","?","?","M","M","E","?","E","T","E","R","M","?","E","R","BOSS","M","M","M","?","M","E","R","E","T","E","M","?","R","E","R","BOSS"],"items_purchased_type":["Relic"],"build_version":"2020-12-22","purchased_purges":0,"victory":true,"max_hp_per_floor":[88,88,88,88,88,88,88,88,88,88,88,88,88,88,88,88,88,88,88,88,88,88,88,88,88,88,88,88,88,61,61,61,61,61,61,61,61,61,61,61,61,61,61,61,61,61,61,61,61,61],"card_choices":[{"not_picked":["Twin Strike","Dual Wield"],"picked":"Carnage","floor":1.0},{"not_picked":["Cleave","Power Through"],"picked":"Bloodletting","floor":2.0},{"not_picked":["Dark Embrace","Wild Strike"],"picked":"Searing Blow","floor":4.0},{"not_picked":["Headbutt","Intimidate","Twin Strike"],"picked":"SKIP","floor":5.0},{"not_picked":["Uppercut","Reckless Charge","Disarm"],"picked":"SKIP","floor":6.0},{"not_picked":["Battle Trance","Headbutt"],"picked":"Clash","floor":8.0},{"not_picked":["Headbutt","Clash"],"picked":"Metallicize","floor":13.0},{"not_picked":["Bludgeon","Shrug It Off","Feel No Pain"],"picked":"SKIP","floor":14.0},{"not_picked":["Offering","Limit Break"],"picked":"Immolate","floor":16.0},{"not_picked":["Rampage+1","Sword Boomerang+1","Perfected Strike+1"],"picked":"SKIP","floor":18.0},{"not_picked":["Warcry+1","Anger","Wild Strike+1"],"picked":"SKIP","floor":21.0},{"not_picked":["Clothesline","Warcry"],"picked":"Metallicize","floor":22.0},{"not_picked":["Fire Breathing","Armaments+1","Perfected Strike"],"picked":"SKIP","floor":23.0},{"not_picked":["Pummel","Warcry","Seeing Red"],"picked":"SKIP","floor":25.0},{"not_picked":["Feel No Pain","Fire Breathing"],"picked":"Warcry+1","floor":27.0},{"not_picked":["Heavy Blade","Rampage+1","Reckless Charge"],"picked":"SKIP","floor":29.0},{"not_picked":["Burning Pact","True Grit+1"],"picked":"Flex+1","floor":31.0},{"not_picked":[],"picked":"Battle Trance+1","floor":35.0},{"not_picked":[],"picked":"Iron Wave","floor":36.0},{"not_picked":["Clothesline+1"],"picked":"SKIP","floor":37.0},{"not_picked":["Sword Boomerang+1"],"picked":"SKIP","floor":39.0},{"not_picked":["Rupture+1"],"picked":"SKIP","floor":40.0},{"not_picked":["Anger"],"picked":"SKIP","floor":42.0},{"not_picked":["Power Through"],"picked":"SKIP","floor":44.0},{"not_picked":[],"picked":"Clash+1","floor":45.0},{"not_picked":["Intimidate+1"],"picked":"SKIP","floor":48.0}],"player_experience":145362,"relics_obtained":[{"floor":6.0,"key":"Darkstone Periapt"},{"floor":8.0,"key":"Centennial Puzzle"},{"floor":9.0,"key":"Oddly Smooth Stone"},{"floor":14.0,"key":"Meat on the Bone"},{"floor":20.0,"key":"Nilry\u0027s Codex"},{"floor":23.0,"key":"Potion Belt"},{"floor":25.0,"key":"Whetstone"},{"floor":26.0,"key":"HornCleat"},{"floor":27.0,"key":"Bag of Preparation"},{"floor":31.0,"key":"MawBank"},{"floor":38.0,"key":"Dead Branch"},{"floor":40.0,"key":"Bronze Scales"},{"floor":42.0,"key":"Blood Vial"},{"floor":43.0,"key":"Ornamental Fan"},{"floor":44.0,"key":"Turnip"},{"floor":46.0,"key":"Thread and Needle"},{"floor":48.0,"key":"Red Skull"}],"event_choices":[{"damage_healed":4.0,"max_hp_gain":0.0,"max_hp_loss":0.0,"gold_gain":0.0,"event_name":"Wheel of Change","player_choice":"Full Heal","floor":3.0,"gold_loss":0.0,"damage_taken":0.0},{"cards_removed":["Defend_R"],"damage_healed":0.0,"max_hp_gain":0.0,"max_hp_loss":0.0,"gold_gain":0.0,"event_name":"The Cleric","player_choice":"Card Removal","floor":11.0,"gold_loss":50.0,"damage_taken":0.0},{"damage_healed":0.0,"max_hp_gain":0.0,"max_hp_loss":0.0,"gold_gain":0.0,"event_name":"Drug Dealer","player_choice":"Inject Mutagens","floor":19.0,"gold_loss":0.0,"damage_taken":0.0,"relics_obtained":["MutagenicStrength"]},{"damage_healed":0.0,"max_hp_gain":0.0,"max_hp_loss":0.0,"gold_gain":0.0,"event_name":"Cursed Tome","player_choice":"Obtained Book","floor":20.0,"gold_loss":0.0,"damage_taken":16.0},{"damage_healed":0.0,"max_hp_gain":0.0,"max_hp_loss":0.0,"gold_gain":0.0,"event_name":"Back to Basics","player_choice":"Simplicity","floor":24.0,"gold_loss":0.0,"damage_taken":0.0,"cards_upgraded":["Strike_R","Strike_R","Strike_R","Strike_R","Strike_R","Defend_R","Defend_R","Defend_R"]},{"damage_healed":0.0,"max_hp_gain":0.0,"max_hp_loss":27.0,"gold_gain":0.0,"event_name":"Vampires","player_choice":"Became a vampire","floor":30.0,"gold_loss":0.0,"damage_taken":0.0,"cards_obtained":["Bite","Bite","Bite","Bite","Bite"]},{"damage_healed":0.0,"max_hp_gain":0.0,"max_hp_loss":0.0,"gold_gain":0.0,"event_name":"MindBloom","player_choice":"Fight","floor":38.0,"gold_loss":0.0,"damage_taken":0.0},{"damage_healed":0.0,"max_hp_gain":0.0,"max_hp_loss":0.0,"gold_gain":0.0,"event_name":"Mysterious Sphere","player_choice":"Fight","floor":46.0,"gold_loss":0.0,"damage_taken":0.0}],"is_beta":false,"boss_relics":[{"not_picked":["Philosopher\u0027s Stone","Cursed Key"],"picked":"SlaversCollar"},{"not_picked":["Runic Dome","Fusion Hammer"],"picked":"Busted Crown"}],"items_purged_floors":[],"is_endless":false,"potions_floor_spawned":[1,4,5,6,13,16,21,22,29,33,36,39,44,45,46],"ascension_level":2}}