{"host":"4lmgp360m6ghntre","time":1609170491,"event":{"mods":["AchievementEnabler","Ascension Unlocker","Aspiration","BaseMod","BetterRewards","Block Reminder","Booster Modes","Colored Powertips","Colorless Booster Pack","Conspire","Custom Start","Dota2Spire","Downfall","GifTheSpireLib","HololiveMod","Hubris","Infinite Spire","Keyboard Shortcuts","Minty Spire (QoL Compilation)","Potionbrewer","Quarter Circle Forward PUNCH!","Quick Restart","Rare Cards Sparkle","Relic Sorter","Relic Stats","Replay The Spire","SCP261 Mod","SacredBarkPlus","Small Relic Pack","Spicy Shops","Spikes Relics","StSLib","Stuff the Spire","TheArtist","Trackpad","Uncapped","UnlockEverythingMod","Useless Jewels Mod","thorton","vexMod"],"gold_per_floor":[123,147,147,166,37,37,76,76,76,76,81,81,81],"floor_reached":11,"playtime":792,"items_purged":["Normality"],"score":71,"play_id":"51fb4382-9baa-4a1c-af9c-0f3f0a5f70e4","local_time":"20201228104811","is_ascension_mode":false,"campfire_choices":[{"floor":6,"key":"REST"},{"floor":8,"key":"REST"}],"circlet_count":0,"master_deck":["thethorton:Strike","thethorton:Strike","thethorton:Strike","thethorton:Strike","thethorton:Defend","thethorton:Defend","thethorton:Defend","thethorton:Defend","thethorton:Heckle","thethorton:CreditCard","thethorton:Investment","thethorton:Investment","thethorton:LongTermPayoff","thethorton:BusinessCard","thethorton:Investment"],"relics":["Ring of the Snake","infinitespire:Cubic Diamond","Onion Ring","The Courier"],"acts_visited":["Exordium"],"potions_floor_usage":[11],"damage_taken":[{"damage":8,"enemies":"Cultist","floor":1,"turns":5},{"damage":8,"enemies":"2 Louse","floor":2,"turns":8},{"damage":8,"enemies":"Small Slimes","floor":4,"turns":8},{"damage":51,"enemies":"3 Sentries","floor":7,"turns":10},{"damage":58,"enemies":"Gremlin Nob","floor":11,"turns":6}],"seed_played":"-8696100833172862572","potions_obtained":[{"floor":1,"key":"SpeedPotion"}],"is_trial":false,"path_per_floor":["M","M","?","M","$","R","E","R","T","$","E"],"character_chosen":"THE_THORT","items_purchased":["thethorton:BusinessCard"],"campfire_rested":2,"item_purchase_floors":[5],"current_hp_per_floor":[66,58,58,50,50,72,21,43,43,43,0,0,0],"gold":81,"neow_bonus":"TEN_PERCENT_HP_BONUS","is_daily":false,"chose_seed":false,"campfire_upgraded":0,"win_rate":0.0,"timestamp":1609170491,"path_taken":["M","M","?","M","$","R","E","R","T","$","E"],"items_purchased_type":["Card"],"build_version":"2020-12-22","purchased_purges":1,"victory":false,"max_hp_per_floor":[74,74,74,74,74,74,74,74,74,74,74,74,74],"relic_stats":{"counters":[5,37],"obtain_stats":[{"Onion Ring":7,"infinitespire:Cubic Diamond":3,"The Courier":9,"thethorton:CouragePotion":0,"Ring of the Snake":3},{"Onion Ring":4,"infinitespire:Cubic Diamond":2,"The Courier":4,"thethorton:CouragePotion":0,"Ring of the Snake":2},{"Onion Ring":31,"infinitespire:Cubic Diamond":13,"The Courier":31,"thethorton:CouragePotion":0,"Ring of the Snake":13}],"Ring of the Snake":[6]},"card_choices":[{"not_picked":["thethorton:BookBash","thethorton:CashBash"],"picked":"thethorton:Investment","floor":1},{"not_picked":["thethorton:ElbowSmash","thethorton:MomentaryBreak"],"picked":"thethorton:Investment","floor":2},{"not_picked":["thethorton:DownPayment","thethorton:ShoutAndRun"],"picked":"thethorton:LongTermPayoff","floor":4},{"not_picked":["thethorton:ThickSkin","thethorton:ROI"],"picked":"thethorton:Investment","floor":7}],"player_experience":31038,"relics_obtained":[{"floor":7,"key":"Onion Ring"},{"floor":9,"key":"The Courier"}],"event_choices":[],"is_beta":false,"boss_relics":[],"items_purged_floors":[5],"is_endless":false,"potions_floor_spawned":[1],"killed_by":"Gremlin Nob","ascension_level":0}}