{"host":"sum4dy402bbv9y4o","time":1609187605,"event":{"mods":["Aspiration","BaseMod","Conspire","Highlight Path","Minty Spire (QoL Compilation)","StSLib"],"gold_per_floor":[109,109,119,136,6,6,20,95,120,137,137,172,184,196,208,220,220],"floor_reached":16,"playtime":459,"items_purged":["Strike_G"],"score":200,"play_id":"d629af8b-42b4-496a-bfce-e5aead6a1144","local_time":"20201228233325","is_ascension_mode":true,"campfire_choices":[{"data":"Poisoned Stab","floor":6,"key":"SMITH"},{"data":"Bane","floor":11,"key":"SMITH"},{"floor":13,"key":"REST"},{"data":"conspire:PoisonWeapons","floor":15,"key":"SMITH"}],"circlet_count":0,"master_deck":["AscendersBane","Strike_G","Strike_G","Strike_G","Strike_G","Defend_G","Defend_G","Defend_G","Defend_G","Defend_G","Survivor","Neutralize+1","Deflect+1","PiercingWail","Poisoned Stab+1","Bane+1","Cloak And Dagger","Venomology","conspire:PoisonWeapons+1"],"relics":["Ring of the Snake","aspiration:Lifesprig","MawBank"],"acts_visited":["Exordium"],"potions_floor_usage":[12,12,16,16],"damage_taken":[{"damage":0,"enemies":"2 Louse","floor":1,"turns":5},{"damage":0,"enemies":"Cultist","floor":3,"turns":5},{"damage":5,"enemies":"Small Slimes","floor":4,"turns":5},{"damage":3,"enemies":"Blue Slaver","floor":7,"turns":4},{"damage":0,"enemies":"2 Fungi Beasts","floor":10,"turns":4},{"damage":47,"enemies":"Gremlin Nob","floor":12,"turns":5},{"damage":26,"enemies":"Slime Boss","floor":16,"turns":7}],"seed_played":"-524242625585538865","potions_obtained":[{"floor":10,"key":"Swift Potion"},{"floor":12,"key":"EssenceOfSteel"}],"is_trial":false,"path_per_floor":["M","?","M","M","$","R","M","?","T","M","R","E","R","?","R","B"],"character_chosen":"THE_SILENT","items_purchased":["Bane"],"campfire_rested":1,"item_purchase_floors":[5],"current_hp_per_floor":[59,59,59,54,54,54,51,40,40,40,40,7,26,26,26,0,0],"gold":220,"neow_bonus":"UPGRADE_CARD","is_daily":false,"chose_seed":false,"campfire_upgraded":3,"win_rate":0.0,"timestamp":1609187605,"path_taken":["M","?","?","M","$","R","M","?","T","M","R","E","R","?","R","BOSS"],"items_purchased_type":["Card"],"build_version":"2020-12-22","purchased_purges":1,"victory":false,"max_hp_per_floor":[66,66,66,66,66,66,66,66,66,66,66,66,66,66,66,66,66],"card_choices":[{"not_picked":["Underhanded Strike","Setup"],"picked":"Deflect","floor":1},{"not_picked":["Eviscerate","Backflip"],"picked":"PiercingWail","floor":3},{"not_picked":["PiercingWail","Dodge and Roll"],"picked":"Poisoned Stab","floor":4},{"not_picked":["Endless Agony","Acrobatics"],"picked":"Cloak And Dagger","floor":7},{"not_picked":["Prepared","Catalyst"],"picked":"Venomology","floor":10},{"not_picked":["Outmaneuver","Well Laid Plans"],"picked":"conspire:PoisonWeapons","floor":12}],"player_experience":2858967,"relics_obtained":[{"floor":9,"key":"aspiration:Lifesprig"},{"floor":12,"key":"MawBank"}],"event_choices":[{"damage_healed":0,"gold_gain":0,"player_choice":"Upgraded","damage_taken":0,"max_hp_gain":0,"max_hp_loss":0,"event_name":"Upgrade Shrine","floor":2,"gold_loss":0,"cards_upgraded":["Deflect"]},{"damage_healed":0,"gold_gain":75,"player_choice":"Gather Gold","damage_taken":11,"max_hp_gain":0,"max_hp_loss":0,"event_name":"World of Goop","floor":8,"gold_loss":0},{"damage_healed":0,"gold_gain":0,"player_choice":"Fled","damage_taken":0,"max_hp_gain":0,"max_hp_loss":0,"event_name":"Scrap Ooze","floor":14,"gold_loss":0}],"is_beta":false,"boss_relics":[],"items_purged_floors":[5],"is_endless":false,"potions_floor_spawned":[10,12],"killed_by":"Slime Boss","ascension_level":20}}