{"host":"fne7yx97fnz7kq05","time":1609131572,"event":{"mods":["BaseMod","Colored Map","Colored Powertips","Downfall","Highlight Path","Minty Spire (QoL Compilation)","Relic Stats","StSLib"],"gold_per_floor":[99,115,125,125,135,60,135,60,72,72,88,123,108,108,125,227,227,227,239,239,239,239],"floor_reached":20,"playtime":2459,"items_purged":[],"score":224,"play_id":"c75740c9-d746-407a-a79e-bae853903bb0","local_time":"20201227225932","is_ascension_mode":false,"campfire_choices":[{"floor":1,"key":"RECALL"},{"data":"champ:CalledShot","floor":6,"key":"SMITH"},{"data":"champ:ArenaPreparation","floor":8,"key":"SMITH"},{"data":"champ:DefensiveShout","floor":10,"key":"SMITH"},{"data":"champ:PerfectForm","floor":18,"key":"SMITH"}],"circlet_count":0,"master_deck":["champ:Strike","champ:Strike","champ:Strike","champ:Defend","champ:Defend","champ:Defend","champ:Defend","champ:Execute","champ:Taunt","champ:CalledShot+1","champ:ArenaPreparation+1","champ:DefensiveShout+1","champ:TornadoPunch","champ:Backstep","champ:GladiatorStyle+1","champ:PerfectForm+1","champ:DefensiveStyle"],"relics":["champ:ChampionCrown","downfall:HeartBlessingRed","downfall:HeartBlessingBlue","Bronze Scales","Snecko Eye"],"acts_visited":["Exordium","TheCity"],"potions_floor_usage":[9,12],"damage_taken":[{"damage":20,"enemies":"Jaw Worm","floor":2,"turns":4},{"damage":11,"enemies":"Cultist","floor":3,"turns":5},{"damage":15,"enemies":"Small Slimes","floor":5,"turns":6},{"damage":27,"enemies":"Exordium Thugs","floor":9,"turns":5},{"damage":19,"enemies":"Large Slime","floor":11,"turns":7},{"damage":5,"enemies":"Gremlin Nob","floor":12,"turns":4},{"damage":20,"enemies":"downfall:FleeingMerchant","floor":13,"turns":4},{"damage":30,"enemies":"Exordium Wildlife","floor":15,"turns":3},{"damage":96,"enemies":"downfall:Silent","floor":16,"turns":12},{"damage":43,"enemies":"Spheric Guardian","floor":19,"turns":4},{"damage":10,"enemies":"Chosen","floor":20,"turns":4}],"seed_played":"1782568714133244055","potions_obtained":[{"floor":2,"key":"ColorlessPotion"},{"floor":3,"key":"champ:OpenerPotion"},{"floor":5,"key":"Explosive Potion"},{"floor":9,"key":"LiquidBronze"},{"floor":15,"key":"champ:TechniquePotion"}],"is_trial":false,"path_per_floor":["R","M","M","?","M","R","T","R","M","R","M","E","$","?","M","B",null,"R","M","M"],"character_chosen":"THE_CHAMP","items_purchased":[],"campfire_rested":0,"item_purchase_floors":[],"current_hp_per_floor":[99,89,88,88,88,88,88,98,84,84,78,78,78,78,78,30,109,109,96,86,86,86],"gold":239,"neow_bonus":"TEN_PERCENT_HP_BONUS","is_daily":false,"chose_seed":false,"campfire_upgraded":4,"win_rate":0.0,"timestamp":1609131572,"path_taken":["R","M","M","?","?","R","T","R","M","R","M","E","$","?","M","BOSS","R","M","M"],"items_purchased_type":[],"build_version":"2020-12-22","purchased_purges":0,"victory":false,"max_hp_per_floor":[99,99,99,99,99,99,99,109,109,109,109,109,109,109,109,109,109,109,109,109,109,109],"relic_stats":{"counters":[11,58],"Bronze Scales":[48],"Snecko Eye":[21,10,16,15],"obtain_stats":[{"downfall:HeartBlessingRed":6,"downfall:HeartBlessingBlue":8,"Bronze Scales":12,"Snecko Eye":17,"champ:ChampionCrown":0},{"downfall:HeartBlessingRed":3,"downfall:HeartBlessingBlue":3,"Bronze Scales":6,"Snecko Eye":9,"champ:ChampionCrown":0},{"downfall:HeartBlessingRed":15,"downfall:HeartBlessingBlue":15,"Bronze Scales":31,"Snecko Eye":50,"champ:ChampionCrown":0}]},"card_choices":[{"not_picked":["champ:BerserkersShout","champ:Lariat"],"picked":"champ:CalledShot","floor":2},{"not_picked":["champ:BladeFlurry","champ:Backstep"],"picked":"champ:ArenaPreparation","floor":3},{"not_picked":["champ:EnragedBash","champ:EnGarde","champ:EndlessRage"],"picked":"SKIP","floor":5},{"not_picked":["champ:StanceDance","champ:Lariat"],"picked":"champ:DefensiveShout","floor":9},{"not_picked":["champ:FaceSlap","champ:StanceDance"],"picked":"champ:TornadoPunch","floor":11},{"not_picked":["champ:AdrenalArmor","champ:PerfectedStrike"],"picked":"champ:Backstep","floor":12},{"not_picked":["champ:CrownThrow","champ:GladiatorsShout"],"picked":"champ:GladiatorStyle","floor":13},{"not_picked":["champ:CalledShot","champ:FocusedGladiator","champ:StanceDance"],"picked":"SKIP","floor":15},{"not_picked":["champ:HeavySlash","champ:CrownThrow"],"picked":"champ:PerfectForm","floor":16},{"not_picked":["champ:GutPunch","champ:FocusedDefense"],"picked":"champ:DefensiveStyle","floor":19}],"player_experience":270887,"relics_obtained":[{"floor":12,"key":"Bronze Scales"}],"event_choices":[{"cards_removed":["champ:Strike"],"damage_healed":0,"gold_gain":0,"player_choice":"Offered Basic","damage_taken":0,"max_hp_gain":0,"max_hp_loss":0,"event_name":"Bonfire Elementals","floor":4,"gold_loss":0},{"damage_healed":0,"gold_gain":0,"player_choice":"Upgraded","damage_taken":0,"max_hp_gain":0,"max_hp_loss":0,"event_name":"Upgrade Shrine","floor":14,"gold_loss":0,"cards_upgraded":["champ:GladiatorStyle"]}],"is_beta":false,"boss_relics":[{"not_picked":["Fusion Hammer","Astrolabe"],"picked":"Snecko Eye"}],"items_purged_floors":[],"is_endless":false,"potions_floor_spawned":[2,3,5,9,15,19],"killed_by":"Chosen","ascension_level":0}}