{"host":"chv1qanoipyt46jc","time":1609127447,"event":{"mods":["2.2 Compatiblity","AchievementEnabler","BaseMod","BetterRewards","CapriCore","Card Filter","Gold Saver","Grow up Mod","Minty Spire (QoL Compilation)","Rare Cards Sparkle","Relic Filter","Remove Card Discount Mod","Reorder Act Four","StSLib","The Servant 0.9.4"],"gold_per_floor":[786,800,814,834,834,863,863,888,888,901,901,934,958,971,971,1074,1074,1084,1103,1136,1235,1249,1276,1296,1296,1296,1307,1324,1349,1349,1378,1378,1479,1479,1492,1492,1502,1498,1511,1540,1540,1570,1570,1570,1587,1443,1443,1458,1458,1458,1458,1403,1403,1430,1430],"floor_reached":56,"playtime":3019,"items_purged":["Strike_S","Strike_S","Strike_S","Strike_S","Defend_S","Defend_S","Defend_S","Defend_S","Spin","TimeTheft","Exchange","Replace+1","DualDimension+1","Deny+1","ShiftingGears+1","TimeWarp+1","SilverBlades+1"],"score":1864,"play_id":"4390e733-dfd2-416b-b15f-9892da37cf86","local_time":"20201227215047","is_ascension_mode":false,"campfire_choices":[{"data":"TimeWarp","floor":7.0,"key":"SMITH"},{"data":"TimeWarp","floor":15.0,"key":"SMITH"},{"data":"Deny","floor":25.0,"key":"SMITH"},{"data":"Potential","floor":30.0,"key":"SMITH"},{"floor":32.0,"key":"RECALL"},{"data":"ShiftingGears","floor":41.0,"key":"SMITH"},{"floor":44,"key":"REST"},{"data":"Dilation","floor":47,"key":"SMITH"},{"data":"BottledTime","floor":49,"key":"SMITH"},{"data":"StarChef","floor":53,"key":"SMITH"}],"circlet_count":0,"master_deck":["Potential+1","TimeWarp+1","Potential+1","TimeWarp+1","BottledTime+1","Dilation+1","BottledTime+1","StarChef+1"],"relics":["SplendidAttire","Unceasing Top","RomanBracelet","Gremlin Horn","Lizard Tail","Centennial Puzzle","Meat on the Bone","The Courier","Odd Mushroom","Red Mask","Akabeko","MealTicket","Bronze Scales","Strawberry","Pandora\u0027s Box","White Beast Statue","CeramicFish","Anchor","HornCleat"],"acts_visited":["Exordium","TheCity","TheBeyond","TheEnding"],"potions_floor_usage":[55,55,55],"damage_taken":[{"damage":0.0,"enemies":"Cultist","floor":1.0,"turns":1.0},{"damage":0.0,"enemies":"Small Slimes","floor":2.0,"turns":1.0},{"damage":0.0,"enemies":"Jaw Worm","floor":3.0,"turns":1.0},{"damage":0.0,"enemies":"3 Louse","floor":4.0,"turns":1.0},{"damage":0.0,"enemies":"Lagavulin","floor":6.0,"turns":2.0},{"damage":0.0,"enemies":"3 Sentries","floor":8.0,"turns":1.0},{"damage":5.0,"enemies":"Blue Slaver","floor":10.0,"turns":2.0},{"damage":0.0,"enemies":"Gremlin Nob","floor":12.0,"turns":2.0},{"damage":0.0,"enemies":"The Mushroom Lair","floor":13.0,"turns":1.0},{"damage":0.0,"enemies":"2 Fungi Beasts","floor":14.0,"turns":1.0},{"damage":0.0,"enemies":"Hexaghost","floor":16.0,"turns":2.0},{"damage":0.0,"enemies":"Shell Parasite","floor":18.0,"turns":1.0},{"damage":0.0,"enemies":"2 Thieves","floor":19.0,"turns":1.0},{"damage":0.0,"enemies":"Masked Bandits","floor":20.0,"turns":1.0},{"damage":0.0,"enemies":"Sentry and Sphere","floor":22.0,"turns":1.0},{"damage":0.0,"enemies":"Book of Stabbing","floor":23.0,"turns":1.0},{"damage":0.0,"enemies":"3 Cultists","floor":24.0,"turns":2.0},{"damage":0.0,"enemies":"Centurion and Healer","floor":27.0,"turns":1.0},{"damage":0.0,"enemies":"Snake Plant","floor":28.0,"turns":1.0},{"damage":0.0,"enemies":"Slavers","floor":29.0,"turns":1.0},{"damage":0.0,"enemies":"Gremlin Leader","floor":31.0,"turns":2.0},{"damage":7.0,"enemies":"Automaton","floor":33.0,"turns":4.0},{"damage":0.0,"enemies":"Orb Walker","floor":35.0,"turns":1.0},{"damage":0.0,"enemies":"3 Shapes","floor":37.0,"turns":1.0},{"damage":0.0,"enemies":"3 Darklings","floor":39.0,"turns":1.0},{"damage":0.0,"enemies":"Nemesis","floor":40.0,"turns":1.0},{"damage":5.0,"enemies":"Reptomancer","floor":42.0,"turns":3.0},{"damage":0,"enemies":"Writhing Mass","floor":45,"turns":1},{"damage":0,"enemies":"Maw","floor":48,"turns":1},{"damage":0,"enemies":"Awakened One","floor":50,"turns":2},{"damage":0,"enemies":"Shield and Spear","floor":54,"turns":1},{"damage":40,"enemies":"The Heart","floor":55,"turns":5}],"seed_played":"4467811923425598821","potions_obtained":[{"floor":3.0,"key":"ColorlessPotion"},{"floor":13.0,"key":"Fire Potion"},{"floor":18.0,"key":"Fire Potion"},{"floor":45,"key":"LiquidBronze"}],"is_trial":false,"path_per_floor":["M","M","M","M","$","E","R","E","T","M","?","E","?","M","R","B",null,"M","M","?","?","M","E","M","R","T","M","M","E","R","E","R","B",null,"M","?","M","$","M","E","R","E","T","R","M","$","R","M","R","B",null,"$","R","E","B",null],"character_chosen":"THE_SERVANT","items_purchased":["Unceasing Top","RomanBracelet","Potential","Gremlin Horn","TimeWarp","Potential","TimeTheft","Dilation","BottledTime","StarChef"],"campfire_rested":1,"item_purchase_floors":[0,0,0,0,0,0,0,46,46,52],"current_hp_per_floor":[44,54,64,74,84,94,104,114,124,129,104,114,124,134,144,154,245,255,265,275,285,295,305,315,325,335,345,355,365,375,392,402,405,422,432,442,452,462,472,482,492,497,507,522,532,542,552,562,572,582,592,602,612,622,592],"gold":1430,"neow_bonus":"","is_daily":false,"chose_seed":false,"campfire_upgraded":8,"win_rate":0.0,"timestamp":1609127447,"path_taken":["M","M","M","M","?","E","R","E","T","M","?","E","?","M","R","BOSS","M","M","?","?","M","E","M","R","T","M","M","E","R","E","R","BOSS","M","?","M","$","M","E","R","E","T","R","M","$","R","M","R","BOSS","$","R","E","BOSS"],"items_purchased_type":["Relic","Relic","Card","Relic","Card","Card","Card","Card","Card","Card"],"build_version":"2020-12-22","purchased_purges":17,"victory":true,"max_hp_per_floor":[85,95,105,115,125,135,145,155,165,175,185,195,205,215,225,235,245,255,265,275,285,295,305,315,325,335,345,355,365,375,392,402,412,422,432,442,452,462,472,482,492,502,512,522,532,542,552,562,572,582,592,602,612,622,632],"card_choices":[{"not_picked":["Moondial","Replace","Defy"],"picked":"SKIP","floor":1.0},{"not_picked":["Rearm","Luminosity","Potential"],"picked":"SKIP","floor":2.0},{"not_picked":["Defy","Reset","InstantArmor"],"picked":"SKIP","floor":3.0},{"not_picked":["RealityMarble","Revamp"],"picked":"DualDimension","floor":4.0},{"not_picked":["Rearm","Desolation","Hightail"],"picked":"SKIP","floor":6.0},{"not_picked":["Potential","Revamp"],"picked":"TimeWarp","floor":8.0},{"not_picked":["Deadline","SoulSculpture","DualDimension"],"picked":"SKIP","floor":10.0},{"not_picked":["Starlight","WasteNot","Potential"],"picked":"SKIP","floor":12.0},{"not_picked":["Revamp","FastForward","Replace"],"picked":"SKIP","floor":14.0},{"not_picked":["ForgedInTime","Initiator"],"picked":"Deny","floor":16.0},{"not_picked":["Revamp","Starlight","Alleviate"],"picked":"SKIP","floor":18.0},{"not_picked":["Revamp","FastForward+1","Deadline+1"],"picked":"SKIP","floor":19.0},{"not_picked":["Alleviate","Advance"],"picked":"ShiftingGears","floor":20.0},{"not_picked":["Alleviate+1","Read+1","TimeTheft"],"picked":"SKIP","floor":22.0},{"not_picked":["LightFlow","Alleviate"],"picked":"Replace+1","floor":23.0},{"not_picked":["Misdirection","Defy"],"picked":"BottledTime+1","floor":24.0},{"not_picked":["Defy","Snipe"],"picked":"SilverBlades+1","floor":27.0},{"not_picked":["Snipe","ShatteredReality","ReturningBlade"],"picked":"SKIP","floor":28.0},{"not_picked":["Initiator","Gouge","Ricochet"],"picked":"SKIP","floor":29.0},{"not_picked":["Desolation","Gouge","Unruled+1"],"picked":"SKIP","floor":31.0},{"not_picked":["Unruled+1","Luminosity"],"picked":"TimeWarp+1","floor":35.0},{"not_picked":["Barrier","Gouge+1","Sabotage"],"picked":"SKIP","floor":37.0},{"not_picked":["Contraction+1","Replace+1","SurpressingFire+1"],"picked":"SKIP","floor":39.0},{"not_picked":["Unruled","Replace+1","Defy"],"picked":"SKIP","floor":40.0},{"not_picked":["Reset+1","Ricochet","BestPractice"],"picked":"SKIP","floor":42.0},{"not_picked":["Read+1","Revamp+1","Defy+1"],"picked":"SKIP","floor":45},{"not_picked":["Moondial","FastForward","DualDimension"],"picked":"SKIP","floor":48},{"not_picked":["Deadline","WasteNot","Revamp+1"],"picked":"SKIP","floor":54}],"player_experience":309437,"relics_obtained":[{"floor":6.0,"key":"Centennial Puzzle"},{"floor":8.0,"key":"Meat on the Bone"},{"floor":12.0,"key":"The Courier"},{"floor":13.0,"key":"Odd Mushroom"},{"floor":20.0,"key":"Red Mask"},{"floor":23.0,"key":"Akabeko"},{"floor":26.0,"key":"MealTicket"},{"floor":29.0,"key":"Bronze Scales"},{"floor":31.0,"key":"Strawberry"},{"floor":40.0,"key":"White Beast Statue"},{"floor":42.0,"key":"CeramicFish"},{"floor":43.0,"key":"Anchor"},{"floor":54,"key":"HornCleat"}],"event_choices":[{"damage_healed":0.0,"max_hp_gain":0.0,"max_hp_loss":0.0,"gold_gain":0.0,"event_name":"Shining Light","player_choice":"Entered Light","floor":11.0,"gold_loss":0.0,"damage_taken":35.0,"cards_upgraded":["DualDimension","Potential"]},{"damage_healed":0.0,"max_hp_gain":0.0,"max_hp_loss":0.0,"gold_gain":0.0,"event_name":"Mushrooms","player_choice":"Fought Mushrooms","floor":13.0,"gold_loss":0.0,"damage_taken":0.0},{"damage_healed":0.0,"max_hp_gain":0.0,"max_hp_loss":0.0,"gold_gain":0.0,"event_name":"Masked Bandits","player_choice":"Fought Bandits","floor":20.0,"gold_loss":0.0,"damage_taken":0.0},{"damage_healed":0.0,"max_hp_gain":0.0,"max_hp_loss":0.0,"gold_gain":99.0,"event_name":"Nest","player_choice":"Stole From Cult","floor":21.0,"gold_loss":0.0,"damage_taken":0.0},{"cards_removed":["KidneyShot"],"damage_healed":0.0,"max_hp_gain":0.0,"max_hp_loss":0.0,"gold_gain":0.0,"event_name":"Falling","player_choice":"Removed Attack","floor":36.0,"gold_loss":0.0,"damage_taken":0.0}],"is_beta":false,"boss_relics":[{"not_picked":["Tiny House","Coffee Dripper"],"picked":"SplendidAttire"},{"not_picked":["Empty Cage","MysterySword"],"picked":"Pandora\u0027s Box"}],"items_purged_floors":[0,0,0,0,0,0,0,0,0,0,38,38,46,46,46,52,52],"is_endless":false,"potions_floor_spawned":[3,4,13,14,18,24,29,33,37,39,42,45,48,54],"ascension_level":0}}