{"host":"foq4mrde4mssg7vt","time":1609173208,"event":{"mods":["AchievementEnabler","BaseMod","Colored Map","Colored Powertips","Highlight Path","Minty Spire (QoL Compilation)","Relic Stats","everything is the same but u backflip on backflip"],"gold_per_floor":[118,131,131,145,162,162,176,176,257,257,307,307,335,346,346,420,420,390,440,453,207,227,227,253,253,329,429,464,77,87,87,87,162,162,179,179,197,222,222,222,222,260,285,305,305,332,332,351,351,351,351,351,27,57,57,57],"floor_reached":55,"playtime":3250,"items_purged":["Strike_G","Strike_G"],"score":1477,"play_id":"e5df3607-59b8-409b-81ea-3b4b9481c3d1","local_time":"20201229003328","is_ascension_mode":true,"campfire_choices":[{"data":"Dagger Spray","floor":6.0,"key":"SMITH"},{"data":"Neutralize","floor":8.0,"key":"SMITH"},{"data":"Bane","floor":15.0,"key":"SMITH"},{"data":"Wraith Form v2","floor":23.0,"key":"SMITH"},{"floor":32.0,"key":"REST"},{"data":"Well Laid Plans","floor":40,"key":"SMITH"},{"floor":45,"key":"REST"},{"floor":47,"key":"RECALL"},{"data":"Leg Sweep","floor":49,"key":"SMITH"},{"data":"Crippling Poison","floor":52,"key":"SMITH"}],"circlet_count":0,"master_deck":["AscendersBane","Strike_G","Defend_G","Defend_G","Defend_G","Defend_G","Defend_G","Survivor","Neutralize+1","Dagger Spray+1","Bane+1","Flying Knee","Deadly Poison+1","Well Laid Plans+1","Wraith Form v2+1","Leg Sweep+1","PiercingWail","Malaise","Corpse Explosion","Blur","Wraith Form v2+1","Crippling Poison+1","Parasite","Footwork+1","Leg Sweep"],"relics":["Ring of the Snake","Tiny Chest","White Beast Statue","Pen Nib","FossilizedHelix","SlaversCollar","Orrery","Blood Vial","Frozen Egg 2","Tingsha","StrikeDummy","Centennial Puzzle","Gremlin Horn","Busted Crown","Girya","CeramicFish","Bronze Scales","Juzu Bracelet","Mercury Hourglass","OrangePellets","Art of War"],"acts_visited":["Exordium","TheCity","TheBeyond","TheEnding"],"potions_floor_usage":[46,50,50,55],"damage_taken":[{"damage":0.0,"enemies":"Small Slimes","floor":1.0,"turns":5.0},{"damage":6.0,"enemies":"Cultist","floor":2.0,"turns":6.0},{"damage":0.0,"enemies":"2 Louse","floor":4.0,"turns":3.0},{"damage":5.0,"enemies":"Looter","floor":5.0,"turns":4.0},{"damage":6.0,"enemies":"Lots of Slimes","floor":7.0,"turns":3.0},{"damage":10.0,"enemies":"Lagavulin","floor":13.0,"turns":5.0},{"damage":0.0,"enemies":"2 Fungi Beasts","floor":14.0,"turns":3.0},{"damage":6.0,"enemies":"Hexaghost","floor":16.0,"turns":9.0},{"damage":2.0,"enemies":"2 Thieves","floor":18.0,"turns":5.0},{"damage":0.0,"enemies":"3 Byrds","floor":20.0,"turns":6.0},{"damage":14.0,"enemies":"Centurion and Healer","floor":22.0,"turns":8.0},{"damage":12.0,"enemies":"Colosseum Slavers","floor":27.0,"turns":6.0},{"damage":0.0,"enemies":"Colosseum Nobs","floor":27.0,"turns":6.0},{"damage":3.0,"enemies":"Slavers","floor":28.0,"turns":8.0},{"damage":6.0,"enemies":"Shelled Parasite and Fungi","floor":30.0,"turns":6.0},{"damage":0.0,"enemies":"Automaton","floor":33.0,"turns":11.0},{"damage":0.0,"enemies":"Orb Walker","floor":35.0,"turns":5.0},{"damage":2.0,"enemies":"3 Darklings","floor":37.0,"turns":3.0},{"damage":1,"enemies":"Mind Bloom Boss Battle","floor":38,"turns":9},{"damage":22,"enemies":"Reptomancer","floor":42,"turns":13},{"damage":8,"enemies":"Writhing Mass","floor":44,"turns":11},{"damage":0,"enemies":"Giant Head","floor":46,"turns":11},{"damage":0,"enemies":"Maw","floor":48,"turns":10},{"damage":12,"enemies":"Donu and Deca","floor":50,"turns":9},{"damage":9,"enemies":"Shield and Spear","floor":54,"turns":9},{"damage":65,"enemies":"The Heart","floor":55,"turns":14}],"seed_played":"-6004883130160205238","potions_obtained":[{"floor":1.0,"key":"EssenceOfSteel"},{"floor":4.0,"key":"PowerPotion"},{"floor":7.0,"key":"Poison Potion"},{"floor":14.0,"key":"GamblersBrew"},{"floor":18.0,"key":"SneckoOil"},{"floor":20.0,"key":"PowerPotion"},{"floor":22.0,"key":"DuplicationPotion"},{"floor":27.0,"key":"Block Potion"},{"floor":28.0,"key":"SmokeBomb"},{"floor":30.0,"key":"EntropicBrew"},{"floor":33.0,"key":"BlessingOfTheForge"},{"floor":42,"key":"Explosive Potion"},{"floor":46,"key":"SpeedPotion"},{"floor":54,"key":"Fire Potion"}],"is_trial":false,"path_per_floor":["M","M","?","M","M","R","M","R","T","?","T","?","E","M","R","B",null,"M","?","M","$","M","R","T","?","T","?","E","$","M","T","R","B",null,"M","?","M","?","?","R","T","E","T","M","R","E","R","M","R","B",null,"R","$","E","B"],"character_chosen":"THE_SILENT","items_purchased":["Orrery","Gremlin Horn","Footwork+1","OrangePellets","Leg Sweep"],"campfire_rested":2,"item_purchase_floors":[21,29,53,53,53],"current_hp_per_floor":[59,53,53,53,48,48,42,42,42,35,35,35,25,25,25,19,54,52,52,52,52,38,38,38,38,38,30,29,29,25,25,44,46,61,63,63,61,62,62,62,62,41,41,35,53,55,55,57,57,47,59,59,59,52,0,0],"gold":57,"neow_bonus":"RANDOM_COMMON_RELIC","is_daily":false,"chose_seed":false,"campfire_upgraded":7,"win_rate":0.0,"timestamp":1609173208,"path_taken":["M","M","?","M","?","R","M","R","T","?","?","?","E","M","R","BOSS","M","?","?","$","M","R","?","?","T","?","E","?","M","?","R","BOSS","M","?","M","?","?","R","?","E","T","M","R","E","R","M","R","BOSS","R","$","E","BOSS"],"items_purchased_type":["Relic","Relic","Card","Relic","Card"],"build_version":"2020-12-22","purchased_purges":2,"victory":false,"max_hp_per_floor":[66,66,66,66,66,66,66,66,66,66,66,66,66,66,66,66,66,66,66,66,66,66,66,66,66,66,66,66,66,66,66,66,66,66,66,63,63,63,63,63,63,63,63,63,63,63,63,63,63,63,63,63,63,63,63,63],"relic_stats":{"Gremlin Horn":[9,9],"counters":[26,188],"CeramicFish":36,"Tingsha":[65],"Pen Nib":[21],"Juzu Bracelet":0,"Mercury Hourglass":[136],"Blood Vial":27,"OrangePellets":[4],"Centennial Puzzle":[24],"Busted Crown":16,"Bronze Scales":[342],"Tiny Chest":4,"Art of War":[4],"obtain_stats":[{"Girya":38,"Gremlin Horn":29,"CeramicFish":41,"Tingsha":27,"Pen Nib":11,"Juzu Bracelet":43,"Frozen Egg 2":26,"White Beast Statue":9,"Mercury Hourglass":46,"Blood Vial":24,"SlaversCollar":17,"OrangePellets":53,"Centennial Puzzle":28,"Busted Crown":34,"Bronze Scales":42,"Orrery":21,"Tiny Chest":0,"Art of War":54,"StrikeDummy":27,"FossilizedHelix":13,"Ring of the Snake":0},{"Girya":19,"Gremlin Horn":14,"CeramicFish":19,"Tingsha":13,"Pen Nib":5,"Juzu Bracelet":20,"Frozen Egg 2":11,"White Beast Statue":5,"Mercury Hourglass":22,"Blood Vial":11,"SlaversCollar":8,"OrangePellets":24,"Centennial Puzzle":14,"Busted Crown":16,"Bronze Scales":20,"Orrery":10,"Tiny Chest":0,"Art of War":25,"StrikeDummy":13,"FossilizedHelix":6,"Ring of the Snake":0},{"Girya":111,"Gremlin Horn":77,"CeramicFish":111,"Tingsha":69,"Pen Nib":21,"Juzu Bracelet":124,"Frozen Egg 2":57,"White Beast Statue":21,"Mercury Hourglass":146,"Blood Vial":57,"SlaversCollar":38,"OrangePellets":165,"Centennial Puzzle":77,"Busted Crown":94,"Bronze Scales":124,"Orrery":49,"Tiny Chest":0,"Art of War":174,"StrikeDummy":69,"FossilizedHelix":26,"Ring of the Snake":0}],"Ring of the Snake":[52]},"card_choices":[{"not_picked":["Tactician","Deflect","Setup"],"picked":"SKIP","floor":1.0},{"not_picked":["Expertise","Finisher"],"picked":"Dagger Spray","floor":2.0},{"not_picked":["Heel Hook","Backflip"],"picked":"Bane","floor":4.0},{"not_picked":["PiercingWail","Acrobatics"],"picked":"Flying Knee","floor":5.0},{"not_picked":["Choke","Underhanded Strike"],"picked":"Deadly Poison","floor":7.0},{"not_picked":["Calculated Gamble","Prepared"],"picked":"Well Laid Plans","floor":13.0},{"not_picked":["Infinite Blades","Tactician","Dodge and Roll"],"picked":"SKIP","floor":14.0},{"not_picked":["Envenom","Adrenaline"],"picked":"Wraith Form v2","floor":16.0},{"not_picked":["Outmaneuver+1","Slice","Sucker Punch"],"picked":"SKIP","floor":18.0},{"not_picked":["Underhanded Strike+1","Deflect"],"picked":"Leg Sweep","floor":20.0},{"not_picked":["Outmaneuver+1","Prepared"],"picked":"PiercingWail","floor":21.0},{"not_picked":["Concentrate","Masterful Stab","Finisher"],"picked":"SKIP","floor":22.0},{"not_picked":["Infinite Blades+1","Quick Slash"],"picked":"Malaise","floor":27.0},{"not_picked":["Acrobatics","Doppelganger","Deadly Poison"],"picked":"SKIP","floor":28.0},{"not_picked":["Underhanded Strike","Acrobatics","Endless Agony"],"picked":"SKIP","floor":30.0},{"not_picked":["Glass Knife","Adrenaline"],"picked":"Corpse Explosion","floor":33.0},{"not_picked":["Flying Knee"],"picked":"SKIP","floor":35.0},{"not_picked":["Cloak And Dagger"],"picked":"SKIP","floor":37.0},{"not_picked":[],"picked":"Blur","floor":38},{"not_picked":[],"picked":"Crippling Poison","floor":42},{"not_picked":["Quick Slash"],"picked":"SKIP","floor":44},{"not_picked":["Distraction"],"picked":"SKIP","floor":46},{"not_picked":["Outmaneuver"],"picked":"SKIP","floor":48},{"not_picked":["All Out Attack"],"picked":"SKIP","floor":54}],"player_experience":303202,"relics_obtained":[{"floor":9.0,"key":"White Beast Statue"},{"floor":11.0,"key":"Pen Nib"},{"floor":13.0,"key":"FossilizedHelix"},{"floor":24.0,"key":"Blood Vial"},{"floor":26.0,"key":"Frozen Egg 2"},{"floor":27.0,"key":"Tingsha"},{"floor":27.0,"key":"StrikeDummy"},{"floor":28.0,"key":"Centennial Puzzle"},{"floor":38,"key":"Girya"},{"floor":41,"key":"CeramicFish"},{"floor":42,"key":"Bronze Scales"},{"floor":43,"key":"Juzu Bracelet"},{"floor":46,"key":"Mercury Hourglass"},{"floor":54,"key":"Art of War"}],"event_choices":[{"cards_removed":["Strike_G"],"damage_healed":0.0,"max_hp_gain":0.0,"max_hp_loss":0.0,"gold_gain":0.0,"event_name":"Purifier","player_choice":"Purged","floor":3.0,"gold_loss":0.0,"damage_taken":0.0},{"cards_removed":["Strike_G"],"damage_healed":0.0,"max_hp_gain":0.0,"max_hp_loss":0.0,"gold_gain":0.0,"event_name":"Golden Wing","player_choice":"Card Removal","floor":10.0,"gold_loss":0.0,"damage_taken":7.0},{"damage_healed":0.0,"max_hp_gain":0.0,"max_hp_loss":0.0,"gold_gain":0.0,"event_name":"Living Wall","player_choice":"Grow","floor":12.0,"gold_loss":0.0,"damage_taken":0.0,"cards_upgraded":["Deadly Poison"]},{"damage_healed":0.0,"max_hp_gain":0.0,"max_hp_loss":0.0,"gold_gain":100.0,"event_name":"The Joust","player_choice":"Bet on Murderer","floor":19.0,"gold_loss":50.0,"damage_taken":0.0},{"damage_healed":0.0,"max_hp_gain":0.0,"max_hp_loss":0.0,"gold_gain":0.0,"event_name":"The Mausoleum","player_choice":"Ignored","floor":25.0,"gold_loss":0.0,"damage_taken":0.0},{"damage_healed":0.0,"max_hp_gain":0.0,"max_hp_loss":0.0,"gold_gain":0.0,"event_name":"Colosseum","player_choice":"Fight","floor":27.0,"gold_loss":0.0,"damage_taken":0.0},{"damage_healed":0.0,"max_hp_gain":0.0,"max_hp_loss":0.0,"gold_gain":0.0,"event_name":"Colosseum","player_choice":"Fought Nobs","floor":27.0,"gold_loss":0.0,"damage_taken":0.0},{"damage_healed":0.0,"max_hp_gain":0.0,"max_hp_loss":3.0,"gold_gain":0.0,"event_name":"Winding Halls","player_choice":"Max HP","floor":36.0,"gold_loss":0.0,"damage_taken":0.0},{"damage_healed":0,"gold_gain":0,"player_choice":"Fight","damage_taken":0,"max_hp_gain":0,"max_hp_loss":0,"event_name":"MindBloom","floor":38,"gold_loss":0},{"damage_healed":0,"gold_gain":0,"player_choice":"Copied","damage_taken":0,"max_hp_gain":0,"max_hp_loss":0,"event_name":"Duplicator","floor":39,"gold_loss":0,"cards_obtained":["Wraith Form v2"]}],"is_beta":false,"boss_relics":[{"not_picked":["Calling Bell","Ectoplasm"],"picked":"SlaversCollar"},{"not_picked":["Runic Dome","Snecko Eye"],"picked":"Busted Crown"}],"items_purged_floors":[21,29],"is_endless":false,"potions_floor_spawned":[1,4,7,13,14,16,18,20,22,27,27,28,30,33,35,37,38,42,44,46,48,54],"killed_by":"The Heart","ascension_level":16}}