{"host":"psucr0e9afynhpu7","time":1609171432,"event":{"mods":["AchievementEnabler","BaseMod","Better Altar","Better Match","Better Note","Better Sensory Stone","Better Skull","Better Third Choice","Colored Powertips","DeckTracker","Lobotomy","Minty Spire (QoL Compilation)","Quick Restart","Random Character Button","Relic Sorter","StSLib","Synergy Search","The Animator","The Caster","The Juggle","The Poker Player","The Wild Card"],"gold_per_floor":[109,109,74,0,13,45,62,76,156,156,166,166,180,196,196,298,298,311,325,335,345,11,11,24,55,55,105,124,79,79,79,79,179,179,194,194,211,67,86,86,134,134,134,134,164,6,6,6,6,6],"floor_reached":51,"playtime":7705,"items_purged":[],"score":722,"play_id":"799cd79a-fba1-4f75-89fc-6e62291f4d4c","local_time":"20201228140352","is_ascension_mode":false,"campfire_choices":[{"floor":10.0,"key":"REST"},{"data":"theWildCard:StingingStrike","floor":15.0,"key":"SMITH"},{"floor":23.0,"key":"REST"},{"data":"theWildCard:Alice","floor":30.0,"key":"SMITH"},{"data":"theWildCard:Desolation","floor":32.0,"key":"SMITH"},{"floor":40.0,"key":"REST"},{"floor":42.0,"key":"REST"},{"floor":44.0,"key":"REST"},{"data":"theWildCard:TheArcanaUnleashed","floor":47,"key":"SMITH"},{"data":"Madness","floor":49,"key":"SMITH"}],"circlet_count":0,"master_deck":["theWildCard:BasicStrike","theWildCard:BasicStrike","theWildCard:BasicStrike","theWildCard:BasicDefend","theWildCard:BasicDefend","theWildCard:BasicDefend","theWildCard:BasicDefend","theWildCard:CallToAdventure","theWildCard:Arsene","theWildCard:ArcaneArts","ConjureBlade+1","Enlightenment","theWildCard:MagicalMight","theWildCard:Salvation","theWildCard:SeveringSlash","theWildCard:Scathach","theWildCard:StalwartBlade","Burn","theWildCard:StingingStrike+1","theWildCard:MaskChange","theWildCard:Caesar","theWildCard:Alice+1","theWildCard:BladeOfGenerations+1","theWildCard:CryOfAgony","theWildCard:Desolation+1","theWildCard:Ruination","theWildCard:Abstinence","theWildCard:ArcanaArtistry","theWildCard:ArcaneArts","theWildCard:EnergizedStroke+1","theWildCard:Amaterasu","theWildCard:PowerOfTheArcana+1","theWildCard:StingingStrike","theWildCard:Overwhelm","CurseOfTheBell","theWildCard:Abstinence+1","theWildCard:Unburden+1","theWildCard:FinalHour","theWildCard:UnderLockAndKey","theWildCard:Loki+1","theWildCard:Sakuya+1","theWildCard:Salvation+1","theWildCard:TheArcanaUnleashed+1","Madness+1","Madness"],"relics":["theWildCard:VelvetContract","Girya","Centennial Puzzle","Mercury Hourglass","theWildCard:Wildcard","Matryoshka","Vajra","Bottled Tornado","Calling Bell","MealTicket","Pear","Gambling Chip","Calipers","HornCleat","Gremlin Horn","Sundial"],"acts_visited":["Exordium","TheCity","TheBeyond"],"potions_floor_usage":[50],"damage_taken":[{"damage":1.0,"enemies":"Jaw Worm","floor":1.0,"turns":3.0},{"damage":2.0,"enemies":"2 Louse","floor":5.0,"turns":2.0},{"damage":23.0,"enemies":"Gremlin Nob","floor":6.0,"turns":4.0},{"damage":0.0,"enemies":"Small Slimes","floor":7.0,"turns":3.0},{"damage":6.0,"enemies":"2 Fungi Beasts","floor":8.0,"turns":3.0},{"damage":0.0,"enemies":"Lots of Slimes","floor":11.0,"turns":3.0},{"damage":0.0,"enemies":"3 Louse","floor":13.0,"turns":2.0},{"damage":0.0,"enemies":"Gremlin Gang","floor":14.0,"turns":3.0},{"damage":39.0,"enemies":"The Guardian","floor":16.0,"turns":14.0},{"damage":13.0,"enemies":"Spheric Guardian","floor":18.0,"turns":4.0},{"damage":20.0,"enemies":"3 Byrds","floor":19.0,"turns":4.0},{"damage":3.0,"enemies":"Centurion and Healer","floor":20.0,"turns":4.0},{"damage":4.0,"enemies":"Shelled Parasite and Fungi","floor":21.0,"turns":3.0},{"damage":0.0,"enemies":"Sentry and Sphere","floor":24.0,"turns":2.0},{"damage":28.0,"enemies":"Book of Stabbing","floor":25.0,"turns":4.0},{"damage":9.0,"enemies":"Centurion and Healer","floor":28.0,"turns":5.0},{"damage":38.0,"enemies":"Champ","floor":33.0,"turns":9.0},{"damage":39.0,"enemies":"3 Shapes","floor":35.0,"turns":3.0},{"damage":15.0,"enemies":"3 Darklings","floor":37.0,"turns":2.0},{"damage":49.0,"enemies":"Sphere and 2 Shapes","floor":39.0,"turns":6.0},{"damage":29.0,"enemies":"2 Orb Walkers","floor":41.0,"turns":6.0},{"damage":2.0,"enemies":"Reptomancer","floor":45.0,"turns":5.0},{"damage":61,"enemies":"Awakened One","floor":50,"turns":12}],"seed_played":"-5178544984221458698","potions_obtained":[{"floor":6.0,"key":"SkillPotion"},{"floor":8.0,"key":"EssenceOfSteel"},{"floor":13.0,"key":"Fruit Juice"},{"floor":16.0,"key":"Weak Potion"},{"floor":19.0,"key":"Fire Potion"},{"floor":20.0,"key":"AttackPotion"},{"floor":25.0,"key":"Swift Potion"},{"floor":28.0,"key":"Energy Potion"},{"floor":37.0,"key":"SteroidPotion"},{"floor":39.0,"key":"SteroidPotion"},{"floor":41.0,"key":"Regen Potion"}],"is_trial":false,"path_per_floor":["M","?","?","?","M","E","M","M","T","R","M","?","M","M","R","B",null,"M","M","M","M","$","R","M","E","T","?","M","$","R","?","R","B",null,"M","?","M","$","M","R","?","R","T","R","E","$","R","?","R","B",null],"character_chosen":"THE_WILD_CARD","items_purchased":["theWildCard:Ruination","theWildCard:Abstinence","theWildCard:ArcanaArtistry","theWildCard:ArcaneArts","FearPotion","theWildCard:StingingStrike","theWildCard:FinalHour","theWildCard:UnderLockAndKey","theWildCard:TheArcanaUnleashed"],"campfire_rested":5,"item_purchase_floors":[22,22,22,22,22,29,38,38,46],"current_hp_per_floor":[59,33,48,54,52,29,29,23,23,42,45,45,50,50,50,30,71,58,38,35,31,31,52,52,24,24,24,56,56,56,56,56,25,81,42,42,46,61,28,52,23,47,47,71,81,81,81,71,71,81],"gold":6,"neow_bonus":"","is_daily":false,"chose_seed":false,"campfire_upgraded":5,"win_rate":0.0,"timestamp":1609171432,"path_taken":["M","?","?","?","M","E","M","M","T","R","M","?","M","M","R","BOSS","M","M","M","M","$","R","M","E","T","?","?","$","R","?","R","BOSS","M","?","M","$","M","R","?","R","T","R","E","$","R","?","R","BOSS"],"items_purchased_type":["Card","Card","Card","Card","Potion","Card","Card","Card","Card"],"build_version":"2020-12-22","purchased_purges":0,"victory":true,"max_hp_per_floor":[60,60,60,66,66,66,66,66,66,66,66,66,71,71,71,71,71,71,71,71,71,71,71,71,71,71,71,71,71,71,71,71,71,81,81,81,81,81,81,81,81,81,81,81,81,81,81,81,81,81],"card_choices":[{"not_picked":["theWildCard:Polydeuces","theWildCard:MaskChange"],"picked":"theWildCard:ArcaneArts","floor":1.0},{"not_picked":["theWildCard:PowerOfTheArcana","theWildCard:Attunement"],"picked":"theWildCard:MagicalMight","floor":5.0},{"not_picked":["theWildCard:ManOfManyFaces","theWildCard:Unburden"],"picked":"theWildCard:Salvation","floor":6.0},{"not_picked":["theWildCard:StingingStrike","theWildCard:IdentityTheft"],"picked":"theWildCard:SeveringSlash","floor":7.0},{"not_picked":["theWildCard:Polydeuces","theWildCard:MaskChange"],"picked":"theWildCard:Scathach","floor":8.0},{"not_picked":["theWildCard:MagicalMight","theWildCard:SeveringSlash"],"picked":"theWildCard:StalwartBlade","floor":11.0},{"not_picked":["theWildCard:Polydeuces","theWildCard:MaskChange"],"picked":"theWildCard:StingingStrike","floor":13.0},{"not_picked":["theWildCard:Patience","theWildCard:Odin"],"picked":"theWildCard:MaskChange","floor":14.0},{"not_picked":["theWildCard:Lucifer","theWildCard:ChangingDestiny"],"picked":"theWildCard:Caesar","floor":16.0},{"not_picked":["theWildCard:SeveringSlash","theWildCard:Proficiency+1"],"picked":"theWildCard:Alice","floor":18.0},{"not_picked":["theWildCard:TheGreatSeal+1","theWildCard:ArcaneArts"],"picked":"theWildCard:BladeOfGenerations+1","floor":19.0},{"not_picked":["theWildCard:MagicalMight","theWildCard:SeveringSlash"],"picked":"theWildCard:CryOfAgony","floor":20.0},{"not_picked":["theWildCard:EnergizedStroke","theWildCard:Polydeuces"],"picked":"theWildCard:Desolation","floor":21.0},{"not_picked":["theWildCard:MaskChange","theWildCard:Polydeuces+1"],"picked":"theWildCard:EnergizedStroke+1","floor":24.0},{"not_picked":["theWildCard:StingingStrike","theWildCard:PaleRider+1"],"picked":"theWildCard:Amaterasu","floor":25.0},{"not_picked":["theWildCard:Proficiency","theWildCard:UnderLockAndKey"],"picked":"theWildCard:PowerOfTheArcana+1","floor":28.0},{"not_picked":["theWildCard:AllOutAttack","theWildCard:FuelForTheFire"],"picked":"theWildCard:Overwhelm","floor":33.0},{"not_picked":["theWildCard:MasterPlan","theWildCard:MagicalMight"],"picked":"theWildCard:Abstinence+1","floor":35.0},{"not_picked":["theWildCard:StingingStrike","theWildCard:Scathach"],"picked":"theWildCard:Unburden+1","floor":37.0},{"not_picked":["theWildCard:MaskChange+1","theWildCard:MagicalMight"],"picked":"theWildCard:Loki+1","floor":39.0},{"not_picked":["theWildCard:ArcaneArts","theWildCard:Polydeuces"],"picked":"theWildCard:Sakuya+1","floor":41.0},{"not_picked":["theWildCard:StalwartBlade+1","theWildCard:ArcaneArts"],"picked":"theWildCard:Salvation+1","floor":45}],"player_experience":1248,"relics_obtained":[{"floor":6.0,"key":"Centennial Puzzle"},{"floor":9.0,"key":"Mercury Hourglass"},{"floor":25.0,"key":"Matryoshka"},{"floor":26.0,"key":"Vajra"},{"floor":26.0,"key":"Bottled Tornado"},{"floor":34.0,"key":"MealTicket"},{"floor":34.0,"key":"Pear"},{"floor":34.0,"key":"Gambling Chip"},{"floor":41.0,"key":"Calipers"},{"floor":43.0,"key":"HornCleat"},{"floor":43.0,"key":"Gremlin Horn"},{"floor":45,"key":"Sundial"}],"event_choices":[{"damage_healed":15.0,"max_hp_gain":0.0,"max_hp_loss":0.0,"gold_gain":0.0,"event_name":"The Cleric","player_choice":"Healed","floor":3.0,"gold_loss":35.0,"damage_taken":0.0},{"damage_healed":0.0,"max_hp_gain":0.0,"max_hp_loss":0.0,"gold_gain":0.0,"event_name":"betterThird:BetterSerpent","player_choice":"RENOUNCE","floor":4.0,"gold_loss":74.0,"damage_taken":74.0,"cards_obtained":["Enlightenment"]},{"damage_healed":45.0,"max_hp_gain":0.0,"max_hp_loss":66.0,"gold_gain":0.0,"event_name":"betterThird:BetterShining","player_choice":"Embrace Burn","floor":12.0,"gold_loss":0.0,"damage_taken":0.0},{"damage_healed":0.0,"max_hp_gain":0.0,"max_hp_loss":0.0,"gold_gain":100.0,"event_name":"The Joust","player_choice":"Bet on Murderer","floor":27.0,"gold_loss":50.0,"damage_taken":0.0},{"cards_removed":["theWildCard:Caesar"],"damage_healed":0.0,"max_hp_gain":0.0,"max_hp_loss":0.0,"gold_gain":0.0,"event_name":"betterNote:BetterNote","player_choice":"Give","floor":31.0,"gold_loss":0.0,"damage_taken":0.0,"cards_obtained":["None"]},{"cards_removed":["theWildCard:BasicStrike"],"damage_healed":0.0,"max_hp_gain":0.0,"max_hp_loss":0.0,"gold_gain":0.0,"event_name":"Falling","player_choice":"Removed Attack","floor":36.0,"gold_loss":0.0,"damage_taken":0.0},{"damage_healed":0.0,"max_hp_gain":0.0,"max_hp_loss":0.0,"gold_gain":0.0,"event_name":"Mysterious Sphere","player_choice":"Fight","floor":41.0,"gold_loss":0.0,"damage_taken":0.0},{"damage_healed":0,"gold_gain":0,"player_choice":"Embrace Madness","damage_taken":10,"max_hp_gain":0,"max_hp_loss":0,"event_name":"Winding Halls","floor":48,"gold_loss":0,"cards_obtained":["Madness","Madness"]}],"is_beta":false,"boss_relics":[{"not_picked":["Velvet Choker","Empty Cage"],"picked":"theWildCard:Wildcard"},{"not_picked":["Tiny House","Philosopher\u0027s Stone"],"picked":"Calling Bell"}],"items_purged_floors":[],"is_endless":false,"potions_floor_spawned":[6,8,13,16,19,20,25,28,37,39,41],"ascension_level":0}}