{"host":"sav7uxregyirlf69","time":1609167405,"event":{"mods":["AchievementEnabler","BaseMod","Colored Map","DeckTracker","Keyboard Shortcuts","Minty Spire (QoL Compilation)","READ ME - Guardian Mod","StSLib","SuperFastMode"],"gold_per_floor":[109,59,59,71,83,83,100,100,148,158,70,87,12,27,27,131,131,111,0,0,16,26,26,42,52,52,65,81,81,81,81],"floor_reached":30,"playtime":646,"items_purged":["Defend_R"],"score":228,"play_id":"b21064a3-4486-4c1b-9cd8-73449a0de01f","local_time":"20201228235645","is_ascension_mode":false,"campfire_choices":[{"data":"Inflame","floor":6,"key":"SMITH"},{"data":"Shrug It Off","floor":8,"key":"SMITH"},{"data":"Flash of Steel","floor":15,"key":"SMITH"},{"data":"Barricade","floor":23,"key":"SMITH"}],"circlet_count":0,"master_deck":["Strike_R","Strike_R","Strike_R","Strike_R","Defend_R","Defend_R","Defend_R","Bash","Clash+1","Inflame+1","Shrug It Off+1","Twin Strike","Flash of Steel+1","Flame Barrier","Barricade+1","True Grit+1","Dropkick","Impervious","Shockwave","Feel No Pain"],"relics":["Burning Blood"],"acts_visited":["Exordium","TheCity"],"potions_floor_usage":[7,16,16,24,25,25,30],"damage_taken":[{"damage":8,"enemies":"Jaw Worm","floor":1,"turns":5},{"damage":7,"enemies":"2 Louse","floor":4,"turns":3},{"damage":1,"enemies":"Cultist","floor":5,"turns":3},{"damage":0,"enemies":"Gremlin Gang","floor":7,"turns":3},{"damage":3,"enemies":"Red Slaver","floor":10,"turns":4},{"damage":1,"enemies":"Blue Slaver","floor":12,"turns":2},{"damage":10,"enemies":"Exordium Thugs","floor":14,"turns":3},{"damage":58,"enemies":"Hexaghost","floor":16,"turns":11},{"damage":24,"enemies":"2 Thieves","floor":18,"turns":4},{"damage":20,"enemies":"3 Byrds","floor":21,"turns":9},{"damage":15,"enemies":"Shelled Parasite and Fungi","floor":22,"turns":5},{"damage":18,"enemies":"Snecko","floor":24,"turns":9},{"damage":15,"enemies":"Cultist and Chosen","floor":25,"turns":8},{"damage":0,"enemies":"Snake Plant","floor":27,"turns":4},{"damage":10,"enemies":"Chosen and Byrds","floor":28,"turns":8},{"damage":33,"enemies":"Cultist and Chosen","floor":30,"turns":4}],"seed_played":"-6289320519580246255","potions_obtained":[{"floor":1,"key":"SkillPotion"},{"floor":7,"key":"BlessingOfTheForge"},{"floor":14,"key":"DistilledChaos"},{"floor":18,"key":"Explosive Potion"},{"floor":21,"key":"Weak Potion"},{"floor":24,"key":"Swift Potion"},{"floor":28,"key":"SpeedPotion"}],"is_trial":false,"path_per_floor":["M","?","?","M","M","R","M","R","T","M","$","M","$","M","R","B",null,"M","?","$","M","M","R","M","M","T","M","M","$","M"],"character_chosen":"IRONCLAD","items_purchased":["Flash of Steel"],"campfire_rested":0,"item_purchase_floors":[11],"current_hp_per_floor":[86,86,86,85,88,88,88,88,88,88,88,88,88,84,84,32,88,70,70,70,56,47,47,35,26,26,32,28,28,0,0],"gold":81,"neow_bonus":"TEN_PERCENT_HP_BONUS","is_daily":false,"chose_seed":false,"campfire_upgraded":4,"win_rate":0.0,"timestamp":1609167405,"path_taken":["M","?","?","?","?","R","M","R","T","M","?","M","$","M","R","BOSS","M","?","?","M","M","R","M","M","T","?","M","$","M"],"items_purchased_type":["Card"],"build_version":"2020-12-22","purchased_purges":1,"victory":false,"max_hp_per_floor":[88,88,88,88,88,88,88,88,88,88,88,88,88,88,88,88,88,88,88,88,88,88,88,88,88,88,88,88,88,88,88],"card_choices":[{"not_picked":["Bloodletting","Heavy Blade"],"picked":"Clash","floor":1},{"not_picked":["True Grit","Reckless Charge"],"picked":"Inflame","floor":4},{"not_picked":["Armaments","Havoc"],"picked":"Shrug It Off","floor":5},{"not_picked":["Metallicize","Inflame","Shrug It Off"],"picked":"SKIP","floor":7},{"not_picked":["Searing Blow","Anger"],"picked":"Twin Strike","floor":10},{"not_picked":["Twin Strike","Heavy Blade","True Grit"],"picked":"SKIP","floor":12},{"not_picked":["Feel No Pain","Cleave"],"picked":"Flame Barrier","floor":14},{"not_picked":["Exhume","Double Tap"],"picked":"Barricade","floor":16},{"not_picked":["Whirlwind","Cleave","Iron Wave"],"picked":"SKIP","floor":18},{"not_picked":["Pummel+1","Clash"],"picked":"True Grit+1","floor":21},{"not_picked":["Thunderclap","Iron Wave","Headbutt"],"picked":"SKIP","floor":22},{"not_picked":["Clash","Feel No Pain+1"],"picked":"Dropkick","floor":24},{"not_picked":["Clothesline","Body Slam"],"picked":"Impervious","floor":25},{"not_picked":["Warcry+1","Anger"],"picked":"Shockwave","floor":27},{"not_picked":["Sever Soul","Heavy Blade+1"],"picked":"Feel No Pain","floor":28}],"player_experience":1035953,"relics_obtained":[],"event_choices":[{"cards_removed":["Strike_R"],"damage_healed":0,"gold_gain":0,"player_choice":"Card Removal","damage_taken":0,"max_hp_gain":0,"max_hp_loss":0,"event_name":"The Cleric","floor":2,"gold_loss":50},{"damage_healed":0,"gold_gain":0,"player_choice":"Forge","damage_taken":0,"max_hp_gain":0,"max_hp_loss":0,"event_name":"Accursed Blacksmith","floor":3,"gold_loss":0,"cards_upgraded":["Clash"]},{"damage_healed":0,"gold_gain":0,"player_choice":"Paid Fearfully","damage_taken":0,"max_hp_gain":0,"max_hp_loss":0,"event_name":"Masked Bandits","floor":19,"gold_loss":111}],"is_beta":false,"boss_relics":[{"not_picked":["Astrolabe","SacredBark","Empty Cage"]}],"items_purged_floors":[13],"is_endless":false,"potions_floor_spawned":[1,7,14,18,21,24,28],"killed_by":"Cultist and Chosen","ascension_level":0}}