{"host":"grli52lbdph2722t","time":1609171008,"event":{"mods":["AchievementEnabler","BaseMod","Downfall","Minty Spire (QoL Compilation)","Quick Restart","StSLib"],"gold_per_floor":[99,112,124,144,319,338,364,383,383,383,383],"floor_reached":9,"playtime":355,"items_purged":[],"score":83,"play_id":"7d103b97-8c39-4f52-9f3d-bd35acb56853","local_time":"20201228165648","is_ascension_mode":true,"campfire_choices":[{"data":"champ:Taunt","floor":1,"key":"SMITH"}],"circlet_count":0,"master_deck":["AscendersBane","champ:Strike","champ:Strike","champ:Strike","champ:Strike","champ:Defend","champ:Defend","champ:Defend","champ:Defend","champ:Execute+1","champ:Taunt+1","Writhe","champ:RageSigil","champ:AdrenalArmor","champ:GladiatorsShout","Doubt","champ:TornadoPunch+1","champ:DefensiveStyle"],"relics":["champ:ChampionCrown","champ:GladiatorsBookOfMartialProwess","Whetstone"],"acts_visited":["Exordium"],"potions_floor_usage":[9],"damage_taken":[{"damage":13,"enemies":"2 Louse","floor":2,"turns":3},{"damage":13,"enemies":"Jaw Worm","floor":3,"turns":4},{"damage":26,"enemies":"Cultist","floor":4,"turns":6},{"damage":35,"enemies":"Red Slaver","floor":6,"turns":7},{"damage":9,"enemies":"3 Louse","floor":8,"turns":2},{"damage":35,"enemies":"Gremlin Nob","floor":9,"turns":3}],"seed_played":"-4326769671698646737","potions_obtained":[{"floor":6,"key":"AttackPotion"},{"floor":8,"key":"SpeedPotion"}],"is_trial":false,"path_per_floor":["R","M","M","M","?","M","T","M","E"],"character_chosen":"THE_CHAMP","items_purchased":[],"campfire_rested":0,"item_purchase_floors":[],"current_hp_per_floor":[81,68,60,55,55,34,34,25,0,0,0],"gold":383,"neow_bonus":"ONE_RARE_RELIC","is_daily":false,"chose_seed":false,"campfire_upgraded":1,"win_rate":0.0,"timestamp":1609171008,"path_taken":["R","M","M","M","?","M","T","M","E"],"items_purchased_type":[],"build_version":"2020-12-22","purchased_purges":0,"victory":false,"max_hp_per_floor":[90,90,90,90,90,90,90,90,90,90,90],"card_choices":[{"not_picked":["champ:FalseCounter","champ:EnGarde"],"picked":"champ:RageSigil","floor":2},{"not_picked":["champ:BladeFlurry","champ:FanOfKnives"],"picked":"champ:AdrenalArmor","floor":3},{"not_picked":["champ:DefensiveShout","champ:RageSigil"],"picked":"champ:GladiatorsShout","floor":4},{"not_picked":["champ:FlashCut","champ:Backstep"],"picked":"champ:TornadoPunch","floor":6},{"not_picked":["champ:BerserkersShout","champ:FlashCut"],"picked":"champ:DefensiveStyle","floor":8}],"player_experience":4889311,"relics_obtained":[{"floor":7,"key":"Whetstone"}],"event_choices":[],"is_beta":false,"boss_relics":[],"items_purged_floors":[],"is_endless":false,"potions_floor_spawned":[6,8],"killed_by":"Gremlin Nob","ascension_level":10}}