{"host":"bzg9y3flbaqjj1j7","time":1609118893,"event":{"mods":["AchievementEnabler","Aspiration","BaseMod","Challenge The Spire","Conspire","Hubris","Hyrulean Relics","Jorbs\u0027s Wanderer Trilogy","Lobotomy","LobotomyExtend","Marisa????????","Marked Mod","Minty Spire (QoL Compilation)","Permanent Neow","Rare Cards Sparkle","Reimu??????","Remilia??????","Replay The Spire","StSLib","The Administrix","The Blue Laboratory","Waifu the Spire"],"gold_per_floor":[113,113,113,133,195,226,226,226,226,241,241,241,253,271,271,369,369,369,369],"floor_reached":18,"playtime":1471,"items_purged":[],"score":185,"play_id":"c2c4d225-fb4b-44f2-8c74-ad13c3bb85d8","local_time":"20201227215813","is_ascension_mode":false,"campfire_choices":[{"floor":7.0,"key":"REST"}],"circlet_count":0,"master_deck":["SpecialBullet","SpecialBullet","SpecialBullet","SpecialBullet","SpecialBullet","CentralCode","TrainingCode","SecurityCode","MeatLantern","Spore","Backstab","Dash+1","Dash","OldLady","CherryBlossom","Loneliness","InformationCode","BeautyBeast","Pain","DreamingCurrent","LittlePrince","MastersStateliness","SpecialBullet","Alriune","NothingThere","Creative AI"],"relics":["CogitoBucket","NeowsBlessing","RabbitCall","LetterFromLob","ReplayTheSpireMod:TigerMarble","Bottled Tornado","PrismaticShard","Replay:Multitool","hubris:Towel","AdjustmentMirror","Busted Crown"],"acts_visited":["Exordium","TheCity"],"potions_floor_usage":[14,14,14,14,14,14],"damage_taken":[{"damage":0.0,"enemies":"2 Louse","floor":1.0,"turns":1.0},{"damage":50.0,"enemies":"Cultist","floor":4.0,"turns":1.0},{"damage":0.0,"enemies":"Lagavulin","floor":6.0,"turns":1.0},{"damage":0.0,"enemies":"Jaw Worm","floor":10.0,"turns":1.0},{"damage":1.0,"enemies":"3 Louse","floor":13.0,"turns":2.0},{"damage":76,"enemies":"Blue Slaver","floor":14,"turns":9},{"damage":94,"enemies":"Hexaghost","floor":16,"turns":13},{"damage":95,"enemies":"Chosen","floor":18,"turns":4}],"seed_played":"4654570320445519180","potions_obtained":[{"floor":3.0,"key":"EntropicBrew"},{"floor":3.0,"key":"blueLaboratory:NullPotion"},{"floor":3.0,"key":"Languid Potion"},{"floor":5.0,"key":"Fruit Juice"},{"floor":5.0,"key":"Swift Potion"},{"floor":10.0,"key":"SteroidPotion"},{"floor":16,"key":"Elixir"}],"is_trial":false,"path_per_floor":["M","?","?","M","?","E","R","?","T","M","R","?","M","M","R","B",null,"M"],"character_chosen":"Angela","items_purchased":[],"campfire_rested":1,"item_purchase_floors":[],"current_hp_per_floor":[70,70,70,28,16,24,46,46,46,54,54,54,76,48,70,50,76,0,0],"gold":369,"neow_bonus":"THREE_ENEMY_KILL","is_daily":false,"chose_seed":false,"campfire_upgraded":0,"win_rate":0.0,"timestamp":1609118893,"path_taken":["M","?","?","?","?","E","R","?","T","M","R","?","M","M","R","BOSS","M"],"items_purchased_type":[],"build_version":"2020-12-22","purchased_purges":0,"victory":false,"max_hp_per_floor":[70,70,70,70,75,75,75,75,75,75,75,75,76,76,76,76,76,76,76],"card_choices":[{"not_picked":["CherryBlossoms","Wellcheers"],"picked":"MeatLantern","floor":1.0},{"not_picked":["Noise"],"picked":"Spore","floor":1.0},{"not_picked":["Scorched","VoidDream"],"picked":"OldLady","floor":4.0},{"not_picked":["Heaven"],"picked":"CherryBlossom","floor":4.0},{"not_picked":["Lantern"],"picked":"Loneliness","floor":5.0},{"not_picked":["WallGazer","Scarecrow"],"picked":"BeautyBeast","floor":6.0},{"not_picked":["FeatherOfHonor","Hornet"],"picked":"SKIP","floor":6.0},{"not_picked":["HeroicMonk","ShyLook"],"picked":"DreamingCurrent","floor":10.0},{"not_picked":["Deadly Poison","stsjorbsmod:Cyclone"],"picked":"SKIP","floor":10.0},{"not_picked":["FairyFestival","WallGazer"],"picked":"LittlePrince","floor":13.0},{"not_picked":["Noise"],"picked":"MastersStateliness","floor":13.0},{"not_picked":["Murderer","OSAHOGD"],"picked":"Alriune","floor":14},{"not_picked":["stsjorbsmod:Rebuke","LuminesStrike"],"picked":"SKIP","floor":14},{"not_picked":["MeltingLove","CrumblingArmor"],"picked":"NothingThere","floor":16},{"not_picked":["Bludgeon"],"picked":"Creative AI","floor":16}],"player_experience":115854,"relics_obtained":[{"floor":1.0,"key":"LetterFromLob"},{"floor":5.0,"key":"ReplayTheSpireMod:TigerMarble"},{"floor":6.0,"key":"Bottled Tornado"},{"floor":9.0,"key":"Replay:Multitool"}],"event_choices":[{"damage_healed":0.0,"max_hp_gain":0.0,"max_hp_loss":0.0,"gold_gain":0.0,"event_name":"Lab","player_choice":"Got Potions","floor":3.0,"gold_loss":0.0,"damage_taken":0.0}],"is_beta":false,"boss_relics":[{"not_picked":["hubris:CrackedHourglass","hubris:GrandSneckoEye"],"picked":"Busted Crown"}],"items_purged_floors":[],"is_endless":false,"potions_floor_spawned":[10,16],"killed_by":"Chosen","ascension_level":0}}