{"host":"zv85muor2723jdwz","time":1609133757,"event":{"mods":["Arknights The Spire","BaseMod","Better Vampires","CapriCore","Decade(王小明)","KinomotoSakuraMod(木之本樱)","KomeijiMod","Marisa（F雨　魔理沙）","Marked Mod","Minty Spire (QoL Compilation)","Quick Restart","Reimu（博丽灵梦）","Remilia（蕾米莉亚）","StSLib","The Bladedancer","The Cursed","The Immortal","The Runesmith","The Servant 0.9.4","WarShipGirlsR/战舰少女R mod","Yakumo Yukari mod","Youmu（魂魄妖梦）","Yuri Mod","Yuyuko","【遗物卡牌】REMEMod"],"gold_per_floor":[218,218,49,149,163,163,197,197,197,197,197],"floor_reached":10,"playtime":382,"items_purged":["Strike_R"],"score":67,"play_id":"898a8a4c-b890-43a7-89af-6b1f6c563f17","local_time":"20201228133557","is_ascension_mode":true,"campfire_choices":[{"data":"Body Slam","floor":6,"key":"SMITH"},{"floor":8,"key":"REST"}],"circlet_count":0,"master_deck":["Strike_R","Strike_R","Strike_R","Strike_R","Defend_R","Defend_R","Defend_R","Defend_R","Bash","Heatsinks","Body Slam+1","Entrench","Body Slam","Flex"],"relics":["Burning Blood","REME_ComplimentaryCards","Blood Vial"],"acts_visited":["Exordium"],"potions_floor_usage":[5],"damage_taken":[{"damage":7,"enemies":"2 Louse","floor":1,"turns":3},{"damage":2,"enemies":"Small Slimes","floor":5,"turns":4},{"damage":76,"enemies":"3 Sentries","floor":7,"turns":17},{"damage":35,"enemies":"Lagavulin","floor":10,"turns":6}],"seed_played":"4498617631266165219","potions_obtained":[{"floor":1,"key":"Block Potion"}],"is_trial":false,"path_per_floor":["M","?","$","?","M","R","E","R","T","E"],"character_chosen":"IRONCLAD","items_purchased":["Entrench","Body Slam"],"campfire_rested":1,"item_purchase_floors":[3,3],"current_hp_per_floor":[79,79,79,79,80,80,10,34,34,1,1],"gold":197,"neow_bonus":"HUNDRED_GOLD","is_daily":false,"chose_seed":false,"campfire_upgraded":1,"win_rate":0.0,"timestamp":1609133757,"path_taken":["M","?","$","?","?","R","E","R","T","E"],"items_purchased_type":["Card","Card"],"build_version":"2020-12-22","purchased_purges":1,"victory":false,"max_hp_per_floor":[80,80,80,80,80,80,80,80,80,80,80],"card_choices":[{"not_picked":["Iron Wave","Reckless Charge"],"picked":"Body Slam","floor":1},{"not_picked":["True Grit","Perfected Strike"],"picked":"Flex","floor":5},{"not_picked":["Anger","Cleave","Body Slam"],"picked":"SKIP","floor":7}],"player_experience":55418,"relics_obtained":[{"floor":7,"key":"Blood Vial"}],"event_choices":[{"damage_healed":0,"gold_gain":100,"player_choice":"Pray","damage_taken":0,"max_hp_gain":0,"max_hp_loss":0,"event_name":"Golden Shrine","floor":4,"gold_loss":0}],"is_beta":false,"boss_relics":[],"items_purged_floors":[3],"is_endless":false,"potions_floor_spawned":[1],"killed_by":"Lagavulin","ascension_level":1}}