{"host":"cxvb37eaaiijvrl4","time":1609135299,"event":{"mods":["ATMod(阿瑾Mod)","BaseMod","Better Third Choice","Minty Spire (QoL Compilation)","MostiFishMod","Quick Restart","Rare Cards Sparkle","Shop Mod","Spicy Shops","StSLib","TestMod","Uncapped","残留之物"],"gold_per_floor":[116,116,129,129,144,184,184,220,274,149,149,287,128,165,165,340,340,427,474,673,448,484,484,552,641,641,656,718,718,718,825,825,1024,1024,1113,1129,1129,1266,1266,1298,1393,1449,1449,1449,1556,1955,1955,2045,2045,2093,2093,2093,2118,2204,2228],"floor_reached":56,"playtime":2931,"items_purged":["PlaceholderMod:BaseStrike","PlaceholderMod:BaseDefend","PlaceholderMod:BaseStrike","PlaceholderMod:BaseDefend","PlaceholderMod:BaseStrike","PlaceholderMod:BaseDefend","PlaceholderMod:BaseStrike","PlaceholderMod:InnerStable","PlaceholderMod:BaseStrike","PlaceholderMod:BaseDefend","PlaceholderMod:Crystallization+1","PlaceholderMod:BaseDefend+1"],"score":1974,"play_id":"d723c0f4-4bd5-4ffb-ac4a-de0ba0eb3539","local_time":"20201227220139","is_ascension_mode":true,"campfire_choices":[{"data":"PlaceholderMod:DirectingGroup","floor":7,"key":"SMITH"},{"data":"PlaceholderMod:CycleAttack","floor":15,"key":"SMITH"},{"data":"PlaceholderMod:CycleAttack","floor":23,"key":"SMITH"},{"data":"PlaceholderMod:HardStrike","floor":29,"key":"SMITH"},{"floor":32,"key":"RECALL"},{"data":"PlaceholderMod:Activation+1","floor":44,"key":"PURGE"},{"data":"PlaceholderMod:Crystallization+1","floor":47,"key":"PURGE"},{"data":"PlaceholderMod:ComplexForm+1","floor":49,"key":"PURGE"},{"data":"PlaceholderMod:CycleAttack+1","floor":52,"key":"PURGE"}],"circlet_count":0,"master_deck":["PlaceholderMod:Crystal+1","PlaceholderMod:DirectingGroup+1","PlaceholderMod:CycleAttack+1","PlaceholderMod:FinalSpray+1","PlaceholderMod:PoisonAbsorb+1","PlaceholderMod:HardStrike+1","MostiFishMod:BrokenBlackCloak+1"],"relics":["AT_ATBox","testmod-BatchProcessingSystem","DiscerningMonocle","JellyFishMachine","SynthV:TestCard","testmod-InfectionSource","Oddly Smooth Stone","MetatronsCube","Frozen Egg 2","PlaceholderMod:EltdownShards","MerchantsRug","Golden Idol","AT_ImmortalShieldbow","testmod-IndustrialRevolution","AT_SeraphEmbrace","AT_MibuBalloonWealth","AT_BellDemon","Singing Bowl","War Paint","AT_RedNoBalance","Bronze Scales","PlaceholderMod:DaolothFragment","testmod-Antiphasic","testmod-Register","testmod-Charity","HornCleat","PlaceholderMod:SoulofChaos","testmod-PortableAltar","CombinedTypeHook","Dead Branch","Medical Kit","Potion Belt","Darkstone Periapt","Ornamental Fan","Tiny Chest","AT_BladeRuinedKing","InkBottle","testmod-Justice","OriginationStaff","White Beast Statue","testmod-Acrobat","DollysMirror","Blood Vial","Anchor","Matryoshka","Juzu Bracelet","Ying","Technique","Toxic Egg 2","DianDianMeat","AT_ChloranthyRing","testmod-Recursion","PreservedInsect","Peace Pipe","Mercury Hourglass","BionicSphere","testmod-Alchemist","TheAbacus","PlaceholderMod:Abhoth","DaveBox","Brimstone","testmod-CrystalShield","Lantern","Question Card","AT_SilvercatRing","StrikeDummy","Lee\u0027s Waffle","Toy Ornithopter","Bottled Lightning","Cauldron","AT_ForceNature","Du-Vu Doll","Eternal Feather","testmod-AssaultLearning","AT_Manta","StoneCalendar","Boot","testmod-OneHitWonder","testmod-Fortitude","Thread and Needle","ClockworkSouvenir","Sling","Unceasing Top","Bottled Flame","PlaceholderMod:DeVermisMysteriis","testmod-TurbochargingSystem"],"acts_visited":["Exordium","TheCity","TheBeyond","TheEnding"],"potions_floor_usage":[1,6,6,10,12,13,16,16,33,33,35,38,41,55,55,55,55,55,55,55,55,55,55,55,55,55,55,55],"damage_taken":[{"damage":0,"enemies":"Small Slimes","floor":1,"turns":3},{"damage":0,"enemies":"Cultist","floor":3,"turns":4},{"damage":0,"enemies":"Jaw Worm","floor":5,"turns":3},{"damage":4,"enemies":"Lagavulin","floor":6,"turns":3},{"damage":2,"enemies":"3 Sentries","floor":8,"turns":8},{"damage":20,"enemies":"Lots of Slimes","floor":12,"turns":6},{"damage":0,"enemies":"Red Slaver","floor":14,"turns":3},{"damage":0,"enemies":"Slime Boss","floor":16,"turns":5},{"damage":2,"enemies":"3 Byrds","floor":18,"turns":2},{"damage":2,"enemies":"Chosen","floor":19,"turns":2},{"damage":0,"enemies":"Snecko","floor":22,"turns":1},{"damage":0,"enemies":"Sentry and Sphere","floor":24,"turns":1},{"damage":0,"enemies":"3 Cultists","floor":25,"turns":1},{"damage":0,"enemies":"Centurion and Healer","floor":28,"turns":2},{"damage":0,"enemies":"Gremlin Leader","floor":31,"turns":2},{"damage":0,"enemies":"Automaton","floor":33,"turns":2},{"damage":0,"enemies":"3 Shapes","floor":35,"turns":1},{"damage":0,"enemies":"3 Darklings","floor":38,"turns":1},{"damage":0,"enemies":"Sphere and 2 Shapes","floor":41,"turns":1},{"damage":0,"enemies":"Nemesis","floor":42,"turns":1},{"damage":0,"enemies":"Reptomancer","floor":45,"turns":1},{"damage":0,"enemies":"Jaw Worm Horde","floor":48,"turns":1},{"damage":0,"enemies":"Donu and Deca","floor":50,"turns":1},{"damage":0,"enemies":"Shield and Spear","floor":54,"turns":1},{"damage":0,"enemies":"The Heart","floor":55,"turns":3}],"seed_played":"8780872704601383260","potions_obtained":[{"floor":1,"key":"testmod-SpacePotion"},{"floor":12,"key":"DistilledChaos"},{"floor":33,"key":"testmod-SpacePotion"},{"floor":35,"key":"testmod-SpacePotion"},{"floor":38,"key":"Fruit Juice"},{"floor":40,"key":"EntropicBrew"},{"floor":40,"key":"Regen Potion"},{"floor":41,"key":"AttackPotion"},{"floor":54,"key":"LiquidBronze"}],"is_trial":false,"path_per_floor":["M","$","M","?","M","E","R","E","T","$","?","M","$","M","R","B",null,"M","M","?","$","M","R","M","M","T","$","M","R","$","E","R","B",null,"M","$","?","M","T","$","M","E","T","R","E","?","R","M","R","B",null,"R","$","E","B",null],"character_chosen":"THE_PLACEHOLDER","items_purchased":["testmod-InfectionSource","Oddly Smooth Stone","MetatronsCube","Frozen Egg 2","PlaceholderMod:EltdownShards","MerchantsRug","DistilledChaos","SkillPotion","SkillPotion","ColorlessPotion","AT_MibuBalloonWealth","AT_BellDemon","Singing Bowl","War Paint","Fruit Juice","EssenceOfSteel","Weak Potion","Bronze Scales","PlaceholderMod:DaolothFragment","testmod-Antiphasic","testmod-Register","testmod-Charity","testmod-SpacePotion","Swift Potion","SpeedPotion","Medical Kit","Potion Belt","Darkstone Periapt","Ornamental Fan","Tiny Chest","PlaceholderMod:CycleAttack","OriginationStaff","White Beast Statue","testmod-Acrobat","Ancient Potion","Dexterity Potion","Regen Potion","SpeedPotion","DollysMirror","Anchor","Matryoshka","Juzu Bracelet","Ying","Technique","Peace Pipe","Mercury Hourglass","BionicSphere","testmod-Alchemist","TheAbacus","PowerPotion","Swift Potion","DistilledChaos","PlaceholderMod:Abhoth","BlessingOfTheForge","PlaceholderMod:ComplexForm+1","AT_SilvercatRing","StrikeDummy","Lee\u0027s Waffle","Toy Ornithopter","Bottled Lightning","PowerPotion","Dexterity Potion","Cauldron","testmod-Fortitude","Thread and Needle","ClockworkSouvenir","Sling","Unceasing Top","Bottled Flame","MostiFishMod:BrokenBlackCloak+1","Regen Potion","Regen Potion"],"campfire_rested":0,"item_purchase_floors":[2,2,2,2,2,2,2,2,2,2,10,10,10,10,10,10,10,13,13,13,13,13,13,13,13,21,21,21,21,21,21,27,27,27,27,27,27,27,27,30,30,30,30,30,36,36,36,36,36,36,36,36,36,36,36,40,40,40,40,40,40,40,40,53,53,53,53,53,53,53,53,53],"current_hp_per_floor":[78,78,78,72,72,68,68,66,66,71,71,51,52,43,43,46,87,47,47,51,51,55,55,62,69,69,73,81,81,81,98,98,115,138,152,154,156,176,178,186,197,205,204,203,214,217,216,230,229,238,237,236,239,249,304],"gold":2228,"neow_bonus":"BOSS_RELIC","is_daily":false,"chose_seed":false,"campfire_upgraded":4,"win_rate":0.0,"timestamp":1609135299,"path_taken":["M","$","M","?","M","E","R","E","T","$","?","?","$","M","R","BOSS","M","M","?","$","M","R","M","?","T","?","M","R","$","E","R","BOSS","M","$","?","M","?","$","M","E","T","R","E","?","R","M","R","BOSS","R","$","E","BOSS"],"items_purchased_type":["Relic","Relic","Relic","Relic","Relic","Relic","Potion","Potion","Potion","Potion","Relic","Relic","Relic","Relic","Potion","Potion","Potion","Relic","Relic","Relic","Relic","Relic","Potion","Potion","Potion","Relic","Relic","Relic","Relic","Relic","Card","Relic","Relic","Relic","Potion","Potion","Potion","Potion","Relic","Relic","Relic","Relic","Relic","Relic","Relic","Relic","Relic","Relic","Relic","Potion","Potion","Potion","Relic","Potion","Card","Relic","Relic","Relic","Relic","Relic","Potion","Potion","Relic","Relic","Relic","Relic","Relic","Relic","Relic","Card","Potion","Potion"],"build_version":"2020-12-22","purchased_purges":12,"victory":true,"max_hp_per_floor":[78,78,78,72,72,72,72,72,72,77,77,77,78,82,82,87,87,92,93,96,95,98,97,99,105,104,107,114,113,112,126,125,139,138,152,154,156,176,178,186,197,205,204,203,214,217,216,230,229,238,237,236,239,249,304],"card_choices":[{"not_picked":["PlaceholderMod:Corrosion","PlaceholderMod:SprayAttack","PlaceholderMod:PoisonAbsorb"],"picked":"SKIP","floor":1},{"not_picked":["PlaceholderMod:StressReaction","PlaceholderMod:ParasiteChange","PlaceholderMod:Stratification","PlaceholderMod:Break"],"picked":"PlaceholderMod:DirectingGroup","floor":3},{"not_picked":["PlaceholderMod:Corrosion","PlaceholderMod:HardStinger","PlaceholderMod:HornyBlast","PlaceholderMod:OHStrongAttack","PlaceholderMod:HornyCollision"],"picked":"SKIP","floor":5},{"not_picked":["PlaceholderMod:DiffusionChemical","PlaceholderMod:NearChange","PlaceholderMod:SubstitutionNucleophilic1","PlaceholderMod:AngryAttack","PlaceholderMod:ChainPoly"],"picked":"SKIP","floor":6},{"not_picked":["PlaceholderMod:InnerStable","PlaceholderMod:HardStinger","PlaceholderMod:StressReaction","PlaceholderMod:HornyCollision"],"picked":"PlaceholderMod:Crystallization+1","floor":8},{"not_picked":["PlaceholderMod:RadicalHit","PlaceholderMod:HealingAttack","PlaceholderMod:Turn","PlaceholderMod:SprayAttack"],"picked":"PlaceholderMod:CycleAttack","floor":12},{"not_picked":["PlaceholderMod:HardStinger","PlaceholderMod:StressReaction","PlaceholderMod:SeverePoisonStrike","PlaceholderMod:ParasiteChange","PlaceholderMod:SpinBlade"],"picked":"Singing Bowl","floor":14},{"not_picked":["PlaceholderMod:QualitativeChange","PlaceholderMod:HornyCollision","PlaceholderMod:GrowthForm+1","PlaceholderMod:DoublePoint","PlaceholderMod:InnerSoften"],"picked":"Singing Bowl","floor":16},{"not_picked":["PlaceholderMod:AngryAttack","PlaceholderMod:Polyp","PlaceholderMod:OHStrongAttack","PlaceholderMod:PoisonExcitation","PlaceholderMod:ContinueSpray"],"picked":"Singing Bowl","floor":18},{"not_picked":["PlaceholderMod:AttackAsDefend","PlaceholderMod:SpinBlade","PlaceholderMod:ProliferateStrike+1","PlaceholderMod:DissolvingSpikes"],"picked":"PlaceholderMod:InnerStable","floor":19},{"not_picked":["PlaceholderMod:ProliferateStrike","PlaceholderMod:StrongAcid","PlaceholderMod:Corrosion","PlaceholderMod:DissolvingSpikes","PlaceholderMod:SevereHeat"],"picked":"Singing Bowl","floor":22},{"not_picked":["PlaceholderMod:EnergyAbsorb+1","PlaceholderMod:DissolvingSpikes","PlaceholderMod:SprayAttack","PlaceholderMod:Polyp"],"picked":"PlaceholderMod:FinalSpray","floor":24},{"not_picked":["PlaceholderMod:Package+1","PlaceholderMod:AttackAsDefend","PlaceholderMod:ContinueSpray+1","PlaceholderMod:HardStinger"],"picked":"PlaceholderMod:PoisonAbsorb","floor":25},{"not_picked":["PlaceholderMod:AttackAsDefend+1","PlaceholderMod:SeverePoisonStrike+1","PlaceholderMod:HardStinger+1","PlaceholderMod:ChainPoly"],"picked":"PlaceholderMod:HardStrike","floor":28},{"not_picked":["PlaceholderMod:Inner+1","PlaceholderMod:DirectingGroup+1","PlaceholderMod:SpinBlade+1","PlaceholderMod:PoisonAbsorb+1","PlaceholderMod:DissolvingSpikes"],"picked":"Singing Bowl","floor":31},{"not_picked":["PlaceholderMod:PericyclicReaction+1","PlaceholderMod:AbsorbTouch","PlaceholderMod:Inner+1","PlaceholderMod:DoublePoint+1"],"picked":"PlaceholderMod:Activation+1","floor":33},{"not_picked":["PlaceholderMod:Sweep","PlaceholderMod:HornyBlast+1","PlaceholderMod:Internalization+1","PlaceholderMod:OHStrongAttack+1","PlaceholderMod:SeverePoisonStrike+1"],"picked":"Singing Bowl","floor":35},{"not_picked":["PlaceholderMod:Colorful","PlaceholderMod:AttackAsDefend+1","PlaceholderMod:PoisonExcitation+1","PlaceholderMod:StressReaction+1","PlaceholderMod:AbsorbTouch"],"picked":"Singing Bowl","floor":38},{"not_picked":["PlaceholderMod:OHStrongAttack+1","PlaceholderMod:PoisonExcitation+1","PlaceholderMod:StrongAcid+1","PlaceholderMod:Polyp+1","PlaceholderMod:HardStrike+1","PlaceholderMod:Sweep"],"picked":"Singing Bowl","floor":41},{"not_picked":["PlaceholderMod:StrongAcid+1","PlaceholderMod:StressReaction+1","PlaceholderMod:Break+1","PlaceholderMod:SprayAttack","PlaceholderMod:DirectingGroup+1","PlaceholderMod:ProliferateStrike"],"picked":"Singing Bowl","floor":42},{"not_picked":["PlaceholderMod:StressReaction+1","PlaceholderMod:Turn+1","PlaceholderMod:FinalSpray+1","PlaceholderMod:Crystallization+1","PlaceholderMod:CrystallizationStrike","PlaceholderMod:ParasiteChange+1"],"picked":"Singing Bowl","floor":45},{"not_picked":["PlaceholderMod:AttackAsDefend+1","PlaceholderMod:Internalization+1","PlaceholderMod:HornyBlast+1","PlaceholderMod:SelectReaction+1","PlaceholderMod:HealingAttack","PlaceholderMod:NutritionAbsorb+1"],"picked":"Singing Bowl","floor":48},{"not_picked":["PlaceholderMod:DiffusionChemical+1","PlaceholderMod:SprayAttack","PlaceholderMod:Turn+1","PlaceholderMod:OHStrongAttack+1","PlaceholderMod:EvolutionSpray","PlaceholderMod:BlastSpray"],"picked":"Singing Bowl","floor":54}],"player_experience":671019,"relics_obtained":[{"floor":1,"key":"SynthV:TestCard"},{"floor":6,"key":"AT_ImmortalShieldbow"},{"floor":8,"key":"testmod-IndustrialRevolution"},{"floor":9,"key":"AT_ArchangelStaff"},{"floor":12,"key":"AT_SilverBalance"},{"floor":14,"key":"HornCleat"},{"floor":16,"key":"PlaceholderMod:SoulofChaos"},{"floor":18,"key":"CombinedTypeHook"},{"floor":19,"key":"Dead Branch"},{"floor":22,"key":"AT_BladeRuinedKing"},{"floor":24,"key":"InkBottle"},{"floor":25,"key":"testmod-Justice"},{"floor":28,"key":"Blood Vial"},{"floor":31,"key":"Toxic Egg 2"},{"floor":31,"key":"DianDianMeat"},{"floor":33,"key":"AT_ChloranthyRing"},{"floor":35,"key":"PreservedInsect"},{"floor":38,"key":"testmod-CrystalShield"},{"floor":39,"key":"Lantern"},{"floor":39,"key":"Question Card"},{"floor":41,"key":"AT_ForceNature"},{"floor":42,"key":"Du-Vu Doll"},{"floor":42,"key":"Eternal Feather"},{"floor":43,"key":"testmod-AssaultLearning"},{"floor":43,"key":"AT_Manta"},{"floor":45,"key":"StoneCalendar"},{"floor":45,"key":"Boot"},{"floor":48,"key":"testmod-OneHitWonder"},{"floor":54,"key":"PlaceholderMod:DeVermisMysteriis"},{"floor":54,"key":"testmod-TurbochargingSystem"}],"event_choices":[{"damage_healed":0,"gold_gain":0,"player_choice":"Lose Max HP","damage_taken":0,"relics_obtained":["Golden Idol"],"max_hp_gain":0,"max_hp_loss":6,"event_name":"Golden Idol","floor":4,"gold_loss":0},{"cards_removed":["PlaceholderMod:PoisonWhip"],"damage_healed":0,"gold_gain":0,"player_choice":"Offered Basic","damage_taken":0,"max_hp_gain":0,"max_hp_loss":0,"event_name":"Bonfire Elementals","floor":11,"gold_loss":0},{"damage_healed":0,"gold_gain":250,"player_choice":"Bet on Owner","damage_taken":0,"max_hp_gain":0,"max_hp_loss":0,"event_name":"The Joust","floor":20,"gold_loss":50},{"damage_healed":0,"gold_gain":0,"player_choice":"Swap Relic","damage_taken":0,"relics_obtained":["DaveBox"],"max_hp_gain":0,"max_hp_loss":0,"event_name":"给自己的盒子","floor":37,"relics_lost":["DaveBox"],"gold_loss":0},{"damage_healed":0,"gold_gain":400,"player_choice":"Sell","damage_taken":0,"max_hp_gain":0,"max_hp_loss":0,"event_name":"恩洛斯的盘子","floor":46,"relics_lost":["testmod-TestBox"],"gold_loss":0}],"is_beta":false,"boss_relics":[{"not_picked":["HaiYi:Twilight","PlaceholderMod:LiveLive"],"picked":"testmod-PortableAltar"},{"not_picked":["RhineFirstAidKit","OneHitWonderSystem"],"picked":"testmod-Recursion"}],"items_purged_floors":[2,10,10,13,13,21,21,27,30,36,40,53],"is_endless":false,"potions_floor_spawned":[1,12,14,28,33,35,38,41,42,45,48,54],"ascension_level":3}}