{"host":"pfy6u49v5s5r680p","time":1609160955,"event":{"mods":["BaseMod","Colored Map","DeckTracker","Highlight Path","Keyboard Shortcuts","Minty Spire (QoL Compilation)","Permanent Neow","Quick Restart","StSLib","SuperFastMode","everything is the same but u backflip on backflip"],"gold_per_floor":[111,36,49,60,60,72,84,96,135,181,193,19,39,56,56,152,152,170,170,170,187,197,197,197,197],"floor_reached":24,"playtime":1027,"items_purged":["Strike_R","Strike_R"],"score":271,"play_id":"7d4a8fa1-8c16-454d-aae3-e707a00c2c89","local_time":"20201228220915","is_ascension_mode":true,"campfire_choices":[{"data":"Rampage","floor":6.0,"key":"SMITH"},{"data":"Inflame","floor":8.0,"key":"SMITH"},{"data":"Barricade","floor":11.0,"key":"SMITH"},{"floor":15.0,"key":"REST"},{"floor":23.0,"key":"REST"}],"circlet_count":0,"master_deck":["Strike_R","Strike_R","Defend_R","Defend_R","Defend_R","Defend_R","Bash","Panache","Rampage+1","Ghostly Armor","Inflame+1","Barricade+1","Disarm","Headbutt","Rage","Offering","Metallicize+1"],"relics":["Black Blood","MawBank","Orichalcum","Sundial"],"acts_visited":["Exordium","TheCity"],"potions_floor_usage":[],"damage_taken":[{"damage":14.0,"enemies":"Jaw Worm","floor":1.0,"turns":7.0},{"damage":2.0,"enemies":"2 Louse","floor":3.0,"turns":3.0},{"damage":5.0,"enemies":"Small Slimes","floor":4.0,"turns":3.0},{"damage":27.0,"enemies":"3 Sentries","floor":10.0,"turns":10.0},{"damage":19.0,"enemies":"Gremlin Gang","floor":13.0,"turns":6.0},{"damage":7.0,"enemies":"Looter","floor":14.0,"turns":4.0},{"damage":0.0,"enemies":"Hexaghost","floor":16.0,"turns":9.0},{"damage":35.0,"enemies":"Spheric Guardian","floor":18.0,"turns":6.0},{"damage":12.0,"enemies":"3 Byrds","floor":21.0,"turns":7.0},{"damage":25.0,"enemies":"Snecko","floor":22.0,"turns":5.0},{"damage":48,"enemies":"Slavers","floor":24,"turns":2}],"seed_played":"9036066223047160903","potions_obtained":[{"floor":1.0,"key":"BlessingOfTheForge"},{"floor":13.0,"key":"PowerPotion"},{"floor":16.0,"key":"FearPotion"},{"floor":21.0,"key":"Weak Potion"},{"floor":22.0,"key":"Fire Potion"}],"is_trial":false,"path_per_floor":["M","$","M","M","?","R","?","R","T","E","R","$","M","M","R","B",null,"M","?","?","M","M","R","E"],"character_chosen":"IRONCLAD","items_purchased":["Disarm","Swift Potion"],"campfire_rested":2,"item_purchase_floors":[12,12],"current_hp_per_floor":[64,64,68,69,62,62,55,55,55,34,34,34,21,20,41,47,72,49,36,36,36,23,46,0,0],"gold":197,"neow_bonus":"RANDOM_COLORLESS_2","is_daily":false,"chose_seed":false,"campfire_upgraded":3,"win_rate":0.0,"timestamp":1609160955,"path_taken":["M","$","M","M","?","R","?","R","T","E","R","?","?","M","R","BOSS","M","?","?","M","?","R","E"],"items_purchased_type":["Card","Potion"],"build_version":"2020-12-22","purchased_purges":2,"victory":false,"max_hp_per_floor":[72,72,72,72,72,72,72,72,72,72,72,72,72,72,72,72,72,72,77,77,77,77,77,77,77],"card_choices":[{"not_picked":["Metamorphosis","Master of Strategy"],"picked":"Panache","floor":0.0},{"not_picked":["Combust","Headbutt"],"picked":"Rampage","floor":1.0},{"not_picked":["Thunderclap","Armaments"],"picked":"Ghostly Armor","floor":3.0},{"not_picked":["Clash","Flex"],"picked":"Inflame","floor":4.0},{"not_picked":["Perfected Strike","Reckless Charge"],"picked":"Barricade","floor":10.0},{"not_picked":["Reckless Charge","Iron Wave"],"picked":"Headbutt","floor":13.0},{"not_picked":["Warcry","Second Wind"],"picked":"Rage","floor":14.0},{"not_picked":["Reaper","Immolate"],"picked":"Offering","floor":16.0},{"not_picked":["Havoc+1","Anger","Dark Embrace"],"picked":"SKIP","floor":18.0},{"not_picked":["Armaments","Warcry","Twin Strike+1"],"picked":"SKIP","floor":21.0},{"not_picked":["Second Wind","Heavy Blade"],"picked":"Metallicize+1","floor":22.0}],"player_experience":30088,"relics_obtained":[{"floor":9.0,"key":"Orichalcum"},{"floor":10.0,"key":"Sundial"}],"event_choices":[{"damage_healed":0.0,"max_hp_gain":0.0,"max_hp_loss":0.0,"gold_gain":0.0,"event_name":"Scrap Ooze","player_choice":"Success","floor":5.0,"gold_loss":0.0,"damage_taken":7.0,"relics_obtained":["MawBank"]},{"cards_removed":["Strike_R"],"damage_healed":0.0,"max_hp_gain":0.0,"max_hp_loss":0.0,"gold_gain":0.0,"event_name":"Golden Wing","player_choice":"Card Removal","floor":7.0,"gold_loss":0.0,"damage_taken":7.0},{"damage_healed":0.0,"max_hp_gain":5.0,"max_hp_loss":0.0,"gold_gain":0.0,"event_name":"Forgotten Altar","player_choice":"Shed Blood","floor":19.0,"gold_loss":0.0,"damage_taken":18.0},{"damage_healed":0.0,"max_hp_gain":0.0,"max_hp_loss":0.0,"gold_gain":0.0,"event_name":"N\u0027loth","player_choice":"Ignored","floor":20.0,"gold_loss":0.0,"damage_taken":0.0}],"is_beta":false,"boss_relics":[{"not_picked":["Snecko Eye","Mark of Pain"],"picked":"Black Blood"}],"items_purged_floors":[2,12],"is_endless":false,"potions_floor_spawned":[1,13,16,21,22],"killed_by":"Slavers","ascension_level":2}}