{"host":"dh4nu8nelr2izibb","time":1609194623,"event":{"mods":["Act Like it!","BaseMod","Better Third Choice","Card Forge","Displayed Cursed Tome","HololiveMod","Marisa????????","Minty Spire (QoL Compilation)","Puzzle Mod","Quick Restart","Relic Filter","StSLib","The Marked","The Poker Player","The Servant 0.9.4","WarShipGirlsR/????R mod","Yakumo Yukari mod"],"gold_per_floor":[19,36,50,50,62,62,62,81,81,81,81,114,114,140,140,212,212,232,248,248,62,79,79,92,7,59,59,79,106,106,27,27,27,27],"floor_reached":33,"playtime":1111,"items_purged":[],"score":600,"play_id":"7f21c4b3-7be6-4413-8beb-3e6ebd11a9cb","local_time":"20201228173023","is_ascension_mode":true,"campfire_choices":[{"data":"Tools of the Trade","floor":6.0,"key":"SMITH"},{"floor":10.0,"key":"REST"},{"data":"Underhanded Strike","floor":13.0,"key":"SMITH"},{"data":"Quick Slash","floor":15.0,"key":"SMITH"},{"data":"A Thousand Cuts","floor":23.0,"key":"SMITH"},{"floor":32,"key":"REST"}],"circlet_count":0,"master_deck":["AscendersBane","Strike_G","Defend_G","Defend_G","Defend_G","Survivor","Neutralize+1","Tools of the Trade+1","Dagger Throw","Backflip","Quick Slash+1","Heel Hook","Predator+1","Underhanded Strike+1","A Thousand Cuts+1","Wraith Form v2+1","Adrenaline+1","Corpse Explosion+1","Underhanded Strike","Sucker Punch","Deflect","Underhanded Strike","Dagger Spray","Dash","Backflip","Slice"],"relics":["Ring of the Snake","Hammer of Thor","Seething Fire","Anvil of the Gods","Ancient Tea Set","Ornamental Fan","PreservedInsect","Tiny Chest","Astrolabe","Happy Flower","Frozen Egg 2","MealTicket","Boot"],"acts_visited":["Exordium","TheCity"],"potions_floor_usage":[33],"damage_taken":[{"damage":4.0,"enemies":"Small Slimes","floor":1.0,"turns":6.0},{"damage":2.0,"enemies":"Jaw Worm","floor":2.0,"turns":6.0},{"damage":0.0,"enemies":"Cultist","floor":3.0,"turns":4.0},{"damage":6.0,"enemies":"Looter","floor":5.0,"turns":3.0},{"damage":10.0,"enemies":"Exordium Thugs","floor":8.0,"turns":5.0},{"damage":12.0,"enemies":"Lagavulin","floor":12.0,"turns":5.0},{"damage":0.0,"enemies":"Gremlin Nob","floor":14.0,"turns":2.0},{"damage":16.0,"enemies":"Slime Boss","floor":16.0,"turns":8.0},{"damage":3.0,"enemies":"Spheric Guardian","floor":18.0,"turns":4.0},{"damage":8.0,"enemies":"Shell Parasite","floor":19.0,"turns":5.0},{"damage":10.0,"enemies":"Snake Plant","floor":22.0,"turns":4.0},{"damage":0.0,"enemies":"Centurion and Healer","floor":24.0,"turns":4.0},{"damage":12.0,"enemies":"Snecko","floor":28.0,"turns":6.0},{"damage":3.0,"enemies":"Slavers","floor":29.0,"turns":2.0},{"damage":59,"enemies":"Champ","floor":33,"turns":13}],"seed_played":"5057348224445718219","potions_obtained":[{"floor":1.0,"key":"DuplicationPotion"},{"floor":2.0,"key":"Explosive Potion"},{"floor":18.0,"key":"Dexterity Potion"},{"floor":19.0,"key":"Weak Potion"}],"is_trial":false,"path_per_floor":["M","M","M","?","M","R","?","M","T","R","?","E","R","E","R","B",null,"M","M","?","$","M","R","M","?","T","?","M","E","T","$","R","B"],"character_chosen":"THE_SILENT","items_purchased":["Happy Flower","Deflect","Backflip","Slice"],"campfire_rested":2,"item_purchase_floors":[21,21,31,31],"current_hp_per_floor":[55,53,53,48,42,42,42,32,32,51,51,39,39,39,39,23,55,52,44,44,44,34,34,34,34,34,28,16,13,13,28,47,0,0],"gold":27,"neow_bonus":"THREE_RARE_CARDS","is_daily":false,"chose_seed":false,"campfire_upgraded":4,"win_rate":0.0,"timestamp":1609194623,"path_taken":["M","M","M","?","M","R","?","?","T","R","?","E","R","E","R","BOSS","M","M","?","$","M","R","M","?","T","?","M","E","?","$","R","BOSS"],"items_purchased_type":["Relic","Card","Card","Card"],"build_version":"2020-12-22","purchased_purges":0,"victory":false,"max_hp_per_floor":[66,66,66,66,66,66,66,66,66,66,66,66,66,66,66,66,66,66,66,66,66,66,66,66,66,66,66,66,66,66,66,66,66,66],"card_choices":[{"not_picked":["Venomology","Wraith Form v2"],"picked":"Tools of the Trade","floor":0.0},{"not_picked":["Backstab","Calculated Gamble"],"picked":"Dagger Throw","floor":1.0},{"not_picked":["Outmaneuver","Expertise"],"picked":"Backflip","floor":2.0},{"not_picked":["Calculated Gamble","Sucker Punch"],"picked":"Quick Slash","floor":3.0},{"not_picked":["Acrobatics","Backflip"],"picked":"Heel Hook","floor":5.0},{"not_picked":["Deadly Poison","Acrobatics"],"picked":"Predator","floor":8.0},{"not_picked":["Noxious Fumes","Flying Knee"],"picked":"Underhanded Strike","floor":12.0},{"not_picked":["Corpse Explosion","Doppelganger","Bane"],"picked":"SKIP","floor":14.0},{"not_picked":["Bullet Time","Venomology"],"picked":"A Thousand Cuts","floor":16.0},{"not_picked":["Outmaneuver","Sucker Punch"],"picked":"Underhanded Strike","floor":18.0},{"not_picked":["Poisoned Stab","Flying Knee"],"picked":"Sucker Punch","floor":19.0},{"not_picked":["Caltrops","Well Laid Plans"],"picked":"Underhanded Strike","floor":22.0},{"not_picked":["Concentrate","Prepared"],"picked":"Dagger Spray","floor":24.0},{"not_picked":["Reflex","Acrobatics"],"picked":"Dash","floor":28.0},{"not_picked":["Dagger Spray","Skewer","Endless Agony"],"picked":"SKIP","floor":29.0}],"player_experience":1125699,"relics_obtained":[{"floor":9.0,"key":"Ornamental Fan"},{"floor":12.0,"key":"PreservedInsect"},{"floor":14.0,"key":"Tiny Chest"},{"floor":26.0,"key":"MealTicket"},{"floor":29.0,"key":"Boot"}],"event_choices":[{"damage_healed":0.0,"max_hp_gain":0.0,"max_hp_loss":0.0,"gold_gain":0.0,"event_name":"betterThird:BetterScrap","player_choice":"Relic ","floor":4.0,"gold_loss":0.0,"damage_taken":5.0,"cards_obtained":["EmptyMind"]},{"cards_removed":["Strike_G"],"damage_healed":0.0,"max_hp_gain":0.0,"max_hp_loss":0.0,"gold_gain":0.0,"event_name":"Purifier","player_choice":"Purged","floor":7.0,"gold_loss":0.0,"damage_taken":0.0},{"damage_healed":0.0,"max_hp_gain":0.0,"max_hp_loss":0.0,"gold_gain":0.0,"event_name":"Upgrade Shrine","player_choice":"Upgraded","floor":11.0,"gold_loss":0.0,"damage_taken":0.0,"cards_upgraded":["Predator"]},{"damage_healed":0.0,"max_hp_gain":0.0,"max_hp_loss":0.0,"gold_gain":0.0,"event_name":"Beggar","player_choice":"Ignored","floor":20.0,"gold_loss":0.0,"damage_taken":0.0},{"damage_healed":0.0,"max_hp_gain":0.0,"max_hp_loss":0.0,"gold_gain":0.0,"event_name":"Addict","player_choice":"Obtained Relic","floor":25.0,"gold_loss":85.0,"damage_taken":0.0,"relics_obtained":["Frozen Egg 2"]},{"damage_healed":0.0,"max_hp_gain":0.0,"max_hp_loss":0.0,"gold_gain":0.0,"event_name":"Knowing Skull","player_choice":"","floor":27.0,"potions_obtained":[],"gold_loss":0.0,"damage_taken":6.0,"cards_obtained":[]}],"is_beta":false,"boss_relics":[{"not_picked":["Snecko Eye","Empty Cage"],"picked":"Astrolabe"}],"items_purged_floors":[],"is_endless":false,"potions_floor_spawned":[1,2,3,5,12,18,19],"killed_by":"Champ","ascension_level":20}}