{"host":"ff0k6g9g9j8o52vm","time":1609121006,"event":{"mods":["AchievementEnabler","Aspiration","Astrologer","BaseMod","Beaked The Cultist","Better Altar","Better Match","Better Note","Better Sensory Stone","Better Skull","Better Third Choice","Colored Map","Colored Powertips","Curses Come First","DeckTracker","Downfall","Duelist Mod","Energized Spire","GifTheSpireLib","Gremlin Mod","Hermit","Highlight Path","Hubris","Infinite Spire","Jorbs\u0027s Wanderer Trilogy","Koishi","Marisa????????","Minty Spire (QoL Compilation)","Quick Restart","Random Character Button","Replay The Spire","Robot Space Explorer","StSLib","The Animator","The Bug Knight","The Construct","The Cursed","The Disciple","The Dragon Tamer","The Forsaken","The Hayseed","The Hierophant","The Judge","The Jungle","The Marked","The Mystic","The Necromancer","The Poker Player","The Runesmith","The Senshi","The Servant 0.9.4","TheArtist","Wandering Minibosses"],"gold_per_floor":[118,118,129,129,20,20,35,35,89,99,99,64,64,82,82,177,177,197,303,303,303,318,318,25,38,38,56,56,67,67,81,81,81,81],"floor_reached":33,"playtime":2013,"items_purged":["construct:DefenseMode"],"score":237,"play_id":"8296bf2f-f268-4dee-b0f7-71d2ffcd3d2f","local_time":"20201227180326","is_ascension_mode":false,"campfire_choices":[{"data":"construct:AttackMode","floor":6,"key":"SMITH"},{"data":"construct:PowerUp","floor":8,"key":"SMITH"},{"data":"construct:UnbalancingBlast","floor":11,"key":"SMITH"},{"data":"expansioncontent:Corrupt","floor":13,"key":"SMITH"},{"data":"construct:BatteryCore","floor":15,"key":"SMITH"},{"data":"infinitespire:UltimateForm","floor":23,"key":"SMITH"},{"data":"construct:OmegaCannon","floor":28,"key":"SMITH"},{"floor":30,"key":"REST"},{"data":"construct:Isolate","floor":32,"key":"SMITH"}],"circlet_count":0,"master_deck":["construct:Strike_Gold","construct:Strike_Gold","construct:Strike_Gold","construct:Strike_Gold","construct:Strike_Gold","construct:Defend_Gold","construct:Defend_Gold","construct:Defend_Gold","construct:Defend_Gold","construct:Defend_Gold","construct:AttackMode+1","construct:PowerUp+1","expansioncontent:Corrupt+1","construct:OmegaCannon+1","construct:Accumulate+1","construct:UnbalancingBlast+1","construct:ClusterMines","construct:BatteryCore+1","construct:Bunker","construct:HeavyBolt","infinitespire:UltimateForm+1","construct:Stasis","construct:Antimatter","construct:Isolate+1"],"relics":["construct:Cogwheel","Simple Rune","hubris:BlackHole","Pen Nib","theSenshi:FeatherClipsRelic","Strange Spoon","Tiny Chest","hubris:DeckOfHolding"],"acts_visited":["Exordium","TheCity"],"potions_floor_usage":[16,16,16,22,29,33],"damage_taken":[{"damage":5,"enemies":"2 Louse","floor":1,"turns":3},{"damage":0,"enemies":"Jaw Worm","floor":3,"turns":3},{"damage":6,"enemies":"Cultist","floor":7,"turns":3},{"damage":4,"enemies":"Blue Slaver","floor":10,"turns":2},{"damage":9,"enemies":"3 Louse","floor":14,"turns":3},{"damage":42,"enemies":"Hexaghost","floor":16,"turns":5},{"damage":0,"enemies":"Chosen","floor":18,"turns":4},{"damage":29,"enemies":"Snake Plant","floor":22,"turns":3},{"damage":3,"enemies":"Cultist and Chosen","floor":25,"turns":3},{"damage":0,"enemies":"Snecko","floor":27,"turns":2},{"damage":14,"enemies":"Sentry and Sphere","floor":29,"turns":4},{"damage":5,"enemies":"Shelled Parasite and Fungi","floor":31,"turns":2},{"damage":88,"enemies":"Collector","floor":33,"turns":5}],"seed_played":"2809636606815829155","potions_obtained":[{"floor":1,"key":"Languid Potion"},{"floor":7,"key":"BlessingOfTheForge"},{"floor":20,"key":"Energy Potion"},{"floor":20,"key":"Strength Potion"},{"floor":20,"key":"FearPotion"},{"floor":22,"key":"hexamod:EctoCoolerPotion"},{"floor":31,"key":"Swift Potion"}],"is_trial":false,"path_per_floor":["M","?","M","?","$","R","M","R","T","M","R","?","R","M","R","B",null,"M","?","?","AVR","M","R","$","M","T","M","R","M","R","M","R","B"],"character_chosen":"THE_CONSTRUCT_MOD","items_purchased":["construct:Accumulate+1","Regen Potion","Strange Spoon","Tiny Chest"],"campfire_rested":1,"item_purchase_floors":[5,5,24,24],"current_hp_per_floor":[88,88,88,88,88,88,82,82,82,78,78,93,93,84,84,51,93,93,64,64,64,41,41,41,44,44,50,50,42,69,70,70,0,0],"gold":81,"neow_bonus":"TEN_PERCENT_HP_BONUS","is_daily":false,"chose_seed":false,"campfire_upgraded":8,"win_rate":0.0,"timestamp":1609121006,"path_taken":["M","?","M","?","$","R","M","R","T","?","R","?","R","M","R","BOSS","M","?","?","AVR","M","R","?","M","T","M","R","M","R","M","R","BOSS"],"items_purchased_type":["Card","Potion","Relic","Relic"],"build_version":"2020-12-22","purchased_purges":1,"victory":false,"max_hp_per_floor":[93,93,93,93,93,93,93,93,93,93,93,93,93,93,93,93,93,93,93,93,93,93,93,93,93,93,93,93,93,93,93,93,93,93],"card_choices":[{"not_picked":["construct:Chainstrike","construct:SaveState"],"picked":"construct:PowerUp","floor":1},{"not_picked":["Replay:SS_hec_2","expansioncontent:PolyBeam"],"picked":"expansioncontent:Corrupt","floor":2},{"not_picked":["construct:ChargeShot","construct:Backfire"],"picked":"construct:OmegaCannon","floor":3},{"not_picked":["construct:SyphonStrike","construct:Forcefield"],"picked":"construct:UnbalancingBlast","floor":7},{"not_picked":["construct:Impenetrable","construct:Reinforce"],"picked":"construct:ClusterMines","floor":10},{"not_picked":["construct:Accumulate","construct:VentSteam"],"picked":"construct:BatteryCore","floor":14},{"not_picked":["construct:ClockworkEgg","construct:GatlingGun"],"picked":"construct:Bunker","floor":16},{"not_picked":["construct:Construct_Overclock","construct:ModeShift"],"picked":"construct:HeavyBolt","floor":18},{"not_picked":["construct:SweepLaser","construct:Boost","construct:ScrapCannon"],"picked":"SKIP","floor":22},{"not_picked":["construct:SaveState","construct:UnbalancingBlast","construct:ScopeCore"],"picked":"SKIP","floor":25},{"not_picked":["construct:Impenetrable","construct:Tumble"],"picked":"construct:Stasis","floor":27},{"not_picked":["construct:MetalShell+1","construct:Backfire"],"picked":"construct:Antimatter","floor":29},{"not_picked":["construct:FocusedBeam","construct:Overcharge"],"picked":"construct:Isolate","floor":31}],"player_experience":890197,"relics_obtained":[{"floor":9,"key":"Simple Rune"},{"floor":26,"key":"hubris:DeckOfHolding"}],"event_choices":[{"damage_healed":0,"gold_gain":1,"player_choice":"1","damage_taken":0,"max_hp_gain":0,"max_hp_loss":0,"event_name":"betterStone:BetterStone","floor":2,"gold_loss":0},{"damage_healed":0,"gold_gain":0,"player_choice":"Bought 0 Potions","damage_taken":0,"max_hp_gain":0,"max_hp_loss":0,"event_name":"The Woman in Blue","floor":4,"gold_loss":0},{"damage_healed":23,"gold_gain":0,"player_choice":"Healed","damage_taken":0,"max_hp_gain":0,"max_hp_loss":0,"event_name":"The Cleric","floor":12,"gold_loss":35},{"damage_healed":0,"gold_gain":106,"player_choice":"RE GO ","damage_taken":32,"relics_obtained":["Pen Nib"],"max_hp_gain":0,"max_hp_loss":0,"event_name":"betterSkull:BetterSkull","floor":19,"gold_loss":0,"cards_upgraded":[]},{"damage_healed":0,"gold_gain":0,"player_choice":"Got Potions","damage_taken":0,"max_hp_gain":0,"max_hp_loss":0,"event_name":"Lab","floor":20,"gold_loss":0}],"is_beta":false,"boss_relics":[{"not_picked":["aspiration:MarisaSkillbook","Runic Dome"],"picked":"hubris:BlackHole"}],"items_purged_floors":[21],"is_endless":false,"potions_floor_spawned":[1,7,22,27,31],"killed_by":"Collector","ascension_level":0}}