{"host":"m6e09adb7fik7oct","time":1609118997,"event":{"mods":["AchievementEnabler","BaseMod","Better Altar","Better Note","Better Sensory Stone","Better Skull","Better Third Choice","Block Reminder","Colored Map","Displayed Cursed Tome","Ironclad Rager","Key Reminder","Mad Scientist","Minty Spire (QoL Compilation)","Permanent Neow","Quick Restart","RNG Fix","Relic Stats","Reorder Act Four","StSLib","Transform Curses","Unceasing Turn Reminder","everything is the same but u backflip on backflip"],"gold_per_floor":[114,129,94,109,124,154,4,4,4,19,49,64,79,79,79,179,179,194,194,209,224,74,74,74,89,164,194,209,224,224,239,239,339,339,354,54,54,69,84,114,129,144,144,174,174,189,204,204,204,204],"floor_reached":51,"playtime":4834,"items_purged":[],"score":772,"play_id":"a085e3cc-c558-425f-9413-ed3ae2f45090","local_time":"20201227202957","daily_mods":["Chimera","Red Cards","Lethality"],"is_ascension_mode":false,"campfire_choices":[{"data":"Barricade","floor":8.0,"key":"SMITH"},{"data":"Metallicize","floor":15.0,"key":"SMITH"},{"floor":23.0,"key":"REST"},{"floor":32.0,"key":"REST"},{"floor":45,"key":"REST"},{"floor":49,"key":"REST"}],"circlet_count":0,"master_deck":["Bash","Survivor","Zap","Eruption","Strike_R","Strike_G","Strike_B","Defend_R","Defend_G","Defend_P","Dagger Throw","Masterful Stab","Underhanded Strike","Acrobatics","Barricade+1","Sword Boomerang","Metallicize+1","Distraction","Anger","Apotheosis+1","Limit Break","RitualDagger","Twin Strike","Headbutt+1","Power Through+1","Reaper","Infernal Blade+1","Dagger Spray","Demon Form","Sword Boomerang+1","Writhe","Uppercut+1","Setup+1","Heavy Blade+1","Twin Strike","Parasite","Infernal Blade+1","Sword Boomerang+1"],"relics":["Ring of the Snake","Happy Flower","Lee\u0027s Waffle","Bronze Scales","Nunchaku","WristBlade","Regal Pillow","MutagenicStrength","Toxic Egg 2","Boot","Sozu","Strange Spoon","Pen Nib","Shuriken","Prayer Wheel","Blood Vial"],"acts_visited":["Exordium","TheCity","TheBeyond"],"potions_floor_usage":[44,44,50],"damage_taken":[{"damage":11.0,"enemies":"Jaw Worm","floor":1.0,"turns":5.0},{"damage":0.0,"enemies":"Cultist","floor":2.0,"turns":3.0},{"damage":0.0,"enemies":"2 Louse","floor":4.0,"turns":1.0},{"damage":0.0,"enemies":"Red Slaver","floor":5.0,"turns":1.0},{"damage":38.0,"enemies":"Lagavulin","floor":6.0,"turns":6.0},{"damage":9.0,"enemies":"2 Fungi Beasts","floor":10.0,"turns":4.0},{"damage":18.0,"enemies":"Gremlin Nob","floor":11.0,"turns":4.0},{"damage":0.0,"enemies":"Looter","floor":12.0,"turns":1.0},{"damage":10.0,"enemies":"Large Slime","floor":13.0,"turns":3.0},{"damage":30.0,"enemies":"Hexaghost","floor":16.0,"turns":6.0},{"damage":21.0,"enemies":"3 Byrds","floor":18.0,"turns":2.0},{"damage":9.0,"enemies":"2 Thieves","floor":20.0,"turns":3.0},{"damage":15.0,"enemies":"Centurion and Healer","floor":21.0,"turns":2.0},{"damage":0.0,"enemies":"Snake Plant","floor":25.0,"turns":1.0},{"damage":24.0,"enemies":"Book of Stabbing","floor":27.0,"turns":2.0},{"damage":46.0,"enemies":"Shelled Parasite and Fungi","floor":28.0,"turns":6.0},{"damage":16.0,"enemies":"Cultist and Chosen","floor":29.0,"turns":3.0},{"damage":15.0,"enemies":"Snake Plant","floor":31.0,"turns":3.0},{"damage":86.0,"enemies":"Collector","floor":33.0,"turns":9.0},{"damage":22.0,"enemies":"3 Darklings","floor":35.0,"turns":3.0},{"damage":21.0,"enemies":"Orb Walker","floor":38.0,"turns":3.0},{"damage":0.0,"enemies":"Spire Growth","floor":39.0,"turns":3.0},{"damage":0.0,"enemies":"Nemesis","floor":40.0,"turns":1.0},{"damage":18.0,"enemies":"Transient","floor":41.0,"turns":5.0},{"damage":9.0,"enemies":"Writhing Mass","floor":42.0,"turns":3.0},{"damage":57,"enemies":"Reptomancer","floor":44,"turns":4},{"damage":0,"enemies":"Spire Growth","floor":46,"turns":1},{"damage":44,"enemies":"4 Shapes","floor":47,"turns":2},{"damage":49,"enemies":"Time Eater","floor":50,"turns":6}],"seed_played":"4726349093531193793","potions_obtained":[{"floor":1.0,"key":"EssenceOfSteel"},{"floor":6.0,"key":"DuplicationPotion"},{"floor":11.0,"key":"SkillPotion"},{"floor":16.0,"key":"Weak Potion"},{"floor":18.0,"key":"Strength Potion"},{"floor":25.0,"key":"Weak Potion"},{"floor":31.0,"key":"Swift Potion"},{"floor":33.0,"key":"Regen Potion"}],"is_trial":false,"path_per_floor":["M","M","?","M","M","E","$","R","T","M","E","M","M","?","R","B",null,"M","?","M","M","$","R","?","M","T","E","M","M","?","M","R","B",null,"M","$","?","M","M","E","M","M","T","E","R","M","M","?","R","B",null],"character_chosen":"THE_SILENT","items_purchased":["Lee\u0027s Waffle","Regal Pillow","Strange Spoon","Pen Nib"],"campfire_rested":4,"item_purchase_floors":[7,22,36,36],"current_hp_per_floor":[59,59,70,70,70,32,77,77,77,68,50,50,40,40,40,10,77,56,50,41,26,26,64,64,64,64,40,2,18,43,40,77,3,77,56,56,75,54,69,69,51,42,42,28,66,68,26,26,64,42],"gold":204,"neow_bonus":"","is_daily":true,"chose_seed":false,"campfire_upgraded":2,"win_rate":0.0,"timestamp":1609118997,"path_taken":["M","M","?","M","M","E","$","R","T","M","E","M","M","?","R","BOSS","M","?","M","?","$","R","?","M","T","E","M","M","?","M","R","BOSS","M","$","?","M","M","E","M","M","T","E","R","M","M","?","R","BOSS"],"items_purchased_type":["Relic","Relic","Relic","Relic"],"build_version":"2020-12-22","purchased_purges":0,"victory":true,"max_hp_per_floor":[70,70,70,70,70,70,77,77,77,77,77,77,77,77,77,77,77,77,77,77,77,77,77,77,77,77,77,77,77,77,77,77,77,77,77,77,77,77,77,77,77,77,77,77,77,77,77,77,77,77],"relic_stats":{"Lee\u0027s Waffle":45,"Regal Pillow":59,"Happy Flower":[26],"counters":[29,96],"Pen Nib":[6],"Boot":[6],"Sozu":7,"Blood Vial":6,"Strange Spoon":[17],"Nunchaku":[15],"Shuriken":[8],"Bronze Scales":[195],"Prayer Wheel":2,"obtain_stats":[{"Lee\u0027s Waffle":7,"Regal Pillow":22,"Happy Flower":6,"Pen Nib":36,"Boot":27,"Sozu":34,"Blood Vial":44,"Strange Spoon":36,"Nunchaku":11,"WristBlade":17,"Shuriken":40,"Bronze Scales":9,"MutagenicStrength":24,"Prayer Wheel":43,"Toxic Egg 2":26,"Ring of the Snake":0},{"Lee\u0027s Waffle":5,"Regal Pillow":13,"Happy Flower":5,"Pen Nib":20,"Boot":15,"Sozu":19,"Blood Vial":26,"Strange Spoon":20,"Nunchaku":7,"WristBlade":10,"Shuriken":23,"Bronze Scales":5,"MutagenicStrength":13,"Prayer Wheel":25,"Toxic Egg 2":14,"Ring of the Snake":0},{"Lee\u0027s Waffle":16,"Regal Pillow":41,"Happy Flower":16,"Pen Nib":68,"Boot":44,"Sozu":65,"Blood Vial":87,"Strange Spoon":68,"Nunchaku":24,"WristBlade":34,"Shuriken":75,"Bronze Scales":16,"MutagenicStrength":41,"Prayer Wheel":83,"Toxic Egg 2":42,"Ring of the Snake":0}],"Ring of the Snake":[58]},"card_choices":[{"not_picked":["Cloak And Dagger","Thunderclap"],"picked":"Dagger Throw","floor":1.0},{"not_picked":["Eviscerate","Slice"],"picked":"Masterful Stab","floor":2.0},{"not_picked":["Body Slam","Havoc"],"picked":"Underhanded Strike","floor":4.0},{"not_picked":["Leg Sweep","Evolve"],"picked":"Acrobatics","floor":5.0},{"not_picked":["Deflect","Power Through"],"picked":"Barricade","floor":6.0},{"not_picked":["Infinite Blades","Warcry"],"picked":"Sword Boomerang","floor":10.0},{"not_picked":["Combust","Perfected Strike"],"picked":"Metallicize","floor":11.0},{"not_picked":["Noxious Fumes","Havoc"],"picked":"Distraction","floor":12.0},{"not_picked":["Acrobatics","Cloak And Dagger"],"picked":"Anger","floor":13.0},{"not_picked":["Tools of the Trade","Wraith Form v2"],"picked":"Limit Break","floor":16.0},{"not_picked":["Tactician","Warcry","Wild Strike"],"picked":"SKIP","floor":18.0},{"not_picked":["Entrench","Quick Slash"],"picked":"Twin Strike","floor":20.0},{"not_picked":["Distraction+1","Deflect"],"picked":"Headbutt+1","floor":21.0},{"not_picked":["Dagger Throw","Anger+1"],"picked":"Power Through+1","floor":25.0},{"not_picked":["Twin Strike","Flex+1"],"picked":"Reaper","floor":27.0},{"not_picked":["Choke","Anger+1"],"picked":"Infernal Blade+1","floor":28.0},{"not_picked":["Sucker Punch","Headbutt+1","Blade Dance+1"],"picked":"SKIP","floor":29.0},{"not_picked":["Underhanded Strike","Burning Pact+1"],"picked":"Dagger Spray","floor":31.0},{"not_picked":["Corpse Explosion+1","After Image"],"picked":"Demon Form","floor":33.0},{"not_picked":["Flying Knee","Dark Embrace+1"],"picked":"Sword Boomerang+1","floor":35.0},{"not_picked":["Inflame","True Grit+1"],"picked":"Uppercut+1","floor":38.0},{"not_picked":["Escape Plan+1","Body Slam+1"],"picked":"Setup+1","floor":39.0},{"not_picked":["Thunderclap","Flex+1"],"picked":"Heavy Blade+1","floor":40.0},{"not_picked":["Warcry+1","All Out Attack"],"picked":"Twin Strike","floor":41.0},{"not_picked":["Perfected Strike+1","Battle Trance+1","Quick Slash+1"],"picked":"SKIP","floor":42.0},{"not_picked":["Metallicize","Armaments+1"],"picked":"Infernal Blade+1","floor":44},{"not_picked":["Acrobatics+1","Sucker Punch+1"],"picked":"Sword Boomerang+1","floor":46},{"not_picked":["Tactician+1","Thunderclap","Reflex+1"],"picked":"SKIP","floor":46},{"not_picked":["Combust","Outmaneuver+1","Escape Plan+1"],"picked":"SKIP","floor":47},{"not_picked":["Inflame+1","Barricade","Iron Wave+1"],"picked":"SKIP","floor":47}],"player_experience":172947,"relics_obtained":[{"floor":6.0,"key":"Happy Flower"},{"floor":9.0,"key":"Bronze Scales"},{"floor":11.0,"key":"Nunchaku"},{"floor":26.0,"key":"Toxic Egg 2"},{"floor":27.0,"key":"Boot"},{"floor":40.0,"key":"Shuriken"},{"floor":43.0,"key":"Prayer Wheel"},{"floor":44,"key":"Blood Vial"}],"event_choices":[{"damage_healed":17.0,"max_hp_gain":0.0,"max_hp_loss":0.0,"gold_gain":0.0,"event_name":"The Cleric","player_choice":"Healed","floor":3.0,"gold_loss":35.0,"damage_taken":0.0},{"damage_healed":40.0,"max_hp_gain":0.0,"max_hp_loss":77.0,"gold_gain":0.0,"event_name":"betterThird:BetterShining","player_choice":"Embrace","floor":14.0,"gold_loss":0.0,"damage_taken":0.0},{"damage_healed":0.0,"max_hp_gain":0.0,"max_hp_loss":0.0,"gold_gain":0.0,"event_name":"betterThird:BetterNest","player_choice":"Dagger","floor":19.0,"gold_loss":0.0,"damage_taken":6.0,"cards_obtained":["RitualDagger"]},{"damage_healed":0.0,"max_hp_gain":0.0,"max_hp_loss":0.0,"gold_gain":0.0,"event_name":"Drug Dealer","player_choice":"Inject Mutagens","floor":24.0,"gold_loss":0.0,"damage_taken":0.0,"relics_obtained":["MutagenicStrength"]},{"damage_healed":25.0,"max_hp_gain":0.0,"max_hp_loss":0.0,"gold_gain":0.0,"event_name":"The Library","player_choice":"Heal","floor":30.0,"gold_loss":0.0,"damage_taken":0.0},{"damage_healed":19.0,"max_hp_gain":0.0,"max_hp_loss":0.0,"gold_gain":0.0,"event_name":"Winding Halls","player_choice":"Writhe","floor":37.0,"gold_loss":0.0,"damage_taken":0.0,"cards_obtained":["Writhe"]},{"damage_healed":0,"gold_gain":0,"player_choice":"Got Potions","damage_taken":0,"max_hp_gain":0,"max_hp_loss":0,"event_name":"Lab","floor":48,"gold_loss":0}],"is_beta":false,"boss_relics":[{"not_picked":["Pandora\u0027s Box","SlaversCollar"],"picked":"WristBlade"},{"not_picked":["Calling Bell","Busted Crown"],"picked":"Sozu"}],"items_purged_floors":[],"is_endless":false,"potions_floor_spawned":[1,6,11,12,16,18,25,31,33,35,39,41,42],"ascension_level":0}}