{"host":"wbdly04l9mkn9nrc","time":1609154547,"event":{"mods":["AchievementEnabler","BaseMod","BetterRewards","Minty Spire (QoL Compilation)","StSLib","[IsaacMod]ÒÔÈö¼âËþ"],"gold_per_floor":[110,127,144,44,63,63,76,109,109,109,124,199,199,219,219,317,317,328,342,359,376,233,247,247,264,289,326,326,201,201,210,210,322,322,340,362,362,379,403,403,439,439,473,490,140,174,224,279,279,279],"floor_reached":51,"playtime":2882,"items_purged":["Strike_G","Defend_G","Writhe","Strike_G"],"score":1252,"play_id":"9a619aaf-875f-4d5b-a838-dd1e8b98f7d3","local_time":"20201228192227","is_ascension_mode":true,"campfire_choices":[{"floor":6.0,"key":"REST"},{"floor":13.0,"key":"REST"},{"data":"Neutralize","floor":15.0,"key":"SMITH"},{"data":"Catalyst","floor":30.0,"key":"SMITH"},{"data":"Catalyst","floor":32.0,"key":"SMITH"},{"data":"Wraith Form v2","floor":40,"key":"SMITH"},{"data":"Catalyst","floor":42,"key":"SMITH"},{"data":"Noxious Fumes","floor":49,"key":"SMITH"}],"circlet_count":0,"master_deck":["Strike_G","Strike_G","Defend_G","Defend_G","Defend_G","Survivor","Neutralize+1","Deadly Poison","Bouncing Flask","Crippling Poison","Underhanded Strike","Acrobatics","Bane","Poisoned Stab","Night Terror","Deadly Poison","Noxious Fumes+1","Malaise","Catalyst+1","Heel Hook+1","Calculated Gamble+1","Flying Knee+1","Ghostly","Ghostly","Ghostly","Ghostly","Ghostly","Deadly Poison+1","Catalyst+1","Doppelganger","Wraith Form v2+1","Catalyst+1","Acrobatics+1","Deflect+1","Decay"],"relics":["Ring of the Serpent","HushsDoor","TheBean","BookOfRevelations","HowToJump","Paper Crane","TheBattery","Dream Catcher","Pantograph","Cursed Key","Lantern","Ancient Tea Set","CeramicFish","Du-Vu Doll","GnawedLeaf","Membership Card","Singing Bowl","Centennial Puzzle","Tough Bandages","Ice Cream"],"acts_visited":["Exordium","TheCity","TheBeyond"],"potions_floor_usage":[],"damage_taken":[{"damage":0.0,"enemies":"Jaw Worm","floor":1.0,"turns":3.0},{"damage":0.0,"enemies":"2 Louse","floor":2.0,"turns":2.0},{"damage":0.0,"enemies":"Cultist","floor":3.0,"turns":3.0},{"damage":0.0,"enemies":"Exordium Wildlife","floor":5.0,"turns":4.0},{"damage":8.0,"enemies":"Blue Slaver","floor":7.0,"turns":3.0},{"damage":0.0,"enemies":"3 Sentries","floor":8.0,"turns":1.0},{"damage":3.0,"enemies":"Gremlin Gang","floor":11.0,"turns":2.0},{"damage":11.0,"enemies":"Large Slime","floor":14.0,"turns":5.0},{"damage":22.0,"enemies":"Slime Boss","floor":16.0,"turns":8.0},{"damage":11.0,"enemies":"2 Thieves","floor":18.0,"turns":3.0},{"damage":9.0,"enemies":"3 Byrds","floor":19.0,"turns":3.0},{"damage":9.0,"enemies":"Cultist and Chosen","floor":20.0,"turns":5.0},{"damage":0.0,"enemies":"Snake Plant","floor":21.0,"turns":4.0},{"damage":0.0,"enemies":"Snecko","floor":23.0,"turns":4.0},{"damage":6.0,"enemies":"Chosen and Byrds","floor":25.0,"turns":6.0},{"damage":4.0,"enemies":"Gremlin Leader","floor":27.0,"turns":4.0},{"damage":3.0,"enemies":"Collector","floor":33.0,"turns":3.0},{"damage":6.0,"enemies":"3 Darklings","floor":35.0,"turns":4.0},{"damage":0.0,"enemies":"3 Shapes","floor":36.0,"turns":5.0},{"damage":0,"enemies":"3 Darklings","floor":38,"turns":4},{"damage":0,"enemies":"Transient","floor":39,"turns":5},{"damage":0,"enemies":"Giant Head","floor":41,"turns":5},{"damage":0,"enemies":"Sphere and 2 Shapes","floor":44,"turns":5},{"damage":0,"enemies":"Nemesis","floor":46,"turns":5},{"damage":0,"enemies":"Mind Bloom Boss Battle","floor":47,"turns":3},{"damage":0,"enemies":"2 Orb Walkers","floor":48,"turns":4},{"damage":8,"enemies":"Donu and Deca","floor":50,"turns":8}],"seed_played":"-1132044368669573639","potions_obtained":[{"floor":1.0,"key":"SteroidPotion"},{"floor":2.0,"key":"DuplicationPotion"},{"floor":11.0,"key":"Dexterity Potion"},{"floor":33.0,"key":"FairyPotion"},{"floor":36.0,"key":"Explosive Potion"},{"floor":39,"key":"Energy Potion"}],"is_trial":false,"path_per_floor":["M","M","M","$","M","R","M","E","T","?","M","?","R","M","R","B",null,"M","M","M","M","$","M","?","M","T","E","?","$","R","?","R","B",null,"M","M","?","M","M","R","E","R","T","M","$","E","?","?","R","B",null],"character_chosen":"THE_SILENT","items_purchased":["BookOfRevelations","HowToJump","Deadly Poison","Bouncing Flask","Crippling Poison","Paper Crane","TheBattery","Catalyst","Lantern","Membership Card","Singing Bowl"],"campfire_rested":2,"item_purchase_floors":[0,0,0,0,0,0,0,17,22,45,45],"current_hp_per_floor":[33,33,33,33,33,54,46,46,46,46,43,32,53,42,42,45,67,56,47,38,38,38,38,33,27,27,23,23,23,23,23,23,30,33,27,27,27,27,27,27,27,27,27,27,27,29,37,39,39,31],"gold":279,"neow_bonus":"","is_daily":false,"chose_seed":false,"campfire_upgraded":6,"win_rate":0.0,"timestamp":1609154547,"path_taken":["M","M","M","$","M","R","M","E","T","?","?","?","R","M","R","BOSS","M","?","M","M","$","M","?","M","T","E","?","$","R","?","R","BOSS","M","M","?","?","M","R","E","R","T","?","$","E","?","?","R","BOSS"],"items_purchased_type":["Relic","Relic","Card","Card","Card","Relic","Relic","Card","Relic","Relic","Relic"],"build_version":"2020-12-22","purchased_purges":4,"victory":true,"max_hp_per_floor":[70,70,70,70,70,70,70,70,70,70,70,70,70,70,70,70,67,67,67,67,67,67,67,33,33,33,33,33,33,33,33,33,33,33,33,33,33,33,33,33,33,33,33,33,33,35,37,39,39,39],"card_choices":[{"not_picked":["Skewer","Well Laid Plans"],"picked":"Underhanded Strike","floor":1.0},{"not_picked":["Backstab","Blade Dance"],"picked":"Bomb","floor":2.0},{"not_picked":["Bullet Time","Footwork"],"picked":"Acrobatics","floor":3.0},{"not_picked":["Underhanded Strike","Flying Knee"],"picked":"Bane","floor":5.0},{"not_picked":["Blade Dance","Slice"],"picked":"Poisoned Stab","floor":7.0},{"not_picked":["Bane","Sucker Punch","Quick Slash"],"picked":"SKIP","floor":8.0},{"not_picked":["Prepared","Caltrops"],"picked":"Deadly Poison","floor":11.0},{"not_picked":["Leg Sweep","A Thousand Cuts"],"picked":"Noxious Fumes","floor":13.0},{"not_picked":["Cloak And Dagger","Predator","Masterful Stab"],"picked":"SKIP","floor":14.0},{"not_picked":["Bullet Time","A Thousand Cuts"],"picked":"Malaise","floor":16.0},{"not_picked":["Slice","Quick Slash+1"],"picked":"Heel Hook+1","floor":18.0},{"not_picked":["Cloak And Dagger","Footwork+1"],"picked":"Calculated Gamble+1","floor":19.0},{"not_picked":["Prepared","Deadly Poison"],"picked":"Flying Knee+1","floor":20.0},{"not_picked":["Predator+1","Blur","All Out Attack"],"picked":"SKIP","floor":21.0},{"not_picked":["Blade Dance","Sucker Punch","Dagger Spray"],"picked":"SKIP","floor":23.0},{"not_picked":["Dagger Throw","Caltrops+1"],"picked":"Deadly Poison+1","floor":25.0},{"not_picked":["Deadly Poison+1","Outmaneuver"],"picked":"Catalyst","floor":27.0},{"not_picked":["Tools of the Trade","Corpse Explosion"],"picked":"Wraith Form v2","floor":33.0},{"not_picked":["Skewer","Poisoned Stab","Deadly Poison+1"],"picked":"SKIP","floor":35.0},{"not_picked":["Riddle With Holes+1","PiercingWail+1"],"picked":"Catalyst","floor":36.0},{"not_picked":["Backstab","Poisoned Stab","Blade Dance"],"picked":"SKIP","floor":38},{"not_picked":["Poisoned Stab+1","Deadly Poison"],"picked":"Acrobatics+1","floor":39},{"not_picked":["Malaise","Dodge and Roll+1"],"picked":"Deflect+1","floor":41},{"not_picked":["Dagger Throw","Prepared","Dash"],"picked":"SKIP","floor":44},{"not_picked":["Slice","Bouncing Flask+1","Riddle With Holes+1"],"picked":"Singing Bowl","floor":46},{"not_picked":["Bane","Prepared","Infinite Blades+1"],"picked":"Singing Bowl","floor":47},{"not_picked":["Dagger Throw+1","Dodge and Roll+1","Caltrops+1"],"picked":"Singing Bowl","floor":48}],"player_experience":139566,"relics_obtained":[{"floor":8.0,"key":"Dream Catcher"},{"floor":9.0,"key":"Pantograph"},{"floor":26.0,"key":"Ancient Tea Set"},{"floor":27.0,"key":"CeramicFish"},{"floor":41,"key":"Du-Vu Doll"},{"floor":43,"key":"GnawedLeaf"},{"floor":46,"key":"Centennial Puzzle"},{"floor":47,"key":"Tough Bandages"},{"floor":48,"key":"Ice Cream"}],"event_choices":[{"damage_healed":0.0,"max_hp_gain":0.0,"max_hp_loss":0.0,"gold_gain":0.0,"cards_transformed":["Strike_G"],"event_name":"Living Wall","player_choice":"Change","floor":10.0,"gold_loss":0.0,"damage_taken":0.0,"cards_obtained":["Night Terror"]},{"damage_healed":0.0,"max_hp_gain":0.0,"max_hp_loss":0.0,"gold_gain":75.0,"event_name":"World of Goop","player_choice":"Gather Gold","floor":12.0,"gold_loss":0.0,"damage_taken":11.0},{"damage_healed":0.0,"max_hp_gain":0.0,"max_hp_loss":34.0,"gold_gain":0.0,"event_name":"Ghosts","player_choice":"Became a Ghost","floor":24.0,"gold_loss":0.0,"damage_taken":0.0,"cards_obtained":["Ghostly","Ghostly","Ghostly","Ghostly","Ghostly"]},{"cards_removed":["Defend_G"],"damage_healed":0.0,"max_hp_gain":0.0,"max_hp_loss":0.0,"gold_gain":0.0,"event_name":"Purifier","player_choice":"Purged","floor":28.0,"gold_loss":0.0,"damage_taken":0.0},{"damage_healed":0.0,"max_hp_gain":0.0,"max_hp_loss":0.0,"gold_gain":0.0,"event_name":"The Library","player_choice":"Read","floor":31.0,"gold_loss":0.0,"damage_taken":0.0,"cards_obtained":["Doppelganger"]},{"damage_healed":0,"gold_gain":0,"player_choice":"Memory 1","damage_taken":0,"max_hp_gain":0,"max_hp_loss":0,"event_name":"SensoryStone","floor":37,"gold_loss":0},{"damage_healed":0,"gold_gain":0,"player_choice":"Fight","damage_taken":0,"max_hp_gain":0,"max_hp_loss":0,"event_name":"MindBloom","floor":47,"gold_loss":0},{"damage_healed":0,"gold_gain":0,"player_choice":"Fight","damage_taken":0,"max_hp_gain":0,"max_hp_loss":0,"event_name":"Mysterious Sphere","floor":48,"gold_loss":0}],"is_beta":false,"boss_relics":[{"not_picked":["Black Star","Tiny House"],"picked":"Cursed Key"},{"not_picked":[]},{"not_picked":["Velvet Choker","SacredBark"],"picked":"Ring of the Serpent"},{"not_picked":[]}],"items_purged_floors":[0,4,29,45],"is_endless":false,"potions_floor_spawned":[1,2,11,14,23,25,33,35,36,38,39,44],"ascension_level":4}}