{"host":"swaz73pp650inygv","time":1609151165,"event":{"mods":["BaseMod","BetterRewards","Minty Spire (QoL Compilation)","StSLib"],"gold_per_floor":[116,126,77,91,102,102,117,117,117,132,147,158,158,175,175,276,276,287,141,158,175,194,194,194,194,194,194,194,204,204,204],"floor_reached":30,"playtime":865,"items_purged":[],"score":228,"play_id":"f27149f8-4e9a-4805-8dba-28d6ca89b6b6","local_time":"20201228032605","is_ascension_mode":false,"campfire_choices":[{"data":"Bash","floor":6,"key":"SMITH"},{"data":"Bludgeon","floor":8,"key":"SMITH"},{"data":"Flex","floor":13,"key":"SMITH"},{"data":"Shrug It Off","floor":15,"key":"SMITH"},{"floor":23,"key":"REST"},{"floor":25,"key":"REST"}],"circlet_count":0,"master_deck":["Strike_R","Strike_R","Strike_R","Strike_R","Strike_R","Defend_R","Defend_R","Defend_R","Defend_R","Bash+1","Thunderclap","Iron Wave","Shrug It Off+1","Bludgeon+1","Flex+1","Thunderclap","Feed","Cleave+1","Shrug It Off","Body Slam+1"],"relics":["Black Blood","Bird Faced Urn","Happy Flower","Enchiridion","HornCleat"],"acts_visited":["Exordium","TheCity"],"potions_floor_usage":[16,30],"damage_taken":[{"damage":0,"enemies":"Small Slimes","floor":1,"turns":3},{"damage":11,"enemies":"Jaw Worm","floor":2,"turns":3},{"damage":1,"enemies":"Cultist","floor":4,"turns":4},{"damage":3,"enemies":"2 Fungi Beasts","floor":5,"turns":4},{"damage":8,"enemies":"Exordium Wildlife","floor":7,"turns":4},{"damage":3,"enemies":"Red Slaver","floor":10,"turns":3},{"damage":7,"enemies":"2 Fungi Beasts","floor":11,"turns":4},{"damage":5,"enemies":"3 Louse","floor":12,"turns":3},{"damage":11,"enemies":"Lots of Slimes","floor":14,"turns":5},{"damage":39,"enemies":"The Guardian","floor":16,"turns":8},{"damage":0,"enemies":"Chosen","floor":18,"turns":4},{"damage":20,"enemies":"Spheric Guardian","floor":20,"turns":4},{"damage":33,"enemies":"Chosen and Byrds","floor":21,"turns":6},{"damage":42,"enemies":"Snake Plant","floor":22,"turns":4},{"damage":35,"enemies":"Shelled Parasite and Fungi","floor":29,"turns":8},{"damage":26,"enemies":"Gremlin Leader","floor":30,"turns":5}],"seed_played":"4876734828930649979","potions_obtained":[{"floor":1,"key":"EssenceOfSteel"},{"floor":11,"key":"SpeedPotion"},{"floor":12,"key":"DistilledChaos"},{"floor":16,"key":"Ancient Potion"},{"floor":21,"key":"Strength Potion"}],"is_trial":false,"path_per_floor":["M","M","$","M","M","R","M","R","T","M","M","M","R","M","R","B",null,"M","$","M","M","M","R","?","R","T","?","?","M","E"],"character_chosen":"IRONCLAD","items_purchased":["Shrug It Off","Happy Flower"],"campfire_rested":2,"item_purchase_floors":[3,19],"current_hp_per_floor":[80,75,75,80,80,80,78,78,78,80,79,80,80,75,75,42,80,80,80,72,54,24,48,32,56,56,40,40,19,0,0],"gold":204,"neow_bonus":"","is_daily":false,"chose_seed":false,"campfire_upgraded":4,"win_rate":0.0,"timestamp":1609151165,"path_taken":["M","M","$","M","M","R","M","R","T","M","M","M","R","M","R","BOSS","M","$","M","M","M","R","?","R","T","?","?","M","E"],"items_purchased_type":["Card","Relic"],"build_version":"2020-12-22","purchased_purges":0,"victory":false,"max_hp_per_floor":[80,80,80,80,80,80,80,80,80,80,80,80,80,80,80,80,80,80,80,80,83,83,83,83,83,83,88,88,88,88,88],"card_choices":[{"not_picked":["Metallicize","Battle Trance"],"picked":"Thunderclap","floor":1},{"not_picked":["Flex","Sword Boomerang"],"picked":"Iron Wave","floor":2},{"not_picked":["Dual Wield","Blood for Blood","Perfected Strike"],"picked":"SKIP","floor":4},{"not_picked":["Sever Soul","Headbutt","Power Through"],"picked":"SKIP","floor":5},{"not_picked":["Armaments","Twin Strike"],"picked":"Bludgeon","floor":7},{"not_picked":["Sever Soul","Clothesline","Sword Boomerang"],"picked":"SKIP","floor":10},{"not_picked":["Thunderclap","Perfected Strike","Rage"],"picked":"SKIP","floor":11},{"not_picked":["Offering","Shockwave"],"picked":"Flex","floor":12},{"not_picked":["Carnage","Metallicize"],"picked":"Thunderclap","floor":14},{"not_picked":["Fiend Fire","Juggernaut"],"picked":"Feed","floor":16},{"not_picked":["Clothesline","Pummel","Rage+1"],"picked":"SKIP","floor":18},{"not_picked":["Thunderclap+1","Pummel+1"],"picked":"Cleave+1","floor":20},{"not_picked":["Feel No Pain","Burning Pact","True Grit"],"picked":"SKIP","floor":21},{"not_picked":["Clash","Entrench"],"picked":"Shrug It Off","floor":22},{"not_picked":["Impervious","Pommel Strike"],"picked":"Body Slam+1","floor":29}],"player_experience":0,"relics_obtained":[{"floor":9,"key":"Bird Faced Urn"},{"floor":24,"key":"Enchiridion"},{"floor":26,"key":"HornCleat"}],"event_choices":[{"damage_healed":0,"gold_gain":0,"player_choice":"Obtained Book","damage_taken":16,"max_hp_gain":0,"max_hp_loss":0,"event_name":"Cursed Tome","floor":24,"gold_loss":0},{"damage_healed":0,"gold_gain":0,"player_choice":"Shed Blood","damage_taken":21,"max_hp_gain":5,"max_hp_loss":0,"event_name":"Forgotten Altar","floor":27,"gold_loss":0},{"damage_healed":0,"gold_gain":0,"player_choice":"Ignored","damage_taken":0,"max_hp_gain":0,"max_hp_loss":0,"event_name":"Ghosts","floor":28,"gold_loss":0}],"is_beta":false,"boss_relics":[{"not_picked":["Runic Cube","Mark of Pain"],"picked":"Black Blood"}],"items_purged_floors":[],"is_endless":false,"potions_floor_spawned":[1,11,12,14,16,21,29],"killed_by":"Gremlin Leader","ascension_level":0}}