{"host":"52ycckhnlidbb37z","time":1609179095,"event":{"mods":["AchievementEnabler","Bard","BaseMod","Better Note","Colored Powertips","Downfall","FTL Soundtrack","Hermit","Minty Spire (QoL Compilation)","Quick Restart","Rare Cards Sparkle","StSLib","The Construct","The Cursed","The Disciple","The Mystic","The Servant 0.9.4"],"gold_per_floor":[117,130,143,143,0,33,208,208,208,83,83,103,118,137,137,137,137],"floor_reached":16,"playtime":1845,"items_purged":["Doubt"],"score":122,"play_id":"661424d1-953a-4a43-86cb-8ee10a3556d0","local_time":"20201228111135","is_ascension_mode":true,"campfire_choices":[{"data":"Clothesline","floor":8,"key":"SMITH"},{"floor":15,"key":"REST"}],"circlet_count":0,"master_deck":["Strike_R","Strike_R","Strike_R","Strike_R","Strike_R","Defend_R","Defend_R","Defend_R","Defend_R","Bash","Clothesline+1","Pommel Strike","Cleave","Sentinel","Flex","Ghostly Armor","Anger","Seeing Red"],"relics":["Burning Blood","NeowsBlessing","Golden Idol","Sling","Mummified Hand","Pantograph","CultistMask"],"acts_visited":["Exordium"],"potions_floor_usage":[16],"damage_taken":[{"damage":0,"enemies":"Small Slimes","floor":1,"turns":1},{"damage":0,"enemies":"Jaw Worm","floor":2,"turns":1},{"damage":0,"enemies":"Cultist","floor":3,"turns":1},{"damage":39,"enemies":"Lagavulin","floor":6,"turns":8},{"damage":9,"enemies":"3 Louse","floor":12,"turns":3},{"damage":14,"enemies":"Exordium Thugs","floor":13,"turns":5},{"damage":5,"enemies":"2 Fungi Beasts","floor":14,"turns":3},{"damage":90,"enemies":"The Guardian","floor":16,"turns":15}],"seed_played":"-454791316266480883","potions_obtained":[{"floor":6,"key":"FairyPotion"},{"floor":12,"key":"AttackPotion"}],"is_trial":false,"path_per_floor":["M","M","M","?","$","E","?","R","T","$","?","M","M","M","R","B"],"character_chosen":"IRONCLAD","items_purchased":["Sling","Flex"],"campfire_rested":1,"item_purchase_floors":[5,10],"current_hp_per_floor":[80,80,80,60,60,27,27,27,27,27,27,24,16,17,41,0,0],"gold":137,"neow_bonus":"THREE_ENEMY_KILL","is_daily":false,"chose_seed":false,"campfire_upgraded":1,"win_rate":0.0,"timestamp":1609179095,"path_taken":["M","M","M","?","$","E","?","R","T","?","?","M","M","?","R","BOSS"],"items_purchased_type":["Relic","Card"],"build_version":"2020-12-22","purchased_purges":1,"victory":false,"max_hp_per_floor":[80,80,80,80,80,80,80,80,80,80,80,80,80,80,80,80,80],"card_choices":[{"not_picked":["True Grit","Body Slam"],"picked":"Clothesline","floor":1},{"not_picked":["Clothesline","Heavy Blade"],"picked":"Pommel Strike","floor":2},{"not_picked":["Metallicize","Dark Embrace"],"picked":"Cleave","floor":3},{"not_picked":["Body Slam","Perfected Strike"],"picked":"Sentinel","floor":6},{"not_picked":["Intimidate","Sword Boomerang"],"picked":"Ghostly Armor","floor":12},{"not_picked":["Iron Wave","Heavy Blade"],"picked":"Anger","floor":13},{"not_picked":["Flex","Twin Strike"],"picked":"Seeing Red","floor":14}],"player_experience":134450,"relics_obtained":[{"floor":6,"key":"Mummified Hand"},{"floor":9,"key":"Pantograph"}],"event_choices":[{"damage_healed":0,"gold_gain":0,"player_choice":"Take Damage","damage_taken":20,"relics_obtained":["Golden Idol"],"max_hp_gain":0,"max_hp_loss":0,"event_name":"Golden Idol","floor":4,"gold_loss":0},{"damage_healed":0,"gold_gain":175,"player_choice":"AGREE","damage_taken":0,"max_hp_gain":0,"max_hp_loss":0,"event_name":"Liars Game","floor":7,"gold_loss":0,"cards_obtained":["Doubt"]},{"damage_healed":0,"gold_gain":0,"player_choice":"Trade","damage_taken":0,"relics_obtained":["CultistMask"],"max_hp_gain":0,"max_hp_loss":0,"event_name":"FaceTrader","floor":11,"gold_loss":0}],"is_beta":false,"boss_relics":[],"items_purged_floors":[10],"is_endless":false,"potions_floor_spawned":[6,12],"killed_by":"The Guardian","ascension_level":4}}