{"host":"cwd5s03r1oaxs6mx","time":1609165482,"event":{"mods":["Act Like it!","BaseMod","Better Third Choice","BetterRewards","CapriCore","Card Filter","Colored Map","Custom Start","DeckTracker","Friendly Minions","Hubris","Infinite Spire","Marisa£¨Ùöéë¡¡Øª×âÞÞ£©","Minty Spire (QoL Compilation)","Quick Restart","Relic Stats","Shop Mod","Spicy Shops","StSLib","SuperFastMode"],"gold_per_floor":[112,23,36,53,53,85,85,114,114,114,134,134,134,59,59,132,132,142,8,21,21,21,49,67,95,148,148,148,148,178,195,195,270,270,280,330,346,292,302,302,302],"floor_reached":40,"playtime":1929,"items_purged":["Strike_R","Strike_R","Strike_R","Strike_R","Strike_R","Bash","Defend_R","Defend_R","Defend_R","Defend_R"],"score":1754,"play_id":"c74bb5f6-e7db-45a0-bb5d-9f4c11aca10a","local_time":"20201228232442","is_ascension_mode":true,"campfire_choices":[{"data":"Panache","floor":10,"key":"SMITH"},{"data":"1","floor":12,"key":"LIFT"},{"data":"2","floor":15,"key":"LIFT"},{"data":"Finesse","floor":32,"key":"SMITH"}],"circlet_count":0,"master_deck":["AscendersBane","Flash of Steel+1","Dual Wield+1","Finesse+1","Impatience","hubris:DuctTapeCard","Insight"],"relics":["Burning Blood","Membership Card","infinitespire:BottledMercury","Unceasing Top","hubris:Towel","Whetstone","Girya","Blue Candle","hubris:ScarierMask","hubris:DuctTape","Omamori","infinitespire:Magic Flask","hubris:SlimyHat","hubris:Icosahedron","hubris:Backtick","hubris:IronBody","hubris:MobiusCoin","Black Star","Kunai"],"acts_visited":["Exordium","TheCity","TheBeyond"],"potions_floor_usage":[40,40],"damage_taken":[{"damage":0,"enemies":"Small Slimes","floor":1,"turns":1},{"damage":0,"enemies":"2 Louse","floor":3,"turns":1},{"damage":0,"enemies":"Cultist","floor":4,"turns":1},{"damage":0,"enemies":"Lagavulin","floor":6,"turns":1},{"damage":0,"enemies":"3 Sentries","floor":8,"turns":1},{"damage":0,"enemies":"Red Slaver","floor":11,"turns":1},{"damage":0,"enemies":"Slime Boss","floor":16,"turns":1},{"damage":0,"enemies":"2 Thieves","floor":18,"turns":1},{"damage":0,"enemies":"3 Byrds","floor":20,"turns":1},{"damage":0,"enemies":"Slavers","floor":23,"turns":1},{"damage":0,"enemies":"Cultist and Chosen","floor":24,"turns":1},{"damage":0,"enemies":"Book of Stabbing","floor":25,"turns":1},{"damage":0,"enemies":"Nightmare","floor":30,"turns":1},{"damage":0,"enemies":"Centurion and Healer","floor":31,"turns":1},{"damage":0,"enemies":"hubris:MusketHawk","floor":33,"turns":1},{"damage":0,"enemies":"Orb Walker","floor":35,"turns":1},{"damage":8,"enemies":"3 Shapes","floor":37,"turns":2},{"damage":0,"enemies":"Transient","floor":39,"turns":1},{"damage":77,"enemies":"Nightmare_Alpha","floor":40,"turns":4}],"seed_played":"-9085232628221131242","potions_obtained":[{"floor":4,"key":"EssenceOfSteel"},{"floor":6,"key":"EssenceOfSteel"}],"is_trial":false,"path_per_floor":["M","$","M","M","?","E","?","E","T","R","M","R","?","?","R","B",null,"M","$","M","?","?","E","M","E","T","?","AVR","?","NM","M","R","B",null,"M","?","M","$","M","NM"],"character_chosen":"IRONCLAD","items_purchased":["Membership Card","Flash of Steel","Flash of Steel","Panache","Panache","infinitespire:BottledMercury","Dual Wield","Unceasing Top","Finesse","Impatience","hubris:DuctTape","Kunai"],"campfire_rested":0,"item_purchase_floors":[0,0,0,0,0,0,0,0,0,2,19,38],"current_hp_per_floor":[74,74,75,75,75,75,75,75,75,75,75,75,75,75,75,75,75,75,75,75,75,75,75,75,75,75,75,75,75,75,75,75,75,75,75,75,73,73,75,0,0],"gold":302,"neow_bonus":"","is_daily":false,"chose_seed":false,"campfire_upgraded":2,"win_rate":0.0,"timestamp":1609165482,"path_taken":["M","$","M","M","?","E","?","E","T","R","M","R","?","?","R","BOSS","M","$","M","?","?","E","M","E","T","?","AVR","?","NM","M","R","BOSS","M","?","?","?","M","NM"],"items_purchased_type":["Relic","Card","Card","Card","Card","Relic","Card","Relic","Card","Card","Relic","Relic"],"build_version":"2020-12-22","purchased_purges":10,"victory":false,"max_hp_per_floor":[75,75,75,75,75,75,75,75,75,75,75,75,75,75,75,75,75,75,75,75,75,75,75,75,75,75,75,75,75,75,75,75,75,75,75,75,75,75,75,75,75],"relic_stats":{"counters":[100,329],"Blue Candle":[0],"Black Star":6,"Whetstone":["Flash of Steel","Flash of Steel"],"Kunai":[3],"obtain_stats":[{"infinitespire:BottledMercury":26,"Vajra":31,"Whetstone":6,"Boot":12,"Sozu":34,"Centennial Puzzle":29,"infinitespire:ShieldingShard":27,"hubris:AstralHammer":0,"DollysMirror":0,"Prayer Wheel":31,"Kunai":38,"hubris:MobiusCoin":45,"Girya":8,"hubris:DuctTape":48,"Dead Branch":0,"Blue Candle":9,"Oddly Smooth Stone":29,"Letter Opener":0,"infinitespire:Magic Flask":25,"Question Card":0,"hubris:Zylophone":19,"Du-Vu Doll":25,"Bottled Flame":14,"Molten Egg 2":26,"Mark of Pain":34,"Black Star":17,"Unceasing Top":0,"Magic Flower":9,"StoneCalendar":7,"Mango":37,"hubris:SlimyHat":0,"Bag of Preparation":0,"Burning Blood":0,"hubris:BlackHole":34,"Dream Catcher":25,"hubris:Icosahedron":22,"hubris:Backtick":28,"Mummified Hand":6,"infinitespire:Bottled Soul":10,"Toolbox":54,"hubris:ScarierMask":17,"hubris:IronBody":28,"Chemical X":0,"hubris:ChampionShield":40,"Runic Pyramid":17,"The Courier":9,"infinitespire:FocusingShard":40,"Omamori":29,"hubris:Towel":5,"Medical Kit":0,"MawBank":24,"White Beast Statue":55,"Mercury Hourglass":46,"Peace Pipe":10,"Strange Spoon":19,"Anchor":10,"CaptainsWheel":46,"hubris:Spice":9,"hubris:BundleOfHerbs":40,"infinitespire:Burning Sword":17,"Art of War":31,"Membership Card":11,"Toy Ornithopter":45,"infinitespire:Midas Blood":26},{"infinitespire:BottledMercury":40,"Vajra":67,"Whetstone":85,"Boot":58,"Sozu":17,"Centennial Puzzle":15,"infinitespire:ShieldingShard":41,"hubris:AstralHammer":51,"DollysMirror":51,"Prayer Wheel":16,"Kunai":98,"hubris:MobiusCoin":22,"Girya":86,"hubris:DuctTape":24,"Dead Branch":51,"Blue Candle":86,"Oddly Smooth Stone":66,"Letter Opener":28,"infinitespire:Magic Flask":93,"Question Card":28,"hubris:Zylophone":38,"Du-Vu Doll":64,"Bottled Flame":8,"Molten Egg 2":12,"Mark of Pain":45,"Black Star":60,"Unceasing Top":81,"Magic Flower":5,"StoneCalendar":33,"Mango":48,"hubris:SlimyHat":0,"Bag of Preparation":51,"Burning Blood":0,"hubris:BlackHole":68,"Dream Catcher":64,"hubris:Icosahedron":39,"hubris:Backtick":93,"Mummified Hand":4,"infinitespire:Bottled Soul":34,"Toolbox":79,"hubris:ScarierMask":88,"hubris:IronBody":93,"Chemical X":0,"hubris:ChampionShield":20,"Runic Pyramid":37,"The Courier":33,"infinitespire:FocusingShard":72,"Omamori":42,"hubris:Towel":84,"Medical Kit":0,"MawBank":12,"White Beast Statue":27,"Mercury Hourglass":76,"Peace Pipe":57,"Strange Spoon":38,"Anchor":6,"CaptainsWheel":76,"hubris:Spice":56,"hubris:BundleOfHerbs":72,"infinitespire:Burning Sword":9,"Art of War":67,"Membership Card":6,"Toy Ornithopter":74,"infinitespire:Midas Blood":64},{"infinitespire:BottledMercury":166,"Vajra":273,"Whetstone":310,"Boot":238,"Sozu":85,"Centennial Puzzle":78,"infinitespire:ShieldingShard":171,"hubris:AstralHammer":215,"DollysMirror":215,"Prayer Wheel":81,"Kunai":324,"hubris:MobiusCoin":97,"Girya":311,"hubris:DuctTape":102,"Dead Branch":215,"Blue Candle":311,"Oddly Smooth Stone":269,"Letter Opener":120,"infinitespire:Magic Flask":318,"Question Card":120,"hubris:Zylophone":160,"Du-Vu Doll":260,"Bottled Flame":46,"Molten Egg 2":70,"Mark of Pain":190,"Black Star":247,"Unceasing Top":306,"Magic Flower":34,"StoneCalendar":138,"Mango":205,"hubris:SlimyHat":0,"Bag of Preparation":215,"Burning Blood":0,"hubris:BlackHole":283,"Dream Catcher":260,"hubris:Icosahedron":163,"hubris:Backtick":318,"Mummified Hand":30,"infinitespire:Bottled Soul":142,"Toolbox":301,"hubris:ScarierMask":313,"hubris:IronBody":318,"Chemical X":0,"hubris:ChampionShield":92,"Runic Pyramid":157,"The Courier":138,"infinitespire:FocusingShard":287,"Omamori":177,"hubris:Towel":309,"Medical Kit":0,"MawBank":70,"White Beast Statue":114,"Mercury Hourglass":296,"Peace Pipe":235,"Strange Spoon":160,"Anchor":38,"CaptainsWheel":296,"hubris:Spice":233,"hubris:BundleOfHerbs":287,"infinitespire:Burning Sword":56,"Art of War":273,"Membership Card":38,"Toy Ornithopter":289,"infinitespire:Midas Blood":260}],"Burning Blood":502,"Unceasing Top":[0]},"card_choices":[{"not_picked":["Anger","Pommel Strike","Flex"],"picked":"SKIP","floor":1},{"not_picked":["Perfected Strike","Heavy Blade","Bloodletting"],"picked":"SKIP","floor":3},{"not_picked":["Shrug It Off","Wild Strike","Blood for Blood"],"picked":"SKIP","floor":4},{"not_picked":["Whirlwind","Clothesline","Reckless Charge"],"picked":"SKIP","floor":6},{"not_picked":["Sever Soul","Flex","Pommel Strike"],"picked":"SKIP","floor":8},{"not_picked":["Dark Embrace","Flex","Shrug It Off"],"picked":"SKIP","floor":11},{"not_picked":["Body Slam","Cleave","Carnage"],"picked":"SKIP","floor":18},{"not_picked":["Heavy Blade","Sword Boomerang","Armaments"],"picked":"SKIP","floor":20},{"not_picked":["Second Wind+1","Corruption","Evolve"],"picked":"SKIP","floor":23},{"not_picked":["Second Wind+1","Corruption","Evolve"],"picked":"SKIP","floor":23},{"not_picked":["Warcry","Wild Strike","Shrug It Off"],"picked":"SKIP","floor":24},{"not_picked":["Warcry","Armaments","Demon Form"],"picked":"SKIP","floor":25},{"not_picked":["Blood for Blood","Anger","Flex"],"picked":"SKIP","floor":30},{"not_picked":["Armaments","Clothesline","Warcry"],"picked":"SKIP","floor":31},{"not_picked":["Clothesline","True Grit+1","Shockwave+1"],"picked":"SKIP","floor":35},{"not_picked":["Clash","Thunderclap","Shrug It Off+1"],"picked":"SKIP","floor":37},{"not_picked":["Clothesline","Sword Boomerang","Clash"],"picked":"SKIP","floor":39}],"player_experience":1004144,"relics_obtained":[{"floor":6,"key":"Whetstone"},{"floor":8,"key":"Girya"},{"floor":9,"key":"Blue Candle"},{"floor":23,"key":"Omamori"},{"floor":25,"key":"infinitespire:Magic Flask"},{"floor":26,"key":"hubris:SlimyHat"},{"floor":30,"key":"hubris:MobiusCoin"}],"event_choices":[{"cards_removed":["Flash of Steel"],"damage_healed":0,"gold_gain":0,"player_choice":"Card Removal","damage_taken":0,"max_hp_gain":0,"max_hp_loss":0,"event_name":"The Cleric","floor":14,"gold_loss":75},{"damage_healed":0,"gold_gain":0,"player_choice":"Insight","damage_taken":0,"max_hp_gain":0,"max_hp_loss":0,"event_name":"betterThird:BetterWriting","floor":21,"gold_loss":0,"cards_obtained":["Insight"]},{"damage_healed":0,"gold_gain":0,"player_choice":"Ignored","damage_taken":0,"max_hp_gain":0,"max_hp_loss":0,"event_name":"Vampires","floor":22,"gold_loss":0},{"damage_healed":0,"gold_gain":0,"player_choice":"Ignored","damage_taken":0,"max_hp_gain":0,"max_hp_loss":0,"event_name":"The Mausoleum","floor":29,"gold_loss":0},{"damage_healed":0,"gold_gain":50,"player_choice":"Pray","damage_taken":0,"max_hp_gain":0,"max_hp_loss":0,"event_name":"Golden Shrine","floor":36,"gold_loss":0}],"is_beta":false,"boss_relics":[{"not_picked":["Pandora\u0027s Box","infinitespire:Burning Sword"],"picked":"hubris:ScarierMask"},{"not_picked":["Empty Cage","Mark of Pain"],"picked":"Black Star"}],"items_purged_floors":[0,0,0,0,0,0,0,0,0,0],"is_endless":false,"potions_floor_spawned":[4,6,8,16,24,30,33,37],"killed_by":"Nightmare_Alpha","ascension_level":20}}