{"host":"i0avyit1s6jb1siw","time":1609189602,"event":{"mods":["BaseMod","DeckTracker","Dota2Spire","Highlight Path","Minty Spire (QoL Compilation)","Quick Restart","Replay The Spire","StSLib","SuperFastMode"],"gold_per_floor":[115,126,51,51,51,84,98,114,114,114,114,129,142,42,42,116,116,134,134,134,152,152,152,152,152],"floor_reached":24,"playtime":420,"items_purged":["Strike_G","Strike_G"],"score":442,"play_id":"58d4bae9-d6c4-45f6-aee4-ef482014c265","local_time":"20201228220642","is_ascension_mode":true,"campfire_choices":[{"data":"Cloak And Dagger","floor":11.0,"key":"SMITH"},{"floor":15.0,"key":"REST"},{"floor":23,"key":"REST"}],"circlet_count":0,"master_deck":["AscendersBane","Strike_G","Strike_G","Strike_G","Defend_G","Defend_G","Defend_G","Defend_G","Defend_G","Survivor","Neutralize","Dagger Throw","Replay:Poison Smokescreen","ReplayTheSpireMod:Speed Training","Cloak And Dagger+1","Flechettes","Envenom","Crippling Poison","Night Terror","Masterful Stab"],"relics":["Ring of the Snake","NeowsBlessing","Replay:Accelerometer","Kunai","Pear","WristBlade","Nilry\u0027s Codex"],"acts_visited":["Exordium","TheCity"],"potions_floor_usage":[24],"damage_taken":[{"damage":0.0,"enemies":"Cultist","floor":1.0,"turns":1.0},{"damage":0.0,"enemies":"Jaw Worm","floor":2.0,"turns":1.0},{"damage":0.0,"enemies":"3 Sentries","floor":6.0,"turns":1.0},{"damage":12.0,"enemies":"Small Slimes","floor":7.0,"turns":5.0},{"damage":1.0,"enemies":"Exordium Wildlife","floor":8.0,"turns":6.0},{"damage":7.0,"enemies":"Red Slaver","floor":12.0,"turns":3.0},{"damage":14.0,"enemies":"Exordium Thugs","floor":13.0,"turns":7.0},{"damage":3.0,"enemies":"Hexaghost","floor":16.0,"turns":11.0},{"damage":8.0,"enemies":"2 Thieves","floor":18.0,"turns":4.0},{"damage":24,"enemies":"Shell Parasite","floor":21,"turns":7},{"damage":41,"enemies":"Slavers","floor":24,"turns":4}],"seed_played":"-8819027506628206541","potions_obtained":[{"floor":2.0,"key":"AttackPotion"},{"floor":13.0,"key":"SteroidPotion"},{"floor":21,"key":"Dexterity Potion"}],"is_trial":false,"path_per_floor":["M","M","$","?","?","E","M","M","T","?","R","M","M","$","R","B",null,"M","?","?","M","?","R","E"],"character_chosen":"THE_SILENT","items_purchased":[],"campfire_rested":2,"item_purchase_floors":[],"current_hp_per_floor":[59,59,59,59,59,59,47,46,46,38,38,31,17,17,39,36,66,58,58,37,13,13,35,0,0],"gold":152,"neow_bonus":"THREE_ENEMY_KILL","is_daily":false,"chose_seed":false,"campfire_upgraded":1,"win_rate":0.0,"timestamp":1609189602,"path_taken":["M","M","$","?","?","E","M","M","T","?","R","?","M","?","R","BOSS","M","?","?","M","?","R","E"],"items_purchased_type":[],"build_version":"2020-12-22","purchased_purges":2,"victory":false,"max_hp_per_floor":[66,66,66,66,66,66,66,66,66,76,76,76,76,76,76,76,76,76,76,76,76,76,76,76,76],"card_choices":[{"not_picked":["Slice","Choke"],"picked":"Dagger Throw","floor":1.0},{"not_picked":["Acrobatics","Fluid Movement"],"picked":"Replay:Poison Smokescreen","floor":2.0},{"not_picked":["Flying Knee","Cloak And Dagger"],"picked":"ReplayTheSpireMod:Speed Training","floor":6.0},{"not_picked":["Outmaneuver","Underhanded Strike"],"picked":"Cloak And Dagger","floor":7.0},{"not_picked":["Dagger Throw","Draining Mist"],"picked":"Flechettes","floor":8.0},{"not_picked":["Outmaneuver","Riddle With Holes"],"picked":"Envenom","floor":12.0},{"not_picked":["Dodge and Roll","Poisoned Stab"],"picked":"Crippling Poison","floor":13.0},{"not_picked":["Bullet Time","Tools of the Trade"],"picked":"Night Terror","floor":16.0},{"not_picked":["Draining Mist","Toxin Wave","Dagger Spray"],"picked":"SKIP","floor":18.0},{"not_picked":["Quick Slash","Setup","Underhanded Strike"],"picked":"SKIP","floor":21}],"player_experience":2128210,"relics_obtained":[{"floor":6.0,"key":"Replay:Accelerometer"},{"floor":9.0,"key":"Kunai"},{"floor":20.0,"key":"Nilry\u0027s Codex"}],"event_choices":[{"damage_healed":0.0,"max_hp_gain":0.0,"max_hp_loss":0.0,"gold_gain":0.0,"event_name":"The Cleric","player_choice":"Leave","floor":5.0,"gold_loss":0.0,"damage_taken":0.0},{"damage_healed":0.0,"max_hp_gain":0.0,"max_hp_loss":0.0,"gold_gain":0.0,"event_name":"Scrap Ooze","player_choice":"Success","floor":10.0,"gold_loss":0.0,"damage_taken":18.0,"relics_obtained":["Pear"]},{"damage_healed":0.0,"max_hp_gain":0.0,"max_hp_loss":0.0,"gold_gain":0.0,"event_name":"The Library","player_choice":"Read","floor":19.0,"gold_loss":0.0,"damage_taken":0.0,"cards_obtained":["Masterful Stab"]},{"damage_healed":0.0,"max_hp_gain":0.0,"max_hp_loss":0.0,"gold_gain":0.0,"event_name":"Cursed Tome","player_choice":"Obtained Book","floor":20.0,"gold_loss":0.0,"damage_taken":21.0}],"is_beta":false,"boss_relics":[{"not_picked":["Fusion Hammer","Coffee Dripper"],"picked":"WristBlade"}],"items_purged_floors":[3,14],"is_endless":false,"potions_floor_spawned":[2,13,21],"killed_by":"Slavers","ascension_level":20}}