{"host":"Nexxot","time":1609190611,"event":{"mods":["AchievementEnabler","BaseMod","Colored Map","Downfall","Highlight Path","Jorbs\u0027s Wanderer Trilogy","Minty Spire (QoL Compilation)","Relic Stats","StSLib"],"gold_per_floor":[99,111,111,125,140,174,174,203,220,233,27,39,39,57,72,177,177,177,177,17,37,37,153,153,170,183,33,66,66,76,102,112,208,208,133,149,149,149,162,175,175,15,40,60,89,43,43,59,73,73,73,102,15,15,15],"floor_reached":56,"playtime":3462,"items_purged":["Guardian:Strike_Guardian","Guardian:Strike_Guardian"],"score":1596,"play_id":"b09928a5-7d58-41c3-b019-018956532c49","local_time":"20201228222331","is_ascension_mode":true,"campfire_choices":[{"data":"Guardian:CurlUp","floor":1,"key":"SMITH"},{"floor":13,"key":"REST"},{"floor":18,"key":"RECALL"},{"floor":27,"key":"REST"},{"floor":29,"key":"REST"},{"floor":35,"key":"REST"},{"floor":47,"key":"REST"},{"floor":54,"key":"REST"}],"circlet_count":0,"master_deck":["Guardian:Defend_Guardian","Guardian:Defend_Guardian","Guardian:Defend_Guardian","Guardian:Defend_Guardian","Guardian:CurlUp+1","Guardian:ShieldCharger","Guardian:WalkerClaw","Guardian:DonusPower","Guardian:TemporalStrike+1","Guardian:BronzeOrb+1","Guardian:Orbwalk","Guardian:Clone","Guardian:SpikerProtocol","Guardian:ChargeUp","Guardian:TimeCapacitor","Guardian:PrismaticBeam+1","Guardian:ChargeCore+1","Guardian:HyperBeam_Guardian+1","Guardian:EvasiveProtocol","Guardian:StasisField","Guardian:FierceBash+1","expansioncontent:DashGenerateEvil+1","Guardian:Orbwalk","Guardian:PiercingHide","Guardian:ChargeUp","Guardian:RevengeProtocol","Guardian:ExploitGems","Guardian:ArmoredProtocol","expansioncontent:Flail+1","expansioncontent:FaceSlap+1","expansioncontent:AwakenDeath","Guardian:BronzeArmor","Mayhem","Guardian:GatlingBeam+1","expansioncontent:PrepareCrush","Guardian:FloatingOrbs+1"],"relics":["Black Star","Molten Egg 2","Boot","Vajra","Thread and Needle","Mummified Hand","Fusion Hammer","Membership Card","Toy Ornithopter","downfall:HeartBlessingRed","downfall:HeartBlessingBlue","Tiny Chest","Dead Branch","Meat on the Bone","Potion Belt","Snecko Eye","downfall:HeartBlessingGreen","Shuriken","ClockworkSouvenir","Frozen Egg 2","Incense Burner","HornCleat","Lizard Tail","Unceasing Top","Oddly Smooth Stone"],"acts_visited":["Exordium","TheCity","TheBeyond","TheEnding"],"potions_floor_usage":[16,16,26,31,32,50,50,50,50,55],"damage_taken":[{"damage":0,"enemies":"2 Louse","floor":2,"turns":3},{"damage":5,"enemies":"Cultist","floor":4,"turns":5},{"damage":2,"enemies":"Jaw Worm","floor":5,"turns":4},{"damage":38,"enemies":"Gremlin Nob","floor":6,"turns":5},{"damage":14,"enemies":"3 Sentries","floor":8,"turns":9},{"damage":0,"enemies":"Large Slime","floor":9,"turns":4},{"damage":0,"enemies":"Lots of Slimes","floor":10,"turns":3},{"damage":0,"enemies":"downfall:FleeingMerchant","floor":11,"turns":4},{"damage":0,"enemies":"Exordium Wildlife","floor":12,"turns":3},{"damage":0,"enemies":"Large Slime","floor":14,"turns":3},{"damage":0,"enemies":"Blue Slaver","floor":15,"turns":2},{"damage":32,"enemies":"downfall:Silent","floor":16,"turns":6},{"damage":0,"enemies":"downfall:FleeingMerchant","floor":20,"turns":4},{"damage":0,"enemies":"Spheric Guardian","floor":21,"turns":3},{"damage":6,"enemies":"downfall:FleeingMerchant","floor":23,"turns":3},{"damage":0,"enemies":"Cultist and Chosen","floor":25,"turns":3},{"damage":2,"enemies":"Centurion and Healer","floor":26,"turns":4},{"damage":21,"enemies":"Gremlin Leader","floor":28,"turns":4},{"damage":0,"enemies":"Snake Plant","floor":30,"turns":2},{"damage":0,"enemies":"Book of Stabbing","floor":31,"turns":4},{"damage":18,"enemies":"Shelled Parasite and Fungi","floor":32,"turns":3},{"damage":15,"enemies":"downfall:Defect","floor":33,"turns":5},{"damage":0,"enemies":"Orb Walker","floor":36,"turns":2},{"damage":0,"enemies":"3 Darklings","floor":39,"turns":2},{"damage":23,"enemies":"Jaw Worm Horde","floor":40,"turns":2},{"damage":0,"enemies":"Reptomancer","floor":43,"turns":3},{"damage":6,"enemies":"Writhing Mass","floor":44,"turns":2},{"damage":0,"enemies":"Giant Head","floor":45,"turns":3},{"damage":0,"enemies":"4 Shapes","floor":48,"turns":6},{"damage":0,"enemies":"3 Darklings","floor":49,"turns":1},{"damage":0,"enemies":"downfall:Watcher","floor":50,"turns":4},{"damage":0,"enemies":"downfall:CharBossMerchant","floor":52,"turns":5},{"damage":0,"enemies":"downfall:NeowBoss","floor":55,"turns":13}],"seed_played":"3236523510023867600","potions_obtained":[{"floor":8,"key":"Guardian:AcceleratePotion"},{"floor":10,"key":"Ancient Potion"},{"floor":14,"key":"Weak Potion"},{"floor":15,"key":"SteroidPotion"},{"floor":16,"key":"Weak Potion"},{"floor":25,"key":"champ:CounterPotion"},{"floor":26,"key":"AttackPotion"},{"floor":28,"key":"AttackPotion"},{"floor":33,"key":"PowerPotion"},{"floor":39,"key":"PowerPotion"},{"floor":43,"key":"ColorlessPotion"},{"floor":45,"key":"FearPotion"},{"floor":48,"key":"SteroidPotion"},{"floor":52,"key":"Guardian:BlockOnCardUsePotion"}],"is_trial":false,"path_per_floor":["R","M","?","M","M","E","T","E","M","M","$","M","R","M","M","B",null,"R","?","$","M","?","$","T","M","M","R","E","R","M","E","M","B",null,"R","M","?","?","M","M","T","$","E","M","E","$","R","M","M","B",null,"E","$","R","B",null],"character_chosen":"GUARDIAN","items_purchased":["Guardian:ChargeUp","Guardian:TimeCapacitor","Membership Card","expansioncontent:DashGenerateEvil+1","Toy Ornithopter","ClockworkSouvenir","Mayhem","expansioncontent:PrepareCrush","Guardian:FloatingOrbs+1","Guardian:DefensiveModePotion","FearPotion"],"campfire_rested":6,"item_purchase_floors":[11,11,20,23,23,42,42,46,53,53,53],"current_hp_per_floor":[80,80,80,75,73,35,35,21,21,21,21,21,45,45,45,13,80,80,80,80,80,80,74,74,74,77,90,69,90,90,90,72,57,90,90,90,80,80,80,57,57,57,57,51,51,51,78,78,78,90,90,90,90,90,90],"gold":15,"neow_bonus":"BOSS_RELIC","is_daily":false,"chose_seed":false,"campfire_upgraded":1,"win_rate":0.0,"timestamp":1609190611,"path_taken":["R","M","?","M","M","E","T","E","M","M","$","?","R","M","M","BOSS","R","?","$","M","?","$","T","M","M","R","E","R","?","E","M","BOSS","R","M","?","?","M","M","T","$","E","M","E","$","R","M","M","BOSS","E","$","R","BOSS"],"items_purchased_type":["Card","Card","Relic","Card","Relic","Relic","Card","Card","Card","Potion","Potion"],"build_version":"2020-12-18","purchased_purges":2,"victory":true,"max_hp_per_floor":[80,80,80,80,80,80,80,80,80,80,80,80,80,80,80,80,80,80,80,80,80,80,80,80,80,80,90,90,90,90,90,90,90,90,90,90,90,90,90,90,90,90,90,90,90,90,90,90,90,90,90,90,90,90,90],"relic_stats":{"counters":[33,129],"Dead Branch":[98],"Boot":[18],"Lizard Tail":0,"Mummified Hand":[169],"Shuriken":[19],"Snecko Eye":[60,84,83,60],"Tiny Chest":0,"Black Star":7,"obtain_stats":[{"Vajra":7,"downfall:HeartBlessingGreen":35,"Incense Burner":43,"Boot":6,"ClockworkSouvenir":42,"Lizard Tail":45,"HornCleat":45,"Mummified Hand":8,"downfall:HeartBlessingBlue":27,"Tiny Chest":28,"Fusion Hammer":17,"Potion Belt":31,"downfall:HeartBlessingRed":27,"Dead Branch":28,"Guardian:ModeShifter":0,"Oddly Smooth Stone":52,"Thread and Needle":8,"Frozen Egg 2":43,"Shuriken":41,"Snecko Eye":34,"Molten Egg 2":6,"Black Star":0,"Membership Card":20,"Toy Ornithopter":23,"Unceasing Top":52,"Meat on the Bone":31},{"Vajra":4,"downfall:HeartBlessingGreen":22,"Incense Burner":26,"Boot":4,"ClockworkSouvenir":25,"Lizard Tail":28,"HornCleat":28,"Mummified Hand":5,"downfall:HeartBlessingBlue":17,"Tiny Chest":18,"Fusion Hammer":12,"Potion Belt":20,"downfall:HeartBlessingRed":17,"Dead Branch":18,"Guardian:ModeShifter":0,"Oddly Smooth Stone":32,"Thread and Needle":5,"Frozen Egg 2":26,"Shuriken":25,"Snecko Eye":22,"Molten Egg 2":4,"Black Star":0,"Membership Card":13,"Toy Ornithopter":15,"Unceasing Top":32,"Meat on the Bone":20},{"Vajra":17,"downfall:HeartBlessingGreen":86,"Incense Burner":95,"Boot":17,"ClockworkSouvenir":92,"Lizard Tail":100,"HornCleat":100,"Mummified Hand":26,"downfall:HeartBlessingBlue":68,"Tiny Chest":72,"Fusion Hammer":51,"Potion Belt":78,"downfall:HeartBlessingRed":68,"Dead Branch":72,"Guardian:ModeShifter":0,"Oddly Smooth Stone":116,"Thread and Needle":26,"Frozen Egg 2":95,"Shuriken":92,"Snecko Eye":86,"Molten Egg 2":17,"Black Star":0,"Membership Card":55,"Toy Ornithopter":61,"Unceasing Top":116,"Meat on the Bone":78}],"Toy Ornithopter":17,"Unceasing Top":[0],"Meat on the Bone":0},"card_choices":[{"not_picked":["Guardian:TemporalShield","Guardian:Suspension"],"picked":"Guardian:ShieldCharger","floor":2},{"not_picked":["Guardian:TemporalShield","Guardian:PiercingHide"],"picked":"Guardian:WalkerClaw","floor":4},{"not_picked":["Guardian:Gem_Cyan","Guardian:Recover"],"picked":"Guardian:DonusPower","floor":5},{"not_picked":["Guardian:Suspension","Guardian:Preprogram"],"picked":"Guardian:TemporalStrike+1","floor":6},{"not_picked":["Guardian:TemporalShield","Guardian:PiercingHide"],"picked":"Guardian:BronzeOrb+1","floor":8},{"not_picked":["Guardian:Gem_Cyan","Guardian:RefractedBeam+1"],"picked":"Guardian:Orbwalk","floor":9},{"not_picked":["Guardian:VentSteam","Guardian:Preprogram"],"picked":"Guardian:Clone","floor":10},{"not_picked":["Guardian:Gem_Red","Guardian:PrimingBeam+1"],"picked":"Guardian:SpikerProtocol","floor":11},{"not_picked":["Guardian:Reroute+1","Guardian:TemporalStrike+1"],"picked":"Guardian:PrismaticBeam+1","floor":12},{"not_picked":["Guardian:Gem_Cyan","Guardian:RollAttack+1"],"picked":"Guardian:Gem_Orange","floor":14},{"not_picked":["Guardian:Gem_Purple","Guardian:Suspension"],"picked":"Guardian:ChargeCore+1","floor":15},{"not_picked":["Guardian:RevengeProtocol","Guardian:SphericShield"],"picked":"Guardian:HyperBeam_Guardian+1","floor":16},{"not_picked":["Guardian:Emergency","Guardian:WalkerClaw+1","Guardian:TemporalStrike+1"],"picked":"SKIP","floor":20},{"not_picked":["Guardian:Gem_Cyan","Guardian:Preprogram"],"picked":"Guardian:EvasiveProtocol","floor":21},{"not_picked":["Guardian:VentSteam","Guardian:Incinerate+1"],"picked":"Guardian:FierceBash+1","floor":23},{"not_picked":["Guardian:Gem_Cyan","Guardian:Suspension"],"picked":"Guardian:Orbwalk","floor":25},{"not_picked":["Guardian:CrystalBeam+1","Guardian:TemporalStrike+1"],"picked":"Guardian:PiercingHide","floor":26},{"not_picked":["Guardian:ShieldCharger","Guardian:Emergency+1","Guardian:TemporalStrike+1"],"picked":"SKIP","floor":28},{"not_picked":["Guardian:TemporalShield","Guardian:Preprogram"],"picked":"Guardian:ChargeUp","floor":30},{"not_picked":["Guardian:RollAttack+1","Guardian:CrystalBeam+1"],"picked":"Guardian:RevengeProtocol","floor":31},{"not_picked":["Guardian:VentSteam","Guardian:ChargeCore+1","Guardian:ShieldCharger"],"picked":"SKIP","floor":32},{"not_picked":["Guardian:HyperBeam_Guardian+1","Guardian:ConstructionForm"],"picked":"Guardian:ExploitGems","floor":33},{"not_picked":["Guardian:PrimingBeam+1","Guardian:Preprogram+1"],"picked":"Guardian:ArmoredProtocol","floor":36},{"not_picked":["expansioncontent:LastStand","expansioncontent:FaceSlap+1"],"picked":"expansioncontent:Flail+1","floor":37},{"not_picked":["expansioncontent:SuperHexaguard","expansioncontent:GoopSpray"],"picked":"expansioncontent:FaceSlap+1","floor":37},{"not_picked":["expansioncontent:PolyBeam+1","expansioncontent:Chronoboost"],"picked":"expansioncontent:AwakenDeath","floor":37},{"not_picked":["Guardian:MultiBeam+1","Guardian:Gem_Green","Guardian:Planning+1"],"picked":"SKIP","floor":39},{"not_picked":["Guardian:WalkerClaw+1","Guardian:Gem_Lightblue"],"picked":"Guardian:BronzeArmor","floor":40},{"not_picked":["Guardian:Emergency+1","Guardian:DonusPower","Guardian:TemporalStrike+1"],"picked":"SKIP","floor":43},{"not_picked":["Guardian:Suspension+1","Guardian:PrimingBeam+1","Guardian:Planning"],"picked":"SKIP","floor":44},{"not_picked":["Guardian:DecasProtection","Guardian:BronzeArmor"],"picked":"Guardian:GatlingBeam+1","floor":45},{"not_picked":["Guardian:Gem_Green","Guardian:PiercingHide+1","Guardian:CrystalBeam+1"],"picked":"SKIP","floor":48},{"not_picked":["Guardian:Gem_Green","Guardian:PrismaticBeam+1","Guardian:TemporalStrike+1"],"picked":"SKIP","floor":49},{"not_picked":["Guardian:BronzeOrb+1","Guardian:Gem_Green","Guardian:FastForward"],"picked":"SKIP","floor":52}],"player_experience":352427,"relics_obtained":[{"floor":6,"key":"Molten Egg 2"},{"floor":6,"key":"Boot"},{"floor":7,"key":"Vajra"},{"floor":8,"key":"Thread and Needle"},{"floor":8,"key":"Mummified Hand"},{"floor":28,"key":"Tiny Chest"},{"floor":28,"key":"Dead Branch"},{"floor":31,"key":"Meat on the Bone"},{"floor":31,"key":"Potion Belt"},{"floor":41,"key":"Shuriken"},{"floor":43,"key":"Frozen Egg 2"},{"floor":43,"key":"Incense Burner"},{"floor":45,"key":"HornCleat"},{"floor":45,"key":"Lizard Tail"},{"floor":52,"key":"Unceasing Top"},{"floor":52,"key":"Oddly Smooth Stone"}],"event_choices":[{"cards_removed":["Guardian:Strike_Guardian"],"damage_healed":0,"gold_gain":0,"player_choice":"Removed Attack","damage_taken":0,"max_hp_gain":0,"max_hp_loss":0,"event_name":"Falling","floor":38,"gold_loss":0}],"is_beta":true,"boss_relics":[{"not_picked":["downfall:Hecktoplasm","Empty Cage"],"picked":"Fusion Hammer"},{"not_picked":["Philosopher\u0027s Stone","Pandora\u0027s Box"],"picked":"Snecko Eye"}],"items_purged_floors":[11,23],"is_endless":false,"potions_floor_spawned":[8,10,14,15,16,25,26,28,33,39,43,45,48,49,52],"ascension_level":1}}