{"host":"b0l902yh1rk3g5bq","time":1609173266,"event":{"mods":["AchievementEnabler","Act Like it!","Aspiration","BaseMod","Better Match","Better Sensory Stone","Better Skull","Better Third Choice","BetterRewards","Challenge The Spire","Colored Map","Colored Powertips","Conspire","Downfall","Energized Spire","GifTheSpireLib","Halation","Hubris","Infinite Spire","Minty Spire (QoL Compilation)","Quick Restart","Rare Cards Sparkle","Replay The Spire","StSLib","Stuff the Spire","Trackpad","Virulent Crown","Wandering Minibosses","egg","everything is the same but u backflip on backflip","vexMod"],"gold_per_floor":[99,119,106,106,118,35,35,62,81,81,93,104,133,43,54,151,151,151,151,151,151],"floor_reached":19,"playtime":1090,"items_purged":["Pain"],"score":179,"play_id":"611cd9cd-6c8a-41a1-83b9-125ba1697234","local_time":"20201228173426","is_ascension_mode":false,"campfire_choices":[{"data":"Slimebound:CorrosiveSpit","floor":1,"key":"SMITH"},{"floor":10,"key":"REST"},{"data":"Slimebound:DuplicatedForm","floor":18,"key":"SMITH"}],"circlet_count":0,"master_deck":["Slimebound:Strike_Slimebound","Slimebound:Strike_Slimebound","Slimebound:Strike_Slimebound","Slimebound:Tackle","Slimebound:Defend_Slimebound","Slimebound:Defend_Slimebound","Slimebound:Defend_Slimebound","Slimebound:Defend_Slimebound","Slimebound:Split+1","Slimebound:CorrosiveSpit+1","Slimebound:LeadByExample","Slimebound:RejuvenatingLick","Slimebound:LevelUp","Slimebound:RollThrough","Slimebound:SplitLeeching","Slimebound:DuplicatedForm+1"],"relics":["Slimebound:AbsorbEndCombat","WarpedTongs","Peace Pipe","vexMod:Dragonfruit"],"acts_visited":["Exordium","TheCity"],"potions_floor_usage":[],"damage_taken":[{"damage":9,"enemies":"2 Louse","floor":2,"turns":2},{"damage":23,"enemies":"infinitespire:Voidling","floor":3,"turns":7},{"damage":19,"enemies":"Small Slimes","floor":5,"turns":3},{"damage":20,"enemies":"downfall:FleeingMerchant","floor":6,"turns":4},{"damage":39,"enemies":"Replay:BlueRogue","floor":8,"turns":5},{"damage":28,"enemies":"Exordium Thugs","floor":9,"turns":3},{"damage":16,"enemies":"conspire:2 RoseBushes","floor":11,"turns":4},{"damage":18,"enemies":"Large Slime","floor":12,"turns":4},{"damage":22,"enemies":"Gremlin Nob","floor":13,"turns":4},{"damage":17,"enemies":"downfall:FleeingMerchant","floor":14,"turns":4},{"damage":12,"enemies":"Lots of Slimes","floor":15,"turns":3},{"damage":57,"enemies":"downfall:Silent","floor":16,"turns":9},{"damage":47,"enemies":"conspire:FuzzyDice","floor":19,"turns":2}],"seed_played":"-3501191258565958062","potions_obtained":[{"floor":8,"key":"SkillPotion"},{"floor":9,"key":"sneckomod:MuddlingPotion"},{"floor":11,"key":"Energy Potion"}],"is_trial":false,"path_per_floor":["R","M","M","?","M","$","T","E","M","R","M","M","E","$","M","B",null,"R","M"],"character_chosen":"SLIMEBOUND","items_purchased":["Slimebound:LevelUp"],"campfire_rested":1,"item_purchase_floors":[6],"current_hp_per_floor":[60,60,53,53,46,42,42,38,28,47,49,53,59,60,62,42,65,65,20,20,20],"gold":151,"neow_bonus":"UPGRADE_CARD","is_daily":false,"chose_seed":false,"campfire_upgraded":2,"win_rate":0.0,"timestamp":1609173266,"path_taken":["R","M","M","?","M","$","T","E","M","R","M","M","E","$","M","BOSS","R","M"],"items_purchased_type":["Card"],"build_version":"2020-12-22","purchased_purges":1,"victory":false,"max_hp_per_floor":[60,60,60,60,60,60,60,65,65,65,65,65,65,65,65,65,65,65,65,65,65],"card_choices":[{"not_picked":["Slimebound:PressTheAttack","Slimebound:Chomp","Slimebound:SplitLeeching"],"picked":"SKIP","floor":2},{"not_picked":["Slimebound:SplitMire","Slimebound:SlimeBrawl","Slimebound:BestDefense"],"picked":"SKIP","floor":3},{"not_picked":["Slimebound:LeechingTouch","Slimebound:GoopSpray"],"picked":"Slimebound:LeadByExample","floor":5},{"not_picked":["Slimebound:ViciousTackle","Slimebound:Gluttony"],"picked":"Slimebound:RejuvenatingLick","floor":6},{"not_picked":["Slimebound:GoopSpray","Slimebound:Prepare"],"picked":"Slimebound:RollThrough","floor":8},{"not_picked":["Slimebound:ViciousTackle","Slimebound:GrowthPunch"],"picked":"Slimebound:SplitLeeching","floor":9},{"not_picked":["Slimebound:ComboTackle","Slimebound:SplitLeeching","Slimebound:Schlurp"],"picked":"SKIP","floor":11},{"not_picked":["Slimebound:RainOfGoop","Slimebound:SlimeBarrage","Slimebound:FinishingTackle"],"picked":"SKIP","floor":12},{"not_picked":["Slimebound:Dissolve","Slimebound:SlimeTap","Slimebound:ComboTackle"],"picked":"SKIP","floor":13},{"not_picked":["Slimebound:GoopSpray","Slimebound:Repurpose","Slimebound:Overexert"],"picked":"SKIP","floor":14},{"not_picked":["Slimebound:LeadByExample","Slimebound:SplitMire","Slimebound:ComboTackle"],"picked":"SKIP","floor":15},{"not_picked":["Slimebound:OozeBath","Slimebound:Overexert"],"picked":"Slimebound:DuplicatedForm","floor":16}],"player_experience":600983,"relics_obtained":[{"floor":7,"key":"Peace Pipe"},{"floor":8,"key":"vexMod:Dragonfruit"}],"event_choices":[{"damage_healed":0,"gold_gain":0,"player_choice":"Rummage","damage_taken":0,"relics_obtained":["WarpedTongs"],"max_hp_gain":0,"max_hp_loss":0,"event_name":"Accursed Blacksmith","floor":4,"gold_loss":0,"cards_obtained":["Pain"]}],"is_beta":false,"boss_relics":[{"not_picked":["Coffee Dripper","Painkiller Herb","StuffTheSpire:ModemDavis"]}],"items_purged_floors":[14],"is_endless":false,"potions_floor_spawned":[8,9,11,15,16],"killed_by":"conspire:FuzzyDice","ascension_level":0}}