{"host":"e4hse1vg61zltgzv","time":1609148322,"event":{"mods":["AchievementEnabler","BaseMod","Block Reminder","Colored Map","DeckTracker","GifTheSpireLib","Minty Spire (QoL Compilation)","Rare Cards Sparkle","StSLib","SuperFastMode","everything is the same but u backflip on backflip"],"gold_per_floor":[110,129,129,54,54,54,54,70,70,70,126,48,60,72,72,149,149,167,117,17,18,31,31,31,31],"floor_reached":24,"playtime":1120,"items_purged":["Infinite Blades","Poisoned Stab"],"score":372,"play_id":"c481ab45-dc96-48c2-880b-411e2f4158bd","local_time":"20201228183842","is_ascension_mode":true,"campfire_choices":[{"data":"Phantasmal Killer","floor":6,"key":"SMITH"},{"data":"Bouncing Flask","floor":10,"key":"SMITH"},{"data":"Reflex","floor":15,"key":"SMITH"},{"data":"Venomology","floor":23,"key":"SMITH"}],"circlet_count":0,"master_deck":["AscendersBane","Survivor","Neutralize","Blur","Acrobatics","Bouncing Flask+1","Phantasmal Killer+1","Reflex+1","Adrenaline","PiercingWail","Backflip","Venomology+1"],"relics":["Pandora\u0027s Box","Paper Crane","Question Card","Empty Cage"],"acts_visited":["Exordium","TheCity"],"potions_floor_usage":[13,18,21,24,24],"damage_taken":[{"damage":4,"enemies":"2 Louse","floor":1,"turns":2},{"damage":0,"enemies":"Small Slimes","floor":2,"turns":2},{"damage":0,"enemies":"Cultist","floor":8,"turns":2},{"damage":26,"enemies":"Lagavulin Event","floor":11,"turns":4},{"damage":0,"enemies":"2 Fungi Beasts","floor":13,"turns":1},{"damage":2,"enemies":"Large Slime","floor":14,"turns":3},{"damage":6,"enemies":"Hexaghost","floor":16,"turns":7},{"damage":0,"enemies":"3 Byrds","floor":18,"turns":5},{"damage":20,"enemies":"2 Thieves","floor":21,"turns":4},{"damage":47,"enemies":"Centurion and Healer","floor":22,"turns":6},{"damage":57,"enemies":"Slavers","floor":24,"turns":4}],"seed_played":"-5239336464896232755","potions_obtained":[{"floor":1,"key":"Explosive Potion"},{"floor":2,"key":"FairyPotion"},{"floor":13,"key":"Energy Potion"},{"floor":22,"key":"Ancient Potion"}],"is_trial":false,"path_per_floor":["M","M","?","$","?","R","?","M","T","R","?","$","M","M","R","B",null,"M","?","$","M","M","R","E"],"character_chosen":"THE_SILENT","items_purchased":["Adrenaline"],"campfire_rested":0,"item_purchase_floors":[12],"current_hp_per_floor":[61,61,54,54,54,54,59,59,59,59,33,33,33,31,31,25,64,64,64,64,44,23,23,0,0],"gold":31,"neow_bonus":"TEN_PERCENT_HP_BONUS","is_daily":false,"chose_seed":false,"campfire_upgraded":4,"win_rate":0.0,"timestamp":1609148322,"path_taken":["M","M","?","$","?","R","?","M","T","R","?","$","M","M","R","BOSS","M","?","$","?","M","R","E"],"items_purchased_type":["Card"],"build_version":"2020-12-22","purchased_purges":2,"victory":false,"max_hp_per_floor":[72,72,72,72,72,72,77,77,77,77,77,77,77,77,77,77,77,77,77,77,77,77,77,77,77],"card_choices":[{"not_picked":["Dagger Throw","Blade Dance"],"picked":"Reflex","floor":1},{"not_picked":["Finisher","Deadly Poison","Prepared"],"picked":"SKIP","floor":2},{"not_picked":["Slice","Bouncing Flask","Quick Slash"],"picked":"SKIP","floor":8},{"not_picked":["Slice","Bouncing Flask","Quick Slash"],"picked":"SKIP","floor":8},{"not_picked":["Glass Knife","Deadly Poison","Finisher"],"picked":"PiercingWail","floor":13},{"not_picked":["Underhanded Strike","Dagger Spray","Leg Sweep"],"picked":"Backflip","floor":14},{"not_picked":["Envenom","Unload","Phantasmal Killer"],"picked":"Venomology","floor":16},{"not_picked":["Dodge and Roll","Quick Slash","Accuracy+1","Blade Dance"],"picked":"SKIP","floor":18},{"not_picked":["Deflect","Bane","Flying Knee","PiercingWail"],"picked":"SKIP","floor":21},{"not_picked":["Unload","Dodge and Roll","Blade Dance","Slice"],"picked":"SKIP","floor":22}],"player_experience":760814,"relics_obtained":[{"floor":9,"key":"Paper Crane"}],"event_choices":[{"cards_removed":["Outmaneuver"],"damage_healed":0,"gold_gain":0,"player_choice":"Card Removal","damage_taken":7,"max_hp_gain":0,"max_hp_loss":0,"event_name":"Golden Wing","floor":3,"gold_loss":0},{"cards_removed":["Blade Dance"],"damage_healed":0,"gold_gain":0,"player_choice":"Forget","damage_taken":0,"max_hp_gain":0,"max_hp_loss":0,"event_name":"Living Wall","floor":5,"gold_loss":0},{"damage_healed":0,"gold_gain":0,"player_choice":"Donut","damage_taken":0,"max_hp_gain":5,"max_hp_loss":0,"event_name":"Big Fish","floor":7,"gold_loss":0},{"damage_healed":0,"gold_gain":0,"player_choice":"Searched \u00272\u0027 times","damage_taken":0,"relics_obtained":["Question Card"],"max_hp_gain":0,"max_hp_loss":0,"event_name":"Dead Adventurer","floor":11,"gold_loss":0},{"damage_healed":0,"gold_gain":0,"player_choice":"Bet on Murderer","damage_taken":0,"max_hp_gain":0,"max_hp_loss":0,"event_name":"The Joust","floor":19,"gold_loss":50}],"is_beta":false,"boss_relics":[{"not_picked":["Ectoplasm","Coffee Dripper"],"picked":"Empty Cage"}],"items_purged_floors":[4,20],"is_endless":false,"potions_floor_spawned":[1,2,11,13,22],"killed_by":"Slavers","ascension_level":20}}