{"host":"6r3ioyv75hs1gp74","time":1609161181,"event":{"mods":["AchievementEnabler","BaseMod","Colored Map","Colored Powertips","Minty Spire (QoL Compilation)"],"gold_per_floor":[109,109,109,109,132,175,13,46,46,46,46,6,6,6,6,136,136,155,155,155,168,0,0,0,24,51,51,75,100,143,166,166,296,296,312,312,326,342,356,399,399,419,444,460,89,105,128,0,0,0,0],"floor_reached":50,"playtime":3674,"items_purged":["Defend_G","Strike_G"],"score":552,"play_id":"bab75a10-9176-49b7-a160-8fc0862677a1","local_time":"20201228131301","is_ascension_mode":false,"campfire_choices":[{"data":"Backstab","floor":10,"key":"SMITH"},{"floor":15,"key":"REST"},{"floor":23,"key":"REST"},{"floor":27,"key":"REST"},{"data":"Defend_G","floor":32,"key":"SMITH"},{"floor":41,"key":"REST"},{"data":"Neutralize","floor":49,"key":"SMITH"}],"circlet_count":0,"master_deck":["Strike_G","Strike_G","Strike_G","Defend_G+1","Defend_G","Defend_G+1","Defend_G","Survivor","Neutralize+1","Backstab+1","Corpse Explosion+1","Backstab","Flying Knee","Dash","Poisoned Stab","Caltrops","Regret","Corpse Explosion+1","Dagger Spray+1","Blade Dance+1","Underhanded Strike","Prepared+1","Blade Dance+1","Acrobatics+1","Dodge and Roll+1","Unload","Endless Agony","Flying Knee+1","Acrobatics+1","Poisoned Stab+1","Doppelganger+1","Blade Dance+1","Endless Agony+1"],"relics":["Ring of the Snake","Golden Idol","InkBottle","Toy Ornithopter","War Paint","Mercury Hourglass","Toxic Egg 2","Philosopher\u0027s Stone","Nilry\u0027s Codex","MutagenicStrength","MealTicket","Sundial","PreservedInsect","Anchor","WristBlade","Boot","Orichalcum","Centennial Puzzle","Red Mask"],"acts_visited":["Exordium","TheCity","TheBeyond"],"potions_floor_usage":[8,8,16,28,30,33,33,35,39,50,50],"damage_taken":[{"damage":4,"enemies":"2 Louse","floor":1,"turns":4},{"damage":0,"enemies":"Small Slimes","floor":5,"turns":3},{"damage":9,"enemies":"3 Sentries","floor":6,"turns":3},{"damage":8,"enemies":"Lagavulin","floor":8,"turns":5},{"damage":8,"enemies":"Slime Boss","floor":16,"turns":6},{"damage":4,"enemies":"Shell Parasite","floor":18,"turns":3},{"damage":11,"enemies":"2 Thieves","floor":21,"turns":3},{"damage":4,"enemies":"Cultist and Chosen","floor":25,"turns":2},{"damage":0,"enemies":"Snecko","floor":28,"turns":3},{"damage":21,"enemies":"Snake Plant","floor":29,"turns":3},{"damage":2,"enemies":"Slavers","floor":30,"turns":1},{"damage":0,"enemies":"Centurion and Healer","floor":31,"turns":2},{"damage":29,"enemies":"Collector","floor":33,"turns":7},{"damage":0,"enemies":"Orb Walker","floor":35,"turns":1},{"damage":0,"enemies":"3 Darklings","floor":37,"turns":2},{"damage":2,"enemies":"4 Shapes","floor":38,"turns":1},{"damage":24,"enemies":"Maw","floor":39,"turns":5},{"damage":0,"enemies":"Giant Head","floor":40,"turns":4},{"damage":0,"enemies":"Jaw Worm Horde","floor":42,"turns":1},{"damage":12,"enemies":"Transient","floor":44,"turns":5},{"damage":0,"enemies":"3 Darklings","floor":46,"turns":1},{"damage":0,"enemies":"Jaw Worm Horde","floor":47,"turns":1},{"damage":72,"enemies":"Donu and Deca","floor":50,"turns":5}],"seed_played":"-4740988376491197015","potions_obtained":[{"floor":1,"key":"CultistPotion"},{"floor":5,"key":"Block Potion"},{"floor":16,"key":"Explosive Potion"},{"floor":21,"key":"EssenceOfSteel"},{"floor":25,"key":"Swift Potion"},{"floor":30,"key":"Ancient Potion"},{"floor":33,"key":"SteroidPotion"},{"floor":35,"key":"Weak Potion"},{"floor":42,"key":"PowerPotion"},{"floor":47,"key":"SmokeBomb"}],"is_trial":false,"path_per_floor":["M","?","?","?","M","E","$","E","T","R","?","$","?","$","R","B",null,"M","?","?","M","$","R","T","M","T","R","M","M","E","M","R","B",null,"M","?","M","M","M","E","R","M","T","M","$","M","M","?","R","B"],"character_chosen":"THE_SILENT","items_purchased":["Dash","Strength Potion","Caltrops","MealTicket","Underhanded Strike","Centennial Puzzle","PowerPotion","LiquidBronze"],"campfire_rested":4,"item_purchase_floors":[7,7,12,22,22,45,45,45],"current_hp_per_floor":[73,71,64,64,64,55,55,57,57,57,57,57,57,57,71,63,71,67,51,51,40,40,61,61,57,57,71,71,50,53,53,53,34,71,71,71,71,69,50,50,71,71,71,59,71,71,71,71,71,0,0],"gold":0,"neow_bonus":"TEN_PERCENT_HP_BONUS","is_daily":false,"chose_seed":false,"campfire_upgraded":3,"win_rate":0.0,"timestamp":1609161181,"path_taken":["M","?","?","?","M","E","$","E","T","R","?","?","?","$","R","BOSS","M","?","?","M","$","R","?","M","T","R","M","M","E","M","R","BOSS","M","?","?","M","M","E","R","M","T","M","$","M","M","?","R","BOSS"],"items_purchased_type":["Card","Potion","Card","Relic","Card","Relic","Potion","Potion"],"build_version":"2020-12-22","purchased_purges":2,"victory":false,"max_hp_per_floor":[77,71,71,71,71,71,71,71,71,71,71,71,71,71,71,71,71,71,71,71,71,71,71,71,71,71,71,71,71,71,71,71,71,71,71,71,71,71,71,71,71,71,71,71,71,71,71,71,71,71,71],"card_choices":[{"not_picked":["Bane","Deadly Poison"],"picked":"Backstab","floor":1},{"not_picked":["Underhanded Strike","Slice"],"picked":"Backstab","floor":5},{"not_picked":["Heel Hook","Expertise"],"picked":"Flying Knee","floor":6},{"not_picked":["PiercingWail","Crippling Poison"],"picked":"Poisoned Stab","floor":8},{"not_picked":["Wraith Form v2","A Thousand Cuts"],"picked":"Corpse Explosion+1","floor":16},{"not_picked":["Underhanded Strike","Skewer+1"],"picked":"Dagger Spray+1","floor":18},{"not_picked":["Expertise+1","Leg Sweep+1"],"picked":"Blade Dance+1","floor":21},{"not_picked":["Deadly Poison+1","Tactician+1"],"picked":"Prepared+1","floor":25},{"not_picked":["Distraction+1","Riddle With Holes"],"picked":"Blade Dance+1","floor":28},{"not_picked":["Poisoned Stab+1","Acrobatics+1","Bane"],"picked":"SKIP","floor":29},{"not_picked":["Dagger Spray","Bullet Time+1"],"picked":"Acrobatics+1","floor":30},{"not_picked":["Bane","Masterful Stab"],"picked":"Dodge and Roll+1","floor":31},{"not_picked":["Corpse Explosion+1","Malaise+1"],"picked":"Unload","floor":33},{"not_picked":["Poisoned Stab","Caltrops+1"],"picked":"Endless Agony","floor":35},{"not_picked":["Escape Plan+1","Bane"],"picked":"Flying Knee+1","floor":37},{"not_picked":["Quick Slash","Outmaneuver+1","Distraction+1"],"picked":"SKIP","floor":38},{"not_picked":["Sucker Punch+1","Dagger Spray+1"],"picked":"Acrobatics+1","floor":39},{"not_picked":["Prepared+1","Backflip+1"],"picked":"Poisoned Stab+1","floor":40},{"not_picked":["Slice+1","Dodge and Roll+1"],"picked":"Doppelganger+1","floor":42},{"not_picked":["Choke","Deadly Poison+1"],"picked":"Blade Dance+1","floor":44},{"not_picked":["Footwork","Outmaneuver+1"],"picked":"Endless Agony+1","floor":46},{"not_picked":["Calculated Gamble+1","Deadly Poison+1","Choke+1"],"picked":"SKIP","floor":47}],"player_experience":21000,"relics_obtained":[{"floor":6,"key":"Toy Ornithopter"},{"floor":8,"key":"War Paint"},{"floor":9,"key":"Mercury Hourglass"},{"floor":19,"key":"Nilry\u0027s Codex"},{"floor":24,"key":"Sundial"},{"floor":26,"key":"PreservedInsect"},{"floor":30,"key":"Anchor"},{"floor":40,"key":"Boot"},{"floor":43,"key":"Orichalcum"}],"event_choices":[{"damage_healed":0,"gold_gain":0,"player_choice":"Lose Max HP","damage_taken":0,"relics_obtained":["Golden Idol"],"max_hp_gain":0,"max_hp_loss":6,"event_name":"Golden Idol","floor":2,"gold_loss":0},{"damage_healed":0,"gold_gain":0,"player_choice":"Success","damage_taken":7,"relics_obtained":["InkBottle"],"max_hp_gain":0,"max_hp_loss":0,"event_name":"Scrap Ooze","floor":3,"gold_loss":0},{"damage_healed":0,"gold_gain":0,"cards_transformed":["Strike_G"],"player_choice":"Change","damage_taken":0,"max_hp_gain":0,"max_hp_loss":0,"event_name":"Living Wall","floor":4,"gold_loss":0,"cards_obtained":["Corpse Explosion"]},{"damage_healed":0,"gold_gain":0,"player_choice":"Ignored","damage_taken":0,"max_hp_gain":0,"max_hp_loss":0,"event_name":"Liars Game","floor":11,"gold_loss":0},{"damage_healed":0,"gold_gain":0,"player_choice":"Box","damage_taken":0,"relics_obtained":["Toxic Egg 2"],"max_hp_gain":0,"max_hp_loss":0,"event_name":"Big Fish","floor":13,"gold_loss":0,"cards_obtained":["Regret"]},{"damage_healed":0,"gold_gain":0,"player_choice":"Obtained Book","damage_taken":16,"max_hp_gain":0,"max_hp_loss":0,"event_name":"Cursed Tome","floor":19,"gold_loss":0},{"damage_healed":0,"gold_gain":0,"player_choice":"Inject Mutagens","damage_taken":0,"relics_obtained":["MutagenicStrength"],"max_hp_gain":0,"max_hp_loss":0,"event_name":"Drug Dealer","floor":20,"gold_loss":0},{"damage_healed":0,"gold_gain":0,"player_choice":"Ignored","damage_taken":0,"max_hp_gain":0,"max_hp_loss":0,"event_name":"SecretPortal","floor":36,"gold_loss":0},{"damage_healed":0,"gold_gain":0,"player_choice":"Paid","damage_taken":0,"relics_obtained":["Red Mask"],"max_hp_gain":0,"max_hp_loss":0,"event_name":"Tomb of Lord Red Mask","floor":48,"gold_loss":128}],"is_beta":false,"boss_relics":[{"not_picked":["Coffee Dripper","Velvet Choker"],"picked":"Philosopher\u0027s Stone"},{"not_picked":["Tiny House","Black Star"],"picked":"WristBlade"}],"items_purged_floors":[7,45],"is_endless":false,"potions_floor_spawned":[1,5,16,21,25,30,33,35,42,47],"killed_by":"Donu and Deca","ascension_level":0}}