{"host":"8jwif9mna8ud19ho","time":1609134791,"event":{"mods":["BaseMod","Better Vampires","Lobotomy","Marisa£¨ìFÓê¡¡Ä§ÀíÉ³£©","Minty Spire (QoL Compilation)","Reimu£¨²©ÀöÁéÃÎ£©","RumiaBox-Â¶Ã×æ«µÄÉñÃØºÐ×Ó","StSLib","¡¾ÒÅÎï¿¨ÅÆ¡¿REMEMod"],"gold_per_floor":[114,39,59,59,59,59,75,106,106,106,106,106,31,31,31,102,102,122,107,107,7,7,7,26,26,108,108,108],"floor_reached":27,"playtime":852,"items_purged":["Strike_B","Strike_B"],"score":514,"play_id":"f2996eaf-8611-4d97-b7d2-f92b1c9260cb","local_time":"20201228135311","is_ascension_mode":true,"campfire_choices":[{"data":"ParadiseLost","floor":6.0,"key":"SMITH"},{"data":"ParadiseLost+1","floor":10.0,"key":"SMITH"},{"data":"ParadiseLost+2","floor":12.0,"key":"SMITH"},{"data":"ParadiseLost+3","floor":15.0,"key":"SMITH"},{"data":"ParadiseLost+4","floor":23,"key":"SMITH"},{"data":"ParadiseLost+5","floor":25,"key":"SMITH"}],"circlet_count":0,"master_deck":["AscendersBane","Defend_B","Defend_B","Defend_B","Defend_B","Zap","Dualcast","ParadiseLost+6","GalaxyChild","Ball Lightning","Coolheaded","UniverseFragment","Seek","Seek","MHz","Biased Cognition"],"relics":["FrozenCore","REME_ComplimentaryCards","CogitoBucket","Vajra","MagicDraw2","Theresia","Eternal Feather"],"acts_visited":["Exordium","TheCity"],"potions_floor_usage":[],"damage_taken":[{"damage":2.0,"enemies":"Cultist","floor":1.0,"turns":4.0},{"damage":21.0,"enemies":"Small Slimes","floor":3.0,"turns":3.0},{"damage":12.0,"enemies":"Jaw Worm","floor":7.0,"turns":3.0},{"damage":13.0,"enemies":"Lagavulin","floor":8.0,"turns":7.0},{"damage":0.0,"enemies":"The Guardian","floor":16.0,"turns":10.0},{"damage":7.0,"enemies":"3 Byrds","floor":18.0,"turns":5.0},{"damage":10,"enemies":"2 Thieves","floor":19,"turns":4},{"damage":7,"enemies":"Snecko","floor":24,"turns":6},{"damage":31,"enemies":"Book of Stabbing","floor":27,"turns":5}],"seed_played":"-1044240392420317543","potions_obtained":[{"floor":3.0,"key":"Dexterity Potion"},{"floor":8.0,"key":"Fire Potion"},{"floor":19,"key":"Dexterity Potion"},{"floor":22,"key":"CultistPotion"}],"is_trial":false,"path_per_floor":["M","?","M","$","?","R","M","E","T","R","?","R","$","?","R","B",null,"M","M","?","$","?","R","M","R","T","E"],"character_chosen":"DEFECT","items_purchased":[],"campfire_rested":0,"item_purchase_floors":[],"current_hp_per_floor":[62,62,41,41,41,41,29,16,16,16,16,16,16,16,16,16,57,50,40,40,40,40,40,33,33,33,2,2],"gold":108,"neow_bonus":"","is_daily":false,"chose_seed":false,"campfire_upgraded":6,"win_rate":0.0,"timestamp":1609134791,"path_taken":["M","?","M","$","?","R","M","E","T","R","?","R","$","?","R","BOSS","M","M","?","$","?","R","M","R","T","E"],"items_purchased_type":[],"build_version":"2020-12-22","purchased_purges":2,"victory":false,"max_hp_per_floor":[71,71,71,71,71,71,71,71,71,71,71,71,71,71,71,71,71,71,71,71,71,71,71,71,71,71,71,71],"card_choices":[{"not_picked":["BigBird","Wellcheers"],"picked":"GalaxyChild","floor":1.0},{"not_picked":["Hello World","Steam Power"],"picked":"Ball Lightning","floor":1.0},{"not_picked":["Turbo","Reprogram","Lockon"],"picked":"SKIP","floor":3.0},{"not_picked":["Beam Cell","Go for the Eyes"],"picked":"Coolheaded","floor":7.0},{"not_picked":["CherryBlossoms","MHz"],"picked":"UniverseFragment","floor":8.0},{"not_picked":["Steam Power","Ball Lightning","Double Energy"],"picked":"SKIP","floor":8.0},{"not_picked":["Creative AI","REME_ForAll"],"picked":"Seek","floor":16.0},{"not_picked":["Bloodbath","ShyLook"],"picked":"MHz","floor":18.0},{"not_picked":["Go for the Eyes","Coolheaded"],"picked":"Biased Cognition","floor":18.0},{"not_picked":["Compile Driver","Barrage","Sunder"],"picked":"SKIP","floor":19},{"not_picked":["Compile Driver","White Noise","Cold Snap"],"picked":"SKIP","floor":24}],"player_experience":1101088,"relics_obtained":[{"floor":8.0,"key":"Vajra"},{"floor":9.0,"key":"MagicDraw2"},{"floor":26,"key":"Eternal Feather"}],"event_choices":[{"cards_removed":["Strike_B"],"damage_healed":0.0,"max_hp_gain":0.0,"max_hp_loss":0.0,"gold_gain":0.0,"event_name":"The Cleric","player_choice":"Card Removal","floor":2.0,"gold_loss":75.0,"damage_taken":0.0},{"damage_healed":0.0,"max_hp_gain":0.0,"max_hp_loss":0.0,"gold_gain":0.0,"cards_transformed":["Strike_B"],"event_name":"Living Wall","player_choice":"Change","floor":11.0,"gold_loss":0.0,"damage_taken":0.0,"cards_obtained":["Seek"]},{"damage_healed":0.0,"max_hp_gain":0.0,"max_hp_loss":0.0,"gold_gain":0.0,"event_name":"Liars Game","player_choice":"Ignored","floor":14.0,"gold_loss":0.0,"damage_taken":0.0},{"damage_healed":0,"gold_gain":0,"player_choice":"Got Potions","damage_taken":0,"max_hp_gain":0,"max_hp_loss":0,"event_name":"Lab","floor":22,"gold_loss":0}],"is_beta":false,"boss_relics":[{"not_picked":["Busted Crown","Snecko Eye"],"picked":"FrozenCore"}],"items_purged_floors":[13,21],"is_endless":false,"potions_floor_spawned":[3,8,19,24],"killed_by":"Book of Stabbing","ascension_level":20}}