{"host":"3zqlgdr138v4qupe","time":1609166282,"event":{"mods":["BaseMod","Hermit","Minty Spire (QoL Compilation)","StSLib","The Cursed","The Poker Player"],"gold_per_floor":[112,126,76,76,86,86,120,120,170,190,8,18,32,207,207,308,308,324,336,336,355,367,367,400,400,400,435,435,453,453,486,486,581,581,591,611,611,384,437,465,465,492,492,504,504,804,170,188,188,188],"floor_reached":51,"playtime":5826,"items_purged":["PokerPlayerMod:Fold","PokerPlayerMod:Club1"],"score":815,"play_id":"09b1e01a-e5d4-4bb2-a741-922baa89783f","local_time":"20201228233802","is_ascension_mode":false,"metric_token":414,"campfire_choices":[{"data":"PokerPlayerMod:Diamond2","floor":6,"key":"SMITH"},{"data":"PokerPlayerMod:DiamondStrike","floor":8,"key":"SMITH"},{"data":"Apotheosis","floor":15,"key":"SMITH"},{"data":"PokerPlayerMod:Spade3","floor":23,"key":"SMITH"},{"data":"PokerPlayerMod:Diamond3","floor":25,"key":"SMITH"},{"data":"PokerPlayerMod:ClubShade","floor":28,"key":"SMITH"},{"data":"PokerPlayerMod:Diamond3","floor":32,"key":"SMITH"},{"data":"PokerPlayerMod:Club7","floor":41,"key":"SMITH"},{"data":"PokerPlayerMod:Diamond7","floor":45,"key":"SMITH"},{"data":"PokerPlayerMod:Spade1","floor":49,"key":"SMITH"}],"circlet_count":0,"master_deck":["PokerPlayerMod:Diamond4","PokerPlayerMod:Diamond4","PokerPlayerMod:Diamond4","PokerPlayerMod:Diamond5","PokerPlayerMod:Spade2","PokerPlayerMod:Spade2","PokerPlayerMod:Spade4","PokerPlayerMod:Spade4","PokerPlayerMod:Club2","PokerPlayerMod:Heart2","PokerPlayerMod:TrumpStrike","PokerPlayerMod:BadJoker","PokerPlayerMod:Mulligan","PokerPlayerMod:Raise","PokerPlayerMod:Raise","PokerPlayerMod:Mulligan","PokerPlayerMod:HiddenCard","PokerPlayerMod:DiamondStrike+1","PokerPlayerMod:Spade4","Apotheosis+1","PokerPlayerMod:Raise","PokerPlayerMod:Fold","Doubt","PokerPlayerMod:Diamond8","PokerPlayerMod:Club8","PokerPlayerMod:Club8","PokerPlayerMod:MagicTrick+1","PokerPlayerMod:Heart4","PokerPlayerMod:Diamond5","PokerPlayerMod:ClubShade+1","PokerPlayerMod:ClubShade","PokerPlayerMod:GamblerForm","PokerPlayerMod:Diamond8","PokerPlayerMod:JackOfSpades+1","PokerPlayerMod:Diamond9","PokerPlayerMod:Diamond10+"],"relics":["PokerPlayerMod:DeckCase","NeowsBlessing","Happy Flower","Potion Belt","Coffee Dripper","PreservedInsect","Ancient Tea Set","Molten Egg 2","MealTicket","Nilry\u0027s Codex","Eternal Feather","Busted Crown","PokerPlayerMod:PendantOfEscape","PokerPlayerMod:StuffedPocket","Bronze Scales","Ginger","Frozen Egg 2","Cauldron"],"acts_visited":["Exordium","TheCity","TheBeyond"],"potions_floor_usage":[16,16,24,24,29,33,33,50,50,50,50,50,50,50,50,50],"damage_taken":[{"damage":0,"enemies":"2 Louse","floor":1,"turns":1},{"damage":0,"enemies":"Jaw Worm","floor":2,"turns":1},{"damage":0,"enemies":"Cultist","floor":5,"turns":1},{"damage":9,"enemies":"3 Sentries","floor":7,"turns":6},{"damage":8,"enemies":"Exordium Wildlife","floor":10,"turns":3},{"damage":2,"enemies":"2 Fungi Beasts","floor":12,"turns":4},{"damage":0,"enemies":"Blue Slaver","floor":13,"turns":2},{"damage":40,"enemies":"Hexaghost","floor":16,"turns":9},{"damage":0,"enemies":"3 Byrds","floor":18,"turns":3},{"damage":4,"enemies":"Chosen","floor":19,"turns":3},{"damage":10,"enemies":"Sentry and Sphere","floor":21,"turns":3},{"damage":10,"enemies":"Centurion and Healer","floor":22,"turns":3},{"damage":5,"enemies":"Book of Stabbing","floor":24,"turns":4},{"damage":0,"enemies":"Gremlin Leader","floor":27,"turns":3},{"damage":21,"enemies":"Shelled Parasite and Fungi","floor":29,"turns":4},{"damage":0,"enemies":"Slavers","floor":31,"turns":2},{"damage":30,"enemies":"Champ","floor":33,"turns":7},{"damage":21,"enemies":"3 Darklings","floor":35,"turns":3},{"damage":0,"enemies":"Orb Walker","floor":36,"turns":3},{"damage":40,"enemies":"2 Orb Walkers","floor":39,"turns":3},{"damage":29,"enemies":"Giant Head","floor":40,"turns":7},{"damage":18,"enemies":"Reptomancer","floor":42,"turns":4},{"damage":0,"enemies":"Spire Growth","floor":44,"turns":3},{"damage":0,"enemies":"Jaw Worm Horde","floor":48,"turns":2},{"damage":56,"enemies":"Awakened One","floor":50,"turns":8}],"seed_played":"-1825077142280102852","potions_obtained":[{"floor":1,"key":"Regen Potion"},{"floor":2,"key":"Regen Potion"},{"floor":7,"key":"LiquidMemories"},{"floor":12,"key":"Fire Potion"},{"floor":21,"key":"SkillPotion"},{"floor":22,"key":"CultistPotion"},{"floor":27,"key":"LiquidMemories"},{"floor":42,"key":"Weak Potion"},{"floor":44,"key":"Explosive Potion"},{"floor":47,"key":"BlessingOfTheForge"},{"floor":47,"key":"BlessingOfTheForge"},{"floor":47,"key":"AttackPotion"},{"floor":47,"key":"Weak Potion"}],"is_trial":false,"path_per_floor":["M","M","?","?","M","R","E","R","T","M","$","M","M","?","R","B",null,"M","M","?","M","M","R","E","R","T","E","R","M","?","E","R","B",null,"M","M","?","$","?","E","R","E","T","M","R","?","$","M","R","B",null],"character_chosen":"THE_POKER_PLAYER","items_purchased":["Apotheosis","PokerPlayerMod:PendantOfEscape","PokerPlayerMod:Diamond9","PokerPlayerMod:Diamond10+","Cauldron","EntropicBrew"],"campfire_rested":0,"item_purchase_floors":[11,38,47,47,47,47],"current_hp_per_floor":[52,52,52,52,52,52,46,46,46,38,38,44,50,50,50,43,52,52,48,48,41,31,31,36,36,36,52,52,44,28,28,46,37,52,31,51,51,52,32,10,31,23,23,23,44,44,52,52,52,35],"gold":188,"neow_bonus":"THREE_ENEMY_KILL","is_daily":false,"chose_seed":false,"campfire_upgraded":10,"win_rate":0.0,"timestamp":1609166282,"path_taken":["M","M","?","?","?","R","E","R","T","M","$","M","M","?","R","BOSS","M","M","?","M","M","R","E","R","T","E","R","M","?","E","R","BOSS","M","M","?","$","?","E","R","E","T","M","R","?","$","M","R","BOSS"],"items_purchased_type":["Card","Relic","Card","Undefined","Relic","Potion"],"build_version":"2020-12-22","purchased_purges":2,"victory":true,"max_hp_per_floor":[52,52,52,52,52,52,52,52,52,52,52,52,52,52,52,52,52,52,52,52,52,52,52,52,52,52,52,52,52,52,52,52,52,52,52,52,52,52,52,52,52,52,52,52,52,52,52,52,52,52],"card_choices":[{"not_picked":["PokerPlayerMod:Spade1","PokerPlayerMod:Trickery"],"picked":"PokerPlayerMod:Fold","floor":1},{"not_picked":["PokerPlayerMod:Configure","PokerPlayerMod:CardBurn"],"picked":"PokerPlayerMod:Raise","floor":2},{"not_picked":["PokerPlayerMod:Diamond2","PokerPlayerMod:Fold"],"picked":"PokerPlayerMod:HiddenCard","floor":5},{"not_picked":["PokerPlayerMod:Club1","PokerPlayerMod:Diamond2"],"picked":"PokerPlayerMod:DiamondStrike","floor":7},{"not_picked":["PokerPlayerMod:SecondChance","PokerPlayerMod:Spade3"],"picked":"PokerPlayerMod:Spade4","floor":10},{"not_picked":["PokerPlayerMod:SpadeStrike","PokerPlayerMod:Extraction"],"picked":"PokerPlayerMod:Raise","floor":12},{"not_picked":["PokerPlayerMod:Diamond9","PokerPlayerMod:ClubShade"],"picked":"PokerPlayerMod:Fold","floor":13},{"not_picked":["PokerPlayerMod:WildCard","PokerPlayerMod:VarietyAttack"],"picked":"PokerPlayerMod:Diamond7","floor":16},{"not_picked":["PokerPlayerMod:Sharpen","PokerPlayerMod:Harden"],"picked":"PokerPlayerMod:Club8","floor":18},{"not_picked":["PokerPlayerMod:Diamond1","PokerPlayerMod:DiamondStrike"],"picked":"PokerPlayerMod:Club7","floor":19},{"not_picked":["PokerPlayerMod:CardBurn+1","PokerPlayerMod:DiamondStrike"],"picked":"PokerPlayerMod:MagicTrick+1","floor":21},{"not_picked":["PokerPlayerMod:CloakAndDiamond","PokerPlayerMod:Spade4"],"picked":"PokerPlayerMod:Heart4","floor":22},{"not_picked":["PokerPlayerMod:Heart1","PokerPlayerMod:Heart2"],"picked":"PokerPlayerMod:Diamond5","floor":24},{"not_picked":["PokerPlayerMod:Diamond5","PokerPlayerMod:Club2"],"picked":"PokerPlayerMod:ClubShade","floor":27},{"not_picked":["PokerPlayerMod:Club1","PokerPlayerMod:Diamond5","PokerPlayerMod:ClubStrike+1"],"picked":"SKIP","floor":29},{"not_picked":["PokerPlayerMod:Duplicate","PokerPlayerMod:Diamond5"],"picked":"PokerPlayerMod:ClubShade","floor":31},{"not_picked":["PokerPlayerMod:SecretDealer","PokerPlayerMod:RoyalStrike+1"],"picked":"PokerPlayerMod:GamblerForm","floor":33},{"not_picked":[],"picked":"PokerPlayerMod:Diamond8","floor":35},{"not_picked":["PokerPlayerMod:Club3"],"picked":"SKIP","floor":36},{"not_picked":[],"picked":"PokerPlayerMod:JackOfSpades+1","floor":39},{"not_picked":["PokerPlayerMod:Diamond2"],"picked":"SKIP","floor":40},{"not_picked":["PokerPlayerMod:TheDieIsCast"],"picked":"SKIP","floor":42},{"not_picked":["PokerPlayerMod:Spade3"],"picked":"SKIP","floor":44},{"not_picked":["PokerPlayerMod:SpadeStrike+1"],"picked":"SKIP","floor":48}],"player_experience":1971,"relics_obtained":[{"floor":7,"key":"Happy Flower"},{"floor":9,"key":"Potion Belt"},{"floor":24,"key":"Ancient Tea Set"},{"floor":26,"key":"Molten Egg 2"},{"floor":27,"key":"MealTicket"},{"floor":30,"key":"Nilry\u0027s Codex"},{"floor":31,"key":"Eternal Feather"},{"floor":39,"key":"PokerPlayerMod:StuffedPocket"},{"floor":40,"key":"Bronze Scales"},{"floor":42,"key":"Ginger"},{"floor":43,"key":"Frozen Egg 2"}],"event_choices":[{"cards_removed":["PokerPlayerMod:Diamond1"],"damage_healed":0,"gold_gain":0,"player_choice":"Card Removal","damage_taken":0,"max_hp_gain":0,"max_hp_loss":0,"event_name":"The Cleric","floor":3,"gold_loss":50},{"damage_healed":0,"gold_gain":0,"player_choice":"2 cards matched","damage_taken":0,"max_hp_gain":0,"max_hp_loss":0,"event_name":"Match and Keep!","floor":4,"gold_loss":0,"cards_obtained":["PokerPlayerMod:Raise","PokerPlayerMod:Mulligan"]},{"damage_healed":0,"gold_gain":175,"player_choice":"AGREE","damage_taken":0,"max_hp_gain":0,"max_hp_loss":0,"event_name":"Liars Game","floor":14,"gold_loss":0,"cards_obtained":["Doubt"]},{"damage_healed":0,"gold_gain":0,"player_choice":"Opened","damage_taken":0,"relics_obtained":["PreservedInsect"],"max_hp_gain":0,"max_hp_loss":0,"event_name":"The Mausoleum","floor":20,"gold_loss":0},{"damage_healed":0,"gold_gain":0,"player_choice":"Obtained Book","damage_taken":16,"max_hp_gain":0,"max_hp_loss":0,"event_name":"Cursed Tome","floor":30,"gold_loss":0},{"damage_healed":0,"gold_gain":0,"player_choice":"Ignored","damage_taken":0,"max_hp_gain":0,"max_hp_loss":0,"event_name":"Tomb of Lord Red Mask","floor":37,"gold_loss":0},{"damage_healed":0,"gold_gain":0,"player_choice":"Fight","damage_taken":0,"max_hp_gain":0,"max_hp_loss":0,"event_name":"Mysterious Sphere","floor":39,"gold_loss":0},{"damage_healed":0,"gold_gain":300,"player_choice":"Gold","damage_taken":0,"max_hp_gain":0,"max_hp_loss":0,"event_name":"Wheel of Change","floor":46,"gold_loss":0}],"is_beta":false,"boss_relics":[{"not_picked":["Fusion Hammer","Cursed Key"],"picked":"Coffee Dripper"},{"not_picked":["Runic Dome","Astrolabe"],"picked":"Busted Crown"}],"items_purged_floors":[38,47],"is_endless":false,"potions_floor_spawned":[1,2,7,12,21,22,27,42,44,48],"ascension_level":0}}