{"host":"bc298c4gavna5tx2","time":1609167024,"event":{"mods":["ATMod(°¢èªMod)","Act Like it!","BaseMod","Challenge The Spire","Minty Spire (QoL Compilation)","Quick Restart","Spicy Shops","StSLib","¡¾¹¦ÄÜMod¡¿»ìãçÖ®»·ÐÞ¸´²¹¶¡","¡¾ÒÅÎï¿¨ÅÆ¡¿REMEMod"],"gold_per_floor":[113,288,288,68,68,99,99,142,177,207,219,219],"floor_reached":11,"playtime":272,"items_purged":["Defend_B"],"score":181,"play_id":"899ac3b6-fc7c-4fdc-addd-022bfb416a3e","local_time":"20201228225024","is_ascension_mode":true,"campfire_choices":[],"circlet_count":0,"master_deck":["Strike_B","Strike_B","Strike_B","Defend_B","Defend_B","Defend_B","Zap","Dualcast","AT_WaterDrop","AT_WaterDrop","Doubt","White Noise","Machine Learning","AT_RobotInSpace"],"relics":["Cracked Core","REME_ComplimentaryCards","AT_ATBox","NeowsBlessing","AT_ArchangelStaff","Golden Idol","Regal Pillow","Girya","MawBank","AT_SpeedBoots"],"acts_visited":["Exordium"],"potions_floor_usage":[11],"damage_taken":[{"damage":0,"enemies":"Jaw Worm","floor":1,"turns":1},{"damage":0,"enemies":"Lagavulin","floor":6,"turns":1},{"damage":0,"enemies":"Gremlin Nob","floor":8,"turns":1},{"damage":8,"enemies":"2 Louse","floor":10,"turns":5},{"damage":10,"enemies":"3 Sentries","floor":11,"turns":2}],"seed_played":"-6016181467987290621","potions_obtained":[{"floor":6,"key":"Block Potion"},{"floor":8,"key":"FearPotion"},{"floor":10,"key":"Fire Potion"}],"is_trial":false,"path_per_floor":["M","?","?","$","?","E","T","E","T","M","E"],"character_chosen":"DEFECT","items_purchased":["AT_ArchangelStaff"],"campfire_rested":0,"item_purchase_floors":[4],"current_hp_per_floor":[68,68,61,61,43,43,43,43,43,35,25,25],"gold":219,"neow_bonus":"THREE_ENEMY_KILL","is_daily":false,"chose_seed":false,"campfire_upgraded":0,"win_rate":0.0,"timestamp":1609167024,"path_taken":["M","?","?","?","?","E","?","E","T","M","E"],"items_purchased_type":["Relic"],"build_version":"2020-12-22","purchased_purges":1,"victory":false,"max_hp_per_floor":[75,75,75,75,75,75,75,75,75,75,75,75],"card_choices":[{"not_picked":["AT_WarpDrive","Skim","Sunder"],"picked":"SKIP","floor":1},{"not_picked":["Sweeping Beam","AT_RightCognition"],"picked":"White Noise","floor":6},{"not_picked":["Beam Cell","Gash"],"picked":"Machine Learning","floor":8},{"not_picked":["Tempest","Sunder"],"picked":"AT_RobotInSpace","floor":10}],"player_experience":69388,"relics_obtained":[{"floor":6,"key":"Regal Pillow"},{"floor":7,"key":"Girya"},{"floor":8,"key":"MawBank"},{"floor":9,"key":"AT_SpeedBoots"}],"event_choices":[{"damage_healed":0,"gold_gain":175,"player_choice":"AGREE","damage_taken":0,"max_hp_gain":0,"max_hp_loss":0,"event_name":"Liars Game","floor":2,"gold_loss":0,"cards_obtained":["Doubt"]},{"cards_removed":["Strike_B"],"damage_healed":0,"gold_gain":0,"player_choice":"Card Removal","damage_taken":7,"max_hp_gain":0,"max_hp_loss":0,"event_name":"Golden Wing","floor":3,"gold_loss":0},{"damage_healed":0,"gold_gain":0,"player_choice":"Take Damage","damage_taken":18,"relics_obtained":["Golden Idol"],"max_hp_gain":0,"max_hp_loss":0,"event_name":"Golden Idol","floor":5,"gold_loss":0}],"is_beta":false,"boss_relics":[],"items_purged_floors":[4],"is_endless":false,"potions_floor_spawned":[6,8,10],"killed_by":"3 Sentries","ascension_level":8}}