{"host":"5bdt6s51dmpd4l3v","time":1609122602,"event":{"mods":["AchievementEnabler","BaseMod","Colored Map","Colored Powertips","Highlight Path","Minty Spire (QoL Compilation)","Quick Restart","Rare Cards Sparkle","StSLib"],"gold_per_floor":[116,189,339,21,70,100,100,119,119,119,119,136,136,151,151,222,222,233,283,15,15,32,32,32,32],"floor_reached":24,"playtime":389,"items_purged":[],"score":412,"play_id":"a6263d7c-df19-4195-aa23-7f1f2034a90c","local_time":"20201228103002","is_ascension_mode":true,"campfire_choices":[{"data":"Warcry","floor":7.0,"key":"SMITH"},{"data":"Infernal Blade","floor":11.0,"key":"SMITH"},{"data":"Pommel Strike","floor":13.0,"key":"SMITH"},{"data":"Bash","floor":15.0,"key":"SMITH"},{"data":"Flex","floor":23,"key":"SMITH"}],"circlet_count":0,"master_deck":["AscendersBane","Strike_R","Strike_R","Strike_R","Strike_R","Strike_R","Defend_R","Defend_R","Defend_R","Defend_R","Bash+1","Clash","Doubt","Warcry+1","Infernal Blade+1","Pommel Strike+1","Feed","Flex+1","Sword Boomerang+1","Clothesline+1"],"relics":["Burning Blood","NeowsBlessing","Du-Vu Doll","Anchor","Pen Nib","Vajra","Cursed Key","Molten Egg 2"],"acts_visited":["Exordium","TheCity"],"potions_floor_usage":[22],"damage_taken":[{"damage":0.0,"enemies":"Cultist","floor":1.0,"turns":1.0},{"damage":0.0,"enemies":"Lagavulin","floor":6.0,"turns":1.0},{"damage":0.0,"enemies":"Small Slimes","floor":8.0,"turns":1.0},{"damage":0.0,"enemies":"Jaw Worm","floor":12.0,"turns":2.0},{"damage":3.0,"enemies":"Blue Slaver","floor":14.0,"turns":2.0},{"damage":70.0,"enemies":"Hexaghost","floor":16.0,"turns":8.0},{"damage":13.0,"enemies":"2 Thieves","floor":18.0,"turns":4.0},{"damage":15,"enemies":"Shell Parasite","floor":22,"turns":3},{"damage":52,"enemies":"Slavers","floor":24,"turns":4}],"seed_played":"997039745252727945","potions_obtained":[{"floor":6.0,"key":"EssenceOfSteel"},{"floor":12.0,"key":"Energy Potion"}],"is_trial":false,"path_per_floor":["M","?","?","$","T","E","R","M","T","?","R","M","R","M","R","B",null,"M","?","$","?","M","R","E"],"character_chosen":"IRONCLAD","items_purchased":["Du-Vu Doll","Molten Egg 2"],"campfire_rested":0,"item_purchase_floors":[4,20],"current_hp_per_floor":[74,74,74,74,74,75,75,75,75,75,75,75,75,75,75,11,59,52,52,52,52,43,43,0,0],"gold":32,"neow_bonus":"THREE_ENEMY_KILL","is_daily":false,"chose_seed":false,"campfire_upgraded":5,"win_rate":0.0,"timestamp":1609122602,"path_taken":["M","?","?","?","?","E","R","M","T","?","R","M","R","?","R","BOSS","M","?","$","?","M","R","E"],"items_purchased_type":["Relic","Relic"],"build_version":"2020-12-22","purchased_purges":0,"victory":false,"max_hp_per_floor":[75,75,75,75,75,75,75,75,75,75,75,75,75,75,75,75,75,75,75,75,75,75,75,78,78],"card_choices":[{"not_picked":["Disarm","Dark Embrace"],"picked":"Clash","floor":1.0},{"not_picked":["Headbutt","Combust"],"picked":"Warcry","floor":6.0},{"not_picked":["Perfected Strike","Cleave"],"picked":"Infernal Blade","floor":8.0},{"not_picked":["Thunderclap","Clothesline"],"picked":"Pommel Strike","floor":12.0},{"not_picked":["Thunderclap","True Grit","Clash"],"picked":"SKIP","floor":14.0},{"not_picked":["Juggernaut","Immolate"],"picked":"Feed","floor":16.0},{"not_picked":["Clothesline","Uppercut"],"picked":"Flex","floor":18.0},{"not_picked":["Flex","Searing Blow+1"],"picked":"Clothesline+1","floor":22}],"player_experience":267925,"relics_obtained":[{"floor":5.0,"key":"Anchor"},{"floor":6.0,"key":"Pen Nib"},{"floor":9.0,"key":"Vajra"}],"event_choices":[{"damage_healed":0.0,"max_hp_gain":0.0,"max_hp_loss":0.0,"gold_gain":73.0,"event_name":"Golden Wing","player_choice":"Gained Gold","floor":2.0,"gold_loss":0.0,"damage_taken":0.0},{"damage_healed":0.0,"max_hp_gain":0.0,"max_hp_loss":0.0,"gold_gain":150.0,"event_name":"Liars Game","player_choice":"AGREE","floor":3.0,"gold_loss":0.0,"damage_taken":0.0,"cards_obtained":["Doubt"]},{"damage_healed":0.0,"max_hp_gain":0.0,"max_hp_loss":0.0,"gold_gain":0.0,"event_name":"The Cleric","player_choice":"Leave","floor":10.0,"gold_loss":0.0,"damage_taken":0.0},{"damage_healed":0.0,"max_hp_gain":0.0,"max_hp_loss":0.0,"gold_gain":50.0,"event_name":"Nest","player_choice":"Stole From Cult","floor":19.0,"gold_loss":0.0,"damage_taken":0.0},{"damage_healed":0,"gold_gain":0,"player_choice":"Read","damage_taken":0,"max_hp_gain":0,"max_hp_loss":0,"event_name":"The Library","floor":21,"gold_loss":0,"cards_obtained":["Sword Boomerang"]}],"is_beta":false,"boss_relics":[{"not_picked":["Busted Crown","Runic Cube"],"picked":"Cursed Key"}],"items_purged_floors":[],"is_endless":false,"potions_floor_spawned":[6,12],"killed_by":"Slavers","ascension_level":18}}