{"host":"28bpuzdckreop5i0","time":1609166858,"event":{"mods":["Act Like it!","Aspiration","BaseMod","Beaked The Cultist","Best Route Mod","BetterRewards","Challenge The Spire","Conspire","Defuse TimeMaze Blight","Downfall","Energized Spire","GifTheSpireLib","Googly Eyes","Hubris","Infinite Spire","Lobotomy","Mimic Mod","Minty Spire (QoL Compilation)","Relic Stats","Shop Mod","Spicy Shops","StSLib","Stuff the Spire","The Awakened One except there are too many feathers","The Construct","The Cursed","The Disciple","The Hierophant","The IronCluck","The Jungle","Thieving Mod","Transform Curses","Wandering Minibosses","slay the spire mod where everything is the same but ironclad has a cowboy hat"],"gold_per_floor":[11,11,11,31,47,47,64,64,134,134,134,59,59,70,70,173,173,184,124,9,9,9,35,35,35,35],"floor_reached":25,"playtime":1102,"items_purged":["Regret"],"score":207,"play_id":"ed3dea60-6f56-4500-9874-8a4922832309","local_time":"20201228084738","is_ascension_mode":false,"campfire_choices":[{"data":"construct:LaserCore","floor":6,"key":"SMITH"},{"data":"construct:DefenseMode","floor":8,"key":"SMITH"},{"floor":11,"key":"REST"},{"data":"construct:PointDefense","floor":13,"key":"SMITH"},{"data":"Mayhem","floor":15,"key":"SMITH"},{"floor":24,"key":"REST"}],"circlet_count":0,"master_deck":["construct:Strike_Gold","construct:Strike_Gold","construct:Strike_Gold","construct:Strike_Gold","construct:Strike_Gold","construct:Defend_Gold","construct:Defend_Gold","construct:Defend_Gold","construct:Defend_Gold","construct:Defend_Gold","construct:AttackMode","construct:DefenseMode+1","Mayhem+1","construct:LaserCore+1","construct:PointDefense+1","construct:Autoturret","construct:Autoturret","construct:PointDefense","infinitespire:NeuralNetwork","construct:Disrupt"],"relics":["construct:Cogwheel","StuffTheSpire:RedRose","infinitespire:WardingShard","StuffTheSpire:OldFever"],"acts_visited":["Exordium","TheCity"],"potions_floor_usage":[18,19],"damage_taken":[{"damage":5,"enemies":"Cultist","floor":1,"turns":5},{"damage":6,"enemies":"Small Slimes","floor":4,"turns":7},{"damage":7,"enemies":"Jaw Worm","floor":5,"turns":4},{"damage":13,"enemies":"Blue Slaver","floor":7,"turns":5},{"damage":6,"enemies":"3 Louse","floor":14,"turns":5},{"damage":39,"enemies":"The Guardian","floor":16,"turns":13},{"damage":13,"enemies":"Chosen","floor":18,"turns":10},{"damage":18,"enemies":"2 Thieves","floor":19,"turns":4},{"damage":31,"enemies":"Book of Stabbing","floor":23,"turns":7},{"damage":37,"enemies":"Gremlin Leader","floor":25,"turns":4}],"seed_played":"-2971706166477936823","potions_obtained":[{"floor":5,"key":"SneckoOil"},{"floor":18,"key":"Swift Potion"}],"is_trial":false,"path_per_floor":["M","$","?","M","M","R","M","R","T","?","R","$","R","M","R","B",null,"M","M","$","?","?","E","R","E"],"character_chosen":"THE_CONSTRUCT_MOD","items_purchased":["construct:PointDefense","construct:PointDefense"],"campfire_rested":2,"item_purchase_floors":[12,20],"current_hp_per_floor":[80,80,80,74,67,67,54,54,54,54,79,79,79,73,73,34,85,72,54,54,54,32,1,26,0,0],"gold":35,"neow_bonus":"RANDOM_COLORLESS_2","is_daily":false,"chose_seed":false,"campfire_upgraded":4,"win_rate":0.0,"timestamp":1609166858,"path_taken":["M","$","?","M","M","R","M","R","T","?","R","$","R","M","R","BOSS","M","M","$","?","?","E","R","E"],"items_purchased_type":["Card","Card"],"build_version":"2020-12-22","purchased_purges":1,"victory":false,"max_hp_per_floor":[85,85,85,85,85,85,85,85,85,85,85,85,85,85,85,85,85,85,85,85,85,85,85,85,85,85],"relic_stats":{"counters":[10,64],"obtain_stats":[{"infinitespire:WardingShard":9,"construct:Cogwheel":0,"StuffTheSpire:RedRose":3,"StuffTheSpire:OldFever":23},{"infinitespire:WardingShard":4,"construct:Cogwheel":0,"StuffTheSpire:RedRose":1,"StuffTheSpire:OldFever":9},{"infinitespire:WardingShard":21,"construct:Cogwheel":0,"StuffTheSpire:RedRose":5,"StuffTheSpire:OldFever":60}]},"card_choices":[{"not_picked":["Chrysalis","HandOfGreed"],"picked":"Mayhem","floor":0},{"not_picked":["construct:Forcefield","construct:SaveState"],"picked":"construct:LaserCore","floor":1},{"not_picked":["construct:Anticipate","construct:Forcefield","construct:SyphonStrike"],"picked":"SKIP","floor":4},{"not_picked":["construct:Backfire","construct:ShiftStrike","construct:Anticipate"],"picked":"SKIP","floor":5},{"not_picked":["construct:OmegaCannon","construct:Impenetrable","construct:Backfire"],"picked":"SKIP","floor":7},{"not_picked":["construct:Antimatter","construct:FierceBash","construct:Accumulate"],"picked":"SKIP","floor":14},{"not_picked":["construct:PointDefense","construct:Anticipate"],"picked":"construct:Autoturret","floor":18},{"not_picked":["construct:Anticipate+1","construct:ScrapCannon"],"picked":"construct:Autoturret","floor":19},{"not_picked":["infinitespire:Gouge","infinitespire:Starlight"],"picked":"infinitespire:NeuralNetwork","floor":22},{"not_picked":["construct:SweepLaser","construct:ModeShift"],"picked":"construct:Disrupt","floor":23}],"player_experience":904723,"relics_obtained":[{"floor":9,"key":"infinitespire:WardingShard"},{"floor":23,"key":"StuffTheSpire:OldFever"}],"event_choices":[{"damage_healed":0,"gold_gain":0,"player_choice":"Ignored","damage_taken":0,"max_hp_gain":0,"max_hp_loss":0,"event_name":"Shining Light","floor":10,"gold_loss":0}],"is_beta":false,"boss_relics":[{"not_picked":["Busted Crown","Philosopher\u0027s Stone","beaked:MawFillet"]}],"items_purged_floors":[20],"is_endless":false,"potions_floor_spawned":[5,18],"killed_by":"Gremlin Leader","ascension_level":0}}