{"host":"0ak89rd0rwevtqsi","time":1609153764,"event":{"mods":["Bard","BaseMod","Better Third Choice","Colored Powertips","Hermit","Hubris","Marisa????????","Minty Spire (QoL Compilation)","Prisma Mod","Replay The Spire","Robot Space Explorer","StSLib","The Bug Knight","The Dragon Tamer","The Exalted","The Jungle","The Marked","The Necromancer","The Senshi","The Servant 0.9.4"],"gold_per_floor":[118,192,204,266,266,266,299,299,299,178,178,213,229,132,132,253,253,277,277,277,277,277],"floor_reached":21,"playtime":790,"items_purged":["RobotSpaceExplorer:Defend"],"score":208,"play_id":"bf885ed6-b04a-4100-aa89-ddb0fd17ab3c","local_time":"20201228110924","is_ascension_mode":false,"campfire_choices":[{"data":"RobotSpaceExplorer:BigMissile","floor":6,"key":"SMITH"},{"data":"RobotSpaceExplorer:MiniLasers","floor":8,"key":"SMITH"},{"data":"RobotSpaceExplorer:FranticSearch","floor":11,"key":"SMITH"},{"data":"RobotSpaceExplorer:StarDust","floor":15,"key":"SMITH"}],"circlet_count":0,"master_deck":["RobotSpaceExplorer:Strike","RobotSpaceExplorer:Strike","RobotSpaceExplorer:Strike","RobotSpaceExplorer:Strike","RobotSpaceExplorer:Defend","RobotSpaceExplorer:Defend","RobotSpaceExplorer:Defend","RobotSpaceExplorer:Scan","RobotSpaceExplorer:MiniLasers+1","RobotSpaceExplorer:BigMissile+1","RobotSpaceExplorer:Pulsar","RobotSpaceExplorer:FranticSearch+1","RobotSpaceExplorer:ImprovisedAttack","RobotSpaceExplorer:StarDust+1","RobotSpaceExplorer:MiniDrones","RobotSpaceExplorer:Accelerator","RobotSpaceExplorer:MiniDrones","Delirium"],"relics":["RobotSpaceExplorer:RoboCore","NeowsBlessing","Matryoshka","Golden Idol","Boot","hubris:OldNail","Replay:Bottled Snecko","Girya","RobotSpaceExplorer:SearchSpecs","ReplayTheSpireMod:Ring of Addiction","White Beast Statue","Toy Ornithopter","Ring of Peace"],"acts_visited":["Exordium","TheCity"],"potions_floor_usage":[12,14],"damage_taken":[{"damage":0,"enemies":"Cultist","floor":1,"turns":1},{"damage":0,"enemies":"2 Louse","floor":3,"turns":1},{"damage":0,"enemies":"3 Sentries","floor":7,"turns":1},{"damage":11,"enemies":"HollowMod:MossKnight","floor":12,"turns":9},{"damage":6,"enemies":"Jaw Worm","floor":13,"turns":2},{"damage":40,"enemies":"The Guardian","floor":16,"turns":9},{"damage":0,"enemies":"Spheric Guardian","floor":18,"turns":1},{"damage":0,"enemies":"Chosen","floor":21,"turns":4}],"seed_played":"2885700462028873475","potions_obtained":[{"floor":7,"key":"SkillPotion"},{"floor":16,"key":"Toxic Potion"},{"floor":19,"key":"SteroidPotion"},{"floor":19,"key":"Strength Potion"}],"is_trial":false,"path_per_floor":["M","T","M","?","?","R","E","R","T","$","R","E","M","$","R","B",null,"M","?","?","M"],"character_chosen":"RobotSpaceExplorer","items_purchased":["RobotSpaceExplorer:ImprovisedAttack","Fruit Juice"],"campfire_rested":0,"item_purchase_floors":[10,14],"current_hp_per_floor":[75,75,75,75,57,57,57,57,57,57,57,46,40,45,45,5,80,80,80,20,20,20],"gold":277,"neow_bonus":"THREE_ENEMY_KILL","is_daily":false,"chose_seed":false,"campfire_upgraded":4,"win_rate":0.0,"timestamp":1609153764,"path_taken":["M","?","M","?","?","R","E","R","T","$","R","E","M","?","R","BOSS","M","?","?","M"],"items_purchased_type":["Card","Potion"],"build_version":"2020-12-22","purchased_purges":1,"victory":false,"max_hp_per_floor":[75,75,75,75,75,75,75,75,75,75,75,75,75,80,80,80,80,80,80,80,80,80],"card_choices":[{"not_picked":["RobotSpaceExplorer:Pulsar","RobotSpaceExplorer:DoubleFind"],"picked":"RobotSpaceExplorer:BigMissile","floor":1},{"not_picked":["RobotSpaceExplorer:FrostMissile","RobotSpaceExplorer:GlueShot"],"picked":"RobotSpaceExplorer:Pulsar","floor":3},{"not_picked":["RobotSpaceExplorer:Counterblock","RobotSpaceExplorer:Ammunition"],"picked":"RobotSpaceExplorer:FranticSearch","floor":7},{"not_picked":["RobotSpaceExplorer:ExhaustFan","RobotSpaceExplorer:PowerCollector"],"picked":"RobotSpaceExplorer:StarDust","floor":12},{"not_picked":["RobotSpaceExplorer:FreezingShield","RobotSpaceExplorer:MiniBoosters"],"picked":"RobotSpaceExplorer:MiniDrones","floor":13},{"not_picked":["RobotSpaceExplorer:HighVoltage","RobotSpaceExplorer:Explosion"],"picked":"RobotSpaceExplorer:Accelerator","floor":16},{"not_picked":["RobotSpaceExplorer:SurgingStrike","RobotSpaceExplorer:SurgingShield"],"picked":"RobotSpaceExplorer:MiniDrones","floor":18}],"player_experience":450265,"relics_obtained":[{"floor":2,"key":"Matryoshka"},{"floor":7,"key":"Boot"},{"floor":9,"key":"hubris:OldNail"},{"floor":9,"key":"Replay:Bottled Snecko"},{"floor":12,"key":"Girya"},{"floor":19,"key":"ReplayTheSpireMod:Ring of Addiction"},{"floor":19,"key":"White Beast Statue"},{"floor":19,"key":"Toy Ornithopter"},{"floor":19,"key":"Ring of Peace"}],"event_choices":[{"damage_healed":0,"gold_gain":62,"player_choice":"Gained Gold","damage_taken":0,"max_hp_gain":0,"max_hp_loss":0,"event_name":"Golden Wing","floor":4,"gold_loss":0},{"damage_healed":0,"gold_gain":0,"player_choice":"Take Damage","damage_taken":18,"relics_obtained":["Golden Idol"],"max_hp_gain":0,"max_hp_loss":0,"event_name":"Golden Idol","floor":5,"gold_loss":0}],"is_beta":false,"boss_relics":[{"not_picked":["SacredBark","hubris:RunicObelisk"],"picked":"RobotSpaceExplorer:SearchSpecs"}],"items_purged_floors":[10],"is_endless":false,"potions_floor_spawned":[7,16],"killed_by":"Chosen","ascension_level":0}}