{"host":"nzm1i0l8mrsm8hd2","time":1609156925,"event":{"mods":["Act Like it!","BaseMod","Better Third Choice","Conspire","Gensokyo","Minty Spire (QoL Compilation)","Pale of the Ancients","Quick Restart","RumiaBox-露米娅的神秘盒子","Spicy Shops","StSLib","The Dragon Tamer","Wandering Minibosses","vexMod"],"gold_per_floor":[115,115,126,153,253,253,284,284,284,304,297,309,389,423,423,491,491,503,753,701,701,701,740,751,774,800,321,316,316],"floor_reached":28,"playtime":1111,"items_purged":["Strike_G"],"score":672,"play_id":"93837c79-de45-4cec-9276-e0bdf4d5b7db","local_time":"20201228200205","is_ascension_mode":true,"campfire_choices":[{"data":"Noxious Fumes","floor":6,"key":"SMITH"},{"data":"Footwork","floor":8,"key":"SMITH"},{"data":"Blade Dance","floor":15,"key":"SMITH"}],"circlet_count":0,"master_deck":["AscendersBane","Strike_G","Strike_G","Strike_G","Strike_G","Defend_G","Defend_G","Defend_G","Defend_G","Defend_G","Neutralize+1","Noxious Fumes+1","Footwork+1","Blade Dance+1","conspire:PoisonWeapons","Doppelganger+1","Cloak And Dagger+1","Finisher+1","Terror+1"],"relics":["Ring of the Snake","NeowsBlessing","Gensokyo:Justice","Art of War","Question Card","Toxic Egg 2","AddBug","NeowsBlessing","Gensokyo:RedStar","CeramicFish","Baka2","vexMod:InvisibilityCloak","Vajra","Bronze Scales","Membership Card","Strawberry","Whetstone","GodSword6"],"acts_visited":["Exordium","Gensokyo:Gensokyo"],"potions_floor_usage":[11,16,20,25,28],"damage_taken":[{"damage":0,"enemies":"Gensokyo:2_Kodama","floor":1,"turns":1},{"damage":0,"enemies":"Gensokyo:3_Fairies","floor":3,"turns":1},{"damage":0,"enemies":"Gensokyo:Mamizou","floor":7,"turns":3},{"damage":0,"enemies":"Gensokyo:Gryphon","floor":10,"turns":2},{"damage":7,"enemies":"Gensokyo:VengefulSpirit","floor":11,"turns":6},{"damage":11,"enemies":"Gensokyo:CorruptedTreant","floor":12,"turns":4},{"damage":0,"enemies":"Gensokyo:Cirno","floor":14,"turns":4},{"damage":21,"enemies":"Gensokyo:Kokoro","floor":16,"turns":7},{"damage":40,"enemies":"Gensokyo:3_Dogs","floor":18,"turns":7},{"damage":11,"enemies":"Gensokyo:CosmicMonolith","floor":20,"turns":6},{"damage":0,"enemies":"Gensokyo:Reisen","floor":23,"turns":1},{"damage":3,"enemies":"Gensokyo:Slime_Group","floor":24,"turns":2},{"damage":48,"enemies":"Gensokyo:Koishi","floor":25,"turns":8},{"damage":32,"enemies":"Gensokyo:3_Gloops","floor":28,"turns":4}],"seed_played":"-5781135975718754752","potions_obtained":[{"floor":1,"key":"Weak Potion"},{"floor":7,"key":"Block Potion"},{"floor":10,"key":"Dexterity Potion"},{"floor":12,"key":"Swift Potion"},{"floor":18,"key":"AttackPotion"},{"floor":23,"key":"Fire Potion"}],"is_trial":false,"path_per_floor":["M","?","M","T","?","R","E","R","T","M","M","M","?","E","R","B",null,"M","?","M","?","?","E","M","E","T","$","M"],"character_chosen":"THE_SILENT","items_purchased":["Membership Card","Strawberry","Whetstone","GodSword6"],"campfire_rested":0,"item_purchase_floors":[27,27,27,27],"current_hp_per_floor":[59,59,59,59,59,59,59,59,59,59,91,80,80,80,80,59,87,47,47,75,75,75,75,72,24,24,31,0,0],"gold":316,"neow_bonus":"THREE_ENEMY_KILL","is_daily":false,"chose_seed":false,"campfire_upgraded":3,"win_rate":0.0,"timestamp":1609156925,"path_taken":["M","?","M","?","?","R","E","R","T","M","?","M","?","E","R","BOSS","M","?","M","?","?","E","M","E","T","?","?"],"items_purchased_type":["Relic","Relic","Relic","Relic"],"build_version":"2020-12-22","purchased_purges":1,"victory":false,"max_hp_per_floor":[66,66,96,96,96,96,96,96,96,96,96,96,96,96,96,96,96,96,89,89,89,81,81,81,81,81,88,88,88],"card_choices":[{"not_picked":["Leg Sweep","Tactician"],"picked":"Noxious Fumes","floor":1},{"not_picked":["Dagger Spray","Riddle With Holes"],"picked":"Footwork","floor":3},{"not_picked":["Dash","Calculated Gamble"],"picked":"Blade Dance","floor":7},{"not_picked":["Infinite Blades","Prepared","Backflip","Sucker Punch"],"picked":"SKIP","floor":10},{"not_picked":["Dodge and Roll","Endless Agony","Riddle With Holes","Well Laid Plans"],"picked":"SKIP","floor":11},{"not_picked":["Dodge and Roll","Infinite Blades","Reflex"],"picked":"conspire:PoisonWeapons","floor":12},{"not_picked":["All Out Attack","Bullet Time+1","Quick Slash","Sucker Punch"],"picked":"SKIP","floor":14},{"not_picked":["Wraith Form v2","Bullet Time+1","Corpse Explosion+1"],"picked":"Doppelganger+1","floor":16},{"not_picked":["Acrobatics+1","Flying Knee","Concentrate+1"],"picked":"Cloak And Dagger+1","floor":18},{"not_picked":["Slice","PiercingWail+1","Cloak And Dagger+1","Eviscerate"],"picked":"SKIP","floor":20},{"not_picked":["Backflip+1","Eviscerate","Dodge and Roll+1"],"picked":"Finisher","floor":23},{"not_picked":["Quick Slash","Wraith Form v2","Poisoned Stab","Acrobatics+1"],"picked":"SKIP","floor":24},{"not_picked":["Tactician+1","Dash","Dodge and Roll+1"],"picked":"Terror+1","floor":25}],"player_experience":562588,"relics_obtained":[{"floor":1,"key":"Baka"},{"floor":4,"key":"Art of War"},{"floor":7,"key":"Question Card"},{"floor":14,"key":"Toxic Egg 2"},{"floor":18,"key":"NeowsBlessing"},{"floor":23,"key":"Baka2"},{"floor":23,"key":"vexMod:InvisibilityCloak"},{"floor":25,"key":"Vajra"},{"floor":26,"key":"Bronze Scales"}],"event_choices":[],"is_beta":false,"boss_relics":[{"not_picked":["vexMod:BigBerry","Black Star"],"picked":"AddBug"}],"items_purged_floors":[27],"is_endless":false,"potions_floor_spawned":[1,7,10,12,14,18,23],"killed_by":"Gensokyo:3_Gloops","ascension_level":20}}