{"host":"Ansgar","time":1609127853,"event":{"mods":["AchievementEnabler","BaseMod","Colored Map","Highlight Path","Minty Spire (QoL Compilation)","Relic Stats","StSLib"],"gold_per_floor":[114,114,129,129,129,157,157,157,157,175,206,222,222,249,249,320,320,339,339,366,566,491,491,521,5,5,5,5],"floor_reached":27,"playtime":1429,"items_purged":[],"score":490,"play_id":"85bb21ca-c927-4531-973a-3e8d0bef2efa","local_time":"20201228045733","is_ascension_mode":true,"campfire_choices":[{"floor":7.0,"key":"REST"},{"floor":13.0,"key":"REST"},{"data":"Loop","floor":15.0,"key":"SMITH"},{"data":"Darkness","floor":23,"key":"SMITH"}],"circlet_count":0,"master_deck":["AscendersBane","Strike_B","Strike_B","Defend_B","Defend_B","Defend_B","Zap+1","Dualcast+1","Ball Lightning","Conserve Battery+1","Darkness+1","Cold Snap","Loop+1","Barrage","Multi-Cast","Biased Cognition","CurseOfTheBell","FTL","Reprogram","Steam Power","Sweeping Beam","Recycle","Glacier","Defragment"],"relics":["SacredBark","Happy Flower","Pear","White Beast Statue","CaptainsWheel","Calling Bell","Juzu Bracelet","Mercury Hourglass","Turnip","Red Mask","Prayer Wheel","Calipers","Blue Candle"],"acts_visited":["Exordium","TheCity"],"potions_floor_usage":[20,24,24,27],"damage_taken":[{"damage":8.0,"enemies":"Small Slimes","floor":1.0,"turns":3.0},{"damage":4.0,"enemies":"Jaw Worm","floor":3.0,"turns":4.0},{"damage":24.0,"enemies":"Lagavulin","floor":6.0,"turns":7.0},{"damage":4.0,"enemies":"2 Louse","floor":10.0,"turns":3.0},{"damage":24.0,"enemies":"3 Sentries","floor":11.0,"turns":8.0},{"damage":1.0,"enemies":"Blue Slaver","floor":12.0,"turns":4.0},{"damage":9.0,"enemies":"Lagavulin","floor":14.0,"turns":6.0},{"damage":12.0,"enemies":"The Guardian","floor":16.0,"turns":9.0},{"damage":5.0,"enemies":"Spheric Guardian","floor":18.0,"turns":5.0},{"damage":6,"enemies":"Masked Bandits","floor":20,"turns":3},{"damage":17,"enemies":"Book of Stabbing","floor":24,"turns":4},{"damage":44,"enemies":"Slavers","floor":27,"turns":6}],"seed_played":"-5207225270853935574","potions_obtained":[{"floor":6.0,"key":"EssenceOfSteel"},{"floor":11.0,"key":"PotionOfCapacity"},{"floor":12.0,"key":"AttackPotion"},{"floor":14.0,"key":"PowerPotion"},{"floor":16.0,"key":"EssenceOfDarkness"},{"floor":18.0,"key":"FearPotion"},{"floor":20,"key":"Swift Potion"},{"floor":24,"key":"LiquidMemories"}],"is_trial":false,"path_per_floor":["M","?","M","?","?","E","R","?","T","M","E","M","R","E","R","B",null,"M","?","?","?","?","R","E","$","T","E"],"character_chosen":"DEFECT","items_purchased":["Calipers","Glacier","Defragment"],"campfire_rested":2,"item_purchase_floors":[25,25,25],"current_hp_per_floor":[56,56,52,31,31,7,28,51,61,57,33,32,56,47,47,35,70,65,65,59,59,59,59,42,42,42,0,0],"gold":5,"neow_bonus":"BOSS_RELIC","is_daily":false,"chose_seed":false,"campfire_upgraded":2,"win_rate":0.0,"timestamp":1609127853,"path_taken":["M","?","M","?","?","E","R","?","T","M","E","M","R","E","R","BOSS","M","?","?","?","?","R","E","$","T","E"],"items_purchased_type":["Relic","Card","Card"],"build_version":"2020-12-18","purchased_purges":0,"victory":false,"max_hp_per_floor":[71,71,71,71,71,71,71,71,81,81,81,81,81,81,81,81,81,81,81,81,81,81,81,81,81,81,81,81],"relic_stats":{"Happy Flower":[16],"counters":[12,62],"Blue Candle":[0],"Prayer Wheel":0,"Turnip":[5],"Juzu Bracelet":1,"obtain_stats":[{"Pear":9,"Calipers":25,"Happy Flower":6,"SacredBark":0,"Blue Candle":26,"Juzu Bracelet":17,"White Beast Statue":11,"Mercury Hourglass":17,"Calling Bell":17,"CaptainsWheel":14,"Prayer Wheel":24,"Turnip":17,"Red Mask":20,"Cracked Core":0},{"Pear":3,"Calipers":11,"Happy Flower":3,"SacredBark":0,"Blue Candle":11,"Juzu Bracelet":8,"White Beast Statue":5,"Mercury Hourglass":8,"Calling Bell":8,"CaptainsWheel":7,"Prayer Wheel":11,"Turnip":8,"Red Mask":10,"Cracked Core":0},{"Pear":14,"Calipers":56,"Happy Flower":14,"SacredBark":0,"Blue Candle":56,"Juzu Bracelet":44,"White Beast Statue":25,"Mercury Hourglass":44,"Calling Bell":44,"CaptainsWheel":35,"Prayer Wheel":56,"Turnip":44,"Red Mask":52,"Cracked Core":0}],"Mercury Hourglass":[82]},"card_choices":[{"not_picked":["Leap","Streamline"],"picked":"Ball Lightning","floor":1.0},{"not_picked":["Barrage","Aggregate"],"picked":"Conserve Battery","floor":3.0},{"not_picked":["Hologram","Force Field"],"picked":"Darkness","floor":6.0},{"not_picked":["Stack","Go for the Eyes"],"picked":"Cold Snap","floor":10.0},{"not_picked":["Hyperbeam","Beam Cell"],"picked":"Loop","floor":11.0},{"not_picked":["Hello World","Fusion"],"picked":"Barrage","floor":12.0},{"not_picked":["Barrage","Steam"],"picked":"Multi-Cast","floor":14.0},{"not_picked":["Meteor Strike","All For One"],"picked":"Biased Cognition","floor":16.0},{"not_picked":["Stack","Leap"],"picked":"FTL","floor":18.0},{"not_picked":["Sunder","BootSequence"],"picked":"Sweeping Beam","floor":20},{"not_picked":["FTL","Sweeping Beam"],"picked":"Recycle","floor":24}],"player_experience":1224106,"relics_obtained":[{"floor":6.0,"key":"Happy Flower"},{"floor":9.0,"key":"Pear"},{"floor":11.0,"key":"White Beast Statue"},{"floor":14.0,"key":"CaptainsWheel"},{"floor":17.0,"key":"Juzu Bracelet"},{"floor":17.0,"key":"Mercury Hourglass"},{"floor":17.0,"key":"Turnip"},{"floor":20,"key":"Red Mask"},{"floor":24,"key":"Prayer Wheel"},{"floor":26,"key":"Blue Candle"}],"event_choices":[{"damage_healed":0.0,"max_hp_gain":0.0,"max_hp_loss":0.0,"gold_gain":0.0,"event_name":"Scrap Ooze","player_choice":"Fled","floor":2.0,"gold_loss":0.0,"damage_taken":0.0},{"damage_healed":0.0,"max_hp_gain":0.0,"max_hp_loss":0.0,"gold_gain":0.0,"event_name":"Shining Light","player_choice":"Entered Light","floor":4.0,"gold_loss":0.0,"damage_taken":21.0,"cards_upgraded":["Dualcast","Conserve Battery"]},{"damage_healed":0.0,"max_hp_gain":0.0,"max_hp_loss":0.0,"gold_gain":0.0,"event_name":"Living Wall","player_choice":"Grow","floor":5.0,"gold_loss":0.0,"damage_taken":0.0,"cards_upgraded":["Zap"]},{"damage_healed":23.0,"max_hp_gain":0.0,"max_hp_loss":0.0,"gold_gain":0.0,"event_name":"Big Fish","player_choice":"Banana","floor":8.0,"gold_loss":0.0,"damage_taken":0.0},{"damage_healed":0.0,"max_hp_gain":0.0,"max_hp_loss":0.0,"gold_gain":0.0,"cards_transformed":["Strike_B","Strike_B"],"event_name":"Drug Dealer","player_choice":"Became Test Subject","floor":19.0,"gold_loss":0.0,"damage_taken":0.0,"cards_obtained":["Reprogram","Steam Power"]},{"damage_healed":0,"gold_gain":0,"player_choice":"Fought Bandits","damage_taken":0,"max_hp_gain":0,"max_hp_loss":0,"event_name":"Masked Bandits","floor":20,"gold_loss":0},{"damage_healed":0,"gold_gain":200,"player_choice":"Gold","damage_taken":0,"max_hp_gain":0,"max_hp_loss":0,"event_name":"Wheel of Change","floor":21,"gold_loss":0},{"cards_removed":["Defend_B"],"damage_healed":0,"gold_gain":0,"player_choice":"Gave Gold","damage_taken":0,"max_hp_gain":0,"max_hp_loss":0,"event_name":"Beggar","floor":22,"gold_loss":75}],"is_beta":true,"boss_relics":[{"not_picked":["Runic Dome","Velvet Choker"],"picked":"Calling Bell"}],"items_purged_floors":[],"is_endless":false,"potions_floor_spawned":[6,11,12,14,16,18,20,24],"killed_by":"Slavers","ascension_level":20}}