{"host":"0cnf9zf1gia27zti","time":1609124755,"event":{"mods":["BaseMod","BetterRewards","Card Forge","Colored Map","Colored Powertips","Conspire","Downfall","Minty Spire (QoL Compilation)","Practice Mode","Quick Restart","Replay The Spire","Robot Space Explorer","Shade Mod","Spicy Shops","StSLib"],"gold_per_floor":[116,135,60,60,75,107,123,150,150,165,199,217,54,4,4,76,76,87,87,87,87,4,4,4,4,30,55,89,9,9,29,29,114,114,126,146,146,80,21,63,63,63,63,63,75,75,75,169,169,69],"floor_reached":51,"playtime":2369,"items_purged":["CommonCold"],"score":1472,"play_id":"83d2593a-ae84-4287-ad21-bb4146f2b40f","local_time":"20201228030555","is_ascension_mode":true,"campfire_choices":[{"data":"Scrape","floor":15,"key":"SMITH"},{"data":"FTL","floor":23,"key":"SMITH"},{"data":"Self Repair","floor":25,"key":"SMITH"},{"data":"Reinforced Body","floor":32,"key":"SMITH"},{"data":"Scrape","floor":41,"key":"SMITH"},{"data":"Go for the Eyes","floor":47,"key":"SMITH"},{"floor":49,"key":"REST"}],"circlet_count":0,"master_deck":["AscendersBane","Strike_B","Strike_B","Defend_B","Defend_B","Defend_B","Defend_B","Zap+1","Dualcast","Scrape+1","Violence","Self Repair+1","Violence","ReplayGash","Gash","Scrape+1","Steam","Echo Form+1","Steam","Go for the Eyes","Melter","Double Energy+1","conspire:SpireCoStock","All For One","CurseOfTheBell","FTL+1","Scrape+1","FTL+1","Reinforced Body+1","Hyperbeam","Go for the Eyes+1","BootSequence+1","Leap+1","Scrape+1","Go for the Eyes","Sweeping Beam"],"relics":["FrozenCore","Hammer of Thor","Seething Fire","Anvil of the Gods","Shuriken","DollysMirror","Replay:Wax Seal","Snack Pack","ReplayTheSpireMod:CursedCoin","Bag of Marbles","Mercury Hourglass","WingedGreaves","Incense Burner","Lee\u0027s Waffle","Calling Bell","Bronze Scales","conspire:BottledYoYo","FossilizedHelix","Dead Branch","ReplayFunnel","Prayer Wheel","DataDisk","Chameleon Ring"],"acts_visited":["Exordium","TheCity","TheBeyond"],"potions_floor_usage":[6,8,16,45,50,50],"damage_taken":[{"damage":0,"enemies":"Cultist","floor":1,"turns":2},{"damage":8,"enemies":"2 Louse","floor":2,"turns":2},{"damage":5,"enemies":"Small Slimes","floor":5,"turns":3},{"damage":0,"enemies":"Gremlin Nob","floor":6,"turns":3},{"damage":0,"enemies":"Exordium Wildlife","floor":7,"turns":2},{"damage":40,"enemies":"3 Sentries","floor":8,"turns":8},{"damage":0,"enemies":"3 Louse","floor":10,"turns":1},{"damage":3,"enemies":"Gremlin Nob","floor":11,"turns":3},{"damage":0,"enemies":"Blue Slaver","floor":12,"turns":1},{"damage":28,"enemies":"Slime Boss","floor":16,"turns":6},{"damage":0,"enemies":"3 Byrds","floor":18,"turns":2},{"damage":0,"enemies":"Chosen","floor":28,"turns":3},{"damage":0,"enemies":"Snake Plant","floor":31,"turns":2},{"damage":47,"enemies":"Collector","floor":33,"turns":7},{"damage":0,"enemies":"3 Shapes","floor":35,"turns":3},{"damage":0,"enemies":"Orb Walker","floor":36,"turns":1},{"damage":0,"enemies":"Transient","floor":38,"turns":6},{"damage":0,"enemies":"Giant Head","floor":40,"turns":6},{"damage":9,"enemies":"4 Shapes","floor":45,"turns":3},{"damage":80,"enemies":"Replay:Hell Engine","floor":50,"turns":13}],"seed_played":"6761723422265628508","potions_obtained":[{"floor":1,"key":"Guardian:BlockOnCardUsePotion"},{"floor":6,"key":"SkillPotion"},{"floor":8,"key":"Fire Potion"},{"floor":12,"key":"Venom Potion"},{"floor":33,"key":"Energy Potion"},{"floor":35,"key":"SpeedPotion"},{"floor":45,"key":"Adrenaline Potion"}],"is_trial":false,"path_per_floor":["M","M","$","?","M","E","M","E","T","M","E","M","$","?","R","B",null,"M","$","?","?","$","R","?","R","T","$","M","?","$","M","R","B",null,"M","M","?","M","$","E","R","$","T","$","M","?","R","?","R","B",null],"character_chosen":"DEFECT","items_purchased":["Shuriken","Scrape","Violence","Self Repair","DollysMirror","Replay:Wax Seal","ReplayGash","Snack Pack","ReplayTheSpireMod:CursedCoin","Echo Form","Lee\u0027s Waffle","FTL","Scrape","Leap","Scrape"],"campfire_rested":1,"item_purchase_floors":[0,0,0,0,0,0,0,0,3,3,13,22,27,39,39],"current_hp_per_floor":[66,60,60,60,57,61,63,34,34,38,46,48,78,78,78,59,73,78,78,78,78,78,78,78,78,78,78,78,78,78,78,78,49,71,78,78,78,78,78,78,78,78,78,78,71,71,71,40,63,19],"gold":69,"neow_bonus":"","is_daily":false,"chose_seed":false,"campfire_upgraded":6,"win_rate":0.0,"timestamp":1609124755,"path_taken":["M","?","$","?","M","E","?","E","T","M","E","M","$","?","R","BOSS","M","$","?","?","$","R","?","R","T","?","M","?","$","M","R","BOSS","M","M","?","M","$","E","R","$","T","$","?","?","R","?","R","BOSS"],"items_purchased_type":["Relic","Card","Card","Card","Relic","Relic","Card","Relic","Relic","Card","Relic","Card","Card","Card","Card"],"build_version":"2020-12-22","purchased_purges":1,"victory":true,"max_hp_per_floor":[71,71,71,71,71,71,71,71,71,71,71,71,78,78,78,78,78,78,78,78,78,78,78,78,78,78,78,78,78,78,78,78,78,78,78,78,78,78,78,78,78,78,78,78,78,78,78,78,78,78],"card_choices":[{"not_picked":["Darkness","Leap","Steam Power"],"picked":"SKIP","floor":1},{"not_picked":["Steam Power","Streamline"],"picked":"Steam","floor":2},{"not_picked":["Aggregate","Fusion"],"picked":"Steam","floor":5},{"not_picked":["Static Discharge","Defragment","Thunder Strike"],"picked":"SKIP","floor":6},{"not_picked":["Leap","Coolheaded","BasicCrystalCard"],"picked":"SKIP","floor":7},{"not_picked":["Compile Driver","Ball Lightning"],"picked":"Go for the Eyes","floor":8},{"not_picked":["Auto Shields","BasicCrystalCard"],"picked":"Melter","floor":10},{"not_picked":["Amplify","Streamline"],"picked":"Double Energy","floor":11},{"not_picked":["Hello World","ReplayTheSpireMod:Reroute Power","Compile Driver"],"picked":"SKIP","floor":12},{"not_picked":["Creative AI","Rainbow"],"picked":"All For One","floor":16},{"not_picked":["Redo","Sunder","Time Bomb"],"picked":"SKIP","floor":18},{"not_picked":["Rainbow","Loop"],"picked":"FTL","floor":28},{"not_picked":["Cold Snap","Heatsinks"],"picked":"Reinforced Body","floor":31},{"not_picked":["Echo Form","Machine Learning"],"picked":"ReplayTheSpireMod:Fabricate Wheel","floor":33},{"not_picked":["FIFO Queue","Cold Snap","Sweeping Beam"],"picked":"SKIP","floor":35},{"not_picked":["Hologram","ReplayTheSpireMod:Dual Polarity","Chill"],"picked":"SKIP","floor":35},{"not_picked":["Loop+1","Undo+1","Ball Lightning"],"picked":"SKIP","floor":36},{"not_picked":["Rebound","Coolheaded","Cold Snap"],"picked":"SKIP","floor":36},{"not_picked":["Barrage+1","Turbo"],"picked":"Go for the Eyes","floor":38},{"not_picked":["Fusion","Rebound"],"picked":"BootSequence+1","floor":38},{"not_picked":["BasicCrystalCard","conspire:Rain","Static Discharge"],"picked":"SKIP","floor":40},{"not_picked":["Force Field","Lockon"],"picked":"Go for the Eyes","floor":45},{"not_picked":["conspire:SharedLibrary","Double Energy","Sunder"],"picked":"SKIP","floor":45},{"not_picked":["Compile Driver","Rainbow"],"picked":"Sweeping Beam","floor":48}],"player_experience":2655385,"relics_obtained":[{"floor":6,"key":"Bag of Marbles"},{"floor":8,"key":"Mercury Hourglass"},{"floor":9,"key":"WingedGreaves"},{"floor":11,"key":"Incense Burner"},{"floor":17,"key":"Bronze Scales"},{"floor":17,"key":"conspire:BottledYoYo"},{"floor":17,"key":"FossilizedHelix"},{"floor":26,"key":"ReplayFunnel"},{"floor":40,"key":"DataDisk"},{"floor":43,"key":"Chameleon Ring"}],"event_choices":[{"damage_healed":0,"gold_gain":0,"player_choice":"Upgraded","damage_taken":0,"max_hp_gain":0,"max_hp_loss":0,"event_name":"Upgrade Shrine","floor":4,"gold_loss":0,"cards_upgraded":["Scrape"]},{"damage_healed":0,"gold_gain":0,"player_choice":"Invest 1","damage_taken":0,"max_hp_gain":0,"max_hp_loss":0,"event_name":"conspire:Investor","floor":14,"gold_loss":0},{"cards_removed":["Strike_B"],"damage_healed":0,"gold_gain":0,"player_choice":"Elegance","damage_taken":0,"max_hp_gain":0,"max_hp_loss":0,"event_name":"Back to Basics","floor":20,"gold_loss":0},{"cards_removed":["Strike_B"],"damage_healed":0,"gold_gain":0,"player_choice":"Offered Basic","damage_taken":0,"max_hp_gain":0,"max_hp_loss":0,"event_name":"Bonfire Elementals","floor":37,"gold_loss":0}],"is_beta":false,"boss_relics":[{"not_picked":["conspire:SeveredTorchhead","Runic Dome"],"picked":"Calling Bell"},{"not_picked":["Kintsugi","ReplayTheSpireMod:DimensionalGlitch"],"picked":"FrozenCore"}],"items_purged_floors":[3],"is_endless":false,"potions_floor_spawned":[1,6,8,12,33,35,36,45],"ascension_level":19}}