{"host":"kh6fvhxn285ncg0o","time":1609137497,"event":{"mods":["Act Like it!","BaseMod","Colored Map","Friendly Minions","Keyboard Shortcuts","Minty Spire (QoL Compilation)","Quick Restart","Relic Stats","StSLib","SuperFastMode"],"gold_per_floor":[111,111,111,36,36,69,69,101,101,112,147,159,224,237,237,313,313,331,331,331,380,399,399,434,434,434,465,465,494,506,290,290,362,362,376,427,441,441,298,298,329,329,329,364,364,380,380,412,412,412,412,412,412,69,100,100],"floor_reached":57,"playtime":2263,"items_purged":["Strike_R","Whirlwind","Reckless Charge","Havoc"],"score":3170,"play_id":"12add5e8-c069-44fe-b50e-1166783dddcc","local_time":"20201228153817","is_ascension_mode":true,"campfire_choices":[{"data":"Burning Pact","floor":7.0,"key":"SMITH"},{"data":"Corruption","floor":15.0,"key":"SMITH"},{"data":"Dual Wield","floor":23.0,"key":"SMITH"},{"floor":25.0,"key":"REST"},{"floor":28.0,"key":"REST"},{"data":"Pommel Strike","floor":32.0,"key":"SMITH"},{"data":"Pommel Strike","floor":40.0,"key":"SMITH"},{"data":"Rage","floor":42.0,"key":"SMITH"},{"data":"Burning Pact","floor":45.0,"key":"SMITH"},{"floor":49,"key":"RECALL"},{"data":"Shrug It Off","floor":53,"key":"SMITH"}],"circlet_count":0,"master_deck":["AscendersBane","Shockwave","Burning Pact+1","Corruption+1","Disarm","Fire Breathing","Burning Pact+1","Flame Barrier","Intimidate","Metallicize","Uppercut","Fiend Fire","Disarm","Dual Wield+1","Rage+1","Feel No Pain+1","Pommel Strike+1","Shrug It Off+1","Feed","Pommel Strike+1","Exhume","Warcry+1","Battle Trance+1"],"relics":["Burning Blood","NeowsBlessing","Ornamental Fan","Self Forming Clay","Sundial","Nunchaku","Shuriken","Toy Ornithopter","Bronze Scales","Pandora\u0027s Box","Juzu Bracelet","Vajra","Charon\u0027s Ashes","Pear","Membership Card","Philosopher\u0027s Stone","Pocketwatch","Lee\u0027s Waffle","Blood Vial","Bottled Lightning","Smiling Mask","Paper Frog","Bag of Preparation","Lantern","Orrery","Anchor"],"acts_visited":["Exordium","TheCity","TheBeyond","TheEnding"],"potions_floor_usage":[56],"damage_taken":[{"damage":0.0,"enemies":"2 Louse","floor":1.0,"turns":1.0},{"damage":0.0,"enemies":"Lagavulin","floor":6.0,"turns":1.0},{"damage":0.0,"enemies":"Gremlin Nob","floor":8.0,"turns":2.0},{"damage":6.0,"enemies":"Jaw Worm","floor":10.0,"turns":4.0},{"damage":9.0,"enemies":"Lagavulin","floor":11.0,"turns":6.0},{"damage":5.0,"enemies":"Small Slimes","floor":12.0,"turns":6.0},{"damage":31.0,"enemies":"3 Sentries","floor":13.0,"turns":5.0},{"damage":1.0,"enemies":"Looter","floor":14.0,"turns":4.0},{"damage":19.0,"enemies":"Hexaghost","floor":16.0,"turns":8.0},{"damage":13.0,"enemies":"2 Thieves","floor":18.0,"turns":4.0},{"damage":11.0,"enemies":"Spheric Guardian","floor":22.0,"turns":5.0},{"damage":44.0,"enemies":"Slavers","floor":24.0,"turns":5.0},{"damage":19.0,"enemies":"Gremlin Leader","floor":27.0,"turns":5.0},{"damage":29.0,"enemies":"Slavers","floor":29.0,"turns":4.0},{"damage":0.0,"enemies":"Snake Plant","floor":30.0,"turns":3.0},{"damage":10.0,"enemies":"Automaton","floor":33.0,"turns":4.0},{"damage":11.0,"enemies":"3 Darklings","floor":35.0,"turns":3.0},{"damage":42.0,"enemies":"2 Orb Walkers","floor":36.0,"turns":5.0},{"damage":6.0,"enemies":"3 Shapes","floor":37.0,"turns":3.0},{"damage":10.0,"enemies":"Nemesis","floor":41.0,"turns":5.0},{"damage":35.0,"enemies":"Reptomancer","floor":44.0,"turns":5.0},{"damage":7.0,"enemies":"Writhing Mass","floor":46.0,"turns":3.0},{"damage":12,"enemies":"Nemesis","floor":48,"turns":3},{"damage":0,"enemies":"Donu and Deca","floor":50,"turns":3},{"damage":21,"enemies":"Time Eater","floor":51,"turns":6},{"damage":0,"enemies":"Shield and Spear","floor":55,"turns":2},{"damage":53,"enemies":"The Heart","floor":56,"turns":8}],"seed_played":"-747071388718164563","potions_obtained":[{"floor":1.0,"key":"SteroidPotion"},{"floor":6.0,"key":"PowerPotion"},{"floor":30.0,"key":"FearPotion"},{"floor":35.0,"key":"DuplicationPotion"},{"floor":48,"key":"FairyPotion"}],"is_trial":false,"path_per_floor":["M","?","?","$","T","E","R","E","T","M","E","M","?","M","R","B",null,"M","?","?","T","M","R","E","R","T","E","R","E","M","$","R","B",null,"M","?","M","?","$","R","E","R","T","E","R","M","?","E","R","B","B",null,"R","$","E","B",null],"character_chosen":"IRONCLAD","items_purchased":["Membership Card","Lee\u0027s Waffle","Bag of Preparation","Lantern","Orrery","DuplicationPotion"],"campfire_rested":2,"item_purchase_floors":[31,39,54,54,54,54],"current_hp_per_floor":[74,79,74,74,74,80,80,80,80,80,77,78,53,58,58,45,71,64,64,64,64,59,59,21,45,45,37,61,53,59,59,59,55,81,79,43,46,46,98,98,94,94,94,67,67,71,71,67,67,78,68,97,97,97,108,65],"gold":100,"neow_bonus":"THREE_ENEMY_KILL","is_daily":false,"chose_seed":false,"campfire_upgraded":8,"win_rate":0.0,"timestamp":1609137497,"path_taken":["M","?","?","$","?","E","R","E","T","M","E","M","?","M","R","BOSS","M","?","?","?","M","R","E","R","T","E","R","E","M","$","R","BOSS","M","?","M","?","$","R","E","R","T","E","R","M","?","E","R","BOSS","BOSS","R","$","E","BOSS"],"items_purchased_type":["Relic","Relic","Relic","Relic","Relic","Potion"],"build_version":"2020-12-22","purchased_purges":4,"victory":true,"max_hp_per_floor":[75,80,80,80,80,80,80,80,80,80,80,80,80,80,80,80,80,80,80,80,80,80,80,80,80,80,80,80,90,90,90,90,90,90,93,93,96,91,98,98,98,98,98,98,98,101,101,101,101,104,107,107,107,107,110,110],"relic_stats":{"Lee\u0027s Waffle":52,"counters":[27,113],"Self Forming Clay":[189],"Charon\u0027s Ashes":[857],"Juzu Bracelet":0,"Bag of Preparation":[4],"Smiling Mask":25,"Burning Blood":156,"Blood Vial":14,"Nunchaku":[25],"Ornamental Fan":[228],"Sundial":[202],"Shuriken":[57],"Bronze Scales":[356],"Pandora\u0027s Box":["Intimidate","Metallicize","Havoc","Uppercut","Fiend Fire","Disarm","Whirlwind","Dual Wield"],"obtain_stats":[{"Lantern":54,"Vajra":26,"Juzu Bracelet":24,"Bag of Preparation":54,"Smiling Mask":44,"Burning Blood":0,"Blood Vial":41,"Nunchaku":8,"Sundial":6,"Philosopher\u0027s Stone":34,"Paper Frog":48,"Lee\u0027s Waffle":39,"Pear":29,"NeowsBlessing":0,"Self Forming Clay":5,"Charon\u0027s Ashes":27,"Anchor":55,"Ornamental Fan":3,"Shuriken":9,"Bronze Scales":13,"Orrery":54,"Pandora\u0027s Box":17,"Membership Card":31,"Bottled Lightning":43,"Toy Ornithopter":11,"Pocketwatch":36},{"Lantern":25,"Vajra":12,"Juzu Bracelet":12,"Bag of Preparation":25,"Smiling Mask":21,"Burning Blood":0,"Blood Vial":20,"Nunchaku":3,"Sundial":2,"Philosopher\u0027s Stone":16,"Paper Frog":23,"Lee\u0027s Waffle":19,"Pear":14,"NeowsBlessing":0,"Self Forming Clay":1,"Charon\u0027s Ashes":13,"Anchor":26,"Ornamental Fan":1,"Shuriken":3,"Bronze Scales":7,"Orrery":25,"Pandora\u0027s Box":9,"Membership Card":15,"Bottled Lightning":20,"Toy Ornithopter":5,"Pocketwatch":18},{"Lantern":103,"Vajra":51,"Juzu Bracelet":51,"Bag of Preparation":103,"Smiling Mask":88,"Burning Blood":0,"Blood Vial":83,"Nunchaku":4,"Sundial":2,"Philosopher\u0027s Stone":67,"Paper Frog":94,"Lee\u0027s Waffle":78,"Pear":60,"NeowsBlessing":0,"Self Forming Clay":1,"Charon\u0027s Ashes":56,"Anchor":105,"Ornamental Fan":1,"Shuriken":4,"Bronze Scales":25,"Orrery":103,"Pandora\u0027s Box":37,"Membership Card":63,"Bottled Lightning":83,"Toy Ornithopter":14,"Pocketwatch":75}],"Toy Ornithopter":12,"Pocketwatch":[15]},"card_choices":[{"not_picked":["True Grit","Havoc"],"picked":"Shockwave","floor":1.0},{"not_picked":["Reaper","Double Tap"],"picked":"Burning Pact","floor":6.0},{"not_picked":["Wild Strike","Anger"],"picked":"Corruption","floor":8.0},{"not_picked":["Metallicize","Shrug It Off"],"picked":"Disarm","floor":10.0},{"not_picked":["Thunderclap","Havoc"],"picked":"Fire Breathing","floor":11.0},{"not_picked":["Clothesline","Infernal Blade"],"picked":"Burning Pact","floor":12.0},{"not_picked":["Thunderclap","Brutality"],"picked":"Flame Barrier","floor":14.0},{"not_picked":["Body Slam","Blood for Blood","Sword Boomerang"],"picked":"SKIP","floor":18.0},{"not_picked":["Twin Strike","Ghostly Armor"],"picked":"Reckless Charge","floor":22.0},{"not_picked":["Searing Blow+1","Iron Wave"],"picked":"Rage","floor":24.0},{"not_picked":["True Grit","Thunderclap"],"picked":"Feel No Pain+1","floor":27.0},{"not_picked":["Limit Break","Uppercut"],"picked":"Pommel Strike","floor":29.0},{"not_picked":["Sever Soul","Armaments"],"picked":"Shrug It Off","floor":30.0},{"not_picked":["Brutality","Demon Form"],"picked":"Feed","floor":33.0},{"not_picked":["Heavy Blade","Dropkick","Dual Wield"],"picked":"SKIP","floor":35.0},{"not_picked":["Combust","Shrug It Off"],"picked":"Pommel Strike","floor":36.0},{"not_picked":["Disarm","Pommel Strike","Dropkick+1"],"picked":"SKIP","floor":37.0},{"not_picked":["True Grit","Wild Strike","Sword Boomerang+1"],"picked":"SKIP","floor":41.0},{"not_picked":["Searing Blow+1","Spot Weakness","Power Through"],"picked":"SKIP","floor":44.0},{"not_picked":["Armaments","Feed","Wild Strike"],"picked":"SKIP","floor":46.0},{"not_picked":["Perfected Strike","Shrug It Off"],"picked":"Exhume","floor":48},{"not_picked":["Shockwave","Sword Boomerang+1"],"picked":"Warcry+1","floor":54},{"not_picked":["Armaments+1","Clash+1"],"picked":"Battle Trance+1","floor":54},{"not_picked":["Sword Boomerang","Iron Wave+1","Dual Wield"],"picked":"SKIP","floor":55}],"player_experience":3284362,"relics_obtained":[{"floor":5.0,"key":"Self Forming Clay"},{"floor":6.0,"key":"Sundial"},{"floor":8.0,"key":"Nunchaku"},{"floor":9.0,"key":"Shuriken"},{"floor":11.0,"key":"Toy Ornithopter"},{"floor":13.0,"key":"Bronze Scales"},{"floor":24.0,"key":"Juzu Bracelet"},{"floor":26.0,"key":"Vajra"},{"floor":27.0,"key":"Charon\u0027s Ashes"},{"floor":29.0,"key":"Pear"},{"floor":36.0,"key":"Pocketwatch"},{"floor":41.0,"key":"Blood Vial"},{"floor":43.0,"key":"Bottled Lightning"},{"floor":44.0,"key":"Smiling Mask"},{"floor":48,"key":"Paper Frog"},{"floor":55,"key":"Anchor"}],"event_choices":[{"damage_healed":0.0,"max_hp_gain":5.0,"max_hp_loss":0.0,"gold_gain":0.0,"event_name":"Big Fish","player_choice":"Donut","floor":2.0,"gold_loss":0.0,"damage_taken":0.0},{"damage_healed":0.0,"max_hp_gain":0.0,"max_hp_loss":0.0,"gold_gain":0.0,"event_name":"Scrap Ooze","player_choice":"Success","floor":3.0,"gold_loss":0.0,"damage_taken":5.0,"relics_obtained":["Ornamental Fan"]},{"damage_healed":0.0,"max_hp_gain":0.0,"max_hp_loss":0.0,"gold_gain":30.0,"event_name":"Dead Adventurer","player_choice":"Searched \u00273\u0027 times","floor":13.0,"gold_loss":0.0,"damage_taken":0.0},{"damage_healed":0.0,"max_hp_gain":0.0,"max_hp_loss":0.0,"gold_gain":0.0,"event_name":"The Mausoleum","player_choice":"Ignored","floor":19.0,"gold_loss":0.0,"damage_taken":0.0},{"cards_removed":["Bash"],"damage_healed":0.0,"max_hp_gain":0.0,"max_hp_loss":0.0,"gold_gain":0.0,"event_name":"Back to Basics","player_choice":"Elegance","floor":20.0,"gold_loss":0.0,"damage_taken":0.0},{"damage_healed":0.0,"max_hp_gain":0.0,"max_hp_loss":0.0,"gold_gain":0.0,"event_name":"Mysterious Sphere","player_choice":"Fight","floor":36.0,"gold_loss":0.0,"damage_taken":0.0},{"damage_healed":0.0,"max_hp_gain":0.0,"max_hp_loss":5.0,"gold_gain":0.0,"event_name":"Winding Halls","player_choice":"Max HP","floor":38.0,"gold_loss":0.0,"damage_taken":0.0},{"damage_healed":0.0,"max_hp_gain":0.0,"max_hp_loss":0.0,"gold_gain":0.0,"event_name":"Tomb of Lord Red Mask","player_choice":"Ignored","floor":47.0,"gold_loss":0.0,"damage_taken":0.0}],"is_beta":false,"boss_relics":[{"not_picked":["Ectoplasm","Fusion Hammer"],"picked":"Pandora\u0027s Box"},{"not_picked":["Runic Cube","Cursed Key"],"picked":"Philosopher\u0027s Stone"}],"items_purged_floors":[4,31,39,54],"is_endless":false,"potions_floor_spawned":[1,6,10,14,16,18,22,30,35,41,44,48],"ascension_level":20}}