{"host":"cjhtzh7tp54jdfyv","time":1609180300,"event":{"mods":["AchievementEnabler","BaseMod","Colored Map","Colored Powertips","Curses Come First","DeckTracker","Filter the Spire","Hermit","Minty Spire (QoL Compilation)","RNG Fix","Relic Sorter","Relic Stats","StSLib","The Cursed","The Disciple","The Marked","UnlockEverythingMod","Waifu the Spire","ojb\u0027s Better Paths Mod","ojb\u0027s Info Mod"],"gold_per_floor":[116,135,148,298,311,311,341,42,96,126,22,38,38,68,68,68,68],"floor_reached":16,"playtime":1291,"items_purged":["Doubt","TheCursedMod:Strike_TheCursed"],"score":340,"play_id":"a0134538-21fa-426c-a23c-a50e6736897c","local_time":"20201228133140","is_ascension_mode":true,"campfire_choices":[{"data":"TheCursedMod:SpitefulStrike","floor":6.0,"key":"SMITH"},{"floor":13.0,"key":"REST"},{"data":"TheCursedMod:VitalStrike","floor":15.0,"key":"SMITH"}],"circlet_count":0,"master_deck":["AscendersBane","TheCursedMod:Strike_TheCursed","TheCursedMod:Strike_TheCursed","TheCursedMod:Strike_TheCursed","TheCursedMod:Defend_TheCursed","TheCursedMod:Defend_TheCursed","TheCursedMod:Defend_TheCursed","TheCursedMod:Defend_TheCursed","TheCursedMod:CursedWand","TheCursedMod:CleanUpWorkshop","TheCursedMod:Dregs","TheCursedMod:VitalStrike+1","TheCursedMod:SpitefulStrike+1","TheCursedMod:Hemoplague","TheCursedMod:LuckyCharm","TheCursedMod:FuryStrike","TheCursedMod:LuckyCharm","TheCursedMod:VitalStrike","TheCursedMod:NeowsMight","TheCursedMod:Stigma"],"relics":["TheCursedMod:BlackMagic101","Blood Vial","Smiling Mask","ClockworkSouvenir","Oddly Smooth Stone","Bag of Marbles","Question Card"],"acts_visited":["Exordium"],"potions_floor_usage":[16,16],"damage_taken":[{"damage":0.0,"enemies":"Cultist","floor":1.0,"turns":3.0},{"damage":0.0,"enemies":"2 Louse","floor":2.0,"turns":2.0},{"damage":2.0,"enemies":"Small Slimes","floor":3.0,"turns":3.0},{"damage":13.0,"enemies":"Exordium Thugs","floor":5.0,"turns":4.0},{"damage":23.0,"enemies":"3 Sentries","floor":7.0,"turns":9.0},{"damage":15.0,"enemies":"Gremlin Nob","floor":10.0,"turns":4.0},{"damage":3.0,"enemies":"Blue Slaver","floor":12.0,"turns":2.0},{"damage":14.0,"enemies":"3 Sentries","floor":14.0,"turns":7.0}],"seed_played":"-4208949889896870086","potions_obtained":[{"floor":1.0,"key":"Fire Potion"},{"floor":2.0,"key":"CultistPotion"},{"floor":5.0,"key":"Energy Potion"},{"floor":14.0,"key":"Dexterity Potion"}],"is_trial":false,"path_per_floor":["M","M","M","?","M","R","E","$","T","E","$","M","R","E","R","B"],"character_chosen":"THE_CURSED","items_purchased":["ClockworkSouvenir","TheCursedMod:FuryStrike","TheCursedMod:VitalStrike"],"campfire_rested":1,"item_purchase_floors":[8,8,11],"current_hp_per_floor":[66,68,68,68,57,57,36,36,36,23,23,22,43,31,31,0,0],"gold":68,"neow_bonus":"RANDOM_COMMON_RELIC","is_daily":false,"chose_seed":false,"campfire_upgraded":2,"win_rate":0.0,"timestamp":1609180300,"path_taken":["M","M","M","?","M","R","E","$","T","E","?","M","R","E","R","BOSS"],"items_purchased_type":["Relic","Card","Card"],"build_version":"2020-12-22","purchased_purges":2,"victory":false,"max_hp_per_floor":[71,71,71,71,71,71,71,71,71,71,71,71,71,71,71,71,71],"relic_stats":{"Blood Vial":18,"counters":[9,44],"Smiling Mask":75,"Question Card":0,"obtain_stats":[{"Blood Vial":0,"TheCursedMod:BlackMagic101":0,"Oddly Smooth Stone":9,"Bag of Marbles":10,"Smiling Mask":7,"Question Card":14,"ClockworkSouvenir":8},{"Blood Vial":0,"TheCursedMod:BlackMagic101":0,"Oddly Smooth Stone":5,"Bag of Marbles":6,"Smiling Mask":5,"Question Card":8,"ClockworkSouvenir":5},{"Blood Vial":0,"TheCursedMod:BlackMagic101":0,"Oddly Smooth Stone":21,"Bag of Marbles":25,"Smiling Mask":21,"Question Card":34,"ClockworkSouvenir":21}]},"card_choices":[{"not_picked":["TheCursedMod:RavingStaff","TheCursedMod:CircleOfCorruption"],"picked":"TheCursedMod:VitalStrike","floor":1.0},{"not_picked":["TheCursedMod:HellsGateOpen","TheCursedMod:CursedAmulet"],"picked":"TheCursedMod:SpitefulStrike","floor":2.0},{"not_picked":["TheCursedMod:HellfireBreathing","TheCursedMod:CursedMace"],"picked":"TheCursedMod:Hemoplague","floor":3.0},{"not_picked":["TheCursedMod:CursedBlade","TheCursedMod:CursedMace"],"picked":"TheCursedMod:LuckyCharm","floor":5.0},{"not_picked":["TheCursedMod:EmpowerCircles","TheCursedMod:Grudge","TheCursedMod:WearCloak"],"picked":"SKIP","floor":7.0},{"not_picked":["TheCursedMod:Obscuration","TheCursedMod:CursedShiv"],"picked":"TheCursedMod:LuckyCharm","floor":10.0},{"not_picked":["TheCursedMod:SmokeScreen","TheCursedMod:CursedShiv"],"picked":"TheCursedMod:NeowsMight","floor":12.0},{"not_picked":["TheCursedMod:Grudge","TheCursedMod:SpitefulPray"],"picked":"TheCursedMod:Stigma","floor":14.0}],"player_experience":4473038,"relics_obtained":[{"floor":7.0,"key":"Smiling Mask"},{"floor":9.0,"key":"Oddly Smooth Stone"},{"floor":10.0,"key":"Bag of Marbles"},{"floor":14.0,"key":"Question Card"}],"event_choices":[{"damage_healed":0.0,"max_hp_gain":0.0,"max_hp_loss":0.0,"gold_gain":150.0,"event_name":"Liars Game","player_choice":"AGREE","floor":4.0,"gold_loss":0.0,"damage_taken":0.0,"cards_obtained":["Doubt"]}],"is_beta":false,"boss_relics":[],"items_purged_floors":[8,11],"is_endless":false,"potions_floor_spawned":[1,2,5,14],"killed_by":"The Guardian","ascension_level":20}}