{"host":"r6jigiblrojhp6xe","time":1609159266,"event":{"mods":["AchievementEnabler","BaseMod","DeckTracker","Minty Spire (QoL Compilation)","Quick Restart","Rare Cards Sparkle","Relic Stats","StSLib","SuperFastMode","The Cursed","everything is the same but u backflip on backflip"],"gold_per_floor":[217,217,229,154,228,260,277,277,277,296,110,110,110,138,138,209,209,221,237,37,50,100,100,116,116,116,116,130,163,13,13,13,87,87,99,99,109,120,133,158,158,90,90,107,126,145,145,162,162,162,162],"floor_reached":52,"playtime":1966,"items_purged":["Strike_G","Defend_G","Strike_G","Strike_G"],"score":1903,"play_id":"e66beb7e-9c5c-418e-a178-a58100515687","local_time":"20201228214106","is_ascension_mode":true,"campfire_choices":[{"floor":8,"key":"REST"},{"data":"Infinite Blades","floor":12,"key":"SMITH"},{"data":"Corpse Explosion","floor":15,"key":"SMITH"},{"data":"Wraith Form v2","floor":23,"key":"SMITH"},{"data":"Accuracy","floor":25,"key":"SMITH"},{"floor":27,"key":"REST"},{"floor":32,"key":"REST"},{"data":"Blade Dance","floor":41,"key":"SMITH"},{"floor":47,"key":"REST"},{"data":"Blade Dance","floor":49,"key":"SMITH"}],"circlet_count":0,"master_deck":["AscendersBane","Strike_G+1","Defend_G","Defend_G","Defend_G","Defend_G","Survivor","Neutralize+1","Blur","Dagger Throw","Backflip","Blade Dance+1","Backflip","Infinite Blades+1","Corpse Explosion+1","After Image","CurseOfTheBell","PiercingWail","Cloak And Dagger+1","Accuracy+1","Wraith Form v2+1","Blade Dance+1","Adrenaline","Dodge and Roll+1","Blade Dance","Adrenaline","Blade Dance"],"relics":["Ring of the Snake","Bottled Lightning","Kunai","Darkstone Periapt","Whetstone","Calling Bell","Art of War","Pantograph","Lizard Tail","Blue Candle","Mercury Hourglass","Sozu","Anchor","Singing Bowl","Sundial"],"acts_visited":["Exordium","TheCity","TheBeyond"],"potions_floor_usage":[6,6,16,24,28,33,37],"damage_taken":[{"damage":0,"enemies":"2 Louse","floor":1,"turns":4},{"damage":0,"enemies":"Cultist","floor":3,"turns":4},{"damage":48,"enemies":"Gremlin Nob","floor":6,"turns":5},{"damage":0,"enemies":"Jaw Worm","floor":7,"turns":6},{"damage":0,"enemies":"Blue Slaver","floor":10,"turns":5},{"damage":0,"enemies":"Lagavulin","floor":14,"turns":11},{"damage":20,"enemies":"Hexaghost","floor":16,"turns":12},{"damage":12,"enemies":"2 Thieves","floor":18,"turns":4},{"damage":16,"enemies":"Spheric Guardian","floor":19,"turns":6},{"damage":11,"enemies":"Centurion and Healer","floor":21,"turns":7},{"damage":1,"enemies":"Snake Plant","floor":24,"turns":7},{"damage":3,"enemies":"Shelled Parasite and Fungi","floor":28,"turns":7},{"damage":34,"enemies":"Slavers","floor":29,"turns":8},{"damage":36,"enemies":"Champ","floor":33,"turns":16},{"damage":0,"enemies":"Orb Walker","floor":35,"turns":3},{"damage":24,"enemies":"3 Darklings","floor":37,"turns":6},{"damage":13,"enemies":"4 Shapes","floor":38,"turns":6},{"damage":10,"enemies":"Maw","floor":39,"turns":8},{"damage":21,"enemies":"Reptomancer","floor":40,"turns":9},{"damage":8,"enemies":"Transient","floor":44,"turns":6},{"damage":1,"enemies":"Sphere and 2 Shapes","floor":45,"turns":5},{"damage":3,"enemies":"Spire Growth","floor":46,"turns":4},{"damage":0,"enemies":"Maw","floor":48,"turns":7},{"damage":43,"enemies":"Awakened One","floor":50,"turns":15},{"damage":22,"enemies":"Donu and Deca","floor":51,"turns":13}],"seed_played":"-4484713463099984177","potions_obtained":[{"floor":1,"key":"Swift Potion"},{"floor":3,"key":"SneckoOil"},{"floor":7,"key":"FearPotion"},{"floor":21,"key":"CunningPotion"},{"floor":24,"key":"Weak Potion"},{"floor":29,"key":"ColorlessPotion"},{"floor":33,"key":"AttackPotion"}],"is_trial":false,"path_per_floor":["M","?","M","$","T","E","M","R","T","M","$","R","$","E","R","B",null,"M","M","$","M","?","R","M","R","T","R","M","E","$","?","R","B",null,"M","?","M","M","M","E","R","?","T","M","M","M","R","M","R","B","B",null],"character_chosen":"THE_SILENT","items_purchased":["Infinite Blades","Accuracy"],"campfire_rested":4,"item_purchase_floors":[11,20],"current_hp_per_floor":[59,59,59,59,59,11,11,30,30,30,30,30,30,30,30,10,58,46,30,30,19,19,19,18,18,18,39,36,2,2,16,37,26,61,61,61,37,24,14,32,32,32,32,26,27,26,49,49,49,31,34],"gold":162,"neow_bonus":"HUNDRED_GOLD","is_daily":false,"chose_seed":false,"campfire_upgraded":6,"win_rate":0.0,"timestamp":1609159266,"path_taken":["M","?","M","$","?","E","M","R","T","?","$","R","?","E","R","BOSS","M","M","$","M","?","R","M","R","T","R","M","E","$","?","R","BOSS","M","?","?","M","M","E","R","?","T","?","M","M","R","M","R","BOSS","BOSS"],"items_purchased_type":["Card","Card"],"build_version":"2020-12-22","purchased_purges":4,"victory":true,"max_hp_per_floor":[66,66,66,66,66,66,66,66,66,66,66,66,66,66,66,66,72,72,72,72,72,72,72,72,72,72,72,72,72,72,72,72,72,72,72,72,72,72,72,72,72,72,72,74,76,78,78,78,78,78,78],"relic_stats":{"Darkstone Periapt":6,"Singing Bowl":6,"counters":[25,183],"Blue Candle":[1],"Whetstone":["Strike_G","Strike_G"],"Mercury Hourglass":[330],"Sozu":4,"Lizard Tail":36,"Sundial":[8],"Pantograph":75,"Art of War":[6],"Kunai":[154],"obtain_stats":[{"Darkstone Periapt":9,"Singing Bowl":42,"Blue Candle":26,"Whetstone":14,"Mercury Hourglass":29,"Calling Bell":17,"Sozu":34,"Lizard Tail":17,"Anchor":40,"Sundial":43,"Pantograph":17,"Art of War":17,"Bottled Lightning":5,"Kunai":6,"Ring of the Snake":0},{"Darkstone Periapt":4,"Singing Bowl":19,"Blue Candle":11,"Whetstone":6,"Mercury Hourglass":13,"Calling Bell":7,"Sozu":14,"Lizard Tail":7,"Anchor":19,"Sundial":19,"Pantograph":7,"Art of War":7,"Bottled Lightning":2,"Kunai":3,"Ring of the Snake":0},{"Darkstone Periapt":19,"Singing Bowl":134,"Blue Candle":71,"Whetstone":35,"Mercury Hourglass":86,"Calling Bell":47,"Sozu":102,"Lizard Tail":47,"Anchor":134,"Sundial":134,"Pantograph":47,"Art of War":47,"Bottled Lightning":8,"Kunai":13,"Ring of the Snake":0}],"Ring of the Snake":[50]},"card_choices":[{"not_picked":["Outmaneuver","Poisoned Stab"],"picked":"Blur","floor":1},{"not_picked":["Dodge and Roll","Bane"],"picked":"Dagger Throw","floor":3},{"not_picked":["Terror","Underhanded Strike"],"picked":"Backflip","floor":6},{"not_picked":["Slice","Dodge and Roll"],"picked":"Blade Dance","floor":7},{"not_picked":["Sucker Punch","Prepared"],"picked":"Backflip","floor":10},{"not_picked":["Grand Finale","Skewer"],"picked":"Corpse Explosion","floor":14},{"not_picked":["Adrenaline","Grand Finale"],"picked":"After Image","floor":16},{"not_picked":["Underhanded Strike","Poisoned Stab"],"picked":"PiercingWail","floor":18},{"not_picked":["Quick Slash","Terror"],"picked":"Cloak And Dagger+1","floor":19},{"not_picked":["Deflect","Bouncing Flask"],"picked":"Wraith Form v2","floor":21},{"not_picked":["Dagger Spray","Acrobatics","Bane+1"],"picked":"SKIP","floor":24},{"not_picked":["Infinite Blades","Catalyst"],"picked":"Blade Dance","floor":28},{"not_picked":["Flying Knee","PiercingWail","Bane"],"picked":"SKIP","floor":29},{"not_picked":["Bullet Time","Burst"],"picked":"Adrenaline","floor":33},{"not_picked":["Deadly Poison","Cloak And Dagger","Dagger Spray"],"picked":"SKIP","floor":35},{"not_picked":["Slice","Dodge and Roll+1","Quick Slash+1"],"picked":"SKIP","floor":37},{"not_picked":["Slice","Quick Slash+1"],"picked":"Dodge and Roll+1","floor":37},{"not_picked":["Dagger Throw+1","Dagger Spray"],"picked":"Blade Dance","floor":38},{"not_picked":["Catalyst+1","Choke","Dagger Throw+1"],"picked":"SKIP","floor":39},{"not_picked":["Catalyst+1","Choke","Dagger Throw+1"],"picked":"SKIP","floor":39},{"not_picked":["Backstab","Slice"],"picked":"Adrenaline","floor":40},{"not_picked":["Dagger Spray","Quick Slash","Slice"],"picked":"Singing Bowl","floor":44},{"not_picked":["Skewer","Sucker Punch","Crippling Poison+1"],"picked":"Singing Bowl","floor":45},{"not_picked":["Flying Knee","Bouncing Flask","Poisoned Stab"],"picked":"Singing Bowl","floor":46},{"not_picked":["Bane","Eviscerate+1"],"picked":"Blade Dance","floor":48}],"player_experience":544404,"relics_obtained":[{"floor":5,"key":"Bottled Lightning"},{"floor":6,"key":"Kunai"},{"floor":9,"key":"Darkstone Periapt"},{"floor":14,"key":"Whetstone"},{"floor":17,"key":"Art of War"},{"floor":17,"key":"Pantograph"},{"floor":17,"key":"Lizard Tail"},{"floor":26,"key":"Blue Candle"},{"floor":29,"key":"Mercury Hourglass"},{"floor":40,"key":"Anchor"},{"floor":43,"key":"Sundial"}],"event_choices":[{"damage_healed":0,"gold_gain":0,"player_choice":"Forge","damage_taken":0,"max_hp_gain":0,"max_hp_loss":0,"event_name":"Accursed Blacksmith","floor":2,"gold_loss":0,"cards_upgraded":["Neutralize"]},{"damage_healed":0,"gold_gain":50,"player_choice":"Stole From Cult","damage_taken":0,"max_hp_gain":0,"max_hp_loss":0,"event_name":"Nest","floor":22,"gold_loss":0},{"damage_healed":14,"gold_gain":0,"player_choice":"Heal","damage_taken":0,"max_hp_gain":0,"max_hp_loss":0,"event_name":"The Library","floor":31,"gold_loss":0},{"cards_removed":["Strike_G"],"damage_healed":0,"gold_gain":0,"player_choice":"Card Removal","damage_taken":0,"max_hp_gain":0,"max_hp_loss":0,"event_name":"Wheel of Change","floor":36,"gold_loss":0},{"damage_healed":0,"gold_gain":0,"player_choice":"Paid Gold","damage_taken":0,"relics_obtained":["Singing Bowl"],"max_hp_gain":0,"max_hp_loss":0,"event_name":"WeMeetAgain","floor":42,"gold_loss":68}],"is_beta":false,"boss_relics":[{"not_picked":["Ectoplasm","Ring of the Serpent"],"picked":"Calling Bell"},{"not_picked":["SlaversCollar","WristBlade"],"picked":"Sozu"}],"items_purged_floors":[4,11,20,30],"is_endless":false,"potions_floor_spawned":[1,3,7,21,24,29,33,35,38,45,46],"ascension_level":20}}