{"host":"areou1to5q11ox5u","time":1609171852,"event":{"mods":["AchievementEnabler","Act Like it!","BaseMod","Bestiary","Block Reminder","Colored Map","Colored Powertips","DeckTracker","Downfall","Elementarium","Highlight Path","Infinite Spire","Minty Spire (QoL Compilation)","Permanent Neow","Random Character Button","Relic Sorter","Relic Stats","StSLib","The Construct","The Jungle"],"gold_per_floor":[113,126,138,148,162,162,175,175,175,175,200,14,14,30,30,130,130,144,163,163,9,9,19,19,39,39,39,55,85,85,85,85],"floor_reached":31,"playtime":3444,"items_purged":[],"score":259,"play_id":"994c94af-2b3f-4409-93d3-ff0849da36df","local_time":"20201228171052","is_ascension_mode":false,"campfire_choices":[{"data":"construct:ChargeShot","floor":6,"key":"SMITH"},{"data":"construct:CripplingShot","floor":10,"key":"SMITH"},{"data":"construct:GuardCore","floor":13,"key":"SMITH"},{"floor":15,"key":"REST"},{"data":"construct:ScopeCore","floor":24,"key":"SMITH"},{"data":"infinitespire:Starlight","floor":30,"key":"SMITH"}],"circlet_count":0,"master_deck":["construct:Strike_Gold","construct:Strike_Gold+1","construct:Strike_Gold","construct:Strike_Gold","construct:Strike_Gold","construct:Defend_Gold","construct:Defend_Gold","construct:Defend_Gold","construct:Defend_Gold","construct:Defend_Gold","construct:AttackMode","construct:DefenseMode","construct:ScopeCore+1","construct:ForceCore","construct:GuardCore+1","construct:ChargeShot+1","construct:CripplingShot+1","construct:BatteryAcid","construct:Electrocute","construct:GuardCore+1","expansioncontent:AwakenDeath","construct:SuppressiveFire","construct:Autoturret","construct:Accumulate","construct:SaveState","construct:Autoturret+1","infinitespire:Starlight+1","infinitespire:FutureSight","infinitespire:Execution","construct:Accumulate+1","construct:SuppressiveFire+1","CurseOfTheBell","construct:Analyze+1","construct:GuardCore+1"],"relics":["construct:Cogwheel","Bottled Lightning","Incense Burner","construct:RocketBooster","construct:MasterCore","Bottled Flame","Bronze Scales","Calling Bell","infinitespire:Joker Card","construct:FoamFinger","Ancient Tea Set","Pantograph"],"acts_visited":["Exordium","Exordium"],"potions_floor_usage":[],"damage_taken":[{"damage":0.0,"enemies":"Cultist","floor":1.0,"turns":4.0},{"damage":5,"enemies":"2 Louse","floor":2,"turns":3},{"damage":4,"enemies":"Jaw Worm","floor":3,"turns":3},{"damage":5,"enemies":"3 Louse","floor":4,"turns":4},{"damage":4,"enemies":"Exordium Thugs","floor":5,"turns":6},{"damage":17,"enemies":"Gremlin Gang","floor":7,"turns":6},{"damage":23,"enemies":"Lagavulin","floor":11,"turns":6},{"damage":5,"enemies":"2 Fungi Beasts","floor":14,"turns":3},{"damage":1,"enemies":"Slime Boss","floor":16,"turns":10},{"damage":4,"enemies":"Elementarium:2_ELEMENTALS","floor":18,"turns":3},{"damage":16,"enemies":"Elementarium:Cyclone","floor":19,"turns":6},{"damage":31,"enemies":"Elementarium:RubyGolem","floor":23,"turns":7},{"damage":22,"enemies":"Elementarium:STONE_GOLEMS","floor":25,"turns":4},{"damage":8,"enemies":"Elementarium:CYCLONE_AND_LIVING_STORMCLOUD","floor":28,"turns":5},{"damage":29,"enemies":"Elementarium:WarGolem","floor":29,"turns":4},{"damage":4,"enemies":"Elementarium:VoidBeast","floor":31,"turns":1}],"seed_played":"3017606490206964391","potions_obtained":[{"floor":3,"key":"Fire Potion"},{"floor":5,"key":"Guardian:BlockOnCardUsePotion"},{"floor":11,"key":"Swift Potion"},{"floor":14,"key":"Explosive Potion"},{"floor":16,"key":"Slimebound:ThreeZeroPotion"},{"floor":18,"key":"BlessingOfTheForge"}],"is_trial":false,"path_per_floor":["M","M","M","M","M","R","M","T","T","R","E","$","R","M","R","B",null,"M","M","?","$","AVR","M","R","M","T","?","M","E","R","M"],"character_chosen":"THE_CONSTRUCT_MOD","items_purchased":["expansioncontent:AwakenDeath","construct:SuppressiveFire","construct:Autoturret","construct:MasterCore"],"campfire_rested":1,"item_purchase_floors":[12,12,12,21],"current_hp_per_floor":[85,80,76,71,67,67,50,50,50,50,27,27,27,22,47,46,85,81,65,73,73,73,62,62,50,50,39,41,12,12,8,8],"gold":85,"neow_bonus":"THREE_CARDS","is_daily":false,"chose_seed":false,"campfire_upgraded":5,"win_rate":0.0,"timestamp":1609171852,"path_taken":["M","M","M","M","M","R","M","?","T","R","E","?","R","M","R","BOSS","M","M","?","?","AVR","M","R","M","T","?","M","E","R","M"],"items_purchased_type":["Card","Card","Card","Relic"],"build_version":"2020-12-22","purchased_purges":0,"victory":false,"max_hp_per_floor":[85,85,85,85,85,85,85,85,85,85,85,85,85,85,85,85,85,85,85,93,93,93,93,93,93,93,93,93,93,93,93,93],"relic_stats":{"counters":[16,75],"Bronze Scales":[27],"Pantograph":0,"obtain_stats":[{"construct:RocketBooster":9,"construct:FoamFinger":27,"infinitespire:Joker Card":27,"Incense Burner":11,"Ancient Tea Set":27,"Calling Bell":27,"Bottled Flame":22,"construct:Cogwheel":0,"Bronze Scales":26,"Pantograph":29,"Philosopher\u0027s Stone":17,"Bottled Lightning":8,"construct:MasterCore":21},{"construct:RocketBooster":6,"construct:FoamFinger":13,"infinitespire:Joker Card":13,"Incense Burner":7,"Ancient Tea Set":13,"Calling Bell":13,"Bottled Flame":11,"construct:Cogwheel":0,"Bronze Scales":13,"Pantograph":15,"Philosopher\u0027s Stone":9,"Bottled Lightning":6,"construct:MasterCore":11},{"construct:RocketBooster":26,"construct:FoamFinger":65,"infinitespire:Joker Card":65,"Incense Burner":32,"Ancient Tea Set":65,"Calling Bell":65,"Bottled Flame":54,"construct:Cogwheel":0,"Bronze Scales":65,"Pantograph":74,"Philosopher\u0027s Stone":45,"Bottled Lightning":26,"construct:MasterCore":54}]},"card_choices":[{"not_picked":["construct:SaveState","construct:Zapper"],"picked":"construct:ScopeCore","floor":0.0},{"not_picked":["construct:Accumulate","construct:Reinforce"],"picked":"construct:ForceCore","floor":1.0},{"not_picked":["construct:ShiftStrike","construct:ClusterMines"],"picked":"construct:GuardCore","floor":2},{"not_picked":["construct:Dampening","construct:Enhance"],"picked":"construct:ChargeShot","floor":3},{"not_picked":["construct:QuickAttack","construct:Forcefield"],"picked":"construct:CripplingShot","floor":4},{"not_picked":["construct:QuickAttack","construct:CripplingShot"],"picked":"construct:BatteryAcid","floor":5},{"not_picked":["construct:Forcefield","construct:QuickAttack"],"picked":"construct:Electrocute","floor":7},{"not_picked":["construct:Missile","construct:Electrocute"],"picked":"construct:GuardCore","floor":11},{"not_picked":["construct:Backfire","construct:QuickAttack"],"picked":"construct:Accumulate","floor":14},{"not_picked":["construct:Backfire","construct:Forcefield"],"picked":"construct:SaveState","floor":18},{"not_picked":["construct:Analyze","construct:ScrapCannon"],"picked":"construct:Autoturret+1","floor":19},{"not_picked":["construct:ScrapCannon","construct:Failsafe"],"picked":"construct:Accumulate+1","floor":23},{"not_picked":["construct:Backfire","construct:BatteryAcid"],"picked":"construct:SuppressiveFire+1","floor":25},{"not_picked":["construct:ClusterMines","construct:SyphonStrike"],"picked":"construct:Analyze+1","floor":28},{"not_picked":["construct:Enhance","construct:GoldenBullet"],"picked":"construct:GuardCore+1","floor":29}],"player_experience":41409,"relics_obtained":[{"floor":8,"key":"Bottled Lightning"},{"floor":9,"key":"construct:RocketBooster"},{"floor":11,"key":"Incense Burner"},{"floor":26,"key":"Bronze Scales"},{"floor":27,"key":"infinitespire:Joker Card"},{"floor":27,"key":"construct:FoamFinger"},{"floor":27,"key":"Ancient Tea Set"},{"floor":29,"key":"Pantograph"}],"event_choices":[{"damage_healed":0,"gold_gain":0,"player_choice":"Graft","damage_taken":0,"max_hp_gain":8,"max_hp_loss":0,"event_name":"Elementarium:SculptureGarden","floor":20,"gold_loss":0},{"damage_healed":0,"gold_gain":0,"player_choice":"Offer","damage_taken":0,"relics_obtained":["Calling Bell"],"max_hp_gain":0,"max_hp_loss":0,"event_name":"Elementarium:GreatTreasure","floor":27,"relics_lost":["Philosopher\u0027s Stone"],"gold_loss":0}],"is_beta":false,"boss_relics":[{"not_picked":["Empty Cage","Fusion Hammer"],"picked":"Philosopher\u0027s Stone"}],"items_purged_floors":[],"is_endless":false,"potions_floor_spawned":[3,5,11,14,16,18,23,25],"killed_by":"Elementarium:VoidBeast","ascension_level":0}}