{"host":"s1gi8xs3so6zkrm7","time":1609180181,"event":{"mods":["BaseMod","Filter the Spire","Minty Spire (QoL Compilation)"],"gold_per_floor":[111,111,186,34,34,34,59,80,80,80,115,115,156,106,106,226,226,250,250,262,295,4,4,4,4,30,30,30,74,119,140,140,265,265,283,303,32,32,365,397,397,423,446,471,471,489,503,522,522,522],"floor_reached":51,"playtime":2102,"items_purged":["Writhe","Doubt"],"score":1007,"play_id":"2c6f71f1-75cc-4bc8-b922-8d6a4c187129","local_time":"20201228122941","is_ascension_mode":true,"campfire_choices":[{"data":"Sever Soul","floor":6,"key":"SMITH"},{"data":"Seeing Red","floor":10,"key":"SMITH"},{"data":"Impervious","floor":15,"key":"SMITH"},{"data":"Offering","floor":23,"key":"SMITH"},{"floor":25,"key":"REST"},{"data":"Berserk","floor":27,"key":"SMITH"},{"floor":32,"key":"REST"},{"floor":49,"key":"RECALL"}],"circlet_count":0,"master_deck":["Bash+1","Sever Soul+1","Seeing Red+1","Berserk+1","Reaper","Anger","Impervious+1","Seeing Red","Uppercut","Anger","Inflame+1","Clash+1","Offering+1","Warcry+1","Necronomicurse","Iron Wave","Blood for Blood","Dropkick+1","Bludgeon","Pommel Strike"],"relics":["Pandora\u0027s Box","Meat on the Bone","Tiny Chest","Smiling Mask","Cursed Key","MawBank","Matryoshka","Bottled Lightning","Necronomicon","Whetstone","Potion Belt","Calipers","Letter Opener","Pen Nib","Busted Crown","Strange Spoon","Omamori","Spirit Poop","Toy Ornithopter","MealTicket","Pocketwatch"],"acts_visited":["Exordium","TheCity","TheBeyond"],"potions_floor_usage":[16,29,31,33,50,50,50,50,50],"damage_taken":[{"damage":6,"enemies":"Cultist","floor":1,"turns":3},{"damage":0,"enemies":"Small Slimes","floor":7,"turns":2},{"damage":0,"enemies":"2 Louse","floor":8,"turns":2},{"damage":12,"enemies":"Gremlin Nob","floor":11,"turns":3},{"damage":17,"enemies":"Lagavulin","floor":13,"turns":4},{"damage":46,"enemies":"The Guardian","floor":16,"turns":6},{"damage":6,"enemies":"3 Byrds","floor":18,"turns":3},{"damage":20,"enemies":"Shell Parasite","floor":21,"turns":3},{"damage":69,"enemies":"Book of Stabbing","floor":29,"turns":4},{"damage":12,"enemies":"Chosen and Byrds","floor":31,"turns":4},{"damage":9,"enemies":"Collector","floor":33,"turns":6},{"damage":35,"enemies":"3 Shapes","floor":35,"turns":3},{"damage":6,"enemies":"Orb Walker","floor":36,"turns":1},{"damage":6,"enemies":"Giant Head","floor":40,"turns":3},{"damage":6,"enemies":"Reptomancer","floor":42,"turns":2},{"damage":13,"enemies":"Giant Head","floor":44,"turns":4},{"damage":17,"enemies":"3 Darklings","floor":46,"turns":3},{"damage":6,"enemies":"Jaw Worm Horde","floor":47,"turns":2},{"damage":6,"enemies":"Spire Growth","floor":48,"turns":2},{"damage":71,"enemies":"Awakened One","floor":50,"turns":5}],"seed_played":"1406966213468570102","potions_obtained":[{"floor":1,"key":"Fire Potion"},{"floor":8,"key":"Explosive Potion"},{"floor":16,"key":"Strength Potion"},{"floor":31,"key":"Block Potion"},{"floor":40,"key":"Swift Potion"},{"floor":46,"key":"FearPotion"},{"floor":47,"key":"Fire Potion"}],"is_trial":false,"path_per_floor":["M","?","?","$","?","R","M","M","T","R","E","?","E","?","R","B",null,"M","?","T","M","$","R","?","R","T","R","?","E","T","M","R","B",null,"M","M","$","?","?","E","?","E","T","E","T","M","M","M","R","B",null],"character_chosen":"IRONCLAD","items_purchased":["DistilledChaos","Inflame","Bottled Lightning","Strange Spoon","DistilledChaos"],"campfire_rested":2,"item_purchase_floors":[4,4,22,37,37],"current_hp_per_floor":[78,58,47,47,47,47,55,56,56,56,44,70,53,53,53,29,80,74,74,74,54,54,54,38,62,62,62,62,19,19,31,55,68,80,45,51,51,51,51,80,80,80,80,73,73,69,63,57,57,52],"gold":522,"neow_bonus":"BOSS_RELIC","is_daily":false,"chose_seed":false,"campfire_upgraded":5,"win_rate":0.0,"timestamp":1609180181,"path_taken":["M","?","?","$","?","R","M","?","T","R","E","?","E","?","R","BOSS","M","?","?","M","?","R","?","R","T","R","?","E","?","M","R","BOSS","M","M","$","?","?","E","?","E","T","E","?","M","?","?","R","BOSS"],"items_purchased_type":["Potion","Card","Relic","Relic","Potion"],"build_version":"2020-12-22","purchased_purges":2,"victory":true,"max_hp_per_floor":[80,80,80,80,80,80,80,80,80,80,80,80,80,80,80,80,80,80,80,80,80,80,80,80,80,80,80,80,80,80,80,80,80,80,80,80,80,80,80,80,80,80,80,80,80,80,80,80,80,80],"card_choices":[{"not_picked":["Spot Weakness","Flex"],"picked":"Anger","floor":1},{"not_picked":["Flex","Shrug It Off","Clothesline"],"picked":"SKIP","floor":7},{"not_picked":["Sentinel","Iron Wave","Sword Boomerang"],"picked":"SKIP","floor":8},{"not_picked":["Burning Pact","Armaments"],"picked":"Clash","floor":11},{"not_picked":["Searing Blow","Havoc","Second Wind"],"picked":"SKIP","floor":13},{"not_picked":["Corruption","Berserk"],"picked":"Offering","floor":16},{"not_picked":["Thunderclap","Flex+1","Combust"],"picked":"SKIP","floor":18},{"not_picked":["Iron Wave+1","True Grit"],"picked":"Warcry+1","floor":21},{"not_picked":["Hemokinesis","Pommel Strike","Clothesline"],"picked":"SKIP","floor":29},{"not_picked":["Clothesline+1","Dropkick+1","Fire Breathing+1"],"picked":"SKIP","floor":31},{"not_picked":["Clothesline+1","Fire Breathing+1"],"picked":"Dropkick+1","floor":31},{"not_picked":["Limit Break","Reaper"],"picked":"Bludgeon","floor":33},{"not_picked":["Perfected Strike"],"picked":"SKIP","floor":35},{"not_picked":["Fire Breathing"],"picked":"SKIP","floor":36},{"not_picked":["Metallicize+1"],"picked":"SKIP","floor":40},{"not_picked":["Heavy Blade"],"picked":"SKIP","floor":42},{"not_picked":["Ghostly Armor"],"picked":"SKIP","floor":44},{"not_picked":["Body Slam"],"picked":"SKIP","floor":46},{"not_picked":["Perfected Strike"],"picked":"SKIP","floor":47},{"not_picked":[],"picked":"Pommel Strike","floor":48}],"player_experience":195182,"relics_obtained":[{"floor":9,"key":"Meat on the Bone"},{"floor":11,"key":"Tiny Chest"},{"floor":13,"key":"Smiling Mask"},{"floor":20,"key":"Matryoshka"},{"floor":24,"key":"Necronomicon"},{"floor":26,"key":"Whetstone"},{"floor":26,"key":"Potion Belt"},{"floor":29,"key":"Calipers"},{"floor":30,"key":"Letter Opener"},{"floor":30,"key":"Pen Nib"},{"floor":40,"key":"Omamori"},{"floor":42,"key":"Toy Ornithopter"},{"floor":43,"key":"MealTicket"},{"floor":44,"key":"Pocketwatch"}],"event_choices":[{"damage_healed":0,"gold_gain":0,"player_choice":"Take Damage","damage_taken":20,"relics_obtained":["Golden Idol"],"max_hp_gain":0,"max_hp_loss":0,"event_name":"Golden Idol","floor":2,"gold_loss":0},{"damage_healed":0,"gold_gain":75,"player_choice":"Gather Gold","damage_taken":11,"max_hp_gain":0,"max_hp_loss":0,"event_name":"World of Goop","floor":3,"gold_loss":0},{"damage_healed":0,"gold_gain":0,"player_choice":"Upgraded","damage_taken":0,"max_hp_gain":0,"max_hp_loss":0,"event_name":"Upgrade Shrine","floor":5,"gold_loss":0,"cards_upgraded":["Inflame"]},{"damage_healed":26,"gold_gain":0,"player_choice":"Banana","damage_taken":0,"max_hp_gain":0,"max_hp_loss":0,"event_name":"Big Fish","floor":12,"gold_loss":0},{"cards_removed":["Feel No Pain"],"damage_healed":0,"gold_gain":0,"player_choice":"Card Removal","damage_taken":0,"max_hp_gain":0,"max_hp_loss":0,"event_name":"The Cleric","floor":14,"gold_loss":50},{"damage_healed":0,"gold_gain":0,"player_choice":"Opened","damage_taken":0,"relics_obtained":["MawBank"],"max_hp_gain":0,"max_hp_loss":0,"event_name":"The Mausoleum","floor":19,"gold_loss":0},{"damage_healed":0,"gold_gain":0,"player_choice":"Obtained Book","damage_taken":16,"max_hp_gain":0,"max_hp_loss":0,"event_name":"Cursed Tome","floor":24,"gold_loss":0},{"damage_healed":0,"gold_gain":0,"player_choice":"3 cards matched","damage_taken":0,"max_hp_gain":0,"max_hp_loss":0,"event_name":"Match and Keep!","floor":28,"gold_loss":0,"cards_obtained":["Iron Wave","Blood for Blood","Bash"]},{"cards_removed":["Bash"],"damage_healed":0,"gold_gain":0,"player_choice":"Removed Attack","damage_taken":0,"max_hp_gain":0,"max_hp_loss":0,"event_name":"Falling","floor":38,"gold_loss":0},{"damage_healed":0,"gold_gain":333,"player_choice":"Gave Idol","damage_taken":0,"max_hp_gain":0,"max_hp_loss":0,"event_name":"The Moai Head","floor":39,"relics_lost":["Golden Idol"],"gold_loss":0},{"cards_removed":["Writhe"],"damage_healed":0,"gold_gain":0,"player_choice":"Offered Curse","damage_taken":0,"relics_obtained":["Spirit Poop"],"max_hp_gain":0,"max_hp_loss":0,"event_name":"Bonfire Elementals","floor":41,"gold_loss":0}],"is_beta":false,"boss_relics":[{"not_picked":["Coffee Dripper","SacredBark"],"picked":"Cursed Key"},{"not_picked":["Snecko Eye","Velvet Choker"],"picked":"Busted Crown"}],"items_purged_floors":[22,37],"is_endless":false,"potions_floor_spawned":[1,8,16,21,31,40,46,47],"ascension_level":4}}