{"host":"yd6hhqps9de4qmof","time":1609182264,"event":{"mods":["BaseMod","Downfall","Hermit","Highlight Path","Jorbs\u0027s Wanderer Trilogy","Minty Spire (QoL Compilation)","Relic Stats","Shade Mod","StSLib","The Construct","The Cursed","The Runesmith","The Servant 0.9.4"],"gold_per_floor":[349,368,385,685,685,7,56,91,91,23,74,74,74,74,101,101,101,101],"floor_reached":16,"playtime":847,"items_purged":["Slimebound:Icky"],"score":111,"play_id":"0c9a828f-cdf2-4634-bda7-279ca6ed16c9","local_time":"20201228200424","is_ascension_mode":true,"campfire_choices":[{"floor":1,"key":"REST"},{"floor":9,"key":"RECALL"},{"data":"hexamod:SpectersWail","floor":13,"key":"SMITH"}],"circlet_count":0,"master_deck":["hexamod:Strike","hexamod:Strike","hexamod:Strike","hexamod:Defend","hexamod:Defend","hexamod:Defend","hexamod:Defend","hexamod:Sear","hexamod:Float","hexamod:GhostLash","Slimebound:Icky","hexamod:GhostShield","hexamod:Hexaguard","expansioncontent:LastStand","hexamod:FirstSeal","hexamod:TurnItUp","hexamod:SecondSeal","hexamod:SpectersWail+1","hexamod:SuperheatedStrike"],"relics":["hexamod:SpiritBrand","Ancient Tea Set","Juzu Bracelet","CeramicFish","Nunchaku","Blood Vial","White Beast Statue"],"acts_visited":["Exordium"],"potions_floor_usage":[6,10,11,16],"damage_taken":[{"damage":0,"enemies":"Small Slimes","floor":2,"turns":3},{"damage":0,"enemies":"2 Louse","floor":3,"turns":2},{"damage":0,"enemies":"downfall:FleeingMerchant","floor":6,"turns":4},{"damage":18,"enemies":"Lagavulin","floor":8,"turns":9},{"damage":0,"enemies":"downfall:FleeingMerchant","floor":10,"turns":4},{"damage":7,"enemies":"3 Sentries","floor":11,"turns":9},{"damage":0,"enemies":"Jaw Worm","floor":15,"turns":2},{"damage":72,"enemies":"downfall:Defect","floor":16,"turns":9}],"seed_played":"3595427476193181231","potions_obtained":[{"floor":2,"key":"hexamod:EctoCoolerPotion"},{"floor":11,"key":"sneckomod:MuddlingPotion"},{"floor":14,"key":"downfall:CursedFountainPotion"},{"floor":15,"key":"BlessingOfTheForge"}],"is_trial":false,"path_per_floor":["R","M","M","?","?","$","T","E","R","$","E","T","R","?","M","B"],"character_chosen":"THE_SPIRIT","items_purchased":["hexamod:Hexaguard","expansioncontent:LastStand","Ancient Tea Set","Juzu Bracelet","hexamod:FirstSeal","Weak Potion","Explosive Potion","hexamod:SecondSeal"],"campfire_rested":1,"item_purchase_floors":[6,6,6,6,6,6,6,10],"current_hp_per_floor":[70,70,70,70,70,70,70,59,59,66,66,66,66,66,70,0,0,0],"gold":101,"neow_bonus":"TWO_FIFTY_GOLD","is_daily":false,"chose_seed":false,"campfire_upgraded":1,"win_rate":0.0,"timestamp":1609182264,"path_taken":["R","M","M","?","?","$","T","E","R","?","E","?","R","?","M","BOSS"],"items_purchased_type":["Card","Card","Relic","Relic","Card","Potion","Potion","Card"],"build_version":"2020-12-22","purchased_purges":1,"victory":false,"max_hp_per_floor":[70,70,70,70,70,70,70,70,70,70,70,70,70,70,70,70,70,70],"relic_stats":{"Blood Vial":2,"Nunchaku":[2],"counters":[8,42],"CeramicFish":36,"Juzu Bracelet":1,"obtain_stats":[{"Blood Vial":11,"Nunchaku":8,"CeramicFish":7,"Juzu Bracelet":6,"Ancient Tea Set":6,"hexamod:SpiritBrand":0,"White Beast Statue":12},{"Blood Vial":6,"Nunchaku":4,"CeramicFish":3,"Juzu Bracelet":3,"Ancient Tea Set":3,"hexamod:SpiritBrand":0,"White Beast Statue":6},{"Blood Vial":31,"Nunchaku":18,"CeramicFish":9,"Juzu Bracelet":9,"Ancient Tea Set":9,"hexamod:SpiritBrand":0,"White Beast Statue":31}]},"card_choices":[{"not_picked":["hexamod:HeatShield","hexamod:Firestarter"],"picked":"hexamod:GhostLash","floor":2},{"not_picked":["hexamod:Rewind","hexamod:ShieldOfDarkness","hexamod:HeatMetal"],"picked":"SKIP","floor":3},{"not_picked":["hexamod:HauntingEcho","hexamod:BurningTouch"],"picked":"hexamod:GhostShield","floor":6},{"not_picked":["hexamod:Rewind","hexamod:BurningTouch","hexamod:Incineration"],"picked":"SKIP","floor":8},{"not_picked":["hexamod:InspiringFlames","hexamod:GhostflameInferno"],"picked":"hexamod:TurnItUp","floor":10},{"not_picked":["hexamod:ShieldOfDarkness","hexamod:GhostOfSpirePresent"],"picked":"hexamod:SpectersWail","floor":11},{"not_picked":["hexamod:RainOfEmbers","hexamod:SwordOfDarkness"],"picked":"hexamod:SuperheatedStrike","floor":15}],"player_experience":1030282,"relics_obtained":[{"floor":7,"key":"CeramicFish"},{"floor":8,"key":"Nunchaku"},{"floor":11,"key":"Blood Vial"},{"floor":12,"key":"White Beast Statue"}],"event_choices":[],"is_beta":false,"boss_relics":[],"items_purged_floors":[6],"is_endless":false,"potions_floor_spawned":[2,11,15],"killed_by":"downfall:Defect","ascension_level":1}}