{"host":"nzm1i0l8mrsm8hd2","time":1609155593,"event":{"mods":["Act Like it!","BaseMod","Better Third Choice","Conspire","Gensokyo","Minty Spire (QoL Compilation)","Pale of the Ancients","Quick Restart","RumiaBox-露米娅的神秘盒子","Spicy Shops","StSLib","The Dragon Tamer","Wandering Minibosses"],"gold_per_floor":[117,117,117,42,256,286,298,310,346,358,397,409,436,288,300,312,312],"floor_reached":16,"playtime":596,"items_purged":["Defend_G"],"score":242,"play_id":"5a59728a-9d00-4587-a566-8b4626f8445b","local_time":"20201228193953","is_ascension_mode":true,"campfire_choices":[{"data":"Neutralize","floor":8,"key":"SMITH"},{"data":"Grand Finale","floor":10,"key":"SMITH"},{"data":"Cloak And Dagger","floor":15,"key":"SMITH"}],"circlet_count":0,"master_deck":["AscendersBane","Strike_G","Strike_G","Strike_G","Defend_G","Defend_G","Defend_G","Defend_G","Survivor","Neutralize+1","Cloak And Dagger+1"],"relics":["Ring of the Snake","NeowsBlessing","Baka","MawBank","Oddly Smooth Stone","MealTicket","Bag of Marbles","Gensokyo:YoukaiFlower","Enchiridion"],"acts_visited":["Exordium"],"potions_floor_usage":[],"damage_taken":[{"damage":0,"enemies":"Gensokyo:Python","floor":1,"turns":1},{"damage":0,"enemies":"Gensokyo:2_Kodama","floor":5,"turns":1},{"damage":0,"enemies":"Gensokyo:Aya","floor":6,"turns":1},{"damage":5,"enemies":"Gensokyo:Cirno","floor":11,"turns":8},{"damage":8,"enemies":"Gensokyo:Gryphon","floor":13,"turns":6},{"damage":109,"enemies":"Gensokyo:Yukari","floor":16,"turns":20}],"seed_played":"-7625473891019932935","potions_obtained":[{"floor":6,"key":"Energy Potion"},{"floor":11,"key":"FairyPotion"}],"is_trial":false,"path_per_floor":["M","?","?","$","M","E","T","R","T","R","E","?","M","?","R","B"],"character_chosen":"THE_SILENT","items_purchased":[],"campfire_rested":0,"item_purchase_floors":[],"current_hp_per_floor":[59,43,49,49,49,49,49,49,49,49,44,44,51,51,51,23,23],"gold":312,"neow_bonus":"THREE_ENEMY_KILL","is_daily":false,"chose_seed":false,"campfire_upgraded":3,"win_rate":0.0,"timestamp":1609155593,"path_taken":["M","?","?","?","M","E","?","R","T","R","E","?","M","?","R","BOSS"],"items_purchased_type":[],"build_version":"2020-12-22","purchased_purges":1,"victory":false,"max_hp_per_floor":[66,66,72,72,72,72,72,72,72,72,72,72,72,72,72,72,72],"card_choices":[{"not_picked":["Underhanded Strike","Outmaneuver","Dagger Spray"],"picked":"SKIP","floor":1},{"not_picked":["Underhanded Strike","Dodge and Roll","Dagger Spray"],"picked":"SKIP","floor":5},{"not_picked":["Slice","Masterful Stab"],"picked":"Grand Finale","floor":6},{"not_picked":["PiercingWail","Slice","Dash"],"picked":"SKIP","floor":11},{"not_picked":["Deadly Poison","Deflect"],"picked":"Cloak And Dagger","floor":13}],"player_experience":560681,"relics_obtained":[{"floor":1,"key":"Baka"},{"floor":6,"key":"MawBank"},{"floor":7,"key":"Oddly Smooth Stone"},{"floor":9,"key":"MealTicket"},{"floor":11,"key":"Bag of Marbles"}],"event_choices":[],"is_beta":false,"boss_relics":[],"items_purged_floors":[4],"is_endless":false,"potions_floor_spawned":[6,11],"killed_by":"Gensokyo:Yukari","ascension_level":20}}