{"host":"hszimsrtxxc2k25w","time":1609198007,"event":{"mods":["AchievementEnabler","BaseMod","Colored Map","DeckTracker","Minty Spire (QoL Compilation)","Rare Cards Sparkle","SuperFastMode"],"gold_per_floor":[113,113,129,129,148,183,183,183,183,183,197,214,214,233,233,233,233],"floor_reached":16,"playtime":352,"items_purged":[],"score":204,"play_id":"85bc653c-fb39-4293-9033-d08cb2f30916","local_time":"20201229082647","is_ascension_mode":true,"campfire_choices":[{"data":"Perfected Strike","floor":7,"key":"SMITH"},{"data":"Bash","floor":10,"key":"SMITH"},{"data":"Warcry","floor":13,"key":"SMITH"},{"data":"Shrug It Off","floor":15,"key":"SMITH"}],"circlet_count":0,"master_deck":["AscendersBane","Strike_R","Strike_R","Strike_R","Strike_R","Defend_R","Defend_R","Defend_R","Defend_R","Bash+1","Wild Strike","Juggernaut","Body Slam","Shrug It Off+1","Perfected Strike+1","Warcry+1","Feel No Pain"],"relics":["Burning Blood","NeowsBlessing","TungstenRod","White Beast Statue"],"acts_visited":["Exordium"],"potions_floor_usage":[14,16,16],"damage_taken":[{"damage":0,"enemies":"Jaw Worm","floor":1,"turns":1},{"damage":0,"enemies":"Cultist","floor":3,"turns":1},{"damage":0,"enemies":"2 Louse","floor":5,"turns":1},{"damage":42,"enemies":"3 Sentries","floor":6,"turns":9},{"damage":5,"enemies":"Looter","floor":11,"turns":3},{"damage":18,"enemies":"Gremlin Gang","floor":12,"turns":5},{"damage":3,"enemies":"Exordium Thugs","floor":14,"turns":4},{"damage":22,"enemies":"The Guardian","floor":16,"turns":9}],"seed_played":"194243032682592213","potions_obtained":[{"floor":5,"key":"Energy Potion"},{"floor":8,"key":"SneckoOil"},{"floor":8,"key":"LiquidMemories"},{"floor":14,"key":"Strength Potion"}],"is_trial":false,"path_per_floor":["M","?","M","?","M","E","R","?","T","R","M","M","R","M","R","B"],"character_chosen":"IRONCLAD","items_purchased":[],"campfire_rested":0,"item_purchase_floors":[],"current_hp_per_floor":[74,74,75,75,75,39,39,39,39,39,40,28,28,31,31,9,9],"gold":233,"neow_bonus":"THREE_ENEMY_KILL","is_daily":false,"chose_seed":false,"campfire_upgraded":4,"win_rate":0.0,"timestamp":1609198007,"path_taken":["M","?","?","?","M","E","R","?","T","R","?","M","R","M","R","BOSS"],"items_purchased_type":[],"build_version":"2020-12-22","purchased_purges":0,"victory":false,"max_hp_per_floor":[75,75,75,75,75,75,75,75,75,75,75,75,75,75,75,75,75],"card_choices":[{"not_picked":["Spot Weakness","Bloodletting"],"picked":"Wild Strike","floor":1},{"not_picked":["Infernal Blade","Bloodletting"],"picked":"Body Slam","floor":3},{"not_picked":["Warcry","Rupture"],"picked":"Shrug It Off","floor":5},{"not_picked":["Bludgeon","Entrench"],"picked":"Perfected Strike","floor":6},{"not_picked":["Armaments","Iron Wave","Clash"],"picked":"SKIP","floor":11},{"not_picked":["Body Slam","Havoc"],"picked":"Warcry","floor":12},{"not_picked":["Dropkick","Flex"],"picked":"Feel No Pain","floor":14}],"player_experience":595000,"relics_obtained":[{"floor":6,"key":"TungstenRod"},{"floor":9,"key":"White Beast Statue"}],"event_choices":[{"damage_healed":0,"gold_gain":0,"cards_transformed":["Strike_R"],"player_choice":"Transformed","damage_taken":0,"max_hp_gain":0,"max_hp_loss":0,"event_name":"Transmorgrifier","floor":2,"gold_loss":0,"cards_obtained":["Juggernaut"]},{"damage_healed":0,"gold_gain":0,"player_choice":"Ignored","damage_taken":0,"max_hp_gain":0,"max_hp_loss":0,"event_name":"Liars Game","floor":4,"gold_loss":0},{"damage_healed":0,"gold_gain":0,"player_choice":"Got Potions","damage_taken":0,"max_hp_gain":0,"max_hp_loss":0,"event_name":"Lab","floor":8,"gold_loss":0}],"is_beta":false,"boss_relics":[],"items_purged_floors":[],"is_endless":false,"potions_floor_spawned":[5,11,12,14],"killed_by":"The Guardian","ascension_level":20}}