{"host":"k9ktbd3ums043v5c","time":1609143487,"event":{"mods":["BaseMod","GifTheSpireLib","Googly Eyes","KinomotoSakuraMod(木之本樱)","Lobotomy","LobotomyExtend","Luminous","Marisa（F雨　魔理沙）","Minty Spire (QoL Compilation)","SIMod","StSLib","SuperFastMode","The Gatherer","Yuyuko","【功能Mod】聪明的最终Boss"],"gold_per_floor":[119,139,102,102,177,177,177],"floor_reached":6,"playtime":567,"items_purged":[],"score":34,"play_id":"8cdc4b64-bdbf-421a-8456-96f8a1a4d98e","local_time":"20201228161807","is_ascension_mode":false,"campfire_choices":[],"circlet_count":0,"master_deck":["Strike_AJ","Strike_TS","Strike_RR","Strike_RD","Defend_TS","Defend_PP","Defend_FS","Defend_AJ","ConcertedEfforts","HarmonyShield","Louder","Bloodbath","Sisterhood","Magictrain","KillingWithKindness","OSAHOGD","Honesty","Regret"],"relics":["The_element_of_harmony","CogitoBucket","LetterFromLob","GypsyBard"],"acts_visited":["Exordium"],"potions_floor_usage":[6],"damage_taken":[{"damage":0,"enemies":"Small Slimes","floor":1,"turns":5},{"damage":8,"enemies":"2 Louse","floor":2,"turns":3},{"damage":70,"enemies":"Lagavulin","floor":6,"turns":10}],"seed_played":"7699043640842075936","potions_obtained":[{"floor":1,"key":"Block Potion"}],"is_trial":false,"path_per_floor":["M","M","$","?","?","E"],"character_chosen":"TWI_CLASS","items_purchased":["Honesty"],"campfire_rested":0,"item_purchase_floors":[3],"current_hp_per_floor":[82,74,74,74,63,0,0],"gold":177,"neow_bonus":"","is_daily":false,"chose_seed":false,"campfire_upgraded":0,"win_rate":0.0,"timestamp":1609143487,"path_taken":["M","M","$","?","?","E"],"items_purchased_type":["Card"],"build_version":"2020-12-22","purchased_purges":0,"victory":false,"max_hp_per_floor":[82,82,82,82,82,82,82],"card_choices":[{"not_picked":["Celebrities"],"picked":"Louder","floor":1},{"not_picked":["Freischutz","CrumblingArmor"],"picked":"Bloodbath","floor":1},{"not_picked":["FarmExpert"],"picked":"Sisterhood","floor":1},{"not_picked":["Honesty"],"picked":"Magictrain","floor":2},{"not_picked":["BehindTheScene"],"picked":"KillingWithKindness","floor":2},{"not_picked":["FairyFestival","BeautyBeast"],"picked":"OSAHOGD","floor":2}],"player_experience":10751,"relics_obtained":[{"floor":1,"key":"LetterFromLob"}],"event_choices":[{"damage_healed":0,"gold_gain":0,"player_choice":"Box","damage_taken":0,"relics_obtained":["GypsyBard"],"max_hp_gain":0,"max_hp_loss":0,"event_name":"Big Fish","floor":4,"gold_loss":0,"cards_obtained":["Regret"]},{"damage_healed":0,"gold_gain":75,"player_choice":"Gather Gold","damage_taken":11,"max_hp_gain":0,"max_hp_loss":0,"event_name":"World of Goop","floor":5,"gold_loss":0}],"is_beta":false,"boss_relics":[],"items_purged_floors":[],"is_endless":false,"potions_floor_spawned":[1],"killed_by":"Lagavulin","ascension_level":0}}