{"host":"74dd5wft8qrvuqwb","time":1609160359,"event":{"mods":["2.2 Compatiblity","Act Like it!","Ascension Reborn","Aspiration","BaseMod","Better Altar","Better Skull","Better Third Choice","Block Reminder","CapriCore","Colored Powertips","DeckTracker","Elementarium","Gensokyo","Hallownest","Hermit","Hubris","Infinite Spire","Marisa????????","Minty Spire (QoL Compilation)","Quick Restart","READ ME - Guardian Mod","Rare Cards Sparkle","Relic Stats","StSLib","The Bug Knight","The Cursed","The Disciple","The Elementalist","The Exalted","The Immortal","The Mystic","The Necromancer","The Runesmith","The Servant 0.9.4"],"gold_per_floor":[112,132,132,149,149,149,166,183,208,208,208,233,248,274,274,274,274],"floor_reached":16,"playtime":829,"items_purged":[],"score":112,"play_id":"b42cc060-76e9-411f-a9d1-ddc0ec566c1c","local_time":"20201228135919","is_ascension_mode":true,"campfire_choices":[{"data":"hermit:TakeAim","floor":6,"key":"SMITH"},{"floor":10,"key":"REST"},{"floor":15,"key":"REST"}],"circlet_count":0,"master_deck":["hermit:Strike_Hermit","hermit:Strike_Hermit","hermit:Strike_Hermit","hermit:Strike_Hermit","hermit:Defend_Hermit","hermit:Defend_Hermit","hermit:Defend_Hermit","hermit:Defend_Hermit","hermit:Snapshot","hermit:Covet","hermit:TakeAim+1","hermit:Malice","hermit:BigShot","hermit:Deadeye","hermit:Misfire","hermit:LoneWolf","hermit:Headshot","hermit:GoldenBullet"],"relics":["hermit:Momento","hermit:RyeStalk","Toy Ornithopter","aspiration:Lifesprig","Darkstone Periapt","HollowMod:StagPassRelic"],"acts_visited":["Exordium"],"potions_floor_usage":[13,14],"damage_taken":[{"damage":3,"enemies":"Small Slimes","floor":1,"turns":3},{"damage":6,"enemies":"2 Louse","floor":2,"turns":3},{"damage":7,"enemies":"Cultist","floor":4,"turns":5},{"damage":17,"enemies":"Exordium Thugs","floor":7,"turns":4},{"damage":6,"enemies":"Red Slaver","floor":8,"turns":5},{"damage":26,"enemies":"Lagavulin","floor":12,"turns":6},{"damage":2,"enemies":"Blue Slaver","floor":13,"turns":3},{"damage":23,"enemies":"Gremlin Nob","floor":14,"turns":4},{"damage":41,"enemies":"Hexaghost","floor":16,"turns":9}],"seed_played":"-3142813485758432504","potions_obtained":[{"floor":1,"key":"LiquidBronze"},{"floor":12,"key":"LiquidMemories"},{"floor":14,"key":"SteroidPotion"}],"is_trial":false,"path_per_floor":["M","M","?","M","?","R","M","M","T","R","T","E","M","E","R","B"],"character_chosen":"HERMIT","items_purchased":[],"campfire_rested":2,"item_purchase_floors":[],"current_hp_per_floor":[72,66,66,59,59,59,42,36,36,58,58,32,35,17,39,0,0],"gold":274,"neow_bonus":"RANDOM_COMMON_RELIC","is_daily":false,"chose_seed":false,"campfire_upgraded":1,"win_rate":0.0,"timestamp":1609160359,"path_taken":["M","M","?","M","?","R","?","M","T","R","?","E","M","E","R","BOSS"],"items_purchased_type":[],"build_version":"2020-12-22","purchased_purges":0,"victory":false,"max_hp_per_floor":[75,75,75,75,75,75,75,75,75,75,75,75,75,75,75,75,75],"relic_stats":{"Darkstone Periapt":0,"counters":[9,42],"obtain_stats":[{"Darkstone Periapt":12,"hermit:RyeStalk":0,"aspiration:Lifesprig":11,"HollowMod:StagPassRelic":14,"hermit:Momento":0,"Toy Ornithopter":9},{"Darkstone Periapt":6,"hermit:RyeStalk":0,"aspiration:Lifesprig":5,"HollowMod:StagPassRelic":8,"hermit:Momento":0,"Toy Ornithopter":5},{"Darkstone Periapt":26,"hermit:RyeStalk":0,"aspiration:Lifesprig":20,"HollowMod:StagPassRelic":33,"hermit:Momento":0,"Toy Ornithopter":20}],"Toy Ornithopter":10},"card_choices":[{"not_picked":["hermit:Quickdraw","hermit:Glare"],"picked":"hermit:TakeAim","floor":1},{"not_picked":["hermit:ItchyTrigger","hermit:Ricochet"],"picked":"hermit:Malice","floor":2},{"not_picked":["hermit:Manifest","hermit:LuckOfTheDraw"],"picked":"hermit:BigShot","floor":4},{"not_picked":["hermit:Coalescence","hermit:Headshot"],"picked":"hermit:Deadeye","floor":7},{"not_picked":["hermit:Glare","hermit:FinalCanter"],"picked":"hermit:Misfire","floor":8},{"not_picked":["hermit:Manifest","hermit:BodyArmor"],"picked":"hermit:LoneWolf","floor":12},{"not_picked":["hermit:Desperado","hermit:Roulette"],"picked":"hermit:Headshot","floor":13},{"not_picked":["hermit:Glare","hermit:Virtue"],"picked":"hermit:GoldenBullet","floor":14}],"player_experience":431974,"relics_obtained":[{"floor":9,"key":"Toy Ornithopter"},{"floor":11,"key":"aspiration:Lifesprig"},{"floor":12,"key":"Darkstone Periapt"},{"floor":14,"key":"HollowMod:StagPassRelic"}],"event_choices":[{"damage_healed":0,"gold_gain":0,"player_choice":"Leave","damage_taken":0,"max_hp_gain":0,"max_hp_loss":0,"event_name":"The Cleric","floor":5,"gold_loss":0}],"is_beta":false,"boss_relics":[],"items_purged_floors":[],"is_endless":false,"potions_floor_spawned":[1,12,14],"killed_by":"Hexaghost","ascension_level":0}}