{"host":"q5586ea2nrmr4nty","time":1609189907,"event":{"mods":["AchievementEnabler","BaseMod","Colored Map","Colored Powertips","Custom Start","Friendly Minions","Highlight Path","Minty Spire (QoL Compilation)","Quick Restart","StSLib","SuperFastMode"],"gold_per_floor":[117,3,3,3,23,48,48,65,90,90,165,177,190,52,52,52,52],"floor_reached":16,"playtime":495,"items_purged":["Strike_B","Regret"],"score":131,"play_id":"b8585091-54d3-4d26-8b4d-2355bcb9dccd","local_time":"20201229081147","is_ascension_mode":true,"campfire_choices":[{"data":"Creative AI","floor":7,"key":"SMITH"},{"data":"Self Repair","floor":10,"key":"SMITH"},{"data":"Sunder","floor":15,"key":"SMITH"}],"circlet_count":0,"master_deck":["Strike_B","Strike_B","Strike_B","Defend_B+1","Defend_B","Defend_B","Defend_B+1","Zap","Dualcast","Fusion+1","Capacitor","Self Repair+1","Creative AI+1","Sweeping Beam","Sweeping Beam","Tempest","Sunder+1"],"relics":["Cracked Core","NeowsBlessing","Boot","Bottled Lightning","War Paint"],"acts_visited":["Exordium"],"potions_floor_usage":[13,13,16,16],"damage_taken":[{"damage":0,"enemies":"2 Louse","floor":1,"turns":1},{"damage":2,"enemies":"Small Slimes","floor":5,"turns":2},{"damage":0,"enemies":"3 Sentries","floor":6,"turns":1},{"damage":2,"enemies":"Cultist","floor":8,"turns":4},{"damage":11,"enemies":"Blue Slaver","floor":12,"turns":4},{"damage":24,"enemies":"Large Slime","floor":13,"turns":9},{"damage":51,"enemies":"Slime Boss","floor":16,"turns":7}],"seed_played":"323050198023313686","potions_obtained":[{"floor":1,"key":"FearPotion"},{"floor":6,"key":"SkillPotion"},{"floor":8,"key":"GamblersBrew"},{"floor":13,"key":"SneckoOil"}],"is_trial":false,"path_per_floor":["M","$","?","?","M","E","R","M","T","R","?","M","M","$","R","B"],"character_chosen":"DEFECT","items_purchased":["Capacitor","Sunder"],"campfire_rested":0,"item_purchase_floors":[2,14],"current_hp_per_floor":[75,75,75,75,73,73,73,75,75,75,64,63,49,49,49,0,0],"gold":52,"neow_bonus":"THREE_ENEMY_KILL","is_daily":false,"chose_seed":false,"campfire_upgraded":3,"win_rate":0.0,"timestamp":1609189907,"path_taken":["M","$","?","?","M","E","R","M","T","R","?","M","M","$","R","BOSS"],"items_purchased_type":["Card","Card"],"build_version":"2020-12-22","purchased_purges":2,"victory":false,"max_hp_per_floor":[75,75,75,75,75,75,75,75,75,75,75,75,75,75,75,75,75],"card_choices":[{"not_picked":["Barrage","Leap"],"picked":"Fusion","floor":1},{"not_picked":["FTL","Rip and Tear"],"picked":"Self Repair","floor":5},{"not_picked":["Hologram","Gash"],"picked":"Creative AI","floor":6},{"not_picked":["Stack","Steam"],"picked":"Sweeping Beam","floor":8},{"not_picked":["Lockon","Hologram"],"picked":"Sweeping Beam","floor":12},{"not_picked":["Recycle","Compile Driver"],"picked":"Tempest","floor":13}],"player_experience":111519,"relics_obtained":[{"floor":6,"key":"Bottled Lightning"},{"floor":9,"key":"War Paint"}],"event_choices":[{"damage_healed":0,"gold_gain":0,"player_choice":"Box","damage_taken":0,"relics_obtained":["Boot"],"max_hp_gain":0,"max_hp_loss":0,"event_name":"Big Fish","floor":3,"gold_loss":0,"cards_obtained":["Regret"]},{"damage_healed":0,"gold_gain":0,"player_choice":"Grow","damage_taken":0,"max_hp_gain":0,"max_hp_loss":0,"event_name":"Living Wall","floor":4,"gold_loss":0,"cards_upgraded":["Fusion"]},{"damage_healed":0,"gold_gain":75,"player_choice":"Gather Gold","damage_taken":11,"max_hp_gain":0,"max_hp_loss":0,"event_name":"World of Goop","floor":11,"gold_loss":0}],"is_beta":false,"boss_relics":[],"items_purged_floors":[2,14],"is_endless":false,"potions_floor_spawned":[1,6,8,13],"killed_by":"Slime Boss","ascension_level":1}}