{"host":"grli52lbdph2722t","time":1609193511,"event":{"mods":["AchievementEnabler","BaseMod","Downfall","Minty Spire (QoL Compilation)","Quick Restart","StSLib"],"gold_per_floor":[99,99,99,128,28,28,54,88,88,88,88],"floor_reached":10,"playtime":285,"items_purged":["champ:Defend"],"score":143,"play_id":"18386413-8c1a-46a8-9b09-bbbe33ef822c","local_time":"20201228231151","is_ascension_mode":true,"campfire_choices":[{"data":"champ:Taunt","floor":1,"key":"SMITH"},{"data":"champ:Circumvent","floor":6,"key":"SMITH"},{"data":"champ:PreciseThrust","floor":9,"key":"SMITH"}],"circlet_count":0,"master_deck":["AscendersBane","champ:Strike","champ:Strike","champ:Strike","champ:Defend","champ:Defend","champ:Defend","champ:Execute","champ:Taunt+1","champ:PreciseThrust+1","champ:GladiatorsShout","champ:Riposte","champ:Circumvent+1","champ:BladeFlurry"],"relics":["champ:ChampionCrown","downfall:HeartsMalice","StrikeDummy","Potion Belt"],"acts_visited":["Exordium"],"potions_floor_usage":[8],"damage_taken":[{"damage":0,"enemies":"Small Slimes","floor":3,"turns":1},{"damage":0,"enemies":"3 Sentries","floor":4,"turns":1},{"damage":0,"enemies":"downfall:FleeingMerchant","floor":5,"turns":1},{"damage":46,"enemies":"Lagavulin","floor":8,"turns":10},{"damage":50,"enemies":"Gremlin Nob","floor":10,"turns":4}],"seed_played":"50592032820221485","potions_obtained":[{"floor":4,"key":"ColorlessPotion"}],"is_trial":false,"path_per_floor":["R","?","M","E","$","R","T","E","R","E"],"character_chosen":"THE_CHAMP","items_purchased":["champ:Circumvent"],"campfire_rested":0,"item_purchase_floors":[5],"current_hp_per_floor":[81,81,81,81,81,81,81,50,50,0,0],"gold":88,"neow_bonus":"THREE_ENEMY_KILL","is_daily":false,"chose_seed":false,"campfire_upgraded":3,"win_rate":0.0,"timestamp":1609193511,"path_taken":["R","?","?","E","$","R","T","E","R","E"],"items_purchased_type":["Card"],"build_version":"2020-12-22","purchased_purges":1,"victory":false,"max_hp_per_floor":[90,90,90,90,90,90,90,90,90,90,90],"card_choices":[{"not_picked":["champ:FlashCut","champ:Shatter"],"picked":"champ:PreciseThrust","floor":3},{"not_picked":["champ:PerfectedStrike","champ:DefensiveShout"],"picked":"champ:GladiatorsShout","floor":4},{"not_picked":["champ:CrookedStrike","champ:FightOn"],"picked":"champ:Riposte","floor":5},{"not_picked":["champ:CrookedStrike","champ:FaceSlap"],"picked":"champ:BladeFlurry","floor":8}],"player_experience":4909438,"relics_obtained":[{"floor":4,"key":"StrikeDummy"},{"floor":8,"key":"Potion Belt"}],"event_choices":[{"cards_removed":["champ:Strike"],"damage_healed":0,"gold_gain":0,"player_choice":"Purged","damage_taken":0,"max_hp_gain":0,"max_hp_loss":0,"event_name":"Purifier","floor":2,"gold_loss":0}],"is_beta":false,"boss_relics":[],"items_purged_floors":[5],"is_endless":false,"potions_floor_spawned":[4],"killed_by":"Gremlin Nob","ascension_level":10}}