{"host":"r53pw7z744tg3fxg","time":1609187296,"event":{"mods":["AchievementEnabler","BaseMod","Colored Map","Colored Powertips","Highlight Path","Minty Spire (QoL Compilation)","Quick Restart","Transform Curses"],"gold_per_floor":[110,124,141,141,59,59,88,103,103,132,151,151,167,177,177,276,276,293,271,289,289,307,319,319,333,333,363,383,383,383],"floor_reached":29,"playtime":2200,"items_purged":[],"score":352,"play_id":"a75b8a40-4f61-4d3e-a9f1-00f1b419417b","local_time":"20201228132816","is_ascension_mode":true,"campfire_choices":[{"data":"Leg Sweep","floor":6,"key":"SMITH"},{"floor":12,"key":"REST"},{"floor":15,"key":"REST"},{"floor":24,"key":"REST"}],"circlet_count":0,"master_deck":["Strike_G+1","Strike_G","Strike_G","Strike_G","Strike_G+1","Defend_G","Defend_G","Defend_G","Defend_G","Defend_G","Survivor","Neutralize","Blade Dance","Bouncing Flask","Leg Sweep+1","Dramatic Entrance","Cloak And Dagger","Dagger Spray","Poisoned Stab","Distraction","Terror","Flying Knee","Noxious Fumes","Quick Slash","Sucker Punch","Dodge and Roll","Deflect+1"],"relics":["Ring of the Snake","White Beast Statue","Matryoshka","Paper Crane","Busted Crown","Bag of Marbles","Darkstone Periapt","Smiling Mask"],"acts_visited":["Exordium","TheCity"],"potions_floor_usage":[7,10,11,14,16,23,23,27,27,29],"damage_taken":[{"damage":1.0,"enemies":"Cultist","floor":1.0,"turns":5.0},{"damage":1,"enemies":"Jaw Worm","floor":2,"turns":4},{"damage":2,"enemies":"2 Louse","floor":3,"turns":3},{"damage":21,"enemies":"3 Sentries","floor":7,"turns":9},{"damage":0,"enemies":"Looter","floor":8,"turns":3},{"damage":21,"enemies":"Gremlin Nob","floor":10,"turns":4},{"damage":0,"enemies":"Lots of Slimes","floor":11,"turns":2},{"damage":7,"enemies":"Exordium Thugs","floor":13,"turns":5},{"damage":0,"enemies":"Gremlin Gang","floor":14,"turns":1},{"damage":37,"enemies":"The Guardian","floor":16,"turns":10},{"damage":7,"enemies":"Chosen","floor":18,"turns":3},{"damage":11,"enemies":"Shell Parasite","floor":20,"turns":4},{"damage":0,"enemies":"Snecko","floor":22,"turns":5},{"damage":19,"enemies":"Centurion and Healer","floor":23,"turns":5},{"damage":15,"enemies":"Shelled Parasite and Fungi","floor":25,"turns":6},{"damage":37,"enemies":"Slavers","floor":27,"turns":6},{"damage":13,"enemies":"3 Cultists","floor":28,"turns":5},{"damage":10,"enemies":"Cultist and Chosen","floor":29,"turns":4}],"seed_played":"-3872222941957705329","potions_obtained":[{"floor":2,"key":"ColorlessPotion"},{"floor":8,"key":"Energy Potion"},{"floor":10,"key":"Swift Potion"},{"floor":11,"key":"Block Potion"},{"floor":13,"key":"DistilledChaos"},{"floor":14,"key":"Poison Potion"},{"floor":16,"key":"FairyPotion"},{"floor":18,"key":"Fire Potion"},{"floor":23,"key":"Dexterity Potion"},{"floor":25,"key":"CultistPotion"},{"floor":27,"key":"BlessingOfTheForge"},{"floor":28,"key":"DistilledChaos"}],"is_trial":false,"path_per_floor":["M","M","M","?","$","R","E","M","T","E","M","R","M","M","R","B",null,"M","$","M","?","M","M","R","M","T","E","M","M"],"character_chosen":"THE_SILENT","items_purchased":["Dramatic Entrance","Quick Slash"],"campfire_rested":3,"item_purchase_floors":[5,19],"current_hp_per_floor":[69,68,66,51,51,51,30,30,30,9,9,32,25,25,48,11,61,54,54,43,43,43,24,47,32,32,22,9,0,0],"gold":383,"neow_bonus":"TEN_PERCENT_HP_BONUS","is_daily":false,"chose_seed":false,"campfire_upgraded":1,"win_rate":0.0,"timestamp":1609187296,"path_taken":["M","M","M","?","$","R","E","M","T","E","M","R","M","M","R","BOSS","M","$","M","?","?","M","R","M","T","E","M","M"],"items_purchased_type":["Card","Card"],"build_version":"2020-12-22","purchased_purges":0,"victory":false,"max_hp_per_floor":[77,77,77,77,77,77,77,77,77,77,77,77,77,77,77,77,77,77,77,77,77,77,77,77,77,77,77,77,77,77],"card_choices":[{"not_picked":["Well Laid Plans","Bane"],"picked":"Blade Dance","floor":1},{"not_picked":["Dagger Throw","Backflip"],"picked":"Bouncing Flask","floor":2},{"not_picked":["Prepared","Bouncing Flask"],"picked":"Leg Sweep","floor":3},{"not_picked":["Calculated Gamble","Dash"],"picked":"Cloak And Dagger","floor":7},{"not_picked":["Concentrate","Dodge and Roll"],"picked":"Dagger Spray","floor":8},{"not_picked":["Endless Agony","Slice"],"picked":"Poisoned Stab","floor":10},{"not_picked":["Dagger Throw","Deadly Poison"],"picked":"Distraction","floor":11},{"not_picked":["Setup","Backstab"],"picked":"Terror","floor":13},{"not_picked":["Die Die Die","Leg Sweep"],"picked":"Flying Knee","floor":14},{"not_picked":[],"picked":"Noxious Fumes","floor":18},{"not_picked":[],"picked":"Sucker Punch","floor":20},{"not_picked":[],"picked":"Dodge and Roll","floor":22},{"not_picked":["Quick Slash"],"picked":"SKIP","floor":23},{"not_picked":["Masterful Stab"],"picked":"SKIP","floor":25},{"not_picked":[],"picked":"Deflect+1","floor":27},{"not_picked":["Outmaneuver+1"],"picked":"SKIP","floor":28}],"player_experience":1161221,"relics_obtained":[{"floor":7,"key":"White Beast Statue"},{"floor":9,"key":"Matryoshka"},{"floor":10,"key":"Paper Crane"},{"floor":26,"key":"Bag of Marbles"},{"floor":26,"key":"Darkstone Periapt"},{"floor":27,"key":"Smiling Mask"}],"event_choices":[{"damage_healed":0,"gold_gain":0,"player_choice":"Entered Light","damage_taken":15,"max_hp_gain":0,"max_hp_loss":0,"event_name":"Shining Light","floor":4,"gold_loss":0,"cards_upgraded":["Strike_G","Strike_G"]},{"damage_healed":0,"gold_gain":0,"player_choice":"Got Potions","damage_taken":0,"max_hp_gain":0,"max_hp_loss":0,"event_name":"Lab","floor":21,"gold_loss":0}],"is_beta":false,"boss_relics":[{"not_picked":["Philosopher\u0027s Stone","Velvet Choker"],"picked":"Busted Crown"}],"items_purged_floors":[],"is_endless":false,"potions_floor_spawned":[2,8,10,11,13,14,16,18,20,22,23,25,27,28],"killed_by":"Cultist and Chosen","ascension_level":7}}