{"host":"sum4dy402bbv9y4o","time":1609181484,"event":{"mods":["Aspiration","BaseMod","Conspire","Highlight Path","Minty Spire (QoL Compilation)","StSLib"],"gold_per_floor":[114,124,124,143,158,158,184,184,184,198,198,232,250,41,41,120,120,137,137,148,48,68,68,68],"floor_reached":23,"playtime":983,"items_purged":["Defend_P","Strike_P"],"score":406,"play_id":"6ed532b0-29d5-4d69-9968-af833e814a0a","local_time":"20201228215124","is_ascension_mode":true,"campfire_choices":[{"data":"Eruption","floor":6,"key":"SMITH"},{"data":"Wallop","floor":8,"key":"SMITH"},{"data":"Vigilance","floor":11,"key":"SMITH"},{"data":"Adaptation","floor":15,"key":"SMITH"}],"circlet_count":0,"master_deck":["AscendersBane","Strike_P","Defend_P","Defend_P","Eruption+1","Vigilance+1","Wallop+1","FollowUp","EmptyBody","BowlingBash","EmptyBody","FlurryOfBlows","BowlingBash","EmptyFist","Adaptation+1","Protect","Judgement","PathToVictory+1","FlyingSleeves+1","Alpha+1","TalkToTheHand","Evaluate","Tantrum","EmptyFist"],"relics":["PureWater","aspiration:Nostalgia","Burning Blood","Mummified Hand","Damaru","Nunchaku","FossilizedHelix","Astrolabe"],"acts_visited":["Exordium","TheCity"],"potions_floor_usage":[5,16,18,20,22],"damage_taken":[{"damage":1,"enemies":"Small Slimes","floor":1,"turns":3},{"damage":2,"enemies":"Cultist","floor":2,"turns":5},{"damage":0,"enemies":"conspire:RoseBush","floor":4,"turns":2},{"damage":0,"enemies":"Lots of Slimes","floor":5,"turns":2},{"damage":19,"enemies":"3 Sentries","floor":7,"turns":7},{"damage":2,"enemies":"Gremlin Gang","floor":10,"turns":6},{"damage":14,"enemies":"Lagavulin","floor":12,"turns":6},{"damage":0,"enemies":"Looter","floor":13,"turns":3},{"damage":70,"enemies":"Hexaghost","floor":16,"turns":10},{"damage":0,"enemies":"Spheric Guardian","floor":18,"turns":3},{"damage":0,"enemies":"conspire:FuzzyDice","floor":20,"turns":5},{"damage":0,"enemies":"Snecko","floor":22,"turns":6},{"damage":72,"enemies":"Slavers","floor":23,"turns":5}],"seed_played":"6550333036020573569","potions_obtained":[{"floor":1,"key":"AttackPotion"},{"floor":2,"key":"Explosive Potion"},{"floor":5,"key":"FairyPotion"},{"floor":13,"key":"Dexterity Potion"},{"floor":16,"key":"ColorlessPotion"},{"floor":18,"key":"ColorlessPotion"},{"floor":20,"key":"Ambrosia"}],"is_trial":false,"path_per_floor":["M","M","?","M","M","R","E","R","T","M","R","E","M","$","R","B",null,"M","?","M","$","M","E"],"character_chosen":"WATCHER","items_purchased":["Adaptation","Protect"],"campfire_rested":0,"item_purchase_floors":[14,14],"current_hp_per_floor":[66,68,68,68,68,68,55,55,55,59,59,51,57,57,57,14,55,61,61,67,67,68,0,0],"gold":68,"neow_bonus":"NOSTALGIA","is_daily":false,"chose_seed":false,"campfire_upgraded":4,"win_rate":0.0,"timestamp":1609181484,"path_taken":["M","M","?","?","M","R","E","R","T","M","R","E","?","$","R","BOSS","M","?","M","$","M","E"],"items_purchased_type":["Card","Card"],"build_version":"2020-12-22","purchased_purges":2,"victory":false,"max_hp_per_floor":[68,68,68,68,68,68,68,68,68,68,68,68,68,68,68,68,68,68,68,68,68,68,68,68],"card_choices":[{"not_picked":["PathToVictory","ReachHeaven"],"picked":"Wallop","floor":1},{"not_picked":["FlyingSleeves","Pray"],"picked":"FollowUp","floor":2},{"not_picked":["Weave","Collect"],"picked":"EmptyBody","floor":4},{"not_picked":["WheelKick","LikeWater"],"picked":"BowlingBash","floor":5},{"not_picked":["CrushJoints","SashWhip"],"picked":"EmptyBody","floor":7},{"not_picked":["CrushJoints","EmptyBody"],"picked":"FlurryOfBlows","floor":10},{"not_picked":["Fasting2","Blasphemy"],"picked":"BowlingBash","floor":12},{"not_picked":["CutThroughFate","Nirvana"],"picked":"EmptyFist","floor":13},{"not_picked":["DeusExMachina","MasterReality"],"picked":"Judgement","floor":16},{"not_picked":["EmptyFist","Adaptation"],"picked":"TalkToTheHand","floor":18},{"not_picked":["Prostrate","ReachHeaven"],"picked":"EmptyFist","floor":20},{"not_picked":["Protect","FlyingSleeves","SashWhip"],"picked":"SKIP","floor":22}],"player_experience":2853241,"relics_obtained":[{"floor":7,"key":"Damaru"},{"floor":9,"key":"Nunchaku"},{"floor":12,"key":"FossilizedHelix"}],"event_choices":[{"damage_healed":0,"gold_gain":0,"player_choice":"Gave Potion","damage_taken":0,"relics_obtained":["Mummified Hand"],"max_hp_gain":0,"max_hp_loss":0,"event_name":"WeMeetAgain","floor":3,"gold_loss":0},{"damage_healed":0,"gold_gain":0,"player_choice":"2 cards matched","damage_taken":0,"max_hp_gain":0,"max_hp_loss":0,"event_name":"Match and Keep!","floor":19,"gold_loss":0,"cards_obtained":["Evaluate","Tantrum"]}],"is_beta":false,"boss_relics":[{"not_picked":["conspire:RoyalGoblet","Velvet Choker"],"picked":"Astrolabe"}],"items_purged_floors":[14,21],"is_endless":false,"potions_floor_spawned":[1,2,5,13,16,18,20],"killed_by":"Slavers","ascension_level":20}}