{"host":"l84l8xigz5v5foa2","time":1609188067,"event":{"mods":["2.2 Compatiblity","AchievementEnabler","BaseMod","Better Note","Better Vampires","Card Filter","Colored Map","DeckTracker","Downfall","Gremlin Skip","Highlight Path","Keyboard Shortcuts","Minty Spire (QoL Compilation)","Permanent Neow","Quick Restart","Relic Filter","Relic Stats","StSLib","SuperFastMode","Transform Curses","Unknown Chances"],"gold_per_floor":[99,119,137,69,69,89,89,101,116,116,142,142,39,49,68,166,166,166,176,186,199,199,199,253,253,284,303,303,303,316,335,348,448,448,448,468,518,618,630,663,663,518,533,328,344,344,119,19,33,33,33,64,64,64,64],"floor_reached":56,"playtime":4747,"items_purged":["champ:Defend","champ:Defend","champ:Defend"],"score":2023,"play_id":"a35b08e1-d34d-43ac-9ee0-7d582fe1b9fe","local_time":"20201229054107","is_ascension_mode":true,"campfire_choices":[{"data":"champ:Taunt","floor":1.0,"key":"SMITH"},{"data":"champ:Backstep","floor":10.0,"key":"SMITH"},{"data":"champ:Improvising","floor":12.0,"key":"SMITH"},{"data":"champ:Shatter","floor":18.0,"key":"SMITH"},{"data":"champ:IgnorePain","floor":23.0,"key":"SMITH"},{"data":"champ:HoldFirm","floor":29.0,"key":"SMITH"},{"floor":35.0,"key":"RECALL"},{"data":"champ:GutPunch","floor":47,"key":"SMITH"},{"data":"champ:BringItOn","floor":54,"key":"SMITH"}],"circlet_count":0,"master_deck":["AscendersBane","champ:Execute+1","champ:Taunt+1","champ:Encircle","champ:Improvising+1","champ:Backstep+1","champ:BringItOn+1","champ:CalledShot+1","champ:Shatter+1","expansioncontent:DefensiveStance+1","champ:Improvising+1","champ:HoldFirm+1","Bite","Bite+1","champ:BerserkerStyle+1","champ:Backstep+1","champ:DefensiveStyle+1","champ:EnchantCrown","champ:GutPunch+1","Flash of Steel","champ:Lariat+1","champ:EnchantCrown","champ:DancingMaster+1"],"relics":["champ:ChampionCrown","Frozen Egg 2","hexamod:BolsterEngine","Coffee Dripper","Shuriken","Runic Pyramid","Gambling Chip","Potion Belt","The Courier","InkBottle","Whetstone","DollysMirror","Guardian:GemstoneGun","downfall:HeartBlessingRed","downfall:HeartBlessingGreen","downfall:HeartBlessingBlue","Letter Opener"],"acts_visited":["Exordium","TheCity","TheBeyond","TheEnding"],"potions_floor_usage":[44,44,44,44,44,44,55],"damage_taken":[{"damage":8.0,"enemies":"2 Louse","floor":2.0,"turns":3.0},{"damage":16.0,"enemies":"Cultist","floor":3.0,"turns":4.0},{"damage":14.0,"enemies":"downfall:FleeingMerchant","floor":4.0,"turns":4.0},{"damage":17.0,"enemies":"Jaw Worm","floor":6.0,"turns":4.0},{"damage":20.0,"enemies":"Large Slime","floor":8.0,"turns":6.0},{"damage":27.0,"enemies":"Exordium Thugs","floor":9.0,"turns":5.0},{"damage":25.0,"enemies":"Gremlin Nob","floor":11.0,"turns":3.0},{"damage":13.0,"enemies":"downfall:FleeingMerchant","floor":13.0,"turns":4.0},{"damage":7.0,"enemies":"3 Louse","floor":14.0,"turns":5.0},{"damage":0.0,"enemies":"Blue Slaver","floor":15.0,"turns":3.0},{"damage":26.0,"enemies":"downfall:Ironclad","floor":16.0,"turns":8.0},{"damage":5.0,"enemies":"Spheric Guardian","floor":19.0,"turns":3.0},{"damage":9.0,"enemies":"Chosen","floor":20.0,"turns":5.0},{"damage":20.0,"enemies":"3 Cultists","floor":21.0,"turns":6.0},{"damage":43.0,"enemies":"Gremlin Leader","floor":26.0,"turns":8.0},{"damage":19.0,"enemies":"Snake Plant","floor":27.0,"turns":5.0},{"damage":13.0,"enemies":"Shelled Parasite and Fungi","floor":30.0,"turns":9.0},{"damage":25.0,"enemies":"Snecko","floor":31.0,"turns":3.0},{"damage":16.0,"enemies":"Snake Plant","floor":32.0,"turns":5.0},{"damage":43.0,"enemies":"downfall:Watcher","floor":33.0,"turns":10.0},{"damage":26.0,"enemies":"3 Shapes","floor":36.0,"turns":7.0},{"damage":59.0,"enemies":"Mind Bloom Boss Battle","floor":37.0,"turns":8.0},{"damage":24.0,"enemies":"downfall:LadyInBlue","floor":38.0,"turns":5.0},{"damage":23.0,"enemies":"Orb Walker","floor":39.0,"turns":3.0},{"damage":61,"enemies":"Giant Head","floor":40,"turns":8},{"damage":19,"enemies":"downfall:FleeingMerchant","floor":42,"turns":4},{"damage":30,"enemies":"Maw","floor":43,"turns":6},{"damage":20,"enemies":"downfall:FleeingMerchant","floor":44,"turns":3},{"damage":28,"enemies":"4 Shapes","floor":45,"turns":5},{"damage":43,"enemies":"Spire Growth","floor":49,"turns":3},{"damage":155,"enemies":"downfall:Silent","floor":50,"turns":9},{"damage":90,"enemies":"downfall:CharBossMerchant","floor":52,"turns":6},{"damage":202,"enemies":"downfall:NeowBoss","floor":55,"turns":12}],"seed_played":"8416212424857833443","potions_obtained":[{"floor":8.0,"key":"FearPotion"},{"floor":9.0,"key":"Fire Potion"},{"floor":11.0,"key":"LiquidMemories"},{"floor":14.0,"key":"sneckomod:MuddlingPotion"},{"floor":19.0,"key":"BlessingOfTheForge"},{"floor":31.0,"key":"EssenceOfSteel"},{"floor":36.0,"key":"hexamod:EctoCoolerPotion"},{"floor":38.0,"key":"EntropicBrew"},{"floor":38.0,"key":"Ancient Potion"},{"floor":45,"key":"champ:UltimateStancePotion"},{"floor":52,"key":"ColorlessPotion"}],"is_trial":false,"path_per_floor":["R","M","M","$","?","M","T","M","M","R","E","R","$","M","M","B",null,"R","M","M","M","?","R","T","?","E","M","?","R","M","M","M","B",null,"R","M","?","?","M","E","T","$","M","$","M","?","R","$","M","B",null,"E","$","R","B",null],"character_chosen":"THE_CHAMP","items_purchased":["champ:Backstep","expansioncontent:DefensiveStance+1","Flash of Steel","Whetstone","DollysMirror","Guardian:GemstoneGun"],"campfire_rested":0,"item_purchase_floors":[4,13,42,44,44,44],"current_hp_per_floor":[57,54,53,53,53,47,47,44,35,35,19,19,19,19,19,16,72,72,72,72,65,65,65,65,65,44,40,40,40,50,50,56,66,76,76,79,79,79,79,79,79,79,79,79,79,79,89,89,89,89,89,89,89,89,89],"gold":64,"neow_bonus":"REMOVE_TWO","is_daily":false,"chose_seed":false,"campfire_upgraded":8,"win_rate":0.0,"timestamp":1609188067,"path_taken":["R","M","M","$","?","?","T","M","M","R","E","R","$","?","M","BOSS","R","M","M","M","?","R","T","?","E","M","?","R","M","?","M","BOSS","R","M","?","?","?","E","T","$","M","$","M","?","R","?","M","BOSS","E","$","R","BOSS"],"items_purchased_type":["Card","Card","Card","Relic","Relic","Relic"],"build_version":"2020-12-22","purchased_purges":3,"victory":true,"max_hp_per_floor":[90,90,90,90,90,90,90,90,90,90,90,90,90,90,90,90,90,90,90,90,90,90,90,90,90,90,90,79,79,79,79,79,79,79,79,79,79,79,79,79,79,79,79,79,79,79,89,89,89,89,89,89,89,89,89],"relic_stats":{"counters":[33,182],"Shuriken":[75],"Gambling Chip":[12],"Whetstone":["champ:Execute","Bite"],"Letter Opener":[15],"obtain_stats":[{"Potion Belt":38,"downfall:HeartBlessingRed":47,"Guardian:GemstoneGun":44,"champ:ChampionCrown":0,"downfall:HeartBlessingGreen":47,"The Courier":40,"Whetstone":44,"Letter Opener":52,"Frozen Egg 2":7,"Shuriken":26,"DollysMirror":44,"downfall:HeartBlessingBlue":47,"Gambling Chip":37,"Coffee Dripper":17,"hexamod:BolsterEngine":11,"InkBottle":41,"Runic Pyramid":34},{"Potion Belt":23,"downfall:HeartBlessingRed":29,"Guardian:GemstoneGun":28,"champ:ChampionCrown":0,"downfall:HeartBlessingGreen":29,"The Courier":25,"Whetstone":28,"Letter Opener":32,"Frozen Egg 2":4,"Shuriken":15,"DollysMirror":28,"downfall:HeartBlessingBlue":29,"Gambling Chip":22,"Coffee Dripper":11,"hexamod:BolsterEngine":7,"InkBottle":25,"Runic Pyramid":20},{"Potion Belt":123,"downfall:HeartBlessingRed":152,"Guardian:GemstoneGun":147,"champ:ChampionCrown":0,"downfall:HeartBlessingGreen":152,"The Courier":134,"Whetstone":147,"Letter Opener":170,"Frozen Egg 2":15,"Shuriken":71,"DollysMirror":147,"downfall:HeartBlessingBlue":152,"Gambling Chip":118,"Coffee Dripper":49,"hexamod:BolsterEngine":29,"InkBottle":134,"Runic Pyramid":103}],"InkBottle":[32]},"card_choices":[{"not_picked":["champ:CrookedStrike","champ:PerfectedStrike"],"picked":"champ:Encircle","floor":2.0},{"not_picked":["champ:BladeFlurry","champ:DefensiveShout","champ:BerserkersShout"],"picked":"SKIP","floor":3.0},{"not_picked":["champ:PerfectedStrike","champ:GladiatorsShout"],"picked":"champ:Improvising","floor":4.0},{"not_picked":["champ:CrookedStrike","champ:FightOn"],"picked":"champ:BringItOn","floor":6.0},{"not_picked":["champ:BladeFlurry","champ:Circumvent"],"picked":"champ:CalledShot+1","floor":8.0},{"not_picked":["champ:Circumvent","champ:DeathBlow"],"picked":"champ:Shatter","floor":9.0},{"not_picked":["champ:Control","champ:CrookedStrike"],"picked":"champ:IgnorePain","floor":11.0},{"not_picked":["champ:SwordSigil","champ:ShieldSigil","champ:Control"],"picked":"SKIP","floor":13.0},{"not_picked":["champ:Balance","champ:CrookedStrike","champ:FocusedDefense"],"picked":"SKIP","floor":14.0},{"not_picked":["champ:FlashCut","champ:TornadoPunch","champ:RapidStrikes"],"picked":"SKIP","floor":15.0},{"not_picked":["champ:LastStand+1","champ:ShieldThrow"],"picked":"champ:Improvising+1","floor":16.0},{"not_picked":["champ:HeartStrike","champ:TornadoPunch","champ:EnragedBash"],"picked":"SKIP","floor":19.0},{"not_picked":["champ:Haymaker","champ:PerfectedStrike+1","champ:ShieldSigil"],"picked":"SKIP","floor":20.0},{"not_picked":["champ:Duel","champ:RageSigil","champ:FocusedGladiator"],"picked":"SKIP","floor":21.0},{"not_picked":["champ:ShieldWall+1","champ:DancingMaster+1","champ:Encircle"],"picked":"SKIP","floor":26.0},{"not_picked":["champ:CrookedStrike","champ:BladeFlurry","champ:FightOn"],"picked":"SKIP","floor":27.0},{"not_picked":["champ:FlashCut","champ:BladeFlurry+1"],"picked":"champ:BerserkerStyle+1","floor":30.0},{"not_picked":["champ:FightOn","champ:RageSigil"],"picked":"champ:Backstep+1","floor":31.0},{"not_picked":["champ:GutPunch","champ:FanOfKnives"],"picked":"champ:DefensiveStyle+1","floor":32.0},{"not_picked":["champ:PerfectForm+1","champ:IgnorePain"],"picked":"champ:EnchantCrown","floor":33.0},{"not_picked":["champ:FanOfKnives","champ:ShieldSigil+1"],"picked":"champ:GutPunch","floor":36.0},{"not_picked":["champ:RageSigil","champ:EnragedBash+1","champ:BringItOn+1"],"picked":"SKIP","floor":39.0},{"not_picked":["champ:FlashCut","champ:EnchantSword","champ:GladiatorsShout"],"picked":"SKIP","floor":40},{"not_picked":["champ:ArenaPreparation","champ:RapidStrikes","champ:BringItOn+1"],"picked":"SKIP","floor":42},{"not_picked":["champ:BerserkersShout","champ:StanceDance","champ:BladeFlurry+1"],"picked":"SKIP","floor":43},{"not_picked":["champ:TornadoPunch","champ:BringItOn+1"],"picked":"champ:Lariat+1","floor":44},{"not_picked":["champ:SkillfulDodge+1","champ:FlashCut+1","champ:FaceSlap+1"],"picked":"SKIP","floor":45},{"not_picked":["champ:Lariat+1","champ:BladeFlurry"],"picked":"champ:DancingMaster+1","floor":49},{"not_picked":["champ:FanOfKnives","champ:FocusedBerserking+1","champ:Circumvent"],"picked":"SKIP","floor":52}],"player_experience":2769021,"relics_obtained":[{"floor":7.0,"key":"Frozen Egg 2"},{"floor":11.0,"key":"hexamod:BolsterEngine"},{"floor":26.0,"key":"Shuriken"},{"floor":37.0,"key":"Gambling Chip"},{"floor":38.0,"key":"Potion Belt"},{"floor":40,"key":"The Courier"},{"floor":41,"key":"InkBottle"},{"floor":52,"key":"Letter Opener"}],"event_choices":[{"cards_removed":["champ:Strike"],"damage_healed":0.0,"max_hp_gain":0.0,"max_hp_loss":0.0,"gold_gain":0.0,"event_name":"Purifier","player_choice":"Purged","floor":5.0,"gold_loss":0.0,"damage_taken":0.0},{"damage_healed":0.0,"max_hp_gain":0.0,"max_hp_loss":0.0,"gold_gain":0.0,"event_name":"The Library","player_choice":"Read","floor":25.0,"gold_loss":0.0,"damage_taken":0.0,"cards_obtained":["champ:HoldFirm"]},{"damage_healed":0.0,"max_hp_gain":0.0,"max_hp_loss":11.0,"gold_gain":0.0,"event_name":"Vampires","player_choice":"Became a vampire","floor":28.0,"gold_loss":0.0,"damage_taken":0.0,"cards_obtained":["Bite","Bite"]},{"cards_removed":["champ:IgnorePain"],"damage_healed":0,"gold_gain":0,"player_choice":"Removed Skill","damage_taken":0,"max_hp_gain":0,"max_hp_loss":0,"event_name":"Falling","floor":46,"gold_loss":0}],"is_beta":false,"boss_relics":[{"not_picked":["Fusion Hammer","sneckomod:SneckoTalon"],"picked":"Coffee Dripper"},{"not_picked":["Astrolabe","champ:ChampionCrownUpgraded"],"picked":"Runic Pyramid"}],"items_purged_floors":[42,44,48],"is_endless":false,"potions_floor_spawned":[8,9,11,14,19,20,21,31,36,43,45,52],"ascension_level":11}}