{"host":"0rxdudjy6rylha1k","time":1609116656,"event":{"mods":["Aspiration","BaseMod","Colored Map","Colored Powertips","Downfall","Highlight Path","Hubris","Minty Spire (QoL Compilation)","StSLib"],"gold_per_floor":[199,210,195,195,35,49,75,0,15,15,35,65,77,107,132,144,144,144],"floor_reached":16,"playtime":3567,"items_purged":[],"score":133,"play_id":"81cfc36d-16b0-4a44-9e32-ecee14dc6ba1","local_time":"20201227175056","is_ascension_mode":true,"campfire_choices":[{"floor":1.0,"key":"RECALL"},{"data":"champ:Taunt","floor":8,"key":"SMITH"},{"floor":13,"key":"REST"}],"circlet_count":0,"master_deck":["champ:Strike","champ:Strike","champ:Strike","champ:Strike","champ:Defend","champ:Defend","champ:Defend","champ:Defend","champ:Execute","champ:Taunt+1","champ:EnchantSword+1","champ:Balance","champ:Control","champ:DeathBlow","champ:Shatter","champ:Haymaker"],"relics":["champ:ChampionCrown","hubris:Towel","OrangePellets","Tiny Chest","downfall:HeartBlessingRed","MawBank"],"acts_visited":["Exordium"],"potions_floor_usage":[14,14,16,16],"damage_taken":[{"damage":5.0,"enemies":"Jaw Worm","floor":2.0,"turns":4.0},{"damage":5.0,"enemies":"downfall:FleeingMerchant","floor":3.0,"turns":4.0},{"damage":8,"enemies":"downfall:FleeingMerchant","floor":5,"turns":4},{"damage":10,"enemies":"2 Louse","floor":6,"turns":3},{"damage":5,"enemies":"Cultist","floor":9,"turns":3},{"damage":14,"enemies":"Blue Slaver","floor":11,"turns":4},{"damage":44,"enemies":"Lagavulin","floor":12,"turns":6},{"damage":18,"enemies":"Large Slime","floor":14,"turns":6},{"damage":3,"enemies":"Red Slaver","floor":15,"turns":2},{"damage":72,"enemies":"downfall:Defect","floor":16,"turns":6}],"seed_played":"-1465544954362440618","potions_obtained":[{"floor":2.0,"key":"Dexterity Potion"},{"floor":9,"key":"SkillPotion"},{"floor":12,"key":"Regen Potion"},{"floor":15,"key":"Weak Potion"}],"is_trial":false,"path_per_floor":["R","M","$","?","$","M","T","R","M","?","M","E","R","M","M","B"],"character_chosen":"THE_CHAMP","items_purchased":["OrangePellets"],"campfire_rested":1,"item_purchase_floors":[5],"current_hp_per_floor":[81,81,81,81,81,76,76,76,76,76,72,42,69,75,72,0,0,0],"gold":144,"neow_bonus":"HUNDRED_GOLD","is_daily":false,"chose_seed":false,"campfire_upgraded":1,"win_rate":0.0,"timestamp":1609116656,"path_taken":["R","M","$","?","$","M","T","R","M","?","M","E","R","?","M","BOSS"],"items_purchased_type":["Relic"],"build_version":"2020-12-22","purchased_purges":0,"victory":false,"max_hp_per_floor":[90,90,90,90,90,90,90,90,90,90,90,90,90,90,90,90,90,90],"card_choices":[{"not_picked":["champ:RecklessLeap","champ:BerserkersShout","champ:GutPunch"],"picked":"SKIP","floor":2.0},{"not_picked":["champ:AdrenalArmor","champ:Duel"],"picked":"champ:EnchantSword","floor":3},{"not_picked":["champ:AdrenalArmor","champ:GladiatorsShout"],"picked":"champ:Balance","floor":5},{"not_picked":["champ:FlashCut","champ:DancingMaster"],"picked":"champ:Control","floor":6},{"not_picked":["champ:AdrenalArmor","champ:Backstep"],"picked":"champ:DeathBlow","floor":9},{"not_picked":["champ:CrookedStrike","champ:GutPunch"],"picked":"champ:Shatter","floor":11},{"not_picked":["champ:CrookedStrike","champ:SkillfulDodge"],"picked":"champ:Haymaker","floor":12},{"not_picked":["champ:StanceDance","champ:BerserkersShout","champ:DeathBlow"],"picked":"SKIP","floor":14},{"not_picked":["champ:SwordThrow","champ:Circumvent","champ:PerfectedStrike"],"picked":"SKIP","floor":15}],"player_experience":2376100,"relics_obtained":[{"floor":7,"key":"Tiny Chest"},{"floor":12,"key":"MawBank"}],"event_choices":[{"damage_healed":0,"gold_gain":0,"player_choice":"Upgraded","damage_taken":0,"max_hp_gain":0,"max_hp_loss":0,"event_name":"Upgrade Shrine","floor":10,"gold_loss":0,"cards_upgraded":["champ:EnchantSword"]}],"is_beta":false,"boss_relics":[],"items_purged_floors":[],"is_endless":false,"potions_floor_spawned":[2,9,12,15],"killed_by":"downfall:Defect","ascension_level":6}}