{"host":"bydnmyvf669xu6ab","time":1609187590,"event":{"mods":["Aspiration","BaseMod","Better Note","BetterRewards","Colored Map","Colored Powertips","Minty Spire (QoL Compilation)","Rare Cards Sparkle","Relic Stats","Shop Mod","StSLib","SuperFastMode","Virulent Crown"],"gold_per_floor":[114,8,8,22,22,22,22,22,48,82,82,111,111,125,125,222,222,236,72,90,102,102,102,102,128,128,128,34,48,83,83,83,185,235,246,296,296,224,243,259,534,549,576,576,611,611,623,636,636,636,636],"floor_reached":50,"playtime":4273,"items_purged":[],"score":799,"play_id":"19dc2cbe-a0c5-490d-b27b-dc591c625328","local_time":"20201228123310","is_ascension_mode":true,"campfire_choices":[{"data":"Armaments","floor":6,"key":"SMITH"},{"data":"Battle Trance","floor":8,"key":"SMITH"},{"data":"Whirlwind","floor":11,"key":"SMITH"},{"data":"Spot Weakness","floor":15,"key":"SMITH"},{"data":"Feed","floor":23,"key":"SMITH"},{"floor":27,"key":"RECALL"},{"data":"Demon Form","floor":32,"key":"SMITH"},{"data":"Juggernaut","floor":44,"key":"SMITH"},{"floor":46,"key":"REST"},{"floor":49,"key":"REST"}],"circlet_count":0,"master_deck":["Strike_R+1","Strike_R","Strike_R","Strike_R","Defend_R","Defend_R","Defend_R","Defend_R","Bash","Shrug It Off","Armaments+1","Whirlwind+1","Spot Weakness+1","Battle Trance+1","Flex","Feed+1","Flame Barrier","Iron Wave","Headbutt","Fire Breathing","Dual Wield","Flex","Reaper","Demon Form+1","Heavy Blade","Shrug It Off","Cleave","Twin Strike+1","Metallicize","Juggernaut+1","Rampage+1","Battle Trance+1","Regret","Feel No Pain+1","Body Slam"],"relics":["Burning Blood","Membership Card","Orrery","Gremlin Horn","aspiration:HiddenCompartment","Oddly Smooth Stone","aspiration:HatOfInfinitePower","Philosopher\u0027s Stone","Question Card","aspiration:SeaSaltIceCream","Burning Blood","Singing Bowl","Bronze Scales","Shuriken","Tiny House","WingedGreaves","Potion Belt","Nunchaku"],"acts_visited":["Exordium","TheCity","TheBeyond"],"potions_floor_usage":[16,16,16,33,45,45,50,50],"damage_taken":[{"damage":9,"enemies":"Cultist","floor":1,"turns":4},{"damage":0,"enemies":"Small Slimes","floor":4,"turns":3},{"damage":20,"enemies":"3 Sentries","floor":10,"turns":7},{"damage":27,"enemies":"Gremlin Nob","floor":12,"turns":4},{"damage":11,"enemies":"Jaw Worm","floor":14,"turns":5},{"damage":37,"enemies":"Hexaghost","floor":16,"turns":12},{"damage":1,"enemies":"2 Thieves","floor":18,"turns":2},{"damage":22,"enemies":"Spheric Guardian","floor":20,"turns":5},{"damage":34,"enemies":"Chosen and Byrds","floor":21,"turns":6},{"damage":27,"enemies":"Slavers","floor":25,"turns":5},{"damage":1,"enemies":"Snake Plant","floor":29,"turns":2},{"damage":15,"enemies":"Book of Stabbing","floor":30,"turns":4},{"damage":47,"enemies":"Automaton","floor":33,"turns":7},{"damage":11,"enemies":"3 Darklings","floor":35,"turns":3},{"damage":8,"enemies":"Mind Bloom Boss Battle","floor":36,"turns":7},{"damage":0,"enemies":"Orb Walker","floor":39,"turns":2},{"damage":45,"enemies":"Spire Growth","floor":40,"turns":4},{"damage":52,"enemies":"4 Shapes","floor":42,"turns":5},{"damage":66,"enemies":"Reptomancer","floor":45,"turns":7},{"damage":40,"enemies":"Maw","floor":47,"turns":7},{"damage":9,"enemies":"Sphere and 2 Shapes","floor":48,"turns":3},{"damage":107,"enemies":"Donu and Deca","floor":50,"turns":6}],"seed_played":"6970403474186665231","potions_obtained":[{"floor":4,"key":"EntropicBrew"},{"floor":14,"key":"Weak Potion"},{"floor":25,"key":"Regen Potion"},{"floor":34,"key":"CultistPotion"},{"floor":39,"key":"Weak Potion"}],"is_trial":false,"path_per_floor":["M","$","T","M","$","R","$","R","T","E","R","E","?","M","R","B",null,"M","$","M","M","?","R","?","E","T","R","$","M","E","?","R","B",null,"M","?","?","$","M","M","?","M","T","R","E","R","M","M","R","B"],"character_chosen":"IRONCLAD","items_purchased":["Membership Card","Orrery","Feed","Flame Barrier","Heavy Blade","Question Card","Shrug It Off","Bronze Scales","Metallicize","Potion Belt"],"campfire_rested":2,"item_purchase_floors":[0,0,2,2,19,19,19,28,28,38],"current_hp_per_floor":[64,64,64,73,73,73,73,73,73,62,62,44,44,42,42,52,92,92,92,79,71,71,71,81,64,64,64,64,77,76,76,76,41,113,115,117,117,117,117,84,84,74,74,74,47,83,63,68,105,0,0],"gold":636,"neow_bonus":"","is_daily":false,"chose_seed":false,"campfire_upgraded":7,"win_rate":0.0,"timestamp":1609187590,"path_taken":["M","?","?","M","$","R","$","R","T","E","R","E","?","M","R","BOSS","M","$","M","M","?","R","?","E","T","R","$","M","E","?","R","BOSS","M","?","?","$","M","?","?","M","T","R","E","R","?","M","R","BOSS"],"items_purchased_type":["Relic","Relic","Card","Card","Card","Relic","Card","Relic","Card","Relic"],"build_version":"2020-12-22","purchased_purges":0,"victory":false,"max_hp_per_floor":[80,80,80,83,83,83,83,83,83,86,86,89,89,92,92,92,92,92,92,95,98,98,98,98,102,102,102,102,104,106,106,106,106,113,115,117,117,117,117,117,117,123,123,123,123,123,123,125,125,125,125],"relic_stats":{"Nunchaku":[23],"Gremlin Horn":[17,20],"Singing Bowl":14,"counters":[1029,5186],"Shuriken":[18],"Bronze Scales":[154],"Question Card":15,"obtain_stats":[{"Ice Cream":49,"Calipers":10,"Tiny House":34,"Gremlin Horn":29,"Whetstone":19,"Boot":9,"Old Coin":43,"HornCleat":10,"DollysMirror":0,"Strawberry":10,"MealTicket":19,"Philosopher\u0027s Stone":17,"Kunai":31,"Toxic Egg 2":19,"Pear":7,"Blue Candle":44,"Oddly Smooth Stone":10,"Eternal Feather":44,"Pen Nib":9,"aspiration:SeaSaltIceCream":25,"aspiration:HiddenCompartment":9,"Question Card":19,"SlaversCollar":17,"Shuriken":30,"Bird Faced Urn":22,"Bronze Scales":28,"Mark of Pain":34,"Black Star":17,"Nloth\u0027s Gift":20,"aspiration:HatOfInfinitePower":12,"Unceasing Top":5,"Meat on the Bone":24,"Regal Pillow":0,"Singing Bowl":26,"Enchiridion":19,"Black Blood":17,"Bag of Preparation":38,"Incense Burner":38,"Juzu Bracelet":40,"Cursed Key":17,"Ancient Tea Set":26,"Burning Blood":0,"ClockworkSouvenir":19,"Nunchaku":0,"Shovel":38,"Mummified Hand":31,"aspiration:AnachronicSnailShell":12,"Toolbox":0,"WingedGreaves":36,"Paper Frog":45,"Potion Belt":38,"Self Forming Clay":26,"The Courier":12,"aspiration:HummingbirdHeart":9,"Omamori":0,"aspiration:SecretTechniqueScroll":17,"MawBank":8,"Strange Spoon":0,"Anchor":0,"Orrery":0,"Turnip":38,"Champion Belt":24,"Membership Card":38,"TungstenRod":42,"FossilizedHelix":10},{"Ice Cream":978,"Calipers":937,"Tiny House":1020,"Gremlin Horn":968,"Whetstone":964,"Boot":983,"Old Coin":975,"HornCleat":983,"DollysMirror":979,"Strawberry":983,"MealTicket":1003,"Philosopher\u0027s Stone":1013,"Kunai":970,"Toxic Egg 2":942,"Pear":983,"Blue Candle":976,"Oddly Smooth Stone":1010,"Eternal Feather":976,"Pen Nib":936,"aspiration:SeaSaltIceCream":1017,"aspiration:HiddenCompartment":1009,"Question Card":1014,"SlaversCollar":985,"Shuriken":1019,"Bird Faced Urn":951,"Bronze Scales":1017,"Mark of Pain":971,"Black Star":963,"Nloth\u0027s Gift":986,"aspiration:HatOfInfinitePower":1011,"Unceasing Top":945,"Meat on the Bone":966,"Regal Pillow":956,"Singing Bowl":1017,"Enchiridion":951,"Black Blood":1002,"Bag of Preparation":973,"Incense Burner":973,"Juzu Bracelet":974,"Cursed Key":941,"Ancient Tea Set":953,"Burning Blood":0,"ClockworkSouvenir":964,"Nunchaku":979,"Shovel":973,"Mummified Hand":970,"aspiration:AnachronicSnailShell":949,"Toolbox":943,"WingedGreaves":1022,"Paper Frog":976,"Potion Belt":1022,"Self Forming Clay":966,"The Courier":961,"aspiration:HummingbirdHeart":960,"Omamori":979,"aspiration:SecretTechniqueScroll":950,"MawBank":960,"Strange Spoon":956,"Anchor":992,"Orrery":1007,"Turnip":973,"Champion Belt":952,"Membership Card":973,"TungstenRod":975,"FossilizedHelix":999},{"Ice Cream":4914,"Calipers":4722,"Tiny House":5142,"Gremlin Horn":4863,"Whetstone":4842,"Boot":4940,"Old Coin":4895,"HornCleat":4940,"DollysMirror":4922,"Strawberry":4940,"MealTicket":5053,"Philosopher\u0027s Stone":5111,"Kunai":4872,"Toxic Egg 2":4738,"Pear":4940,"Blue Candle":4903,"Oddly Smooth Stone":5090,"Eternal Feather":4903,"Pen Nib":4716,"aspiration:SeaSaltIceCream":5129,"aspiration:HiddenCompartment":5083,"Question Card":5113,"SlaversCollar":4957,"Shuriken":5135,"Bird Faced Urn":4777,"Bronze Scales":5129,"Mark of Pain":4879,"Black Star":4835,"Nloth\u0027s Gift":4962,"aspiration:HatOfInfinitePower":5094,"Unceasing Top":4749,"Meat on the Bone":4851,"Regal Pillow":4807,"Singing Bowl":5129,"Enchiridion":4777,"Black Blood":5048,"Bag of Preparation":4886,"Incense Burner":4886,"Juzu Bracelet":4891,"Cursed Key":4734,"Ancient Tea Set":4790,"Burning Blood":0,"ClockworkSouvenir":4842,"Nunchaku":4922,"Shovel":4886,"Mummified Hand":4872,"aspiration:AnachronicSnailShell":4761,"Toolbox":4741,"WingedGreaves":5152,"Paper Frog":4903,"Potion Belt":5152,"Self Forming Clay":4851,"The Courier":4824,"aspiration:HummingbirdHeart":4819,"Omamori":4922,"aspiration:SecretTechniqueScroll":4773,"MawBank":4819,"Strange Spoon":4807,"Anchor":5001,"Orrery":5076,"Turnip":4886,"Champion Belt":4786,"Membership Card":4886,"TungstenRod":4895,"FossilizedHelix":5030}],"Burning Blood":581},"card_choices":[{"not_picked":["Infernal Blade","Perfected Strike"],"picked":"Shrug It Off","floor":0},{"not_picked":["Pommel Strike","Burning Pact"],"picked":"Armaments","floor":0},{"not_picked":["Immolate","Pommel Strike"],"picked":"Whirlwind","floor":0},{"not_picked":["Anger","Twin Strike"],"picked":"Spot Weakness","floor":0},{"not_picked":["Iron Wave","Burning Pact"],"picked":"Battle Trance","floor":0},{"not_picked":["Headbutt","Havoc"],"picked":"Flex","floor":1},{"not_picked":["Thunderclap","Havoc"],"picked":"Iron Wave","floor":4},{"not_picked":["Wild Strike","Pommel Strike"],"picked":"Headbutt","floor":10},{"not_picked":["Ghostly Armor","Evolve"],"picked":"Fire Breathing","floor":12},{"not_picked":["Metallicize","Rupture"],"picked":"Reaper","floor":14},{"not_picked":["Berserk","Feed"],"picked":"Demon Form","floor":16},{"not_picked":["Reckless Charge","Uppercut","Dropkick"],"picked":"SKIP","floor":18},{"not_picked":["Clothesline","Dark Embrace","Sword Boomerang","Wild Strike"],"picked":"SKIP","floor":20},{"not_picked":["Perfected Strike","Armaments","Headbutt"],"picked":"Cleave","floor":21},{"not_picked":["Intimidate","Flame Barrier","Shockwave+1"],"picked":"Twin Strike+1","floor":25},{"not_picked":["Dropkick","Burning Pact+1","Carnage","Shrug It Off"],"picked":"Singing Bowl","floor":29},{"not_picked":["Pummel","Heavy Blade","Bludgeon","Disarm"],"picked":"Singing Bowl","floor":30},{"not_picked":["Reaper","Immolate","Demon Form"],"picked":"Juggernaut","floor":33},{"not_picked":["Clash+1","Dual Wield","True Grit","Shrug It Off"],"picked":"Singing Bowl","floor":34},{"not_picked":["Twin Strike+1","Armaments","Iron Wave+1","Shrug It Off+1"],"picked":"Singing Bowl","floor":35},{"not_picked":["Shrug It Off+1","Thunderclap+1","Second Wind","Bloodletting"],"picked":"Singing Bowl","floor":36},{"not_picked":["Body Slam+1","Wild Strike","Intimidate"],"picked":"Rampage+1","floor":39},{"not_picked":["Cleave+1","Clash+1","Warcry+1"],"picked":"Battle Trance+1","floor":40},{"not_picked":["Double Tap","Power Through+1","Rampage+1","Blood for Blood+1"],"picked":"Singing Bowl","floor":42},{"not_picked":["Intimidate+1","Uppercut+1","Wild Strike"],"picked":"Feel No Pain+1","floor":45},{"not_picked":["Intimidate","Shrug It Off+1","Infernal Blade"],"picked":"Body Slam","floor":47},{"not_picked":["Flex+1","Iron Wave","Headbutt","Rampage+1"],"picked":"Singing Bowl","floor":48}],"player_experience":2059645,"relics_obtained":[{"floor":3,"key":"Gremlin Horn"},{"floor":9,"key":"aspiration:HiddenCompartment"},{"floor":10,"key":"Oddly Smooth Stone"},{"floor":12,"key":"aspiration:HatOfInfinitePower"},{"floor":25,"key":"aspiration:SeaSaltIceCream"},{"floor":26,"key":"Singing Bowl"},{"floor":30,"key":"Shuriken"},{"floor":36,"key":"WingedGreaves"},{"floor":45,"key":"Nunchaku"}],"event_choices":[{"damage_healed":0,"gold_gain":0,"player_choice":"2 cards matched","damage_taken":0,"max_hp_gain":0,"max_hp_loss":0,"event_name":"Match and Keep!","floor":13,"gold_loss":0,"cards_obtained":["Dual Wield","Flex"]},{"damage_healed":0,"gold_gain":0,"player_choice":"Ignored","damage_taken":0,"max_hp_gain":0,"max_hp_loss":0,"event_name":"betterNote:BetterNote","floor":22,"gold_loss":0,"cards_obtained":["Armaments"]},{"damage_healed":0,"gold_gain":0,"player_choice":"Ignored","damage_taken":0,"max_hp_gain":0,"max_hp_loss":0,"event_name":"Vampires","floor":31,"gold_loss":0},{"damage_healed":0,"gold_gain":0,"player_choice":"Fight","damage_taken":0,"max_hp_gain":0,"max_hp_loss":0,"event_name":"MindBloom","floor":36,"gold_loss":0},{"cards_removed":["Strike_R"],"damage_healed":0,"gold_gain":0,"player_choice":"Offered Basic","damage_taken":0,"max_hp_gain":0,"max_hp_loss":0,"event_name":"Bonfire Elementals","floor":37,"gold_loss":0},{"damage_healed":0,"gold_gain":275,"player_choice":"Desecrate","damage_taken":0,"max_hp_gain":0,"max_hp_loss":0,"event_name":"Golden Shrine","floor":41,"gold_loss":0,"cards_obtained":["Regret"]}],"is_beta":false,"boss_relics":[{"not_picked":["aspiration:WatcherSkillbook","Ectoplasm"],"picked":"Philosopher\u0027s Stone"},{"not_picked":["Astrolabe","Pandora\u0027s Box"],"picked":"Tiny House"}],"items_purged_floors":[],"is_endless":false,"potions_floor_spawned":[4,14,25,29,36,39],"killed_by":"Donu and Deca","ascension_level":1}}