{"host":"1hv1kueuvc4r3rdp","time":1609191026,"event":{"mods":["AchievementEnabler","BaseMod","DeckTracker","Highlight Path","Minty Spire (QoL Compilation)","Permanent Neow","StSLib"],"gold_per_floor":[115,125,4,0,10,10,24,24,24,24,37,62,74,101,101,101,101],"floor_reached":16,"playtime":500,"items_purged":[],"score":102,"play_id":"c9eefc25-f144-449a-b4f5-14b84ec5156b","local_time":"20201228153026","daily_mods":["Uncertain Future"],"is_ascension_mode":false,"campfire_choices":[{"data":"Sweeping Beam","floor":6,"key":"SMITH"},{"data":"Zap","floor":8,"key":"SMITH"},{"data":"Ball Lightning","floor":15,"key":"SMITH"}],"circlet_count":0,"master_deck":["Strike_B","Strike_B","Strike_B","Strike_B","Defend_B","Defend_B","Defend_B","Defend_B","Zap+1","Dualcast","Sweeping Beam+1","Seek","Cold Snap","Leap","Capacitor","Ball Lightning+1","Conserve Battery","Buffer+1"],"relics":["Cracked Core","Dream Catcher","Pen Nib","Frozen Egg 2"],"acts_visited":["Exordium"],"potions_floor_usage":[14],"damage_taken":[{"damage":4,"enemies":"Jaw Worm","floor":1,"turns":4},{"damage":0,"enemies":"Small Slimes","floor":2,"turns":3},{"damage":1,"enemies":"Cultist","floor":5,"turns":4},{"damage":22,"enemies":"Exordium Wildlife","floor":7,"turns":5},{"damage":2,"enemies":"Blue Slaver","floor":11,"turns":3},{"damage":0,"enemies":"Large Slime","floor":13,"turns":3},{"damage":7,"enemies":"Lagavulin","floor":14,"turns":6},{"damage":41,"enemies":"Slime Boss","floor":16,"turns":10}],"seed_played":"460933636395260","potions_obtained":[{"floor":2,"key":"ColorlessPotion"},{"floor":11,"key":"Weak Potion"}],"is_trial":true,"path_per_floor":["M","M","$","?","M","R","M","R","T","?","M","T","M","E","R","B"],"character_chosen":"DEFECT","items_purchased":["Seek","Cold Snap"],"campfire_rested":0,"item_purchase_floors":[3,3],"current_hp_per_floor":[71,71,71,71,70,70,48,48,48,48,46,46,46,39,39,0,0],"gold":101,"neow_bonus":"","is_daily":false,"chose_seed":true,"campfire_upgraded":3,"win_rate":0.0,"timestamp":1609191026,"path_taken":["M","M","$","?","M","R","M","R","T","?","M","?","M","E","R","BOSS"],"items_purchased_type":["Card","Card"],"build_version":"2020-12-22","purchased_purges":0,"victory":false,"max_hp_per_floor":[75,75,75,75,75,75,75,75,75,75,75,75,75,75,75,75,75],"card_choices":[{"not_picked":["Hello World","Tempest"],"picked":"Sweeping Beam","floor":1},{"not_picked":["Barrage","Fusion","Beam Cell"],"picked":"SKIP","floor":2},{"not_picked":["White Noise","Gash"],"picked":"Leap","floor":5},{"not_picked":["Beam Cell","Barrage"],"picked":"Capacitor","floor":7},{"not_picked":["Sweeping Beam","Leap"],"picked":"Ball Lightning","floor":11},{"not_picked":["Go for the Eyes","Coolheaded"],"picked":"Conserve Battery","floor":13},{"not_picked":["Steam","Leap"],"picked":"Buffer+1","floor":14}],"player_experience":1112331,"relics_obtained":[{"floor":9,"key":"Dream Catcher"},{"floor":12,"key":"Pen Nib"},{"floor":14,"key":"Frozen Egg 2"}],"event_choices":[{"damage_healed":0,"gold_gain":0,"player_choice":"Left Gold","damage_taken":0,"max_hp_gain":0,"max_hp_loss":0,"event_name":"World of Goop","floor":4,"gold_loss":4},{"damage_healed":0,"gold_gain":0,"player_choice":"Ignored","damage_taken":0,"max_hp_gain":0,"max_hp_loss":0,"event_name":"Golden Wing","floor":10,"gold_loss":0}],"is_beta":false,"boss_relics":[],"items_purged_floors":[],"is_endless":false,"potions_floor_spawned":[2,11],"killed_by":"Slime Boss","ascension_level":0}}