{"host":"5ezk7t18wcb10u1o","time":1609187050,"event":{"mods":["BaseMod","Bestiary","Colored Powertips","Minty Spire (QoL Compilation)","Relic Sorter"],"gold_per_floor":[110,124,199,199,199,199,199,199,277,277,210,236,236,248,248,329,356,385,435,360,360,192,234,63,13,13,13,36,36,36],"floor_reached":29,"playtime":1241,"items_purged":[],"score":431,"play_id":"e79405a6-bfb6-405e-94d2-cb2323209647","local_time":"20201228202410","is_ascension_mode":true,"campfire_choices":[{"floor":6,"key":"DIG"},{"data":"Buffer","floor":8,"key":"SMITH"},{"floor":10,"key":"DIG"},{"data":"Static Discharge","floor":13,"key":"SMITH"},{"floor":15,"key":"REST"},{"floor":27,"key":"REST"}],"circlet_count":0,"master_deck":["AscendersBane","Defend_B","Defend_B","Zap","Dualcast","Cold Snap+1","Buffer+1","Static Discharge+1","Go for the Eyes+1","All For One","Amplify+1","Blizzard+1","BootSequence+1","Hologram","Auto Shields","Leap"],"relics":["Cracked Core","CeramicFish","Shovel","MealTicket","GremlinMask","Mummified Hand","Boot","Astrolabe","Oddly Smooth Stone","Calipers","Whetstone","FossilizedHelix"],"acts_visited":["Exordium","TheCity"],"potions_floor_usage":[2,16,16],"damage_taken":[{"damage":7,"enemies":"Jaw Worm","floor":1,"turns":4},{"damage":0,"enemies":"2 Louse","floor":2,"turns":2},{"damage":0,"enemies":"Cultist","floor":12,"turns":3},{"damage":7,"enemies":"3 Louse","floor":14,"turns":3},{"damage":40,"enemies":"Slime Boss","floor":16,"turns":11},{"damage":10,"enemies":"3 Byrds","floor":18,"turns":2},{"damage":62,"enemies":"Slavers","floor":23,"turns":5},{"damage":0,"enemies":"Chosen","floor":28,"turns":8},{"damage":42,"enemies":"3 Cultists","floor":29,"turns":5}],"seed_played":"4294993534503299516","potions_obtained":[{"floor":1,"key":"Fire Potion"},{"floor":12,"key":"Regen Potion"},{"floor":14,"key":"AttackPotion"},{"floor":16,"key":"BlessingOfTheForge"}],"is_trial":false,"path_per_floor":["M","M","?","?","T","R","?","R","T","R","$","M","R","M","R","B",null,"M","?","?","?","$","E","$","?","T","R","M","M"],"character_chosen":"DEFECT","items_purchased":["Static Discharge","Oddly Smooth Stone","Whetstone"],"campfire_rested":2,"item_purchase_floors":[11,22,24],"current_hp_per_floor":[57,57,46,28,28,28,28,28,28,28,43,43,43,36,57,32,61,51,51,51,51,66,4,19,19,19,40,40,0,0],"gold":36,"neow_bonus":"REMOVE_CARD","is_daily":false,"chose_seed":false,"campfire_upgraded":2,"win_rate":0.0,"timestamp":1609187050,"path_taken":["M","M","?","?","?","R","?","R","T","R","$","M","R","?","R","BOSS","M","?","?","?","$","E","$","?","T","R","M","M"],"items_purchased_type":["Card","Relic","Relic"],"build_version":"2020-12-22","purchased_purges":0,"victory":false,"max_hp_per_floor":[71,71,71,71,71,71,71,71,71,71,71,71,71,71,71,71,71,71,71,71,71,71,71,71,71,71,71,71,71,71],"card_choices":[{"not_picked":["Skim","Gash"],"picked":"Cold Snap","floor":1},{"not_picked":["Conserve Battery","Go for the Eyes"],"picked":"Buffer","floor":2},{"not_picked":["Hologram","Rebound"],"picked":"Go for the Eyes","floor":12},{"not_picked":["Reprogram","Hello World","Cold Snap"],"picked":"SKIP","floor":14},{"not_picked":["Meteor Strike","Hyperbeam"],"picked":"All For One","floor":16},{"not_picked":["Recycle","Compile Driver"],"picked":"Hologram","floor":18},{"not_picked":["Skim","Hello World"],"picked":"Auto Shields","floor":23},{"not_picked":["Auto Shields","Storm"],"picked":"Leap","floor":28}],"player_experience":1081811,"relics_obtained":[{"floor":5,"key":"Shovel"},{"floor":6,"key":"MealTicket"},{"floor":9,"key":"Mummified Hand"},{"floor":10,"key":"Boot"},{"floor":23,"key":"Calipers"},{"floor":26,"key":"FossilizedHelix"}],"event_choices":[{"damage_healed":0,"gold_gain":75,"player_choice":"Gather Gold","damage_taken":11,"max_hp_gain":0,"max_hp_loss":0,"event_name":"World of Goop","floor":3,"gold_loss":0},{"damage_healed":0,"gold_gain":0,"player_choice":"Success","damage_taken":18,"relics_obtained":["CeramicFish"],"max_hp_gain":0,"max_hp_loss":0,"event_name":"Scrap Ooze","floor":4,"gold_loss":0},{"damage_healed":0,"gold_gain":0,"player_choice":"Trade","damage_taken":0,"relics_obtained":["GremlinMask"],"max_hp_gain":0,"max_hp_loss":0,"event_name":"FaceTrader","floor":7,"gold_loss":0},{"damage_healed":0,"gold_gain":50,"player_choice":"Stole From Cult","damage_taken":0,"max_hp_gain":0,"max_hp_loss":0,"event_name":"Nest","floor":19,"gold_loss":0},{"cards_removed":["Strike_B"],"damage_healed":0,"gold_gain":0,"player_choice":"Gave Gold","damage_taken":0,"max_hp_gain":0,"max_hp_loss":0,"event_name":"Beggar","floor":20,"gold_loss":75},{"cards_removed":["Strike_B"],"damage_healed":0,"gold_gain":0,"player_choice":"Elegance","damage_taken":0,"max_hp_gain":0,"max_hp_loss":0,"event_name":"Back to Basics","floor":21,"gold_loss":0},{"damage_healed":0,"gold_gain":0,"player_choice":"Bet on Murderer","damage_taken":0,"max_hp_gain":0,"max_hp_loss":0,"event_name":"The Joust","floor":25,"gold_loss":50}],"is_beta":false,"boss_relics":[{"not_picked":["Fusion Hammer","Sozu"],"picked":"Astrolabe"}],"items_purged_floors":[],"is_endless":false,"potions_floor_spawned":[1,12,14,16],"killed_by":"3 Cultists","ascension_level":18}}