{"host":"fg6h2ig1bl4ozoaa","time":1609184446,"event":{"mods":["BaseMod","Colored Powertips","Hermit","Jorbs\u0027s Wanderer Trilogy","Marisa????????","Minty Spire (QoL Compilation)","StSLib","The Runesmith"],"gold_per_floor":[115,130,130,130,149,182,162,192,192,212,242,256,3,35,35,137,137],"floor_reached":16,"playtime":812,"items_purged":["Strike_MRS"],"score":226,"play_id":"ae6a1602-87c3-469e-9518-ef25fe8b5f16","local_time":"20201228114046","is_ascension_mode":true,"campfire_choices":[{"data":"AsteroidBelt","floor":15,"key":"SMITH"}],"circlet_count":0,"master_deck":["Strike_MRS","Strike_MRS","Strike_MRS","Defend_MRS","Defend_MRS","Defend_MRS","Defend_MRS","MasterSpark+1","UpSweep+1","ChargeUpSpray+1","LuminesStrike","6A","MagicAbsorber","EnergyFlow","DeepEcoloBomb+1","GravityBeat","AsteroidBelt+1"],"relics":["MiniHakkero","Art of War","Runesmith:Nanobots","The Courier","Whetstone","Meat on the Bone","Sundial"],"acts_visited":["Exordium"],"potions_floor_usage":[6,6,11],"damage_taken":[{"damage":2.0,"enemies":"2 Louse","floor":1.0,"turns":3.0},{"damage":1,"enemies":"Cultist","floor":2,"turns":3},{"damage":9,"enemies":"Jaw Worm","floor":5,"turns":3},{"damage":0,"enemies":"Gremlin Nob","floor":6,"turns":3},{"damage":21,"enemies":"Lagavulin","floor":8,"turns":6},{"damage":5,"enemies":"Lots of Slimes","floor":10,"turns":3},{"damage":7,"enemies":"3 Sentries","floor":11,"turns":5},{"damage":5,"enemies":"Gremlin Gang","floor":12,"turns":3},{"damage":9,"enemies":"Gremlin Nob","floor":14,"turns":3},{"damage":8,"enemies":"The Guardian","floor":16,"turns":10}],"seed_played":"-7282383004097304614","potions_obtained":[{"floor":1,"key":"ShroomBrew"},{"floor":5,"key":"SkillPotion"},{"floor":7,"key":"Fire Potion"},{"floor":11,"key":"ColorlessPotion"},{"floor":12,"key":"SkillPotion"}],"is_trial":false,"path_per_floor":["M","M","?","?","M","E","?","E","T","M","E","M","$","E","R","B"],"character_chosen":"MARISA","items_purchased":["Meat on the Bone"],"campfire_rested":0,"item_purchase_floors":[13],"current_hp_per_floor":[80,79,79,79,70,70,70,49,49,44,37,32,32,35,35,39,39],"gold":137,"neow_bonus":"TEN_PERCENT_HP_BONUS","is_daily":false,"chose_seed":false,"campfire_upgraded":1,"win_rate":0.0,"timestamp":1609184446,"path_taken":["M","M","?","?","?","E","?","E","T","M","E","?","?","E","R","BOSS"],"items_purchased_type":["Relic"],"build_version":"2020-12-22","purchased_purges":1,"victory":false,"max_hp_per_floor":[82,82,82,82,82,82,82,82,82,82,82,82,82,82,82,82,82],"card_choices":[{"not_picked":["MeteoricShower","IllusionStar"],"picked":"ChargeUpSpray","floor":1},{"not_picked":["GrandCross","BlazeAway"],"picked":"LuminesStrike","floor":2},{"not_picked":["SporeBomb","Occultation"],"picked":"6A","floor":5},{"not_picked":["PropBag","EnergyRecoil"],"picked":"MagicAbsorber","floor":6},{"not_picked":["Acceleration","MysteriousBeam"],"picked":"EnergyFlow","floor":8},{"not_picked":["PulseMagic","MilkyWay"],"picked":"DeepEcoloBomb","floor":10},{"not_picked":["LuminesStrike","MeteoricShower"],"picked":"GravityBeat","floor":11},{"not_picked":["DC","6A"],"picked":"AsteroidBelt","floor":12},{"not_picked":["ChargeUpSpray","IllusionStar","ShootTheMoon"],"picked":"SKIP","floor":14}],"player_experience":985532,"relics_obtained":[{"floor":6,"key":"Art of War"},{"floor":8,"key":"Runesmith:Nanobots"},{"floor":9,"key":"The Courier"},{"floor":11,"key":"Whetstone"},{"floor":14,"key":"Sundial"}],"event_choices":[{"damage_healed":0,"gold_gain":0,"player_choice":"Grow","damage_taken":0,"max_hp_gain":0,"max_hp_loss":0,"event_name":"Living Wall","floor":3,"gold_loss":0,"cards_upgraded":["MasterSpark"]},{"damage_healed":0,"gold_gain":0,"player_choice":"Forge","damage_taken":0,"max_hp_gain":0,"max_hp_loss":0,"event_name":"Accursed Blacksmith","floor":4,"gold_loss":0,"cards_upgraded":["ChargeUpSpray"]},{"damage_healed":0,"gold_gain":0,"player_choice":"Bought 1 Potion","damage_taken":0,"max_hp_gain":0,"max_hp_loss":0,"event_name":"The Woman in Blue","floor":7,"gold_loss":0}],"is_beta":false,"boss_relics":[],"items_purged_floors":[13],"is_endless":false,"potions_floor_spawned":[1,5,11,12],"killed_by":"The Guardian","ascension_level":2}}