{"host":"zpql4quw4g2j1hsh","time":1609161937,"event":{"mods":["Act Like it!","BaseMod","Better-Laid Plans","Challenge The Spire","Decade(王小明)","Lobotomy","LobotomyExtend","Minty Spire (QoL Compilation)","Permanent Neow","Quick Restart","Relic Stats","Spicy Shops","StSLib","SuperFastMode","【遗物卡牌】REMEMod","篝火指南"],"gold_per_floor":[119,119,131,150,164,164,164,182,250,267,267,267,280,290,290,386,436,447,457,637,648,661,661,673,673,673,688,702,304,304,334,334,334,334],"floor_reached":33,"playtime":3057,"items_purged":[],"score":315,"play_id":"9efbd35b-dc02-4d3f-9832-1e9189535c44","local_time":"20201228212537","is_ascension_mode":false,"campfire_choices":[{"data":"KamenRideKuuga","floor":6,"key":"SMITH"},{"data":"REME_BattleFury","floor":11,"key":"SMITH"},{"data":"AttackRide","floor":15,"key":"SMITH"},{"data":"RideBooker_Skill_3","floor":23,"key":"SMITH"},{"floor":25,"key":"REST"},{"data":"Kuuga_Rising","floor":32,"key":"SMITH"}],"circlet_count":0,"master_deck":["Decade_Attack","Decade_Attack","Decade_Attack","Decade_Attack","KamenRide+1","Decade_SpecialSkill","Decade_Defend","Decade_Defend","Decade_Defend","Decade_Defend+1","KamenRideKuuga+1","Decade_Illusion+1","UnarmedAttack1+1","KamenRideHibiki","AttackRide+1","FormRidePegasus","REME_BattleFury+1","UnarmedAttack8","Blade_Slash","UnarmedAttack1","UnarmedAttack3","Kuuga_Rising+1","DenO_Climax","RideBooker_Skill_3+1","Decade_Invisible+1","FormRideDragon","FormRideDragon+1","Hibiki_FEVER","Hibiki_Attack3+1","Decade_Invisible","Hibiki_Attack2","Discovery","Chrysalis","RideBooker_Skill_2","NMDAZYYGL","Kuuga_GouramAttack","RideBooker_Skill_3"],"relics":["Decadriver","TOEIDeficitBill","REME_ComplimentaryCards","LetterFromLob","Bottled Lightning","Tiny House","Meat on the Bone","Orrery"],"acts_visited":["Exordium","TheCity"],"potions_floor_usage":[3,3,16,16,33,33],"damage_taken":[{"damage":1,"enemies":"Jaw Worm","floor":1,"turns":2},{"damage":1,"enemies":"Cultist","floor":3,"turns":3},{"damage":0,"enemies":"2 Louse","floor":4,"turns":3},{"damage":11,"enemies":"Large Slime","floor":5,"turns":8},{"damage":8,"enemies":"Gremlin Gang","floor":8,"turns":6},{"damage":13,"enemies":"Exordium Wildlife","floor":10,"turns":3},{"damage":20,"enemies":"Lots of Slimes","floor":13,"turns":4},{"damage":34,"enemies":"Gremlin Gang","floor":14,"turns":4},{"damage":47,"enemies":"The Guardian","floor":16,"turns":10},{"damage":15,"enemies":"2 Thieves","floor":18,"turns":3},{"damage":10,"enemies":"Spheric Guardian","floor":19,"turns":4},{"damage":0,"enemies":"Chosen and Byrds","floor":21,"turns":4},{"damage":49,"enemies":"Snecko","floor":22,"turns":7},{"damage":42,"enemies":"Snake Plant","floor":24,"turns":3},{"damage":47,"enemies":"Cultist and Chosen","floor":27,"turns":9},{"damage":12,"enemies":"Centurion and Healer","floor":28,"turns":7},{"damage":30,"enemies":"Snecko","floor":30,"turns":4},{"damage":6,"enemies":"Gremlin Leader","floor":31,"turns":2},{"damage":121,"enemies":"Automaton","floor":33,"turns":10}],"seed_played":"7075532769415847216","potions_obtained":[{"floor":0,"key":"Fruit Juice"},{"floor":0,"key":"Fire Potion"},{"floor":0,"key":"DistilledChaos"},{"floor":3,"key":"Fruit Juice"},{"floor":5,"key":"DuplicationPotion"},{"floor":16,"key":"FairyPotion"},{"floor":17,"key":"Strength Potion"}],"is_trial":false,"path_per_floor":["M","?","M","M","M","R","?","M","T","M","R","?","M","M","R","B",null,"M","M","?","M","M","R","M","R","T","M","M","$","M","E","R","B"],"character_chosen":"Decade","items_purchased":["Discovery","Chrysalis","Orrery"],"campfire_rested":1,"item_purchase_floors":[29,29,29],"current_hp_per_floor":[69,69,79,80,78,78,62,73,73,69,69,69,64,42,42,10,85,74,75,56,77,42,42,9,34,34,19,34,34,30,41,41,0,0],"gold":334,"neow_bonus":"THREE_SMALL_POTIONS","is_daily":false,"chose_seed":false,"campfire_upgraded":5,"win_rate":0.0,"timestamp":1609161937,"path_taken":["M","?","M","?","M","R","?","M","T","M","R","?","M","M","R","BOSS","M","?","?","M","M","R","M","R","T","M","?","$","?","E","R","BOSS"],"items_purchased_type":["Card","Card","Relic"],"build_version":"2020-12-22","purchased_purges":0,"victory":false,"max_hp_per_floor":[70,70,80,80,80,80,80,80,80,80,80,80,80,80,80,80,85,85,85,85,85,85,85,85,85,85,85,85,85,85,85,85,85,85],"relic_stats":{"counters":[19,96],"obtain_stats":[{"Tiny House":17,"Orrery":29,"Decadriver":0,"LetterFromLob":1,"TOEIDeficitBill":0,"Bottled Lightning":9,"REME_ComplimentaryCards":0,"Meat on the Bone":26},{"Tiny House":9,"Orrery":16,"Decadriver":0,"LetterFromLob":1,"TOEIDeficitBill":0,"Bottled Lightning":5,"REME_ComplimentaryCards":0,"Meat on the Bone":14},{"Tiny House":43,"Orrery":80,"Decadriver":0,"LetterFromLob":2,"TOEIDeficitBill":0,"Bottled Lightning":22,"REME_ComplimentaryCards":0,"Meat on the Bone":64}],"Meat on the Bone":48},"card_choices":[{"not_picked":["DenO_Sword","Hibiki_Attack3"],"picked":"KamenRideKuuga","floor":1},{"not_picked":["UnarmedAttack4","RideBooker_Skill_3"],"picked":"Decade_Illusion","floor":3},{"not_picked":["Blade_Metal","Hibiki_Attack3"],"picked":"UnarmedAttack1","floor":4},{"not_picked":["FormRideFlame","Hibiki_Attack1"],"picked":"KamenRideHibiki","floor":4},{"not_picked":["KamenRideAgito","Decade_Dash2"],"picked":"AttackRide","floor":5},{"not_picked":["Blade_Metal","UnarmedAttack5"],"picked":"FormRidePegasus","floor":8},{"not_picked":["KamenRideAgito","UnarmedAttack4","DenO_Ax"],"picked":"SKIP","floor":8},{"not_picked":["KamenRideAgito","UnarmedAttack4","DenO_Ax"],"picked":"SKIP","floor":8},{"not_picked":["KamenRideKiva","UnarmedAttack3"],"picked":"UnarmedAttack8","floor":10},{"not_picked":["FormRideDogga","FormRideGaruru"],"picked":"Blade_Slash","floor":10},{"not_picked":["FormRideAxel","DenO_Ax"],"picked":"UnarmedAttack1","floor":13},{"not_picked":["DenO_Rod","MirrorWorld"],"picked":"UnarmedAttack3","floor":14},{"not_picked":["Kabuto_ClockUp","UnarmedAttack9"],"picked":"Kuuga_Rising","floor":16},{"not_picked":["Kiva_Eat","NMDAZYYGL"],"picked":"DenO_Climax","floor":16},{"not_picked":["KamenRideKiva","FormRideFlame"],"picked":"RideBooker_Skill_3","floor":18},{"not_picked":["Dragreder","Decade_Dash1"],"picked":"Decade_Invisible+1","floor":18},{"not_picked":["DenO_Ax","FormRideFlame+1"],"picked":"FormRideDragon","floor":19},{"not_picked":["DragShield","PhotonAcceleration"],"picked":"FormRideDragon+1","floor":19},{"not_picked":["KamenRideKiva","KamenRideDecade"],"picked":"Hibiki_FEVER","floor":21},{"not_picked":["Kiva_Frozen+1","UnarmedAttack5+1"],"picked":"Hibiki_Attack3+1","floor":22},{"not_picked":["UnarmedAttack7","UnarmedAttack8","FormRideStorm+1"],"picked":"SKIP","floor":22},{"not_picked":["FormRideBasshaa","KamenRideRyuki"],"picked":"Decade_Invisible","floor":27},{"not_picked":["KamenRideKiva","UnarmedAttack3+1"],"picked":"Hibiki_Attack2","floor":28},{"not_picked":["Hibiki_Attack3","UnarmedAttack3"],"picked":"RideBooker_Skill_2","floor":29},{"not_picked":["FormRidePegasus","UnarmedAttack6"],"picked":"NMDAZYYGL","floor":29},{"not_picked":["RideBooker_Skill_1","Dragreder"],"picked":"Kuuga_GouramAttack","floor":30},{"not_picked":["Blade_Slash","FormRideDragon+1"],"picked":"RideBooker_Skill_3","floor":31}],"player_experience":1271,"relics_obtained":[{"floor":1,"key":"LetterFromLob"},{"floor":9,"key":"Bottled Lightning"},{"floor":26,"key":"Meat on the Bone"}],"event_choices":[{"damage_healed":0,"gold_gain":0,"player_choice":"Forge","damage_taken":0,"max_hp_gain":0,"max_hp_loss":0,"event_name":"Accursed Blacksmith","floor":2,"gold_loss":0,"cards_upgraded":["KamenRide"]},{"damage_healed":0,"gold_gain":0,"player_choice":"Entered Light","damage_taken":16,"max_hp_gain":0,"max_hp_loss":0,"event_name":"Shining Light","floor":7,"gold_loss":0,"cards_upgraded":["Decade_Illusion","Decade_Defend"]},{"damage_healed":0,"gold_gain":0,"player_choice":"Ignored","damage_taken":0,"max_hp_gain":0,"max_hp_loss":0,"event_name":"NoteForYourself","floor":12,"gold_loss":0},{"damage_healed":0,"gold_gain":180,"player_choice":"GOLD GOLD ","damage_taken":19,"max_hp_gain":0,"max_hp_loss":0,"event_name":"Knowing Skull","floor":20,"potions_obtained":[],"gold_loss":0,"cards_obtained":[]}],"is_beta":false,"boss_relics":[{"not_picked":["Sozu","Empty Cage"],"picked":"Tiny House"}],"items_purged_floors":[],"is_endless":false,"potions_floor_spawned":[3,5,8,14,16,18,22,28,31],"killed_by":"Automaton","ascension_level":0}}