{"host":"cv77zuuuekizn3ic","time":1609157190,"event":{"mods":["AchievementEnabler","BaseMod","Marisa£®ÏF”Í°°ƒß¿Ì…≥£©","Minty Spire (QoL Compilation)","StSLib","Waifu the Spire","everything is the same but u backflip on backflip","slay the spire mod where everything is the same but ironclad has a cowboy hat"],"gold_per_floor":[116,41,56,75,150,150,164,197,197,197,197,23,23,36,36,133,133,148,135,135,153,153,179,179,211,211,9,43,43,43,43],"floor_reached":30,"playtime":1517,"items_purged":["Strike_G","Strike_G","Strike_G"],"score":415,"play_id":"f3d175c9-3a1c-491d-a7f6-1d405a3eb6a6","local_time":"20201228200630","is_ascension_mode":true,"campfire_choices":[{"data":"Catalyst","floor":6.0,"key":"SMITH"},{"data":"Neutralize","floor":11.0,"key":"SMITH"},{"data":"Well Laid Plans","floor":13.0,"key":"SMITH"},{"data":"Deadly Poison","floor":15.0,"key":"SMITH"},{"data":"Wraith Form v2","floor":24.0,"key":"SMITH"}],"circlet_count":0,"master_deck":["Strike_G","Defend_G","Defend_G","Defend_G","Defend_G","Defend_G","Survivor","Neutralize+1","Backflip","Catalyst+1","Poisoned Stab","Deadly Poison+1","Reflex","Reflex","Well Laid Plans+1","Adrenaline","Prepared+1","Escape Plan","Wraith Form v2+1","Backflip"],"relics":["Ring of the Snake","Gambling Chip","Torii","Pear","SlaversCollar","HornCleat","Question Card","Unceasing Top"],"acts_visited":["Exordium","TheCity"],"potions_floor_usage":[],"damage_taken":[{"damage":0.0,"enemies":"2 Louse","floor":1.0,"turns":3.0},{"damage":0.0,"enemies":"Jaw Worm","floor":3.0,"turns":5.0},{"damage":5.0,"enemies":"Cultist","floor":4.0,"turns":5.0},{"damage":1.0,"enemies":"3 Louse","floor":7.0,"turns":4.0},{"damage":5.0,"enemies":"Lagavulin","floor":8.0,"turns":5.0},{"damage":1.0,"enemies":"Looter","floor":14.0,"turns":3.0},{"damage":1.0,"enemies":"The Guardian","floor":16.0,"turns":7.0},{"damage":11.0,"enemies":"3 Byrds","floor":18.0,"turns":6.0},{"damage":10.0,"enemies":"2 Thieves","floor":19.0,"turns":4.0},{"damage":0.0,"enemies":"Masked Bandits","floor":20.0,"turns":1.0},{"damage":11.0,"enemies":"Centurion and Healer","floor":21.0,"turns":5.0},{"damage":2.0,"enemies":"Book of Stabbing","floor":23.0,"turns":5.0},{"damage":15.0,"enemies":"Slavers","floor":25.0,"turns":7.0},{"damage":2.0,"enemies":"Gremlin Leader","floor":28.0,"turns":4.0},{"damage":20,"enemies":"Chosen and Byrds","floor":30,"turns":4}],"seed_played":"7422220983291474549","potions_obtained":[{"floor":1.0,"key":"SmokeBomb"},{"floor":4.0,"key":"Explosive Potion"},{"floor":8.0,"key":"PowerPotion"},{"floor":23.0,"key":"GhostInAJar"},{"floor":28.0,"key":"Swift Potion"}],"is_trial":false,"path_per_floor":["M","$","M","M","?","R","M","E","T","?","R","$","R","M","R","B",null,"M","M","?","M","?","E","R","E","T","$","E","?","M"],"character_chosen":"THE_SILENT","items_purchased":["Well Laid Plans","DistilledChaos"],"campfire_rested":0,"item_purchase_floors":[12,27],"current_hp_per_floor":[45,45,45,40,29,29,28,23,33,33,33,33,33,32,32,31,68,57,47,47,36,36,34,34,19,19,19,17,17,0,0],"gold":43,"neow_bonus":"ONE_RARE_RELIC","is_daily":false,"chose_seed":false,"campfire_upgraded":5,"win_rate":0.0,"timestamp":1609157190,"path_taken":["M","$","M","M","?","R","M","E","T","?","R","$","R","M","R","BOSS","M","?","?","M","?","E","R","E","T","$","E","?","?"],"items_purchased_type":["Card","Potion"],"build_version":"2020-12-22","purchased_purges":3,"victory":false,"max_hp_per_floor":[70,70,70,70,70,70,70,70,80,80,80,80,80,80,80,80,80,80,80,80,80,80,80,80,80,80,80,80,80,80,80],"card_choices":[{"not_picked":["Dagger Throw","Acrobatics"],"picked":"Backflip","floor":1.0},{"not_picked":["Predator","Poisoned Stab"],"picked":"Catalyst","floor":3.0},{"not_picked":["Storm of Steel","Terror"],"picked":"Poisoned Stab","floor":4.0},{"not_picked":["Cloak And Dagger","Bane"],"picked":"Deadly Poison","floor":7.0},{"not_picked":["Deadly Poison","Bane"],"picked":"Reflex","floor":8.0},{"not_picked":["Finisher","Backstab","Skewer"],"picked":"SKIP","floor":14.0},{"not_picked":["Doppelganger","Unload"],"picked":"Adrenaline","floor":16.0},{"not_picked":["Flying Knee","Bane","Quick Slash"],"picked":"SKIP","floor":18.0},{"not_picked":["Backflip+1","Heel Hook"],"picked":"Prepared","floor":19.0},{"not_picked":["Flechettes","Quick Slash+1"],"picked":"Escape Plan","floor":21.0},{"not_picked":["Slice","Deadly Poison"],"picked":"Wraith Form v2","floor":23.0},{"not_picked":["Choke","Dagger Spray+1"],"picked":"Backflip","floor":25.0},{"not_picked":["Dagger Throw","Endless Agony","Distraction","Cloak And Dagger+1"],"picked":"SKIP","floor":28.0},{"not_picked":["Dagger Throw","Endless Agony","Distraction","Cloak And Dagger+1"],"picked":"SKIP","floor":28.0}],"player_experience":668515,"relics_obtained":[{"floor":8.0,"key":"Torii"},{"floor":9.0,"key":"Pear"},{"floor":23.0,"key":"HornCleat"},{"floor":25.0,"key":"Question Card"},{"floor":28.0,"key":"Unceasing Top"}],"event_choices":[{"damage_healed":0.0,"max_hp_gain":0.0,"max_hp_loss":0.0,"gold_gain":75.0,"event_name":"World of Goop","player_choice":"Gather Gold","floor":5.0,"gold_loss":0.0,"damage_taken":11.0},{"damage_healed":0.0,"max_hp_gain":0.0,"max_hp_loss":0.0,"gold_gain":0.0,"cards_transformed":["Strike_G"],"event_name":"Transmorgrifier","player_choice":"Transformed","floor":10.0,"gold_loss":0.0,"damage_taken":0.0,"cards_obtained":["Reflex"]},{"damage_healed":0.0,"max_hp_gain":0.0,"max_hp_loss":0.0,"gold_gain":0.0,"event_name":"Masked Bandits","player_choice":"Fought Bandits","floor":20.0,"gold_loss":0.0,"damage_taken":0.0},{"damage_healed":0.0,"max_hp_gain":0.0,"max_hp_loss":0.0,"gold_gain":0.0,"event_name":"Vampires","player_choice":"Ignored","floor":22.0,"gold_loss":0.0,"damage_taken":0.0},{"damage_healed":0.0,"max_hp_gain":0.0,"max_hp_loss":0.0,"gold_gain":0.0,"event_name":"Accursed Blacksmith","player_choice":"Forge","floor":29.0,"gold_loss":0.0,"damage_taken":0.0,"cards_upgraded":["Prepared"]}],"is_beta":false,"boss_relics":[{"not_picked":["Sozu","Cursed Key"],"picked":"SlaversCollar"}],"items_purged_floors":[2,12,27],"is_endless":false,"potions_floor_spawned":[1,4,8,23,28],"killed_by":"Chosen and Byrds","ascension_level":9}}