{"host":"31s8hzukbhz1k6i6","time":1609115471,"event":{"mods":["BaseMod","Colored Map","Minty Spire (QoL Compilation)","Relic Stats","UnlockEverythingMod"],"gold_per_floor":[115,115,115,129,139,167,184,184,211,211,236,40,73,85,85,183,183,196,213,227,245,255,255,289,289,316,316,328,328,360,229,229,326,326,338,356,375,27,27,27,60,60,83,114,131,161,174,174,174,174,174,174,20,52,52,52],"floor_reached":55,"playtime":2933,"items_purged":["Strike_R","Bash","Carnage+1"],"score":978,"play_id":"c517e239-95ba-48fb-ab1a-c0a768d1939d","local_time":"20201227163111","is_ascension_mode":true,"campfire_choices":[{"data":"Whirlwind","floor":10,"key":"SMITH"},{"data":"Carnage","floor":15,"key":"SMITH"},{"data":"Immolate","floor":23,"key":"SMITH"},{"data":"Inflame","floor":27,"key":"SMITH"},{"data":"Dark Embrace","floor":32,"key":"SMITH"},{"data":"Burning Pact","floor":40,"key":"SMITH"},{"data":"Disarm","floor":42,"key":"SMITH"},{"floor":49,"key":"RECALL"},{"data":"Demon Form","floor":52,"key":"SMITH"}],"circlet_count":0,"master_deck":["Ghostly Armor","Whirlwind+1","Disarm+1","Disarm","Reaper","Immolate+1","Power Through","Pommel Strike","Inflame+1","Havoc","Sword Boomerang","Burning Pact+1","Shrug It Off","Intimidate+1","Battle Trance","Dark Embrace+1","Shrug It Off","Offering","Offering","Shockwave+1","Rage+1","Parasite","Demon Form+1","Headbutt+1","Flame Barrier+1"],"relics":["Burning Blood","Incense Burner","Boot","Smiling Mask","Anchor","PreservedInsect","Ancient Tea Set","Pandora\u0027s Box","InkBottle","Lantern","Vajra","Snecko Eye","ClockworkSouvenir","Orichalcum","Akabeko","Blood Vial","Red Skull","PrismaticShard","White Beast Statue"],"acts_visited":["Exordium","TheCity","TheBeyond","TheEnding"],"potions_floor_usage":[6,13,13,33,33,45,50,55],"damage_taken":[{"damage":9,"enemies":"Jaw Worm","floor":1,"turns":5},{"damage":0,"enemies":"Cultist","floor":4,"turns":3},{"damage":0,"enemies":"Small Slimes","floor":5,"turns":3},{"damage":20,"enemies":"3 Sentries","floor":6,"turns":8},{"damage":7,"enemies":"2 Fungi Beasts","floor":7,"turns":3},{"damage":1,"enemies":"Lagavulin","floor":13,"turns":3},{"damage":5,"enemies":"3 Louse","floor":14,"turns":3},{"damage":20,"enemies":"Hexaghost","floor":16,"turns":11},{"damage":25,"enemies":"Chosen","floor":18,"turns":5},{"damage":23,"enemies":"Spheric Guardian","floor":19,"turns":4},{"damage":32,"enemies":"3 Cultists","floor":20,"turns":4},{"damage":6,"enemies":"Cultist and Chosen","floor":21,"turns":7},{"damage":5,"enemies":"Snake Plant","floor":22,"turns":4},{"damage":0,"enemies":"Gremlin Leader","floor":24,"turns":4},{"damage":0,"enemies":"3 Cultists","floor":28,"turns":3},{"damage":21,"enemies":"Slavers","floor":30,"turns":4},{"damage":47,"enemies":"Collector","floor":33,"turns":12},{"damage":6,"enemies":"3 Darklings","floor":35,"turns":1},{"damage":15,"enemies":"3 Shapes","floor":36,"turns":2},{"damage":0,"enemies":"3 Darklings","floor":37,"turns":1},{"damage":28,"enemies":"Nemesis","floor":41,"turns":5},{"damage":9,"enemies":"Giant Head","floor":44,"turns":5},{"damage":20,"enemies":"Writhing Mass","floor":45,"turns":5},{"damage":18,"enemies":"Nemesis","floor":46,"turns":5},{"damage":10,"enemies":"Maw","floor":47,"turns":10},{"damage":65,"enemies":"Donu and Deca","floor":50,"turns":6},{"damage":2,"enemies":"Shield and Spear","floor":54,"turns":2},{"damage":88,"enemies":"The Heart","floor":55,"turns":6}],"seed_played":"-16930531399423317","potions_obtained":[{"floor":5,"key":"Fire Potion"},{"floor":6,"key":"FearPotion"},{"floor":7,"key":"BlessingOfTheForge"},{"floor":14,"key":"Strength Potion"},{"floor":20,"key":"BlessingOfTheForge"},{"floor":24,"key":"HeartOfIron"},{"floor":28,"key":"HeartOfIron"},{"floor":36,"key":"ColorlessPotion"},{"floor":37,"key":"GamblersBrew"},{"floor":41,"key":"Weak Potion"},{"floor":46,"key":"Explosive Potion"}],"is_trial":false,"path_per_floor":["M","?","?","M","M","E","M","?","T","R","T","$","E","M","R","B",null,"M","M","M","M","M","R","E","?","T","R","M","?","E","$","R","B",null,"M","M","M","$","?","R","E","R","T","E","M","E","M","T","R","B",null,"R","$","E","B"],"character_chosen":"IRONCLAD","items_purchased":["PreservedInsect","Offering","Offering","ClockworkSouvenir","PrismaticShard"],"campfire_rested":0,"item_purchase_floors":[12,31,38,38,53],"current_hp_per_floor":[53,53,53,59,65,51,50,50,50,50,50,50,55,71,71,57,74,60,48,32,32,33,33,57,57,57,57,73,58,43,43,43,26,70,70,71,77,77,77,77,63,63,63,75,61,68,76,76,76,43,72,72,72,78,0,0],"gold":52,"neow_bonus":"ONE_RARE_RELIC","is_daily":false,"chose_seed":false,"campfire_upgraded":8,"win_rate":0.0,"timestamp":1609115471,"path_taken":["M","?","?","M","?","E","M","?","T","R","?","$","E","M","R","BOSS","M","M","?","M","M","R","E","?","T","R","M","?","E","$","R","BOSS","M","M","M","$","?","R","E","R","T","E","M","E","M","?","R","BOSS","R","$","E","BOSS"],"items_purchased_type":["Relic","Card","Card","Relic","Relic"],"build_version":"2020-12-22","purchased_purges":3,"victory":false,"max_hp_per_floor":[80,80,80,80,80,80,80,80,80,80,80,80,80,80,80,80,80,80,80,80,80,80,80,80,80,80,80,80,85,85,85,85,85,85,85,85,85,85,81,81,81,81,81,81,81,81,81,81,81,81,81,81,81,81,81,81],"relic_stats":{"Blood Vial":8,"counters":[28,134],"Snecko Eye":[110,126,121,115],"Pandora\u0027s Box":["Power Through","Pommel Strike","Armaments","Inflame","Havoc","Sword Boomerang","Burning Pact"],"PreservedInsect":400,"Orichalcum":[54],"Boot":[71],"Smiling Mask":150,"obtain_stats":[{"Lantern":26,"Vajra":30,"PreservedInsect":12,"Incense Burner":0,"Orichalcum":41,"Boot":6,"Smiling Mask":9,"Ancient Tea Set":13,"PrismaticShard":53,"Burning Blood":0,"Akabeko":44,"White Beast Statue":54,"ClockworkSouvenir":38,"Blood Vial":46,"Anchor":11,"Snecko Eye":34,"Pandora\u0027s Box":17,"InkBottle":24,"Red Skull":48},{"Lantern":14,"Vajra":16,"PreservedInsect":5,"Incense Burner":0,"Orichalcum":21,"Boot":4,"Smiling Mask":5,"Ancient Tea Set":6,"PrismaticShard":26,"Burning Blood":0,"Akabeko":22,"White Beast Statue":27,"ClockworkSouvenir":20,"Blood Vial":24,"Anchor":5,"Snecko Eye":17,"Pandora\u0027s Box":8,"InkBottle":14,"Red Skull":25},{"Lantern":67,"Vajra":74,"PreservedInsect":22,"Incense Burner":0,"Orichalcum":95,"Boot":19,"Smiling Mask":22,"Ancient Tea Set":25,"PrismaticShard":126,"Burning Blood":0,"Akabeko":100,"White Beast Statue":128,"ClockworkSouvenir":90,"Blood Vial":110,"Anchor":22,"Snecko Eye":86,"Pandora\u0027s Box":39,"InkBottle":67,"Red Skull":120}],"Burning Blood":162,"InkBottle":[25]},"card_choices":[{"not_picked":["Twin Strike","Hemokinesis"],"picked":"Carnage","floor":1},{"not_picked":["Evolve","Dual Wield"],"picked":"Ghostly Armor","floor":4},{"not_picked":["Anger","Heavy Blade"],"picked":"Whirlwind","floor":5},{"not_picked":["Fire Breathing","Entrench"],"picked":"Disarm","floor":6},{"not_picked":["Perfected Strike","Havoc","Disarm"],"picked":"SKIP","floor":7},{"not_picked":["Iron Wave","Perfected Strike"],"picked":"Reaper","floor":13},{"not_picked":["True Grit","Reckless Charge","Twin Strike"],"picked":"SKIP","floor":14},{"not_picked":["Reaper","Impervious"],"picked":"Immolate","floor":16},{"not_picked":["Warcry","Fire Breathing"],"picked":"Shrug It Off","floor":18},{"not_picked":["Warcry","Clash","Heavy Blade+1"],"picked":"SKIP","floor":19},{"not_picked":["Armaments","Carnage+1"],"picked":"Intimidate+1","floor":20},{"not_picked":["Wild Strike","Seeing Red+1"],"picked":"Battle Trance","floor":21},{"not_picked":["Heavy Blade","Cleave","Warcry"],"picked":"SKIP","floor":22},{"not_picked":["Twin Strike+1","Reckless Charge","Rampage"],"picked":"SKIP","floor":24},{"not_picked":["Rupture","Wild Strike"],"picked":"Dark Embrace","floor":28},{"not_picked":["Cleave","Dark Embrace+1"],"picked":"Shrug It Off","floor":30},{"not_picked":["Twin Strike+1","Thunderclap","Headbutt"],"picked":"SKIP","floor":35},{"not_picked":["Whirlwind+1","Clash+1","Dark Embrace"],"picked":"SKIP","floor":36},{"not_picked":["Twin Strike+1","Blood for Blood","Carnage+1"],"picked":"SKIP","floor":37},{"not_picked":["Inflame+1","Fire Breathing+1"],"picked":"Shockwave+1","floor":41},{"not_picked":["Pommel Strike+1","Flex+1"],"picked":"Rage+1","floor":44},{"not_picked":["Pommel Strike","Havoc+1","Twin Strike"],"picked":"SKIP","floor":45},{"not_picked":["Thunderclap","Warcry+1"],"picked":"Demon Form","floor":46},{"not_picked":["Headbutt+1","Twin Strike+1","Combust+1"],"picked":"SKIP","floor":47},{"not_picked":["Twin Strike+1","Combust+1"],"picked":"Headbutt+1","floor":47},{"not_picked":["CrushJoints+1","Headbutt"],"picked":"Flame Barrier+1","floor":54}],"player_experience":46017,"relics_obtained":[{"floor":6,"key":"Boot"},{"floor":9,"key":"Smiling Mask"},{"floor":11,"key":"Anchor"},{"floor":13,"key":"Ancient Tea Set"},{"floor":24,"key":"InkBottle"},{"floor":26,"key":"Lantern"},{"floor":30,"key":"Vajra"},{"floor":41,"key":"Orichalcum"},{"floor":44,"key":"Akabeko"},{"floor":46,"key":"Blood Vial"},{"floor":48,"key":"Red Skull"},{"floor":54,"key":"White Beast Statue"}],"event_choices":[{"damage_healed":0,"gold_gain":0,"player_choice":"Ignored","damage_taken":0,"max_hp_gain":0,"max_hp_loss":0,"event_name":"Liars Game","floor":2,"gold_loss":0},{"damage_healed":0,"gold_gain":0,"player_choice":"Ignored","damage_taken":0,"max_hp_gain":0,"max_hp_loss":0,"event_name":"NoteForYourself","floor":3,"gold_loss":0},{"damage_healed":0,"gold_gain":0,"cards_transformed":["Defend_R"],"player_choice":"Change","damage_taken":0,"max_hp_gain":0,"max_hp_loss":0,"event_name":"Living Wall","floor":8,"gold_loss":0,"cards_obtained":["Disarm"]},{"cards_removed":["Armaments"],"damage_healed":0,"gold_gain":0,"player_choice":"Elegance","damage_taken":0,"max_hp_gain":0,"max_hp_loss":0,"event_name":"Back to Basics","floor":25,"gold_loss":0},{"damage_healed":0,"gold_gain":0,"player_choice":"Shed Blood","damage_taken":20,"max_hp_gain":5,"max_hp_loss":0,"event_name":"Forgotten Altar","floor":29,"gold_loss":0},{"damage_healed":0,"gold_gain":0,"player_choice":"Max HP","damage_taken":0,"max_hp_gain":0,"max_hp_loss":4,"event_name":"Winding Halls","floor":39,"gold_loss":0}],"is_beta":false,"boss_relics":[{"not_picked":["Cursed Key","Black Star"],"picked":"Pandora\u0027s Box"},{"not_picked":["Velvet Choker","Coffee Dripper"],"picked":"Snecko Eye"}],"items_purged_floors":[12,31,38],"is_endless":false,"potions_floor_spawned":[5,6,7,14,20,24,28,30,36,37,41,46,47],"killed_by":"The Heart","ascension_level":5}}