{"host":"pynofkhbweftzsaw","time":1609167134,"event":{"mods":["BaseMod","Colored Map","Minty Spire (QoL Compilation)","StSLib"],"gold_per_floor":[112,62,81,95,95,128,30,51,51,70,104,104,142,161,161,161,161],"floor_reached":16,"playtime":1288,"items_purged":[],"score":122,"play_id":"8bd626e7-fa15-4428-a0c6-b58d3b3604b5","local_time":"20201228225214","is_ascension_mode":false,"campfire_choices":[{"data":"Body Slam","floor":12,"key":"SMITH"},{"data":"Body Slam","floor":15,"key":"SMITH"}],"circlet_count":0,"master_deck":["Strike_R","Strike_R","Strike_R","Strike_R","Defend_R","Defend_R","Defend_R","Defend_R","Bash","Body Slam+1","Feel No Pain","Injury","Burning Pact","Seeing Red","Body Slam+1","Feed","Clash","Ghostly Armor","Clash"],"relics":["Burning Blood","NeowsBlessing","Golden Idol","Happy Flower","Mummified Hand","Pocketwatch","Pen Nib"],"acts_visited":["Exordium"],"potions_floor_usage":[8,11,13,14,16],"damage_taken":[{"damage":0,"enemies":"2 Louse","floor":1,"turns":1},{"damage":0,"enemies":"Small Slimes","floor":3,"turns":1},{"damage":0,"enemies":"Jaw Worm","floor":4,"turns":1},{"damage":52,"enemies":"Gremlin Nob","floor":6,"turns":6},{"damage":17,"enemies":"Gremlin Gang","floor":8,"turns":5},{"damage":11,"enemies":"Lots of Slimes","floor":10,"turns":6},{"damage":2,"enemies":"3 Sentries","floor":11,"turns":12},{"damage":5,"enemies":"Lagavulin","floor":13,"turns":4},{"damage":7,"enemies":"Large Slime","floor":14,"turns":5},{"damage":34,"enemies":"The Guardian","floor":16,"turns":8}],"seed_played":"-8787586735130542215","potions_obtained":[{"floor":3,"key":"Fire Potion"},{"floor":10,"key":"Block Potion"},{"floor":11,"key":"DistilledChaos"},{"floor":13,"key":"Explosive Potion"},{"floor":14,"key":"Energy Potion"}],"is_trial":false,"path_per_floor":["M","?","M","M","?","E","$","M","T","M","E","R","E","M","R","B"],"character_chosen":"IRONCLAD","items_purchased":["Seeing Red","Body Slam"],"campfire_rested":0,"item_purchase_floors":[7,7],"current_hp_per_floor":[80,80,80,80,80,34,34,23,23,21,28,28,32,34,34,0,0],"gold":161,"neow_bonus":"THREE_ENEMY_KILL","is_daily":false,"chose_seed":false,"campfire_upgraded":2,"win_rate":0.0,"timestamp":1609167134,"path_taken":["M","?","M","M","?","E","?","M","T","M","E","R","E","M","R","BOSS"],"items_purchased_type":["Card","Card"],"build_version":"2020-12-22","purchased_purges":0,"victory":false,"max_hp_per_floor":[80,80,80,80,80,80,80,80,80,83,86,86,89,92,92,92,92],"card_choices":[{"not_picked":["Cleave","Anger"],"picked":"Body Slam","floor":1},{"not_picked":["Dropkick","Fire Breathing","Perfected Strike"],"picked":"SKIP","floor":3},{"not_picked":["Pommel Strike","Bloodletting"],"picked":"Feel No Pain","floor":4},{"not_picked":["Heavy Blade","Bloodletting"],"picked":"Burning Pact","floor":6},{"not_picked":["Clothesline","Shockwave"],"picked":"Feed","floor":8},{"not_picked":["Carnage","Thunderclap"],"picked":"Clash","floor":10},{"not_picked":["Cleave","Perfected Strike","Clothesline"],"picked":"SKIP","floor":11},{"not_picked":["Infernal Blade","Intimidate"],"picked":"Ghostly Armor","floor":13},{"not_picked":["Clothesline","Anger"],"picked":"Clash","floor":14}],"player_experience":36822,"relics_obtained":[{"floor":6,"key":"Happy Flower"},{"floor":9,"key":"Mummified Hand"},{"floor":11,"key":"Pocketwatch"},{"floor":13,"key":"Pen Nib"}],"event_choices":[{"cards_removed":["Strike_R"],"damage_healed":0,"gold_gain":0,"player_choice":"Card Removal","damage_taken":0,"max_hp_gain":0,"max_hp_loss":0,"event_name":"The Cleric","floor":2,"gold_loss":50},{"damage_healed":0,"gold_gain":0,"player_choice":"Take Wound","damage_taken":0,"relics_obtained":["Golden Idol"],"max_hp_gain":0,"max_hp_loss":0,"event_name":"Golden Idol","floor":5,"gold_loss":0,"cards_obtained":["Injury"]}],"is_beta":false,"boss_relics":[],"items_purged_floors":[],"is_endless":false,"potions_floor_spawned":[3,10,11,13,14],"killed_by":"The Guardian","ascension_level":0}}