{"host":"qy1e0kd24tpj3i2m","time":1609188172,"event":{"mods":["Act Like it!","Alarm Clock","BaseMod","Better Skull","Better Vampires","Colored Map","Colored Powertips","Custom Start","Faster Ascension Climbing","Friendly Minions","GifTheSpireLib","Gremlin Skip","Highlight Path","Minty Spire (QoL Compilation)","Permanent Neow","Quick Restart","Red Circlet Mod","Relic Sorter","Reorder Act Four","SacredBarkPlus","Shop Mod","StSLib","SuperFastMode","Transform Curses","没有小屋子和绿帽子啦"],"gold_per_floor":[114,114,114,139,155,198,198,216,216,216,216],"floor_reached":10,"playtime":251,"items_purged":[],"score":136,"play_id":"6c745127-516a-423b-b2d7-fb07df12f158","local_time":"20201229054252","is_ascension_mode":true,"campfire_choices":[{"data":"Blood for Blood","floor":7,"key":"SMITH"}],"circlet_count":0,"master_deck":["AscendersBane","Strike_R","Strike_R","Strike_R","Strike_R","Strike_R","Defend_R","Defend_R","Defend_R","Defend_R","Bash","Feed+1","Pommel Strike","Injury","Blood for Blood+1","Flame Barrier","Pommel Strike"],"relics":["Burning Blood","Golden Idol","Question Card","Ornamental Fan"],"acts_visited":["Exordium"],"potions_floor_usage":[6],"damage_taken":[{"damage":6.0,"enemies":"2 Louse","floor":1.0,"turns":3.0},{"damage":11.0,"enemies":"Jaw Worm","floor":4.0,"turns":5.0},{"damage":0.0,"enemies":"Cultist","floor":5.0,"turns":2.0},{"damage":63,"enemies":"Lagavulin","floor":6,"turns":9},{"damage":19,"enemies":"Blue Slaver","floor":8,"turns":6},{"damage":0,"enemies":"Gremlin Nob","floor":10,"turns":3}],"seed_played":"-4606083357207160858","potions_obtained":[{"floor":1.0,"key":"Block Potion"}],"is_trial":false,"path_per_floor":["M","?","?","M","M","E","R","M","T","E"],"character_chosen":"IRONCLAD","items_purchased":[],"campfire_rested":0,"item_purchase_floors":[],"current_hp_per_floor":[71,71,71,70,80,23,23,14,14,14,14],"gold":216,"neow_bonus":"ONE_RANDOM_RARE_CARD","is_daily":false,"chose_seed":false,"campfire_upgraded":1,"win_rate":0.0,"timestamp":1609188172,"path_taken":["M","?","?","M","M","E","R","M","T","E"],"items_purchased_type":[],"build_version":"2020-12-22","purchased_purges":0,"victory":false,"max_hp_per_floor":[78,78,78,82,86,86,86,90,90,90,90],"card_choices":[{"not_picked":["Perfected Strike","Anger"],"picked":"Pommel Strike","floor":1.0},{"not_picked":["Iron Wave","Carnage","Hemokinesis"],"picked":"SKIP","floor":4.0},{"not_picked":["True Grit","Iron Wave"],"picked":"Blood for Blood","floor":5.0},{"not_picked":["Iron Wave","Headbutt"],"picked":"Flame Barrier","floor":6},{"not_picked":["Clash","Clothesline","Iron Wave"],"picked":"Pommel Strike","floor":8}],"player_experience":916212,"relics_obtained":[{"floor":6,"key":"Question Card"},{"floor":9,"key":"Ornamental Fan"}],"event_choices":[{"damage_healed":0.0,"max_hp_gain":0.0,"max_hp_loss":0.0,"gold_gain":0.0,"event_name":"Living Wall","player_choice":"Grow","floor":2.0,"gold_loss":0.0,"damage_taken":0.0,"cards_upgraded":["Feed"]},{"damage_healed":0.0,"max_hp_gain":0.0,"max_hp_loss":0.0,"gold_gain":0.0,"event_name":"Golden Idol","player_choice":"Take Wound","floor":3.0,"gold_loss":0.0,"damage_taken":0.0,"relics_obtained":["Golden Idol"],"cards_obtained":["Injury"]}],"is_beta":false,"boss_relics":[],"items_purged_floors":[],"is_endless":false,"potions_floor_spawned":[1],"killed_by":"Gremlin Nob","ascension_level":20}}