{"host":"f5gffvlv6a66yqkd","time":1609134252,"event":{"mods":["2.2 Compatiblity","BaseMod","Colored Map","DeckTracker","Keyboard Shortcuts","Lobotomy","Minty Spire (QoL Compilation)","Permanent Neow","Quick Restart","Relic Stats","StSLib","SuperFastMode"],"gold_per_floor":[114,131,131,83,83,83,83],"floor_reached":6,"playtime":98,"items_purged":[],"score":36,"play_id":"4b37081d-429c-4e35-96c2-50d5a2282646","local_time":"20201228144412","is_ascension_mode":true,"campfire_choices":[],"circlet_count":0,"master_deck":["Strike_B","Strike_B","Strike_B","Strike_B","Defend_B","Defend_B","Defend_B","Defend_B","Zap","Dualcast","Scorched","FTL","VoidDream","Double Energy","Coolheaded"],"relics":["Cracked Core","CogitoBucket","Golden Idol"],"acts_visited":["Exordium"],"potions_floor_usage":[],"damage_taken":[{"damage":0,"enemies":"Small Slimes","floor":1,"turns":3},{"damage":31,"enemies":"Jaw Worm","floor":2,"turns":3},{"damage":45,"enemies":"Gremlin Nob","floor":6,"turns":4}],"seed_played":"940069621459119116","potions_obtained":[{"floor":1,"key":"FearPotion"}],"is_trial":false,"path_per_floor":["M","M","?","$","?","E"],"character_chosen":"DEFECT","items_purchased":["Coolheaded"],"campfire_rested":0,"item_purchase_floors":[4],"current_hp_per_floor":[75,44,44,44,49,4,4],"gold":83,"neow_bonus":"","is_daily":false,"chose_seed":false,"campfire_upgraded":0,"win_rate":0.0,"timestamp":1609134252,"path_taken":["M","M","?","$","?","E"],"items_purchased_type":["Card"],"build_version":"2020-12-22","purchased_purges":0,"victory":false,"max_hp_per_floor":[75,75,69,69,74,74,74],"relic_stats":{"counters":[3,10],"Golden Idol":0,"obtain_stats":[{"CogitoBucket":0,"Golden Idol":3,"Cracked Core":0},{"CogitoBucket":0,"Golden Idol":2,"Cracked Core":0},{"CogitoBucket":0,"Golden Idol":6,"Cracked Core":0}]},"card_choices":[{"not_picked":["Yin","Bloodbath"],"picked":"Scorched","floor":1},{"not_picked":["Go for the Eyes","Coolheaded"],"picked":"FTL","floor":1},{"not_picked":["UniverseFragment","HeroicMonk"],"picked":"VoidDream","floor":2},{"not_picked":["Sweeping Beam","Turbo"],"picked":"Double Energy","floor":2}],"player_experience":1497546,"relics_obtained":[],"event_choices":[{"damage_healed":0,"gold_gain":0,"player_choice":"Lose Max HP","damage_taken":0,"relics_obtained":["Golden Idol"],"max_hp_gain":0,"max_hp_loss":6,"event_name":"Golden Idol","floor":3,"gold_loss":0},{"damage_healed":0,"gold_gain":0,"player_choice":"Donut","damage_taken":0,"max_hp_gain":5,"max_hp_loss":0,"event_name":"Big Fish","floor":5,"gold_loss":0}],"is_beta":false,"boss_relics":[],"items_purged_floors":[],"is_endless":false,"potions_floor_spawned":[1],"killed_by":"Gremlin Nob","ascension_level":1}}