{"host":"8cthvke634f9mtsj","time":1609165424,"event":{"mods":["AchievementEnabler","BaseMod","Colored Map","Colored Powertips","Minty Spire (QoL Compilation)","Rare Cards Sparkle"],"gold_per_floor":[119,132,14,14,24,24,57,57,57,83,102,52,52,52,52,171,171,191,191,191,206,62,105,128,161,161,200,200,221,255,276,276,397,397,412,430,763,191,211,211,211],"floor_reached":40,"playtime":2929,"items_purged":["Sword Boomerang","Twin Strike"],"score":523,"play_id":"045b6ec4-6bc3-42ba-8c56-60faed765b7b","local_time":"20201228152344","daily_mods":["SealedDeck"],"is_ascension_mode":true,"campfire_choices":[{"data":"Fire Breathing","floor":6,"key":"SMITH"},{"data":"Wild Strike","floor":8,"key":"SMITH"},{"floor":15,"key":"REST"},{"floor":32,"key":"REST"}],"circlet_count":0,"master_deck":["Wild Strike+1","Pommel Strike","Pommel Strike","Perfected Strike","Thunderclap","Rage+1","Thunderclap","Fire Breathing+1","Second Wind","Reckless Charge","Rage","Battle Trance","Injury","Feed","Writhe","Fire Breathing+1","Fire Breathing+1","Double Tap","Feel No Pain+1","Offering","CurseOfTheBell","Master of Strategy","Wild Strike"],"relics":["Black Blood","Oddly Smooth Stone","Meat on the Bone","Unceasing Top","MutagenicStrength","Frozen Egg 2","Mercury Hourglass","Vajra","Bottled Flame","Calipers","Lantern","Calling Bell","CeramicFish","Darkstone Periapt","WingedGreaves","Toolbox","Red Skull"],"acts_visited":["Exordium","TheCity","TheBeyond"],"potions_floor_usage":[11,16,27,27,29,29,31,33,33,33,33,33,39],"damage_taken":[{"damage":0,"enemies":"Small Slimes","floor":1,"turns":2},{"damage":0,"enemies":"2 Louse","floor":2,"turns":2},{"damage":0,"enemies":"Jaw Worm","floor":5,"turns":2},{"damage":9,"enemies":"3 Sentries","floor":7,"turns":3},{"damage":27,"enemies":"Lagavulin","floor":10,"turns":4},{"damage":12,"enemies":"Large Slime","floor":11,"turns":4},{"damage":79,"enemies":"The Guardian","floor":16,"turns":8},{"damage":16,"enemies":"Spheric Guardian","floor":18,"turns":4},{"damage":10,"enemies":"3 Byrds","floor":21,"turns":3},{"damage":18,"enemies":"Gremlin Leader","floor":23,"turns":5},{"damage":10,"enemies":"Cultist and Chosen","floor":24,"turns":4},{"damage":31,"enemies":"Book of Stabbing","floor":25,"turns":4},{"damage":27,"enemies":"Slavers","floor":27,"turns":3},{"damage":11,"enemies":"Snake Plant","floor":29,"turns":3},{"damage":48,"enemies":"Book of Stabbing","floor":30,"turns":5},{"damage":13,"enemies":"Centurion and Healer","floor":31,"turns":4},{"damage":61,"enemies":"Champ","floor":33,"turns":8},{"damage":27,"enemies":"3 Darklings","floor":35,"turns":3},{"damage":20,"enemies":"3 Shapes","floor":36,"turns":4},{"damage":49,"enemies":"Spire Growth","floor":39,"turns":4},{"damage":45,"enemies":"Nemesis","floor":40,"turns":3}],"seed_played":"2902016647869925891","potions_obtained":[{"floor":1,"key":"BloodPotion"},{"floor":7,"key":"BlessingOfTheForge"},{"floor":10,"key":"Weak Potion"},{"floor":16,"key":"Swift Potion"},{"floor":24,"key":"GamblersBrew"},{"floor":25,"key":"EntropicBrew"},{"floor":31,"key":"EntropicBrew"},{"floor":36,"key":"AttackPotion"}],"is_trial":true,"path_per_floor":["M","M","$","?","M","R","E","R","T","E","M","?","?","?","R","B",null,"M","?","?","M","$","E","M","E","T","E","?","M","E","M","R","B",null,"M","M","?","$","M","E"],"character_chosen":"IRONCLAD","items_purchased":["Fire Breathing","Second Wind","Fire Breathing+1","Toolbox","Red Skull","Master of Strategy"],"campfire_rested":2,"item_purchase_floors":[3,3,22,38,38,38],"current_hp_per_floor":[80,80,80,80,80,80,77,77,77,56,50,50,50,50,74,29,80,79,79,79,81,81,75,77,58,58,55,49,62,38,49,73,36,83,68,63,63,63,38,0,0],"gold":211,"neow_bonus":"","is_daily":false,"chose_seed":false,"campfire_upgraded":2,"win_rate":0.0,"timestamp":1609165424,"path_taken":["M","M","$","?","M","R","E","R","T","E","M","?","?","?","R","BOSS","M","?","?","M","$","E","M","E","T","E","?","M","E","M","R","BOSS","M","M","?","$","M","E"],"items_purchased_type":["Card","Card","Card","Relic","Relic","Card"],"build_version":"2020-12-22","purchased_purges":2,"victory":false,"max_hp_per_floor":[80,80,80,80,80,80,80,80,80,80,80,80,80,80,80,80,80,83,83,83,83,83,83,83,83,83,83,83,83,83,83,83,83,83,83,86,86,86,86,86,86],"card_choices":[{"not_picked":["Uppercut","Dropkick","Flex"],"picked":"SKIP","floor":1},{"not_picked":["Flame Barrier","Seeing Red","Iron Wave"],"picked":"SKIP","floor":2},{"not_picked":["Havoc","Perfected Strike"],"picked":"Reckless Charge","floor":5},{"not_picked":["Bludgeon","Clothesline","Body Slam"],"picked":"SKIP","floor":7},{"not_picked":["Thunderclap","Wild Strike"],"picked":"Rage","floor":10},{"not_picked":["Cleave","Twin Strike"],"picked":"Battle Trance","floor":11},{"not_picked":["Juggernaut","Demon Form"],"picked":"Feed","floor":16},{"not_picked":["Headbutt","Clash","Sword Boomerang"],"picked":"SKIP","floor":18},{"not_picked":["Entrench","Flex","Sentinel"],"picked":"SKIP","floor":21},{"not_picked":["Warcry","Spot Weakness"],"picked":"Fire Breathing+1","floor":23},{"not_picked":["Flex+1","Anger+1","Cleave"],"picked":"SKIP","floor":24},{"not_picked":["Uppercut","Flex","Headbutt+1"],"picked":"SKIP","floor":25},{"not_picked":["Hemokinesis","Perfected Strike"],"picked":"Double Tap","floor":27},{"not_picked":["Burning Pact+1","Wild Strike"],"picked":"Feel No Pain+1","floor":29},{"not_picked":["Body Slam","Warcry","Iron Wave"],"picked":"SKIP","floor":30},{"not_picked":["Impervious","Headbutt","Flex"],"picked":"SKIP","floor":31},{"not_picked":["Barricade+1","Berserk+1"],"picked":"Offering","floor":33},{"not_picked":["Dual Wield+1","Flex+1","Armaments"],"picked":"SKIP","floor":35},{"not_picked":["Clash+1","Thunderclap","Heavy Blade"],"picked":"SKIP","floor":36},{"not_picked":["Heavy Blade","Metallicize+1"],"picked":"Wild Strike","floor":39}],"player_experience":290665,"relics_obtained":[{"floor":7,"key":"Oddly Smooth Stone"},{"floor":9,"key":"Meat on the Bone"},{"floor":10,"key":"Unceasing Top"},{"floor":23,"key":"Mercury Hourglass"},{"floor":25,"key":"Vajra"},{"floor":26,"key":"Bottled Flame"},{"floor":27,"key":"Calipers"},{"floor":30,"key":"Lantern"},{"floor":34,"key":"CeramicFish"},{"floor":34,"key":"Darkstone Periapt"},{"floor":34,"key":"WingedGreaves"}],"event_choices":[{"damage_healed":0,"gold_gain":0,"player_choice":"Grow","damage_taken":0,"max_hp_gain":0,"max_hp_loss":0,"event_name":"Living Wall","floor":4,"gold_loss":0,"cards_upgraded":["Rage"]},{"cards_removed":["Shrug It Off"],"damage_healed":0,"gold_gain":0,"player_choice":"Card Removal","damage_taken":0,"max_hp_gain":0,"max_hp_loss":0,"event_name":"The Cleric","floor":12,"gold_loss":50},{"damage_healed":0,"gold_gain":0,"player_choice":"Take Wound","damage_taken":0,"relics_obtained":["Golden Idol"],"max_hp_gain":0,"max_hp_loss":0,"event_name":"Golden Idol","floor":13,"gold_loss":0,"cards_obtained":["Injury"]},{"damage_healed":0,"gold_gain":0,"player_choice":"Ignored","damage_taken":0,"max_hp_gain":0,"max_hp_loss":0,"event_name":"Liars Game","floor":14,"gold_loss":0},{"damage_healed":0,"gold_gain":0,"player_choice":"Inject Mutagens","damage_taken":0,"relics_obtained":["MutagenicStrength"],"max_hp_gain":0,"max_hp_loss":0,"event_name":"Drug Dealer","floor":19,"gold_loss":0},{"damage_healed":0,"gold_gain":0,"player_choice":"Opened","damage_taken":0,"relics_obtained":["Frozen Egg 2"],"max_hp_gain":0,"max_hp_loss":0,"event_name":"The Mausoleum","floor":20,"gold_loss":0,"cards_obtained":["Writhe"]},{"damage_healed":0,"gold_gain":0,"player_choice":"","damage_taken":6,"max_hp_gain":0,"max_hp_loss":0,"event_name":"Knowing Skull","floor":28,"potions_obtained":[],"gold_loss":0,"cards_obtained":[]},{"damage_healed":0,"gold_gain":333,"player_choice":"Gave Idol","damage_taken":0,"max_hp_gain":0,"max_hp_loss":0,"event_name":"The Moai Head","floor":37,"relics_lost":["Golden Idol"],"gold_loss":0}],"is_beta":false,"boss_relics":[{"not_picked":["Sozu","Runic Cube"],"picked":"Black Blood"},{"not_picked":["Velvet Choker","Cursed Key"],"picked":"Calling Bell"}],"items_purged_floors":[22,38],"is_endless":false,"potions_floor_spawned":[1,7,10,16,24,25,31,36],"killed_by":"Nemesis","ascension_level":1}}