{"host":"u2grshebrc5rdzdn","time":1609190168,"event":{"mods":["AchievementEnabler","BaseMod","Minty Spire (QoL Compilation)","StSLib"],"gold_per_floor":[359,309,323,9,27,60,72,104,153,182,182,40,40,40,40,136,136,152,172,172,97,107,107,137,137,161,35,61,72,82,115,115,215,215,225,225,225],"floor_reached":38,"playtime":2642,"items_purged":["Strike_B","Defend_B"],"score":1188,"play_id":"fb97f6d7-e459-46c9-a97c-310f90fdbcd3","local_time":"20201228221608","is_ascension_mode":true,"campfire_choices":[{"data":"Go for the Eyes","floor":11,"key":"SMITH"},{"data":"Biased Cognition","floor":13,"key":"SMITH"},{"data":"Zap","floor":15,"key":"SMITH"},{"data":"Seek","floor":23,"key":"SMITH"},{"data":"Biased Cognition","floor":25,"key":"SMITH"},{"data":"Blizzard","floor":32,"key":"SMITH"}],"circlet_count":0,"master_deck":["Defend_B","Defend_B","Zap+1","Dualcast","Ball Lightning+1","Go for the Eyes+1","Mayhem","Coolheaded","Compile Driver","Ball Lightning","Core Surge+1","Hologram","Biased Cognition+1","Seek+1","Biased Cognition+1","Glacier","Reinforced Body+1","Coolheaded","Core Surge+1","Blizzard+1","Turbo","Defragment+1","Buffer","BootSequence"],"relics":["Cracked Core","Membership Card","Blood Vial","Cables","Mummified Hand","Anchor","MealTicket","Empty Cage","Nilry\u0027s Codex","Happy Flower","Whetstone","DollysMirror","Ginger","Potion Belt","Busted Crown"],"acts_visited":["Exordium","TheCity","TheBeyond"],"potions_floor_usage":[8,10,37,37,37],"damage_taken":[{"damage":2,"enemies":"Small Slimes","floor":1,"turns":3},{"damage":12,"enemies":"Jaw Worm","floor":3,"turns":2},{"damage":1,"enemies":"2 Louse","floor":5,"turns":2},{"damage":27,"enemies":"Gremlin Nob","floor":6,"turns":4},{"damage":2,"enemies":"Looter","floor":7,"turns":3},{"damage":16,"enemies":"3 Sentries","floor":8,"turns":5},{"damage":11,"enemies":"Lagavulin","floor":10,"turns":7},{"damage":0,"enemies":"Slime Boss","floor":16,"turns":5},{"damage":10,"enemies":"2 Thieves","floor":18,"turns":3},{"damage":0,"enemies":"Shell Parasite","floor":19,"turns":3},{"damage":0,"enemies":"Snake Plant","floor":22,"turns":3},{"damage":1,"enemies":"Book of Stabbing","floor":24,"turns":4},{"damage":0,"enemies":"Gremlin Leader","floor":28,"turns":5},{"damage":0,"enemies":"Centurion and Healer","floor":29,"turns":4},{"damage":0,"enemies":"3 Cultists","floor":30,"turns":4},{"damage":0,"enemies":"Book of Stabbing","floor":31,"turns":4},{"damage":0,"enemies":"Collector","floor":33,"turns":5},{"damage":0,"enemies":"3 Shapes","floor":35,"turns":2},{"damage":0,"enemies":"Awakened One","floor":37,"turns":10}],"seed_played":"-7070565830619668442","potions_obtained":[{"floor":3,"key":"SkillPotion"},{"floor":6,"key":"FocusPotion"},{"floor":7,"key":"AttackPotion"},{"floor":8,"key":"Regen Potion"},{"floor":22,"key":"Explosive Potion"},{"floor":24,"key":"Weak Potion"},{"floor":30,"key":"Explosive Potion"},{"floor":31,"key":"ColorlessPotion"}],"is_trial":false,"path_per_floor":["M","?","M","$","M","E","M","E","T","E","R","$","R","?","R","B",null,"M","M","?","?","M","R","E","R","T","$","E","M","M","E","R","B",null,"M","?","B",null],"character_chosen":"DEFECT","items_purchased":["Membership Card","Mayhem","Blood Vial","Biased Cognition","Seek","DollysMirror"],"campfire_rested":0,"item_purchase_floors":[4,4,4,12,12,27],"current_hp_per_floor":[66,66,54,54,55,30,30,16,16,22,22,37,37,42,42,44,66,58,60,44,44,46,46,47,47,47,62,64,66,68,70,70,72,73,73,73,73],"gold":225,"neow_bonus":"TWO_FIFTY_GOLD","is_daily":false,"chose_seed":false,"campfire_upgraded":6,"win_rate":0.0,"timestamp":1609190168,"path_taken":["M","?","M","$","M","E","M","E","T","E","R","?","R","?","R","BOSS","M","M","?","?","M","R","E","R","T","$","E","M","?","E","R","BOSS","M","?","BOSS"],"items_purchased_type":["Relic","Card","Relic","Card","Card","Relic"],"build_version":"2020-12-22","purchased_purges":2,"victory":true,"max_hp_per_floor":[68,68,68,68,68,68,68,68,68,68,68,68,68,73,73,73,73,73,73,73,73,73,73,73,73,73,73,73,73,73,73,73,73,73,73,73,73],"card_choices":[{"not_picked":["Turbo","Coolheaded"],"picked":"Ball Lightning","floor":1},{"not_picked":["Streamline","Conserve Battery"],"picked":"Go for the Eyes","floor":3},{"not_picked":["Barrage","Cold Snap"],"picked":"Coolheaded","floor":5},{"not_picked":["Reboot","Stack"],"picked":"Compile Driver","floor":6},{"not_picked":["Aggregate","Rip and Tear"],"picked":"Ball Lightning","floor":7},{"not_picked":["Steam","Beam Cell"],"picked":"Core Surge","floor":8},{"not_picked":["Redo","Lockon"],"picked":"Hologram","floor":10},{"not_picked":["Machine Learning","Hyperbeam"],"picked":"Biased Cognition","floor":16},{"not_picked":["Gash","Barrage"],"picked":"Glacier","floor":18},{"not_picked":["Go for the Eyes","Beam Cell","Chaos"],"picked":"SKIP","floor":19},{"not_picked":["Go for the Eyes","Beam Cell"],"picked":"Reinforced Body+1","floor":22},{"not_picked":["Sweeping Beam","Barrage"],"picked":"Coolheaded","floor":24},{"not_picked":["Scrape","Genetic Algorithm+1"],"picked":"Blizzard","floor":28},{"not_picked":["Compile Driver","Leap+1","Beam Cell"],"picked":"SKIP","floor":29},{"not_picked":["Undo","Reinforced Body+1"],"picked":"Turbo","floor":30},{"not_picked":["Go for the Eyes","Electrodynamics"],"picked":"Defragment+1","floor":31},{"not_picked":["Hyperbeam","Biased Cognition"],"picked":"Buffer","floor":33},{"not_picked":[],"picked":"BootSequence","floor":35}],"player_experience":407436,"relics_obtained":[{"floor":6,"key":"Cables"},{"floor":8,"key":"Mummified Hand"},{"floor":9,"key":"Anchor"},{"floor":10,"key":"MealTicket"},{"floor":20,"key":"Nilry\u0027s Codex"},{"floor":24,"key":"Happy Flower"},{"floor":26,"key":"Whetstone"},{"floor":28,"key":"Ginger"},{"floor":31,"key":"Potion Belt"}],"event_choices":[{"cards_removed":["Strike_B"],"damage_healed":0,"gold_gain":0,"player_choice":"Card Removal","damage_taken":0,"max_hp_gain":0,"max_hp_loss":0,"event_name":"The Cleric","floor":2,"gold_loss":50},{"damage_healed":0,"gold_gain":0,"player_choice":"Donut","damage_taken":0,"max_hp_gain":5,"max_hp_loss":0,"event_name":"Big Fish","floor":14,"gold_loss":0},{"damage_healed":0,"gold_gain":0,"player_choice":"Obtained Book","damage_taken":16,"max_hp_gain":0,"max_hp_loss":0,"event_name":"Cursed Tome","floor":20,"gold_loss":0},{"cards_removed":["Defend_B"],"damage_healed":0,"gold_gain":0,"player_choice":"Gave Gold","damage_taken":0,"max_hp_gain":0,"max_hp_loss":0,"event_name":"Beggar","floor":21,"gold_loss":75},{"damage_healed":0,"gold_gain":0,"player_choice":"Took Portal","damage_taken":0,"max_hp_gain":0,"max_hp_loss":0,"event_name":"SecretPortal","floor":36,"gold_loss":0}],"is_beta":false,"boss_relics":[{"not_picked":["Philosopher\u0027s Stone","Runic Dome"],"picked":"Empty Cage"},{"not_picked":["SacredBark","SlaversCollar"],"picked":"Busted Crown"}],"items_purged_floors":[12,27],"is_endless":false,"potions_floor_spawned":[3,6,7,8,22,24,29,30,31],"ascension_level":6}}