{"host":"hqvh779b89tfrjxy","time":1609191028,"event":{"mods":["Act Like it!","BaseMod","Better Third Choice","Downfall","Elementarium","Filter the Spire","GifTheSpireLib","Minty Spire (QoL Compilation)","Replay The Spire","Spicy Shops","StSLib"],"gold_per_floor":[113,124,190,207,220,249,249,276,327,327,341,341,372,382,382,477,477,495,495,506,506,526,554,566,592,674,43,55,69,103,121,121,220,220,237,337,348,19,31,56,56,86,86,96,96,110,123,151,151,151,151,151,100,31,31],"floor_reached":56,"playtime":2892,"items_purged":["Strike_R","Strike_R"],"score":1929,"play_id":"4f191056-f676-48d3-9865-71ae702ff3fa","local_time":"20201228223028","is_ascension_mode":true,"campfire_choices":[{"floor":10.0,"key":"REST"},{"data":"Eclipse","floor":12.0,"key":"SMITH"},{"data":"Cleave","floor":15.0,"key":"SMITH"},{"floor":32,"key":"REST"},{"floor":41,"key":"REST"},{"data":"Feel No Pain","floor":45,"key":"SMITH"},{"data":"Heavy Blade","floor":45,"key":"SMITH"},{"floor":49,"key":"RECALL"},{"data":"Spot Weakness","floor":52,"key":"SMITH"},{"data":"Clothesline","floor":52,"key":"SMITH"}],"circlet_count":0,"master_deck":["Strike_R","Strike_R","Strike_R","Defend_R","Defend_R","Defend_R","Defend_R","Bash","Cleave+1","Iron Wave","Spot Weakness+1","Eclipse+1","Sever Soul","Spot Weakness+1","Clothesline+1","Heavy Blade+1","Uppercut+1","Dark Embrace","Barricade","AbeCurse","Feel No Pain+1","Heavy Blade+1","Limit Break+1"],"relics":["Snecko Eye","Pen Nib","PreservedInsect","Singing Bowl","King of Hearts","Regal Pillow","Toxic Egg 2","Mark of Pain","Replay:Baseball","Replay:Mystery Machine","Brimstone","Gremlin Horn","Tiny Chest","Replay:Arrowhead","Elementarium:ElementariumTrophy","Abe\u0027s Treasure","Membership Card","Ornamental Fan","HornCleat","Kunai","Shuriken","Turnip","Replay:WaspNest","ReplayTheSpireMod:CursedCoin","Quantum Egg"],"acts_visited":["Exordium","Elementarium:Elementarium","TheBeyond","TheEnding"],"potions_floor_usage":[25,28,33,50,55],"damage_taken":[{"damage":8.0,"enemies":"Jaw Worm","floor":1.0,"turns":5.0},{"damage":10.0,"enemies":"Small Slimes","floor":2.0,"turns":4.0},{"damage":0.0,"enemies":"Cultist","floor":4.0,"turns":2.0},{"damage":0.0,"enemies":"Exordium Wildlife","floor":5.0,"turns":1.0},{"damage":15.0,"enemies":"3 Sentries","floor":6.0,"turns":5.0},{"damage":8.0,"enemies":"Gremlin Nob","floor":8.0,"turns":3.0},{"damage":0.0,"enemies":"Gremlin Gang","floor":11.0,"turns":3.0},{"damage":11.0,"enemies":"Replay:BlueRogue","floor":13.0,"turns":2.0},{"damage":9.0,"enemies":"2 Fungi Beasts","floor":14.0,"turns":2.0},{"damage":11.0,"enemies":"Fading Forest","floor":16.0,"turns":11.0},{"damage":25.0,"enemies":"Elementarium:MUD_AND_TAR_GOLEMS","floor":18.0,"turns":3.0},{"damage":32.0,"enemies":"Elementarium:VoidCorruption","floor":20.0,"turns":6.0},{"damage":9.0,"enemies":"Elementarium:RubyGolem","floor":22.0,"turns":3.0},{"damage":4.0,"enemies":"Elementarium:ElementalPortal","floor":23.0,"turns":6.0},{"damage":1.0,"enemies":"Elementarium:Hydrostalker","floor":24.0,"turns":3.0},{"damage":4,"enemies":"Elementarium:FIRE_NOBILITY","floor":25,"turns":3},{"damage":0,"enemies":"Elementarium:3_ELEMENTALS","floor":28,"turns":2},{"damage":7,"enemies":"Elementarium:STONE_GOLEMS","floor":29,"turns":3},{"damage":0,"enemies":"Elementarium:ElementalPortal","floor":30,"turns":2},{"damage":4,"enemies":"Elementarium:RubyGolem","floor":31,"turns":2},{"damage":37,"enemies":"Elementarium:GoldenDragon","floor":33,"turns":5},{"damage":18,"enemies":"3 Shapes","floor":35,"turns":3},{"damage":10,"enemies":"3 Darklings","floor":37,"turns":2},{"damage":4,"enemies":"Sphere and 2 Shapes","floor":39,"turns":2},{"damage":26,"enemies":"R_Hoarder","floor":40,"turns":5},{"damage":0,"enemies":"Reptomancer","floor":42,"turns":2},{"damage":0,"enemies":"Transient","floor":44,"turns":5},{"damage":0,"enemies":"3 Darklings","floor":46,"turns":3},{"damage":14,"enemies":"Spire Growth","floor":47,"turns":2},{"damage":5,"enemies":"R_Hoarder","floor":48,"turns":5},{"damage":27,"enemies":"Time Eater","floor":50,"turns":5},{"damage":9,"enemies":"Shield and Spear","floor":54,"turns":4},{"damage":86,"enemies":"The Heart","floor":55,"turns":5}],"seed_played":"-3076771904360296541","potions_obtained":[{"floor":1.0,"key":"Swift Potion"},{"floor":3.0,"key":"EssenceOfSteel"},{"floor":3.0,"key":"Regen Potion"},{"floor":16.0,"key":"Guardian:BlockOnCardUsePotion"},{"floor":18.0,"key":"Swift Potion"},{"floor":20.0,"key":"ColorlessPotion"},{"floor":25,"key":"Milkshake"},{"floor":28,"key":"Dexterity Potion"},{"floor":29,"key":"FearPotion"},{"floor":35,"key":"Death Potion"}],"is_trial":false,"path_per_floor":["M","M","?","M","M","E","?","E","T","R","M","R","E","M","R","B",null,"M","$","M","?","M","E","M","E","T","$","M","M","E","M","R","B",null,"M","?","M","$","M","E","R","E","T","M","R","M","M","E","R","B",null,"R","$","E","B",null],"character_chosen":"IRONCLAD","items_purchased":["Brimstone","Gremlin Horn","Tiny Chest","Membership Card","Ornamental Fan","Replay:WaspNest","ReplayTheSpireMod:CursedCoin","Limit Break+1"],"campfire_rested":3,"item_purchase_floors":[27,27,27,38,38,53,53,53],"current_hp_per_floor":[64,54,34,34,34,33,33,27,27,66,66,66,57,50,50,49,78,55,55,23,31,22,18,17,15,15,15,17,10,12,10,56,19,84,68,68,58,58,56,32,80,82,82,82,82,84,72,69,69,42,101,101,101,94,8],"gold":31,"neow_bonus":"BOSS_RELIC","is_daily":false,"chose_seed":false,"campfire_upgraded":6,"win_rate":0.0,"timestamp":1609191028,"path_taken":["M","M","?","M","M","E","?","E","T","R","M","R","E","M","R","BOSS","M","?","M","?","M","E","?","E","T","$","M","M","E","M","R","BOSS","M","?","M","?","M","E","R","E","T","M","R","M","M","E","R","BOSS","R","$","E","BOSS"],"items_purchased_type":["Relic","Relic","Relic","Relic","Relic","Relic","Relic","Card"],"build_version":"2020-12-22","purchased_purges":2,"victory":true,"max_hp_per_floor":[80,80,80,80,80,80,80,82,82,82,82,82,84,86,86,88,88,90,90,90,98,98,98,98,100,100,100,102,102,104,106,106,106,106,108,108,108,108,110,112,112,114,114,114,114,116,118,120,120,120,120,120,120,122,122],"card_choices":[{"not_picked":["Reckless Charge","Massacre"],"picked":"Cleave","floor":1.0},{"not_picked":["Ghostly Armor","Cleave","Thunderclap"],"picked":"SKIP","floor":2.0},{"not_picked":["Second Wind","Headbutt"],"picked":"Iron Wave","floor":4.0},{"not_picked":["Corruption","Pommel Strike"],"picked":"Spot Weakness","floor":5.0},{"not_picked":["Replay:Undeath\u0027s Touch","Warcry"],"picked":"Eclipse","floor":6.0},{"not_picked":["Rampage","ReplayTheSpireMod:Muscle Training","Armaments"],"picked":"Singing Bowl","floor":8.0},{"not_picked":["Clash","Havoc"],"picked":"Sever Soul","floor":11.0},{"not_picked":["Armaments+1","Cleave","Shrug It Off+1"],"picked":"Singing Bowl","floor":13.0},{"not_picked":["Power Through+1","Battle Trance+1","Warcry+1"],"picked":"Singing Bowl","floor":14.0},{"not_picked":["Barricade","Exhume+1","Eclipse+1"],"picked":"Singing Bowl","floor":16.0},{"not_picked":["Anger","Searing Blow","Evolve+1"],"picked":"Singing Bowl","floor":18.0},{"not_picked":["Anger","Shrug It Off+1"],"picked":"Spot Weakness+1","floor":20.0},{"not_picked":["Perfected Strike","Warcry+1"],"picked":"Clothesline","floor":22.0},{"not_picked":["Demonic Infusion+1","Power Through+1"],"picked":"Heavy Blade","floor":23.0},{"not_picked":["Havoc+1","Intimidate+1"],"picked":"Uppercut+1","floor":24},{"not_picked":["Berserk","Double Tap+1","Body Slam+1"],"picked":"Singing Bowl","floor":25},{"not_picked":["Headbutt","Second Wind+1","Clash"],"picked":"Singing Bowl","floor":28},{"not_picked":["Sever Soul","Entrench+1"],"picked":"Dark Embrace","floor":29},{"not_picked":["Uppercut","Heavy Blade","ReplayTheSpireMod:LeadingStrike"],"picked":"Singing Bowl","floor":30},{"not_picked":["Twin Strike","Reckless Charge+1","Wild Strike"],"picked":"Singing Bowl","floor":31},{"not_picked":["Berserk","Demonic Infusion+1"],"picked":"Barricade","floor":33},{"not_picked":["Blood for Blood","Second Wind+1","Headbutt"],"picked":"Singing Bowl","floor":35},{"not_picked":["Sever Soul","Power Through+1"],"picked":"Feel No Pain","floor":37},{"not_picked":["ReplayTheSpireMod:Strike From Hell","Warcry+1","Armaments+1"],"picked":"Singing Bowl","floor":39},{"not_picked":["Blood for Blood","Rampage+1","ReplayTheSpireMod:Muscle Training+1"],"picked":"Singing Bowl","floor":40},{"not_picked":["Inflame","Flex+1","Blood for Blood+1"],"picked":"Singing Bowl","floor":42},{"not_picked":["ReplayTheSpireMod:Muscle Training+1","Warcry+1"],"picked":"Heavy Blade+1","floor":44},{"not_picked":["Armaments+1","ReplayReversal+1","Warcry+1"],"picked":"Singing Bowl","floor":46},{"not_picked":["Uppercut","Body Slam","Clothesline+1"],"picked":"Singing Bowl","floor":47},{"not_picked":["Brutality","Inflame+1","Reckless Charge"],"picked":"Singing Bowl","floor":48},{"not_picked":["Twin Strike+1","Warcry+1","Infernal Blade+1"],"picked":"Singing Bowl","floor":54}],"player_experience":192381,"relics_obtained":[{"floor":3.0,"key":"Pen Nib"},{"floor":6.0,"key":"PreservedInsect"},{"floor":7.0,"key":"Singing Bowl"},{"floor":8.0,"key":"King of Hearts"},{"floor":9.0,"key":"Regal Pillow"},{"floor":13.0,"key":"Toxic Egg 2"},{"floor":23.0,"key":"Replay:Baseball"},{"floor":25,"key":"Replay:Mystery Machine"},{"floor":30,"key":"Replay:Arrowhead"},{"floor":40,"key":"HornCleat"},{"floor":42,"key":"Kunai"},{"floor":43,"key":"Shuriken"},{"floor":48,"key":"Turnip"},{"floor":54,"key":"Quantum Egg"}],"event_choices":[{"damage_healed":0.0,"max_hp_gain":0.0,"max_hp_loss":0.0,"gold_gain":0.0,"event_name":"Wheel of Change","player_choice":"Relic","floor":7.0,"gold_loss":0.0,"damage_taken":0.0},{"damage_healed":0.0,"max_hp_gain":8.0,"max_hp_loss":0.0,"gold_gain":0.0,"event_name":"Elementarium:SculptureGarden","player_choice":"Graft","floor":21.0,"gold_loss":0.0,"damage_taken":0.0},{"damage_healed":0,"gold_gain":100,"player_choice":"Pray","damage_taken":0,"max_hp_gain":0,"max_hp_loss":0,"event_name":"Golden Shrine","floor":36,"gold_loss":0}],"is_beta":false,"boss_relics":[{"not_picked":["Busted Crown","Replay:Bronze Core"],"picked":"Mark of Pain"},{"not_picked":["Ring of Chaos","Replay:Ancient Bell"],"picked":"Abe\u0027s Treasure"}],"items_purged_floors":[27,38],"is_endless":false,"potions_floor_spawned":[1,5,16,18,20,25,28,29,30,35,40,42,44,47,48],"ascension_level":9}}