{"host":"zdznbz1vk7bo8bwe","time":1609119502,"event":{"mods":["Act Like it!","Aspiration","Astrologer","Bard","BaseMod","Better Altar","Better Match","Better Note","Better Sensory Stone","Better Skull","Better Third Choice","Better-Laid Plans","BetterRewards","Block Reminder","Conjunction","Conspire","Custom Start","Defuse TimeMaze Blight","Downfall","Ekko","Elementarium","Energized Spire","Fiend Mod","Filter the Spire","Gensokyo","GifTheSpireLib","GungeonMod","Halation","Hallownest","Hermit","Hubris","Humility","Hyrulean Relics","Infinite Spire","Jedi Mod","JesterMod","Jorbs\u0027s Wanderer Trilogy","Koishi","Lobotomy","LobotomyExtend","Mari Mod (Legacy)","Mari\u0027s V1 Patch","Marked Mod","Melee Mod","Menagerie","Minty Spire (QoL Compilation)","Pale of the Ancients","Prisma Mod","Quarter Circle Forward PUNCH!","Random Character Button","Rare Cards Sparkle","RatMod","Reimu??????","Replay The Spire","Reworked Bosses","SCP261 Mod","SacredBarkPlus","Slumbering Mod","Spicy Shops","StSLib","Stuff the Spire","Synergy Search","The Animator","The Blue Laboratory","The Bug Knight","The Cursed","The Disciple","The Factory","The Jungle","The Marked","The Runesmith","The Vixen","The Wild Card","TheSwordswoman","TheWitcher","Transform Curses","Yuyuko","vexMod","??????REMEMod"],"gold_per_floor":[115,40,40,40,40,40,60,89,89,89,103,114,0,15,15,124,174,205,205,205,205,205,239,259,259,284,300,314,314,349,362,362,466,466,487,510,575,607,607,607,316,316,363,113,113,1,23,49,49,167,167,238,261,261,301,301,350,350,190,190,307,307,307],"floor_reached":62,"playtime":7037,"items_purged":["hermit:Deadeye","ReplayTheSpireMod:Doomed","hermit:WideOpen+1","hermit:TakeCover","hermit:Spite+1","hermit:Headshot"],"score":1613,"play_id":"a12ea416-9306-4474-b132-66395941ab7e","local_time":"20201227173822","daily_mods":["SealedDeck","Heirloom"],"is_ascension_mode":true,"campfire_choices":[{"data":"hermit:EyeOfTheStorm","floor":6.0,"key":"SMITH"},{"data":"hermit:LoneWolf","floor":10.0,"key":"SMITH"},{"floor":15.0,"key":"DIG"},{"data":"hermit:BlackWind","floor":25.0,"key":"SMITH"},{"data":"hermit:Scavenge","floor":32.0,"key":"SMITH"},{"data":"hermit:WideOpen","floor":40.0,"key":"SMITH"},{"data":"infinitespire:Collect","floor":42.0,"key":"SMITH"},{"data":"hermit:Enervate","floor":49.0,"key":"SMITH"},{"data":"hermit:DeadOrAlive","floor":56.0,"key":"SMITH"},{"data":"hermit:Snipe","floor":58.0,"key":"SMITH"}],"circlet_count":0,"master_deck":["hermit:Gestalt","hermit:Headshot","hermit:Enervate+1","hermit:TrackingShot","hermit:EyeOfTheStorm+1","expansioncontent:BronzeBeam","hermit:LoneWolf+1","hermit:Desperado","hermit:LuckOfTheDraw","hermit:BlackWind+1","infinitespire:Collect+1","hermit:Scavenge+1","hermit:Snipe+1","hermit:Glare+1","hermit:LuckOfTheDraw","hermit:DeadOrAlive+1"],"relics":["REME_ComplimentaryCards","hubris:MedicalManual","LetterFromLob","hermit:Horseshoe","halation:IllGainedPizza","qcfpunch:White_Boots","Hallownest:BankAccountRelic","DemoMod:LamentConfigurum","Tiny House","halation:PinkSoulGem","Anchor","StuffTheSpire:OldFever","Lantern","Replay:Bottled Snecko","hubris:Backtick","infinitespire:Bottled Soul","jedi:cryingmask","DemoMod:MonsterBlood","Centennial Puzzle","conspire:SpecialSausage","FossilizedHelix","hubris:MysteriousPyramids","infinitespire:Lucky Rock","halation:Thesaurus","Medical Kit","hubris:EmptyBottle","halation:PrussianBluePaint","paleoftheancients:Timepiece","Orichalcum","Coffee Dripper","Gremlin Horn","paleoftheancients:SoulOfTheSilent"],"acts_visited":["Hallownest:Greenpath","TheCity","TheBeyond","paleoftheancients:PaleOfTheAncients"],"potions_floor_usage":[],"damage_taken":[{"damage":5.0,"enemies":"Hallownest:2_Tiktiks_and_1_Crawlid","floor":1.0,"turns":1.0},{"damage":0.0,"enemies":"Hallownest:2_Baldur","floor":7.0,"turns":2.0},{"damage":1.0,"enemies":"Hallownest:eliteCrystalGuardian","floor":8.0,"turns":3.0},{"damage":5.0,"enemies":"2_ Uuma","floor":11.0,"turns":2.0},{"damage":0.0,"enemies":"Hallownest:monsterFoolEater","floor":12.0,"turns":10.0},{"damage":14.0,"enemies":"Hallownest:MossCreep_and_Mosskin","floor":14.0,"turns":4.0},{"damage":31.0,"enemies":"Hallownest:BossHornet","floor":16.0,"turns":6.0},{"damage":3.0,"enemies":"3 Byrds","floor":18.0,"turns":4.0},{"damage":0.0,"enemies":"Nightmare","floor":23.0,"turns":2.0},{"damage":2.0,"enemies":"Snake Plant","floor":24.0,"turns":2.0},{"damage":11.0,"enemies":"conspire:HollyBat","floor":27.0,"turns":4.0},{"damage":0.0,"enemies":"Shelled Parasite and Fungi","floor":28.0,"turns":2.0},{"damage":0.0,"enemies":"REME_1_Revenger","floor":30.0,"turns":2.0},{"damage":0.0,"enemies":"Dream Cultist and Chosen","floor":31.0,"turns":3.0},{"damage":1.0,"enemies":"bossMod:newChamp","floor":33.0,"turns":5.0},{"damage":0.0,"enemies":"3 Shapes","floor":35.0,"turns":4.0},{"damage":0.0,"enemies":"3 Darklings","floor":36.0,"turns":1.0},{"damage":0.0,"enemies":"2 Orb Walkers","floor":37.0,"turns":3.0},{"damage":1.0,"enemies":"Writhing Mass","floor":38.0,"turns":4.0},{"damage":0.0,"enemies":"Jaw Worm Horde","floor":47.0,"turns":3.0},{"damage":0.0,"enemies":"Spire Growth","floor":48.0,"turns":3.0},{"damage":39.0,"enemies":"Time Eater","floor":50.0,"turns":8.0},{"damage":73.0,"enemies":"Time Eater","floor":52.0,"turns":4.0},{"damage":14.0,"enemies":"Time Eater","floor":53.0,"turns":4.0},{"damage":34.0,"enemies":"Time Eater","floor":57.0,"turns":5.0},{"damage":1.0,"enemies":"paleoftheancients:N","floor":61.0,"turns":4.0}],"seed_played":"-4798105032821242825","potions_obtained":[{"floor":7.0,"key":"hermit:Tonic"},{"floor":11.0,"key":"blueLaboratory:NullPotion"},{"floor":12.0,"key":"blueLaboratory:Moonshine"},{"floor":16.0,"key":"blueLaboratory:PhilterOfMotion"},{"floor":17.0,"key":"LifebloodPotion"},{"floor":27.0,"key":"SkillPotion"},{"floor":38.0,"key":"Swift Potion"},{"floor":53.0,"key":"SteroidPotion"},{"floor":61.0,"key":"blueLaboratory:LouseDecoction"}],"is_trial":true,"path_per_floor":["M","?","$","T","?","R","M","E","T","R","M","M","?","M","R","B",null,"M","?","?","?","AVR","NM","M","R","T","M","M","?","E","M","R","B",null,"M","M","?","M","?","R","$","R","T","$","?","$","M","M","R","B",null,"M","M","?","$","R","M","R","$","?","B",null],"character_chosen":"HERMIT","items_purchased":["ReplayTheSpireMod:CursedCoin","hubris:MysteriousPyramids","halation:Thesaurus","hubris:EmptyBottle","halation:PrussianBluePaint"],"campfire_rested":0,"item_purchase_floors":[41,41,44,44,46],"current_hp_per_floor":[70,70,70,70,70,70,70,69,69,69,64,64,64,50,50,19,80,77,77,77,19,19,19,17,17,24,13,13,13,13,13,13,12,87,87,87,87,86,86,86,86,86,86,86,86,86,86,86,86,47,87,51,62,62,62,62,58,58,58,58,72,87,87],"gold":307,"neow_bonus":"","is_daily":false,"chose_seed":false,"campfire_upgraded":9,"win_rate":0.0,"timestamp":1609119502,"path_taken":["M","?","?","?","?","R","?","E","T","R","M","M","?","M","R","BOSS","M","?","?","?","AVR","NM","M","R","T","M","?","?","E","M","R","BOSS","M","M","?","M","?","R","$","R","T","$","?","?","M","M","R","BOSS","M","M","?","$","R","M","R","$","?","BOSS"],"items_purchased_type":["Relic","Relic","Relic","Relic","Relic"],"build_version":"2020-12-22","purchased_purges":6,"victory":false,"max_hp_per_floor":[75,75,75,75,75,75,75,75,75,75,75,75,75,75,75,75,80,80,80,80,80,80,80,80,80,87,87,87,87,87,87,87,87,87,87,87,87,87,87,87,87,87,87,87,87,87,87,87,87,87,87,87,87,87,87,87,87,87,87,87,87,87,87],"card_choices":[{"not_picked":["hermit:ItchyTrigger","hermit:Ricochet","hermit:Coalescence"],"picked":"SKIP","floor":1.0},{"not_picked":["Deep Breath","theSlumbering:StoneHearth"],"picked":"expansioncontent:BronzeBeam","floor":2.0},{"not_picked":["hermit:Deadeye","hermit:EyeOfTheStorm"],"picked":"hermit:LoneWolf","floor":2.0},{"not_picked":["hermit:Malice","hermit:Ricochet","hermit:HoleUp"],"picked":"SKIP","floor":7.0},{"not_picked":["hermit:Magnum","hermit:Cheat"],"picked":"hermit:Desperado","floor":8.0},{"not_picked":["hermit:Ricochet","hermit:Horror"],"picked":"hermit:LuckOfTheDraw","floor":11.0},{"not_picked":["hermit:Dive","hermit:Spite","hermit:Showdown"],"picked":"SKIP","floor":12.0},{"not_picked":["hermit:Spite","hermit:Maintenance","hermit:Deadeye"],"picked":"SKIP","floor":14.0},{"not_picked":["hermit:RoundhouseKick","hermit:HighNoon"],"picked":"hermit:BlackWind","floor":16.0},{"not_picked":["hermit:Snipe+1","hermit:Vantage","hermit:Roulette"],"picked":"SKIP","floor":18.0},{"not_picked":["hermit:HoleUp+1","hermit:Desperado"],"picked":"hermit:TakeCover","floor":23.0},{"not_picked":["hermit:Malice","hermit:Vantage","hermit:Headshot"],"picked":"SKIP","floor":24.0},{"not_picked":["hermit:Desperado+1","hermit:Manifest+1","hermit:ItchyTrigger"],"picked":"SKIP","floor":27.0},{"not_picked":["hermit:ShadowCloak","hermit:ItchyTrigger","hermit:FullyLoaded+1"],"picked":"SKIP","floor":28.0},{"not_picked":["hermit:DeadMansHand","hermit:Coalescence"],"picked":"hermit:Scavenge","floor":30.0},{"not_picked":["hermit:Ricochet+1","hermit:ItchyTrigger"],"picked":"hermit:Snipe","floor":31.0},{"not_picked":["hermit:Spite+1","hermit:Quickdraw+1"],"picked":"hermit:Glare+1","floor":35.0},{"not_picked":["hermit:Combo+1","hermit:LoneWolf+1"],"picked":"hermit:LuckOfTheDraw","floor":36.0},{"not_picked":["hermit:SprayPray+1","hermit:Desperado","hermit:Ricochet"],"picked":"SKIP","floor":38.0},{"not_picked":["hermit:Showdown+1","hermit:Vantage","hermit:Virtue"],"picked":"SKIP","floor":47.0},{"not_picked":["hermit:Glare+1","hermit:Coalescence+1","hermit:Midnight+1"],"picked":"SKIP","floor":48.0},{"not_picked":["hermit:Purgatory","hermit:OverwhelmingPower"],"picked":"hermit:DeadOrAlive","floor":50.0},{"not_picked":["hermit:Combo+1","hermit:LowProfile+1","hermit:Snipe"],"picked":"SKIP","floor":52.0},{"not_picked":["hermit:Grudge","hermit:LowProfile+1","hermit:Midnight+1"],"picked":"SKIP","floor":53.0},{"not_picked":["hermit:Desperado+1","hermit:Feint+1","hermit:TakeCover+1"],"picked":"SKIP","floor":57.0}],"player_experience":63092,"relics_obtained":[{"floor":1.0,"key":"LetterFromLob"},{"floor":4.0,"key":"hermit:Horseshoe"},{"floor":8.0,"key":"halation:IllGainedPizza"},{"floor":9.0,"key":"qcfpunch:White_Boots"},{"floor":15.0,"key":"DemoMod:LamentConfigurum"},{"floor":23.0,"key":"jedi:cryingmask"},{"floor":26.0,"key":"DemoMod:MonsterBlood"},{"floor":30.0,"key":"Centennial Puzzle"},{"floor":43.0,"key":"infinitespire:Lucky Rock"},{"floor":52.0,"key":"paleoftheancients:SoulOfTheSilent"},{"floor":53.0,"key":"paleoftheancients:SoulOfTheCollector"}],"event_choices":[{"damage_healed":0.0,"max_hp_gain":0.0,"max_hp_loss":0.0,"gold_gain":0.0,"event_name":"betterMatch:BetterMatch","player_choice":"1","floor":2.0,"gold_loss":0.0,"damage_taken":0.0,"cards_obtained":["betterMatch:CommonCard","betterMatch:ColorlessUncommonCard","betterMatch:UncommonCard"]},{"damage_healed":0.0,"max_hp_gain":0.0,"max_hp_loss":0.0,"gold_gain":0.0,"event_name":"betterSkull:BetterSkull","player_choice":"RE RE RE ","floor":21.0,"gold_loss":0.0,"damage_taken":64.0,"cards_upgraded":[],"relics_obtained":["Anchor","StuffTheSpire:OldFever","Lantern"]},{"damage_healed":0.0,"max_hp_gain":0.0,"max_hp_loss":0.0,"gold_gain":0.0,"event_name":"Mysterious Sphere","player_choice":"Fight","floor":37.0,"gold_loss":0.0,"damage_taken":0.0},{"cards_removed":["hermit:Headshot"],"damage_healed":0.0,"max_hp_gain":0.0,"max_hp_loss":0.0,"gold_gain":0.0,"event_name":"Falling","player_choice":"Removed Attack","floor":45.0,"gold_loss":0.0,"damage_taken":0.0},{"damage_healed":0.0,"max_hp_gain":0.0,"max_hp_loss":0.0,"gold_gain":0.0,"event_name":"betterMatch:BetterMatch","player_choice":"3","floor":54.0,"gold_loss":0.0,"damage_taken":0.0,"cards_obtained":[]}],"is_beta":false,"boss_relics":[{"not_picked":["energizedSpire:StickyHand","vexMod:MysteryBossChallenge"],"picked":"Tiny House"},{"not_picked":["halation:LoveArrow","ReplayTheSpireMod:SealedPack"],"picked":"conspire:SpecialSausage"},{"not_picked":["conspire:RunicOctahedron","energizedSpire:RedRose","halation:HeavySnake"]},{"not_picked":["vexMod:EndlessSickness","jedi:hotpepper","hubris:RunicObelisk"]}],"items_purged_floors":[22,41,41,41,59,59],"is_endless":true,"potions_floor_spawned":[7,11,12,16,24,27,30,38,48,52,53,61],"ascension_level":4}}