{"host":"792mtbovsoa03nb3","time":1609191334,"event":{"mods":["BaseMod","Colored Map","Dota2Spire","Downfall","Hubris","Infinite Spire","Minty Spire (QoL Compilation)","Replay The Spire","Spicy Shops","StSLib","The Blue Laboratory","The Jungle"],"gold_per_floor":[116,319,336,351,363,363,397,397,397,33,33,108,141,160,160,265,265,284,284,284,254,268,268,268,268],"floor_reached":24,"playtime":634,"items_purged":["Strike_R"],"score":275,"play_id":"be362faa-5fe1-4915-891f-5dca98d21fdd","local_time":"20201228133534","is_ascension_mode":true,"campfire_choices":[{"data":"ReplayTheSpireMod:LeadingStrike","floor":6,"key":"SMITH"},{"data":"hubris:DuctTapeCard","floor":8,"key":"SMITH"},{"data":"ReplayTheSpireMod:LeadingStrike","floor":15,"key":"SMITH"},{"data":"Armaments","floor":23,"key":"SMITH"}],"circlet_count":0,"master_deck":["Defend_R","Defend_R","Defend_R","Defend_R","Bash","Clash","Clothesline","ReplayTheSpireMod:LeadingStrike+1","hubris:DuctTapeCard+2","Clash","Self Repair+1","Clothesline","Cold Snap","Juggernaut","Armaments+1","Slimebound:Tackle+1","Slimebound:Tackle+1","Slimebound:Tackle+1"],"relics":["NeowsBlessing","hubris:DuctTape","Replay:PocketPolymizer","Dota2Spire:MaskOfMadness","Blood Vial","Iron Core","FossilizedHelix","Mark of Pain","hubris:BottledHeart"],"acts_visited":["Exordium","TheCity"],"potions_floor_usage":[24,24],"damage_taken":[{"damage":0,"enemies":"Small Slimes","floor":1,"turns":1},{"damage":0,"enemies":"Jaw Worm","floor":3,"turns":1},{"damage":0,"enemies":"2 Louse","floor":4,"turns":1},{"damage":30,"enemies":"2 Fungi Beasts","floor":5,"turns":4},{"damage":25,"enemies":"3 Sentries","floor":7,"turns":8},{"damage":16,"enemies":"Gremlin Nob","floor":13,"turns":3},{"damage":0,"enemies":"Large Slime","floor":14,"turns":4},{"damage":43,"enemies":"The Guardian","floor":16,"turns":12},{"damage":31,"enemies":"2 Thieves","floor":18,"turns":4},{"damage":0,"enemies":"3 Byrds","floor":22,"turns":4},{"damage":7,"enemies":"Gremlin Leader","floor":24,"turns":2}],"seed_played":"-1938469129804782877","potions_obtained":[{"floor":4,"key":"Block Potion"},{"floor":7,"key":"blueLaboratory:CorrosionFlask"},{"floor":21,"key":"BloodPotion"},{"floor":21,"key":"infinitespire:BlackPotion"}],"is_trial":false,"path_per_floor":["M","?","M","M","M","R","E","R","T","$","?","?","E","M","R","B",null,"M","?","?","?","M","R","E"],"character_chosen":"IRONCLAD","items_purchased":["Dota2Spire:MaskOfMadness","Blood Vial"],"campfire_rested":0,"item_purchase_floors":[10,10],"current_hp_per_floor":[78,78,80,80,56,56,37,37,37,37,37,26,22,37,37,14,64,53,1,1,1,1,1,0,0],"gold":268,"neow_bonus":"THREE_ENEMY_KILL","is_daily":false,"chose_seed":false,"campfire_upgraded":4,"win_rate":0.0,"timestamp":1609191334,"path_taken":["M","?","M","M","M","R","E","R","T","$","?","?","E","M","R","BOSS","M","?","?","?","M","R","E"],"items_purchased_type":["Relic","Relic"],"build_version":"2020-12-22","purchased_purges":1,"victory":false,"max_hp_per_floor":[80,80,80,80,80,80,80,80,80,80,80,80,80,80,80,80,80,80,1,1,1,1,1,1,1],"card_choices":[{"not_picked":["Sentinel","Havoc"],"picked":"ReplayTheSpireMod:LeadingStrike","floor":1},{"not_picked":["Heavy Blade","Perfected Strike"],"picked":"Inflame","floor":2},{"not_picked":["Perfected Strike","Searing Blow"],"picked":"Clash","floor":3},{"not_picked":["Body Slam","Power Through"],"picked":"Clothesline","floor":4},{"not_picked":["Sword Boomerang","Demon Form"],"picked":"ReplayTheSpireMod:LeadingStrike","floor":5},{"not_picked":["Bloodletting","Body Slam"],"picked":"Clash","floor":7},{"not_picked":["WeaponsOverheat","Gash"],"picked":"Clothesline","floor":13},{"not_picked":["Disarm","Feed"],"picked":"Cold Snap","floor":14},{"not_picked":["Bludgeon","Brutality"],"picked":"Juggernaut","floor":16},{"not_picked":["hubris:ReadiedAction","Spot Weakness"],"picked":"Armaments","floor":18},{"not_picked":["hubris:ReadiedAction","Twin Strike+1","Run Through"],"picked":"SKIP","floor":22}],"player_experience":809120,"relics_obtained":[{"floor":7,"key":"hubris:DuctTape"},{"floor":9,"key":"Replay:PocketPolymizer"},{"floor":13,"key":"FossilizedHelix"}],"event_choices":[{"damage_healed":0,"gold_gain":75,"player_choice":"Gather Gold","damage_taken":11,"max_hp_gain":0,"max_hp_loss":0,"event_name":"World of Goop","floor":12,"gold_loss":0},{"damage_healed":0,"gold_gain":0,"player_choice":"Bought 2 Potions","damage_taken":0,"max_hp_gain":0,"max_hp_loss":0,"event_name":"The Woman in Blue","floor":21,"gold_loss":0}],"is_beta":false,"boss_relics":[{"not_picked":["Black Star","Honey Jar"],"picked":"Mark of Pain"}],"items_purged_floors":[10],"is_endless":false,"potions_floor_spawned":[4,7,22],"killed_by":"Gremlin Leader","ascension_level":7}}