{"host":"6q94iy5iz6612v89","time":1609140719,"event":{"mods":["AchievementEnabler","BaseMod","Colored Map","DeckTracker","Keyboard Shortcuts","Minty Spire (QoL Compilation)","Permanent Neow","StSLib","SuperFastMode"],"gold_per_floor":[10,20,33,49,49,49,80,80,80,97,110,110,35,46,46,117,117,135,164,64,264,235,263,263,124,172,184,204,204,78,78,78],"floor_reached":31,"playtime":666,"items_purged":["Strike_R","Bash"],"score":514,"play_id":"afd8ba87-7a01-4b14-8003-2d31103c1b46","local_time":"20201228163159","is_ascension_mode":true,"campfire_choices":[{"data":"Uppercut","floor":6,"key":"SMITH"},{"data":"Rampage","floor":8,"key":"SMITH"},{"data":"Wild Strike","floor":15,"key":"SMITH"},{"floor":24,"key":"REST"},{"floor":29,"key":"REST"}],"circlet_count":0,"master_deck":["AscendersBane","Defend_R","Defend_R","Defend_R","Defend_R","Second Wind","Uppercut+1","Rampage+1","Wild Strike+1","Flame Barrier","Dual Wield","Metallicize","Armaments"],"relics":["Burning Blood","Shovel","Pear","Busted Crown","Red Mask","The Courier","Potion Belt","TheAbacus"],"acts_visited":["Exordium","TheCity"],"potions_floor_usage":[4,16,19,19,31],"damage_taken":[{"damage":3.0,"enemies":"2 Louse","floor":1.0,"turns":4.0},{"damage":0.0,"enemies":"Cultist","floor":2.0,"turns":3.0},{"damage":14.0,"enemies":"Jaw Worm","floor":3.0,"turns":3.0},{"damage":10,"enemies":"Gremlin Gang","floor":4,"turns":3},{"damage":45,"enemies":"3 Sentries","floor":7,"turns":10},{"damage":5,"enemies":"Blue Slaver","floor":10,"turns":4},{"damage":6,"enemies":"Exordium Wildlife","floor":11,"turns":4},{"damage":0,"enemies":"Red Slaver","floor":14,"turns":4},{"damage":33,"enemies":"The Guardian","floor":16,"turns":8},{"damage":2,"enemies":"Chosen","floor":18,"turns":4},{"damage":32,"enemies":"Masked Bandits","floor":19,"turns":5},{"damage":9,"enemies":"2 Thieves","floor":22,"turns":4},{"damage":27,"enemies":"Book of Stabbing","floor":23,"turns":5},{"damage":41,"enemies":"Cultist and Chosen","floor":27,"turns":11},{"damage":8,"enemies":"Snake Plant","floor":28,"turns":4},{"damage":34,"enemies":"3 Cultists","floor":31,"turns":6}],"seed_played":"-4960315684712428637","potions_obtained":[{"floor":1.0,"key":"Explosive Potion"},{"floor":7,"key":"PowerPotion"},{"floor":11,"key":"LiquidMemories"},{"floor":16,"key":"EssenceOfSteel"},{"floor":19,"key":"Energy Potion"},{"floor":27,"key":"ElixirPotion"}],"is_trial":false,"path_per_floor":["M","M","M","M","?","R","E","R","T","M","M","?","$","M","R","B",null,"M","?","$","?","M","E","R","$","T","M","M","R","$","M"],"character_chosen":"IRONCLAD","items_purchased":["Dual Wield","Metallicize","Armaments","TheAbacus"],"campfire_rested":2,"item_purchase_floors":[25,25,25,30],"current_hp_per_floor":[71,75,67,63,63,63,24,24,34,35,35,35,35,41,41,14,67,71,45,45,45,42,21,46,46,46,11,9,34,34,0,0],"gold":78,"neow_bonus":"REMOVE_TWO","is_daily":false,"chose_seed":false,"campfire_upgraded":3,"win_rate":0.0,"timestamp":1609140719,"path_taken":["M","M","M","M","?","R","E","R","T","M","?","?","$","?","R","BOSS","M","?","$","?","M","E","R","$","T","?","M","R","$","M"],"items_purchased_type":["Card","Card","Card","Relic"],"build_version":"2020-12-22","purchased_purges":2,"victory":false,"max_hp_per_floor":[75,75,75,75,75,75,75,75,85,85,85,85,85,85,85,85,85,85,85,85,85,85,85,85,85,85,85,85,85,85,85,85],"card_choices":[{"not_picked":["Warcry","Intimidate"],"picked":"Second Wind","floor":1.0},{"not_picked":["Perfected Strike","Fire Breathing","True Grit"],"picked":"SKIP","floor":2.0},{"not_picked":["Iron Wave","Flex"],"picked":"Uppercut","floor":3.0},{"not_picked":["Entrench","Armaments"],"picked":"Rampage","floor":4},{"not_picked":["Armaments","Iron Wave","Burning Pact"],"picked":"SKIP","floor":7},{"not_picked":["Spot Weakness","Combust","Havoc"],"picked":"SKIP","floor":10},{"not_picked":["Thunderclap","Dark Embrace","True Grit"],"picked":"SKIP","floor":11},{"not_picked":["Heavy Blade","Perfected Strike"],"picked":"Wild Strike","floor":14},{"not_picked":["Rage"],"picked":"SKIP","floor":18},{"not_picked":[],"picked":"Flame Barrier","floor":19},{"not_picked":["Wild Strike"],"picked":"SKIP","floor":22},{"not_picked":["Clothesline"],"picked":"SKIP","floor":23},{"not_picked":["Blood for Blood"],"picked":"SKIP","floor":27},{"not_picked":["Anger"],"picked":"SKIP","floor":28}],"player_experience":1429102,"relics_obtained":[{"floor":7,"key":"Shovel"},{"floor":9,"key":"Pear"},{"floor":19,"key":"Red Mask"},{"floor":23,"key":"The Courier"},{"floor":26,"key":"Potion Belt"}],"event_choices":[{"cards_removed":["Strike_R"],"damage_healed":0,"gold_gain":0,"player_choice":"Purged","damage_taken":0,"max_hp_gain":0,"max_hp_loss":0,"event_name":"Purifier","floor":5,"gold_loss":0},{"cards_removed":["Strike_R"],"damage_healed":0,"gold_gain":0,"player_choice":"Offered Basic","damage_taken":0,"max_hp_gain":0,"max_hp_loss":0,"event_name":"Bonfire Elementals","floor":12,"gold_loss":0},{"damage_healed":0,"gold_gain":0,"player_choice":"Fought Bandits","damage_taken":0,"max_hp_gain":0,"max_hp_loss":0,"event_name":"Masked Bandits","floor":19,"gold_loss":0},{"damage_healed":0,"gold_gain":250,"player_choice":"Bet on Owner","damage_taken":0,"max_hp_gain":0,"max_hp_loss":0,"event_name":"The Joust","floor":21,"gold_loss":50}],"is_beta":false,"boss_relics":[{"not_picked":["Runic Cube","Calling Bell"],"picked":"Busted Crown"}],"items_purged_floors":[13,20],"is_endless":false,"potions_floor_spawned":[1,7,11,16,19,27],"killed_by":"3 Cultists","ascension_level":20}}