{"host":"nox","time":1609134622,"event":{"mods":["Act Like it!","Aspiration","BaseMod","Better Altar","Better Match","Better Note","Better Sensory Stone","Better Skull","Better Third Choice","BetterRewards","Colored Powertips","Conspire","Energized Spire","GifTheSpireLib","Hubris","Infinite Spire","Minty Spire (QoL Compilation)","Pale of the Ancients","Quick Restart","Rare Cards Sparkle","Replay The Spire","Shop Mod","Spikes Relics","StSLib","Stuff the Spire","SuperFastMode","The Alterego","vexMod"],"gold_per_floor":[110,37,37,62,62,62,62,62,87,87,87],"floor_reached":10,"playtime":339,"items_purged":[],"score":73,"play_id":"ae819c09-18bd-4482-b491-4a3165038e6c","local_time":"20201228125022","is_ascension_mode":true,"campfire_choices":[{"floor":6.0,"key":"RECALL"},{"data":"Neutralize","floor":8.0,"key":"SMITH"}],"circlet_count":0,"master_deck":["Strike_G","Strike_G","Strike_G","Strike_G","Strike_G","Defend_G","Defend_G","Defend_G","Defend_G","Defend_G","Survivor","Neutralize+1","Terror","Blade Dance","Flying Knee","Injury"],"relics":["Ring of the Snake","aspiration:Nostalgia","Golden Idol","Molten Egg 2"],"acts_visited":["Exordium"],"potions_floor_usage":[10],"damage_taken":[{"damage":1.0,"enemies":"Small Slimes","floor":1.0,"turns":4.0},{"damage":1.0,"enemies":"Jaw Worm","floor":4.0,"turns":3.0},{"damage":39,"enemies":"Nightmare","floor":10,"turns":9}],"seed_played":"3352330451091156085","potions_obtained":[{"floor":4.0,"key":"PowerPotion"}],"is_trial":false,"path_per_floor":["M","$","?","M","$","R","?","R","T","NM"],"character_chosen":"THE_SILENT","items_purchased":["Blade Dance","Flying Knee"],"campfire_rested":0,"item_purchase_floors":[2,2],"current_hp_per_floor":[62,62,45,44,44,44,44,44,44,5,5],"gold":87,"neow_bonus":"NOSTALGIA","is_daily":false,"chose_seed":false,"campfire_upgraded":1,"win_rate":0.0,"timestamp":1609134622,"path_taken":["M","$","?","M","$","R","?","R","T","E"],"items_purchased_type":["Card","Card"],"build_version":"2020-11-17","purchased_purges":0,"victory":false,"max_hp_per_floor":[70,70,70,70,70,70,70,70,70,70,70],"card_choices":[{"not_picked":["Acrobatics","hubris:Counter"],"picked":"Terror","floor":1.0},{"not_picked":["ReplayTheSpireMod:Scrap Shanks","Fluid Movement","Caltrops"],"picked":"SKIP","floor":4.0}],"player_experience":271002,"relics_obtained":[],"event_choices":[{"damage_healed":0.0,"max_hp_gain":0.0,"max_hp_loss":0.0,"gold_gain":0.0,"event_name":"Golden Idol","player_choice":"Take Damage","floor":3.0,"gold_loss":0.0,"damage_taken":17.0,"relics_obtained":["Golden Idol"]}],"is_beta":true,"boss_relics":[],"items_purged_floors":[],"is_endless":false,"potions_floor_spawned":[4],"killed_by":"Nightmare","ascension_level":7}}