{"host":"vcrofm1hbk0ziuql","time":1609189025,"event":{"mods":["2.2 Compatiblity","BaseMod","Colored Map","DeckTracker","Googly Eyes","Highlight Path","Minty Spire (QoL Compilation)","StSLib"],"gold_per_floor":[366,380,84,159,159,159,178,178,178,178,178,208,226,241,241,341,341,314,589,8,19,32,63,80,106,133,133,143,143,153,153,153,258,258,271,95,95,95,95,95,112,145,145,195,195,211,229,247,247,247,247,247,100,129,129,129],"floor_reached":55,"playtime":2620,"items_purged":["Strike_B","Strike_B"],"score":737,"play_id":"e1fe6c20-1972-40da-bd8d-319f3802a4c3","local_time":"20201228205705","is_ascension_mode":false,"campfire_choices":[{"data":"Zap","floor":6,"key":"SMITH"},{"data":"Leap","floor":8,"key":"SMITH"},{"data":"Self Repair","floor":11,"key":"SMITH"},{"data":"Gash","floor":15,"key":"SMITH"},{"data":"Apotheosis","floor":29,"key":"SMITH"},{"floor":32,"key":"RECALL"},{"data":"Echo Form","floor":40,"key":"SMITH"},{"data":"Static Discharge","floor":45,"key":"SMITH"},{"data":"Static Discharge","floor":49,"key":"SMITH"},{"data":"Heatsinks","floor":52,"key":"SMITH"}],"circlet_count":0,"master_deck":["Strike_B","Strike_B","Defend_B","Defend_B+1","Defend_B+1","Defend_B","Zap+1","Dualcast","Self Repair+1","Leap+1","Gash+1","Echo Form+1","Self Repair+1","Static Discharge+1","Apotheosis+1","Static Discharge+1","Gash","Undo+1","Static Discharge+1","Core Surge","Heatsinks+1","Defragment+1","Auto Shields+1","Defragment+1","Conserve Battery+1","Echo Form+1"],"relics":["Cracked Core","Blood Vial","Mango","Pantograph","Omamori","Letter Opener","SlaversCollar","Incense Burner","Mercury Hourglass","Dream Catcher","Calling Bell","Tiny Chest","Symbiotic Virus","Bird Faced Urn","Ornamental Fan","Torii","War Paint","Darkstone Periapt","Calipers","DollysMirror","Gremlin Horn"],"acts_visited":["Exordium","TheCity","TheBeyond","TheEnding"],"potions_floor_usage":[16,22,42,42,44,47,48,55],"damage_taken":[{"damage":1,"enemies":"Cultist","floor":1,"turns":3},{"damage":3,"enemies":"Jaw Worm","floor":2,"turns":3},{"damage":0,"enemies":"2 Louse","floor":7,"turns":3},{"damage":49,"enemies":"Gremlin Nob","floor":12,"turns":6},{"damage":3,"enemies":"Red Slaver","floor":13,"turns":4},{"damage":6,"enemies":"Large Slime","floor":14,"turns":6},{"damage":66,"enemies":"Hexaghost","floor":16,"turns":13},{"damage":34,"enemies":"2 Thieves","floor":18,"turns":5},{"damage":14,"enemies":"Shell Parasite","floor":21,"turns":6},{"damage":16,"enemies":"Sentry and Sphere","floor":22,"turns":5},{"damage":26,"enemies":"Book of Stabbing","floor":23,"turns":5},{"damage":21,"enemies":"Centurion and Healer","floor":24,"turns":7},{"damage":21,"enemies":"Slavers","floor":25,"turns":4},{"damage":12,"enemies":"Snake Plant","floor":28,"turns":3},{"damage":26,"enemies":"Shelled Parasite and Fungi","floor":30,"turns":4},{"damage":29,"enemies":"Collector","floor":33,"turns":7},{"damage":38,"enemies":"Orb Walker","floor":35,"turns":4},{"damage":19,"enemies":"3 Shapes","floor":41,"turns":3},{"damage":29,"enemies":"Giant Head","floor":42,"turns":9},{"damage":0,"enemies":"Mind Bloom Boss Battle","floor":44,"turns":9},{"damage":28,"enemies":"Writhing Mass","floor":46,"turns":7},{"damage":12,"enemies":"Jaw Worm Horde","floor":47,"turns":4},{"damage":24,"enemies":"3 Darklings","floor":48,"turns":4},{"damage":47,"enemies":"Time Eater","floor":50,"turns":7},{"damage":48,"enemies":"Shield and Spear","floor":54,"turns":6},{"damage":120,"enemies":"The Heart","floor":55,"turns":6}],"seed_played":"2147173284915964627","potions_obtained":[{"floor":7,"key":"LiquidMemories"},{"floor":14,"key":"SpeedPotion"},{"floor":16,"key":"SmokeBomb"},{"floor":21,"key":"DistilledChaos"},{"floor":25,"key":"Energy Potion"},{"floor":33,"key":"LiquidMemories"},{"floor":41,"key":"Fruit Juice"},{"floor":42,"key":"SkillPotion"},{"floor":47,"key":"PowerPotion"},{"floor":48,"key":"EssenceOfDarkness"}],"is_trial":false,"path_per_floor":["M","M","$","?","T","R","M","R","T","?","R","E","M","M","R","B",null,"M","?","$","M","M","E","M","E","T","?","M","R","M","?","R","B",null,"M","$","?","T","T","R","M","E","T","?","R","M","M","M","R","B",null,"R","$","E","B"],"character_chosen":"DEFECT","items_purchased":["Blood Vial","Self Repair","Incense Burner","Static Discharge","Apotheosis","Heatsinks","DollysMirror"],"campfire_rested":0,"item_purchase_floors":[3,3,20,20,20,36,53],"current_hp_per_floor":[53,50,50,39,53,53,62,62,62,62,62,25,34,40,40,11,89,75,75,75,83,89,73,84,85,85,85,89,89,83,83,83,80,89,84,84,84,84,84,84,80,88,88,90,90,83,90,90,90,81,90,90,90,76,0,0],"gold":129,"neow_bonus":"TWO_FIFTY_GOLD","is_daily":false,"chose_seed":false,"campfire_upgraded":9,"win_rate":0.0,"timestamp":1609189025,"path_taken":["M","M","$","?","?","R","M","R","T","?","R","E","?","M","R","BOSS","M","?","$","?","M","E","M","E","T","?","M","R","?","?","R","BOSS","M","?","?","?","?","R","M","E","T","?","R","M","M","M","R","BOSS","R","$","E","BOSS"],"items_purchased_type":["Relic","Card","Relic","Card","Card","Card","Relic"],"build_version":"2020-12-22","purchased_purges":2,"victory":false,"max_hp_per_floor":[75,75,75,75,89,89,89,89,89,89,89,89,89,89,89,89,89,89,89,89,89,89,89,89,89,89,89,89,89,89,89,89,89,89,89,89,85,85,85,85,85,90,90,90,90,90,90,90,90,90,90,90,90,90,90,90],"card_choices":[{"not_picked":["Rebound","Ball Lightning","Recycle"],"picked":"SKIP","floor":1},{"not_picked":["Consume","Glacier","Redo"],"picked":"SKIP","floor":2},{"not_picked":["Stack","Compile Driver"],"picked":"Leap","floor":7},{"not_picked":["Compile Driver","Turbo"],"picked":"Gash","floor":12},{"not_picked":["Chaos","Sunder","Barrage"],"picked":"SKIP","floor":13},{"not_picked":["Fission","Compile Driver","Chill"],"picked":"SKIP","floor":14},{"not_picked":["Core Surge","Meteor Strike"],"picked":"Echo Form","floor":16},{"not_picked":["Hologram+1","Conserve Battery+1"],"picked":"Self Repair+1","floor":18},{"not_picked":["Streamline","Barrage"],"picked":"Static Discharge","floor":21},{"not_picked":["White Noise","Rip and Tear"],"picked":"Gash","floor":22},{"not_picked":["Chill+1","Hologram","Beam Cell"],"picked":"SKIP","floor":23},{"not_picked":["Streamline","Ball Lightning+1"],"picked":"Undo+1","floor":24},{"not_picked":["Go for the Eyes","Seek"],"picked":"Static Discharge+1","floor":25},{"not_picked":["Sweeping Beam","Gash","Ball Lightning"],"picked":"SKIP","floor":28},{"not_picked":["Hologram","Lockon","Steam Power+1"],"picked":"SKIP","floor":30},{"not_picked":["Seek","All For One"],"picked":"Core Surge","floor":33},{"not_picked":["Barrage","Glacier","Turbo"],"picked":"SKIP","floor":35},{"not_picked":["Redo+1","Static Discharge"],"picked":"Defragment+1","floor":41},{"not_picked":["Hologram+1","Go for the Eyes+1"],"picked":"Auto Shields+1","floor":42},{"not_picked":["Static Discharge","Chaos"],"picked":"Defragment+1","floor":46},{"not_picked":["Heatsinks+1","Sweeping Beam","Compile Driver"],"picked":"SKIP","floor":47},{"not_picked":["Scrape+1","Skim"],"picked":"Conserve Battery+1","floor":48},{"not_picked":["Cold Snap","Electrodynamics","Barrage"],"picked":"SKIP","floor":54}],"player_experience":549367,"relics_obtained":[{"floor":5,"key":"Mango"},{"floor":9,"key":"Pantograph"},{"floor":12,"key":"Letter Opener"},{"floor":23,"key":"Mercury Hourglass"},{"floor":25,"key":"Dream Catcher"},{"floor":34,"key":"Tiny Chest"},{"floor":34,"key":"Symbiotic Virus"},{"floor":34,"key":"Bird Faced Urn"},{"floor":38,"key":"Ornamental Fan"},{"floor":39,"key":"Torii"},{"floor":42,"key":"War Paint"},{"floor":43,"key":"Darkstone Periapt"},{"floor":44,"key":"Calipers"},{"floor":54,"key":"Gremlin Horn"}],"event_choices":[{"damage_healed":0,"gold_gain":75,"player_choice":"Gather Gold","damage_taken":11,"max_hp_gain":0,"max_hp_loss":0,"event_name":"World of Goop","floor":4,"gold_loss":0},{"damage_healed":0,"gold_gain":0,"player_choice":"Gave Potion","damage_taken":0,"relics_obtained":["Omamori"],"max_hp_gain":0,"max_hp_loss":0,"event_name":"WeMeetAgain","floor":10,"gold_loss":0},{"damage_healed":0,"gold_gain":275,"player_choice":"Desecrate","damage_taken":0,"max_hp_gain":0,"max_hp_loss":0,"event_name":"Golden Shrine","floor":19,"gold_loss":0,"cards_obtained":["Regret"]},{"damage_healed":0,"gold_gain":0,"player_choice":"0 cards matched","damage_taken":0,"max_hp_gain":0,"max_hp_loss":0,"event_name":"Match and Keep!","floor":27,"gold_loss":0,"cards_obtained":[]},{"damage_healed":0,"gold_gain":0,"player_choice":"Ignored","damage_taken":0,"max_hp_gain":0,"max_hp_loss":0,"event_name":"NoteForYourself","floor":31,"gold_loss":0},{"damage_healed":0,"gold_gain":0,"player_choice":"Max HP","damage_taken":0,"max_hp_gain":0,"max_hp_loss":4,"event_name":"Winding Halls","floor":37,"gold_loss":0},{"damage_healed":0,"gold_gain":0,"player_choice":"Fight","damage_taken":0,"max_hp_gain":0,"max_hp_loss":0,"event_name":"MindBloom","floor":44,"gold_loss":0}],"is_beta":false,"boss_relics":[{"not_picked":["FrozenCore","Ectoplasm"],"picked":"SlaversCollar"},{"not_picked":["Busted Crown","Runic Pyramid"],"picked":"Calling Bell"}],"items_purged_floors":[3,36],"is_endless":false,"potions_floor_spawned":[7,14,16,21,25,33,41,42,47,48],"killed_by":"The Heart","ascension_level":0}}