{"host":"yss3m9ygfcyke5zi","time":1609163745,"event":{"mods":["2.2 Compatiblity","BaseMod","Highlight Path","Minty Spire (QoL Compilation)","Permanent Neow"],"gold_per_floor":[20,35,52,52,52,52,71,86,86,112,62,62,62,76,76,174,174,193,69,79,94,105,105,105],"floor_reached":23,"playtime":1957,"items_purged":["Strike_P"],"score":220,"play_id":"84118689-12bc-4fc0-b809-fb3577404835","local_time":"20201228225545","is_ascension_mode":false,"campfire_choices":[{"data":"JustLucky","floor":6,"key":"SMITH"},{"floor":13,"key":"REST"},{"floor":15,"key":"REST"}],"circlet_count":0,"master_deck":["Strike_P","Strike_P","Defend_P","Defend_P","Defend_P","Defend_P","Eruption","Vigilance","Tantrum","JustLucky+1","FlurryOfBlows","ClearTheMind","InnerPeace","EmptyMind","Enlightenment","Sanctity","Meditate","Devotion","FlurryOfBlows","FlurryOfBlows+1","Adaptation","EmptyFist"],"relics":["PureWater","Du-Vu Doll","Singing Bowl","Question Card","Vajra","Fusion Hammer"],"acts_visited":["Exordium","TheCity"],"potions_floor_usage":[8,10,16,23,23],"damage_taken":[{"damage":2,"enemies":"Cultist","floor":1,"turns":3},{"damage":7,"enemies":"2 Louse","floor":2,"turns":3},{"damage":1,"enemies":"Small Slimes","floor":3,"turns":2},{"damage":10,"enemies":"2 Fungi Beasts","floor":7,"turns":3},{"damage":15,"enemies":"Lots of Slimes","floor":8,"turns":4},{"damage":30,"enemies":"Gremlin Nob","floor":10,"turns":4},{"damage":0,"enemies":"Large Slime","floor":14,"turns":3},{"damage":23,"enemies":"Hexaghost","floor":16,"turns":6},{"damage":0,"enemies":"3 Byrds","floor":18,"turns":3},{"damage":0,"enemies":"Shell Parasite","floor":20,"turns":2},{"damage":2,"enemies":"Cultist and Chosen","floor":21,"turns":4},{"damage":10,"enemies":"Snake Plant","floor":22,"turns":4},{"damage":65,"enemies":"Slavers","floor":23,"turns":5}],"seed_played":"5976945638405890200","potions_obtained":[{"floor":1,"key":"BlessingOfTheForge"},{"floor":2,"key":"StancePotion"},{"floor":7,"key":"LiquidMemories"},{"floor":8,"key":"LiquidMemories"},{"floor":10,"key":"SmokeBomb"},{"floor":21,"key":"Explosive Potion"},{"floor":22,"key":"DuplicationPotion"}],"is_trial":false,"path_per_floor":["M","M","M","$","?","R","M","M","T","E","?","?","R","M","R","B",null,"M","$","M","M","M","E"],"character_chosen":"WATCHER","items_purchased":["FlurryOfBlows"],"campfire_rested":2,"item_purchase_floors":[19],"current_hp_per_floor":[70,63,62,62,62,62,52,37,37,7,7,7,28,28,49,26,72,74,74,74,72,62,0,0],"gold":105,"neow_bonus":"ONE_RARE_RELIC","is_daily":false,"chose_seed":false,"campfire_upgraded":1,"win_rate":0.0,"timestamp":1609163745,"path_taken":["M","M","?","$","?","R","?","M","T","E","?","?","R","?","R","BOSS","M","$","M","M","M","E"],"items_purchased_type":["Card"],"build_version":"2020-12-22","purchased_purges":1,"victory":false,"max_hp_per_floor":[72,72,72,72,72,72,72,72,72,72,72,72,72,72,72,72,72,74,74,74,74,74,74,74],"card_choices":[{"not_picked":["CrushJoints","JustLucky"],"picked":"Tantrum","floor":1},{"not_picked":["FollowUp","Crescendo"],"picked":"JustLucky","floor":2},{"not_picked":["JustLucky","CarveReality"],"picked":"FlurryOfBlows","floor":3},{"not_picked":["Wallop","EmptyFist"],"picked":"ClearTheMind","floor":7},{"not_picked":["FearNoEvil","EmptyFist"],"picked":"InnerPeace","floor":8},{"not_picked":["MasterReality","BowlingBash","FlyingSleeves"],"picked":"EmptyMind","floor":10},{"not_picked":["LikeWater","FlyingSleeves","CrushJoints"],"picked":"Meditate","floor":14},{"not_picked":["ConjureBlade","Judgement","Scrawl"],"picked":"Devotion","floor":16},{"not_picked":["Protect+1","Evaluate","FlyingSleeves+1","CutThroughFate"],"picked":"Singing Bowl","floor":18},{"not_picked":["SashWhip","Wallop","EmptyBody"],"picked":"FlurryOfBlows+1","floor":20},{"not_picked":["DevaForm","EmptyFist+1","SignatureMove"],"picked":"Adaptation","floor":21},{"not_picked":["EmptyMind","Vengeance","CutThroughFate"],"picked":"EmptyFist","floor":22}],"player_experience":135380,"relics_obtained":[{"floor":9,"key":"Question Card"},{"floor":10,"key":"Vajra"}],"event_choices":[{"damage_healed":0,"gold_gain":0,"player_choice":"Gave Potion","damage_taken":0,"relics_obtained":["Singing Bowl"],"max_hp_gain":0,"max_hp_loss":0,"event_name":"WeMeetAgain","floor":5,"gold_loss":0},{"cards_removed":["Strike_P"],"damage_healed":0,"gold_gain":0,"player_choice":"Card Removal","damage_taken":0,"max_hp_gain":0,"max_hp_loss":0,"event_name":"The Cleric","floor":11,"gold_loss":50},{"damage_healed":0,"gold_gain":0,"player_choice":"2 cards matched","damage_taken":0,"max_hp_gain":0,"max_hp_loss":0,"event_name":"Match and Keep!","floor":12,"gold_loss":0,"cards_obtained":["Enlightenment","Sanctity"]}],"is_beta":false,"boss_relics":[{"not_picked":["Snecko Eye","SlaversCollar"],"picked":"Fusion Hammer"}],"items_purged_floors":[19],"is_endless":false,"potions_floor_spawned":[1,2,7,8,10,21,22],"killed_by":"Slavers","ascension_level":0}}