{"host":"46hhpd9tbruz5rpt","time":1609131013,"event":{"mods":["BaseMod","Marisa£®ÏF”Í°°ƒß¿Ì…≥£©","Minty Spire (QoL Compilation)","Quick Restart","Replay The Spire","StSLib","The Cursed","The Servant 0.9.4"],"gold_per_floor":[11,28,28,41,51,51,242,242,242,252,264,264,283,133,133,235,235,245,245,245,20,37,37,67,85,112,112,126,159,258,274,274,371,371,382,243,296,341,414,446,446,456,482,498,498,510,510,450,450,450],"floor_reached":51,"playtime":2068,"items_purged":["Strike_MRS","Strike_MRS","CollectingQuirk+1"],"score":913,"play_id":"9e25b5e3-cb74-4703-bbe2-9ec9da44c18b","local_time":"20201228125013","is_ascension_mode":true,"campfire_choices":[{"data":"GrandCross","floor":6.0,"key":"SMITH"},{"data":"OortCloud","floor":12.0,"key":"SMITH"},{"data":"ManaRampage","floor":15.0,"key":"SMITH"},{"data":"MilkyWay","floor":23.0,"key":"SMITH"},{"data":"GrandCross","floor":27,"key":"SMITH"},{"data":"UpSweep","floor":32,"key":"SMITH"},{"data":"PowerUp","floor":41,"key":"SMITH"},{"data":"Pot Of Greed","floor":45,"key":"SMITH"},{"data":"Pot Of Greed","floor":47,"key":"SMITH"},{"floor":49,"key":"DIG"}],"circlet_count":0,"master_deck":["MasterSpark+1","UpSweep+1","OortCloud+1","MilkyWay+1","GrandCross+1","GrandCross+1","ManaRampage+1","AsteroidBelt+1","EarthLightRay+1","PowerUp+1","MeteoricShower+1","SuperPerseids","ShootingEcho+1","MachineGunSpark+1","CollectingQuirk+1","PowerUp+1","SuperPerseids+1","6A+1","GrandCross+1","UnstableBomb+1","Pot Of Greed+1","Pot Of Greed+1","EscapeVelocity+1","BlazeAway+1"],"relics":["MiniHakkero","Replay:Baseball","Shuriken","Honey Jar","StoneCalendar","Membership Card","Molten Egg 2","Juzu Bracelet","Replay:Ringing Soul","Pandora\u0027s Box","Sling","CatCart","Ginger","Onion Ring","Frozen Egg 2","Grinning Jar","Pondfish Scales","Thread and Needle"],"acts_visited":["Exordium","TheCity","TheBeyond"],"potions_floor_usage":[25,25,37,46,50,50],"damage_taken":[{"damage":10.0,"enemies":"Small Slimes","floor":1.0,"turns":3.0},{"damage":2.0,"enemies":"Jaw Worm","floor":2.0,"turns":3.0},{"damage":0.0,"enemies":"2 Louse","floor":4.0,"turns":2.0},{"damage":2.0,"enemies":"Blue Slaver","floor":5.0,"turns":4.0},{"damage":0.0,"enemies":"Exordium Thugs","floor":10.0,"turns":2.0},{"damage":5.0,"enemies":"Lots of Slimes","floor":11.0,"turns":3.0},{"damage":1.0,"enemies":"Looter","floor":13.0,"turns":3.0},{"damage":14.0,"enemies":"The Guardian","floor":16.0,"turns":5.0},{"damage":0.0,"enemies":"Chosen","floor":18.0,"turns":3.0},{"damage":9.0,"enemies":"Shell Parasite","floor":22.0,"turns":2.0},{"damage":8.0,"enemies":"Slavers","floor":24.0,"turns":4.0},{"damage":0,"enemies":"Snake Plant","floor":25,"turns":1},{"damage":6,"enemies":"Shelled Parasite and Fungi","floor":28,"turns":2},{"damage":13,"enemies":"Replay:Snechameleon","floor":29,"turns":3},{"damage":12,"enemies":"Cultist and Chosen","floor":31,"turns":3},{"damage":29,"enemies":"Automaton","floor":33,"turns":5},{"damage":0,"enemies":"Orb Walker","floor":35,"turns":1},{"damage":18,"enemies":"Orin","floor":37,"turns":5},{"damage":20,"enemies":"2 Orb Walkers","floor":38,"turns":3},{"damage":9,"enemies":"R_Hoarder","floor":40,"turns":4},{"damage":5,"enemies":"3 Shapes","floor":42,"turns":3},{"damage":0,"enemies":"3 Darklings","floor":44,"turns":2},{"damage":0,"enemies":"Writhing Mass","floor":46,"turns":2},{"damage":36,"enemies":"Donu and Deca","floor":50,"turns":3}],"seed_played":"7637787478087083225","potions_obtained":[{"floor":5.0,"key":"Dexterity Potion"},{"floor":10.0,"key":"PowerPotion"},{"floor":13.0,"key":"PowerPotion"},{"floor":18.0,"key":"Strength Potion"},{"floor":22.0,"key":"DistilledChaos"},{"floor":35,"key":"Ancient Potion"},{"floor":42,"key":"Cursed Concoction"},{"floor":44,"key":"Flashbang"},{"floor":46,"key":"BottledSpark"}],"is_trial":false,"path_per_floor":["M","M","?","M","M","R","?","T","T","M","M","R","M","$","R","B",null,"M","?","T","$","M","R","E","M","T","R","M","E","?","M","R","B",null,"M","$","?","?","T","E","R","M","T","M","R","M","R","?","R","B",null],"character_chosen":"MARISA","items_purchased":["ManaRampage","Membership Card","EarthLightRay+1","Sling"],"campfire_rested":0,"item_purchase_floors":[14,21,21,36],"current_hp_per_floor":[65,63,48,48,46,46,28,28,28,28,23,23,22,22,22,8,75,75,75,75,75,72,72,70,70,70,70,69,65,65,62,62,42,84,87,87,77,66,66,66,66,70,73,76,76,85,85,85,85,49],"gold":450,"neow_bonus":"REMOVE_TWO","is_daily":false,"chose_seed":false,"campfire_upgraded":9,"win_rate":0.0,"timestamp":1609131013,"path_taken":["M","M","?","M","M","R","?","?","T","M","M","R","M","$","R","BOSS","M","?","?","$","M","R","E","M","T","R","M","E","?","M","R","BOSS","M","$","?","?","?","E","R","M","T","M","R","M","R","?","R","BOSS"],"items_purchased_type":["Card","Relic","Card","Relic"],"build_version":"2020-12-22","purchased_purges":3,"victory":true,"max_hp_per_floor":[75,75,75,75,75,75,75,75,75,75,75,75,75,75,75,75,75,75,75,75,75,75,75,75,75,75,75,75,78,78,81,81,84,84,87,87,90,93,93,96,96,99,102,105,105,108,108,108,108,108],"card_choices":[{"not_picked":["IllusionStar","MysteriousBeam"],"picked":"OortCloud","floor":1.0},{"not_picked":["DC","SuperNova","UnstableBomb"],"picked":"SKIP","floor":2.0},{"not_picked":["Acceleration","LuminesStrike"],"picked":"MilkyWay","floor":4.0},{"not_picked":["ShootingEcho","ManaConvection"],"picked":"GrandCross","floor":5.0},{"not_picked":["IllusionStar","DC"],"picked":"GrandCross","floor":7.0},{"not_picked":["WitchOfGreed","Orbital","NonDirectionalLaser"],"picked":"SKIP","floor":10.0},{"not_picked":["WitchLeyline","WitchOfGreed","UnstableBomb"],"picked":"SKIP","floor":11.0},{"not_picked":["StarDustReverie","StarlightTyphoon","ShootTheMoon"],"picked":"SKIP","floor":13.0},{"not_picked":["FairyDestructionRay","ShootTheMoon","LuminesStrike"],"picked":"AsteroidBelt+1","floor":18.0},{"not_picked":["MysteriousBeam","EventHorizon+1","SporeBomb"],"picked":"PowerUp+1","floor":22.0},{"not_picked":["PowerUp","ShootTheMoon+1","GalacticHalo"],"picked":"MeteoricShower+1","floor":24.0},{"not_picked":["SporeBomb","Acceleration","EnergyRecoil+1"],"picked":"SuperPerseids","floor":25},{"not_picked":["StarlightTyphoon","DC+1","EventHorizon"],"picked":"ShootingEcho+1","floor":28},{"not_picked":["WitchOfGreed","FairyDestructionRay+1","WitchLeyline+1"],"picked":"CollectingQuirk+1","floor":29},{"not_picked":["ShootingEcho+1","AsteroidBelt","SporeBomb+1"],"picked":"MachineGunSpark+1","floor":31},{"not_picked":["BigCrunch","TreasureHunter+1","BinaryStars"],"picked":"CollectingQuirk+1","floor":33},{"not_picked":["DoubleSpark+1","ShootingEcho+1","OortCloud+1"],"picked":"PowerUp","floor":35},{"not_picked":["WitchLeyline+1","OpenUniverse","GalacticHalo"],"picked":"SuperPerseids+1","floor":37},{"not_picked":["AsteroidBelt+1","Acceleration","SprinkleStarSeal+1"],"picked":"6A+1","floor":38},{"not_picked":["DoubleSpark+1","Robbery+1","OpenUniverse"],"picked":"GrandCross+1","floor":40},{"not_picked":["GalacticHalo","EnergyRecoil","Occultation+1"],"picked":"UnstableBomb+1","floor":42},{"not_picked":["MilkyWay+1","RefractionSpark+1","ManaConvection"],"picked":"EscapeVelocity+1","floor":44},{"not_picked":["DarkMatter+1","DoubleSpark+1","MagicChant+1"],"picked":"BlazeAway+1","floor":46}],"player_experience":91107,"relics_obtained":[{"floor":8.0,"key":"Replay:Baseball"},{"floor":9.0,"key":"Shuriken"},{"floor":20.0,"key":"StoneCalendar"},{"floor":24.0,"key":"Molten Egg 2"},{"floor":26,"key":"Juzu Bracelet"},{"floor":29,"key":"Replay:Ringing Soul"},{"floor":37,"key":"CatCart"},{"floor":38,"key":"Ginger"},{"floor":39,"key":"Onion Ring"},{"floor":40,"key":"Frozen Egg 2"},{"floor":43,"key":"Grinning Jar"},{"floor":49,"key":"Thread and Needle"}],"event_choices":[{"damage_healed":0.0,"max_hp_gain":0.0,"max_hp_loss":0.0,"gold_gain":0.0,"event_name":"Shining Light","player_choice":"Entered Light","floor":3.0,"gold_loss":0.0,"damage_taken":15.0,"cards_upgraded":["MasterSpark","Defend_MRS"]},{"damage_healed":0.0,"max_hp_gain":0.0,"max_hp_loss":0.0,"gold_gain":0.0,"event_name":"Ghosts","player_choice":"Ignored","floor":19.0,"gold_loss":0.0,"damage_taken":0.0},{"damage_healed":0,"gold_gain":99,"player_choice":"Stole From Cult","damage_taken":0,"max_hp_gain":0,"max_hp_loss":0,"event_name":"Nest","floor":30,"gold_loss":0},{"damage_healed":0,"gold_gain":0,"player_choice":"Fight","damage_taken":0,"max_hp_gain":0,"max_hp_loss":0,"event_name":"OrinTheCat","floor":37,"gold_loss":0},{"damage_healed":0,"gold_gain":0,"player_choice":"Fight","damage_taken":0,"max_hp_gain":0,"max_hp_loss":0,"event_name":"Mysterious Sphere","floor":38,"gold_loss":0},{"damage_healed":0,"gold_gain":0,"player_choice":"Paid Gold","damage_taken":0,"relics_obtained":["Pondfish Scales"],"max_hp_gain":0,"max_hp_loss":0,"event_name":"WeMeetAgain","floor":48,"gold_loss":60}],"is_beta":false,"boss_relics":[{"not_picked":["Replay:Grab Bag","SlaversCollar"],"picked":"Honey Jar"},{"not_picked":["Painkiller Herb","Runic Pyramid"],"picked":"Pandora\u0027s Box"}],"items_purged_floors":[14,21,36],"is_endless":false,"potions_floor_spawned":[5,10,13,18,22,35,42,44,46],"ascension_level":4}}