{"host":"zdmzy2d4yvl8k6jn","time":1609133638,"event":{"mods":["AchievementEnabler","BaseMod","BetterRewards","Key Reminder","Marisa????????","Minty Spire (QoL Compilation)","Quick Restart","Shop Mod","StSLib","The Runesmith","Unceasing Turn Reminder","[IsaacMod]????"],"gold_per_floor":[119,139,139,151,151,183,183,201,278,150,163,176,197,16,16,121,121,135,58,71,85,85,85,85,101,173,203,214,117,117,142,142,142,142],"floor_reached":33,"playtime":740,"items_purged":["Defend_G","Strike_G"],"score":317,"play_id":"eb3c6ef0-c9a5-4d3a-921d-2a77d1095c1c","local_time":"20201228003358","is_ascension_mode":false,"campfire_choices":[{"floor":7,"key":"REST"},{"floor":15,"key":"REST"},{"data":"Backstab","floor":23,"key":"SMITH"},{"data":"Dramatic Entrance","floor":30,"key":"SMITH"},{"data":"Backstab","floor":32,"key":"SMITH"}],"circlet_count":0,"master_deck":["Strike_G","Strike_G","Strike_G","Strike_G","Defend_G","Defend_G","Survivor","Neutralize","Blade Dance","Blade Dance","Backstab+1","Swift Strike","Backstab+1","Shame","Dramatic Entrance+1"],"relics":["Ring of the Snake","HushsDoor","NeowsBlessing","GuppysTail","Sundial","DeadEye","Odd Mushroom","Runic Dome","Dead Branch","MutagenicStrength","Toxic Egg 2","TuHaoJin","Red Mask"],"acts_visited":["Exordium","TheCity"],"potions_floor_usage":[6,13,16,16,20,27,27,33],"damage_taken":[{"damage":0,"enemies":"2 Louse","floor":1,"turns":1},{"damage":0,"enemies":"Jaw Worm","floor":2,"turns":1},{"damage":0,"enemies":"Small Slimes","floor":4,"turns":1},{"damage":27,"enemies":"Gremlin Nob","floor":6,"turns":5},{"damage":9,"enemies":"Looter","floor":8,"turns":4},{"damage":0,"enemies":"Gremlin Gang","floor":11,"turns":1},{"damage":0,"enemies":"2 Fungi Beasts","floor":12,"turns":1},{"damage":0,"enemies":"The Mushroom Lair","floor":13,"turns":2},{"damage":26,"enemies":"Hexaghost","floor":16,"turns":3},{"damage":5,"enemies":"Shell Parasite","floor":18,"turns":3},{"damage":0,"enemies":"Spheric Guardian","floor":20,"turns":2},{"damage":0,"enemies":"Snecko","floor":21,"turns":2},{"damage":0,"enemies":"Sentry and Sphere","floor":25,"turns":1},{"damage":0,"enemies":"Book of Stabbing","floor":27,"turns":1},{"damage":0,"enemies":"3 Cultists","floor":28,"turns":3},{"damage":0,"enemies":"Masked Bandits","floor":31,"turns":2},{"damage":69,"enemies":"Champ","floor":33,"turns":6}],"seed_played":"-8445153918272226090","potions_obtained":[{"floor":2,"key":"Fire Potion"},{"floor":4,"key":"Swift Potion"},{"floor":11,"key":"BlessingOfTheForge"},{"floor":12,"key":"AttackPotion"},{"floor":16,"key":"ColorlessPotion"},{"floor":18,"key":"GamblersBrew"},{"floor":20,"key":"PowerPotion"},{"floor":28,"key":"FearPotion"}],"is_trial":false,"path_per_floor":["M","M","?","M","?","E","R","M","T","$","M","M","?","$","R","B",null,"M","$","M","M","?","R","?","M","T","E","M","$","R","?","R","B"],"character_chosen":"THE_SILENT","items_purchased":["Blade Dance","Swift Strike","Backstab","Dramatic Entrance"],"campfire_rested":2,"item_purchase_floors":[10,14,19,29],"current_hp_per_floor":[70,70,70,70,63,36,57,48,48,48,48,48,48,48,69,43,70,65,65,65,65,65,65,65,65,65,65,65,65,65,65,65,0,0],"gold":142,"neow_bonus":"THREE_ENEMY_KILL","is_daily":false,"chose_seed":false,"campfire_upgraded":3,"win_rate":0.0,"timestamp":1609133638,"path_taken":["M","M","?","M","?","E","R","?","T","$","M","M","?","$","R","BOSS","M","$","?","M","?","R","?","M","T","E","M","$","R","?","R","BOSS"],"items_purchased_type":["Card","Card","Card","Card"],"build_version":"2020-12-22","purchased_purges":2,"victory":false,"max_hp_per_floor":[70,70,70,70,70,70,70,70,70,70,70,70,70,70,70,70,70,70,70,70,70,70,70,70,70,70,70,70,70,70,70,70,70,70],"card_choices":[{"not_picked":["Endless Agony","Acrobatics","Crippling Poison"],"picked":"SKIP","floor":1},{"not_picked":["Bane","Caltrops","Cloak And Dagger"],"picked":"SKIP","floor":2},{"not_picked":["Acrobatics","Escape Plan"],"picked":"Bomb","floor":4},{"not_picked":["Flechettes","Calculated Gamble","Doppelganger"],"picked":"SKIP","floor":6},{"not_picked":["Bane","Catalyst"],"picked":"Blade Dance","floor":8},{"not_picked":["Backflip","Accuracy"],"picked":"Backstab","floor":11},{"not_picked":["Catalyst","Malaise","Footwork"],"picked":"SKIP","floor":12},{"not_picked":["Outmaneuver","Endless Agony"],"picked":"Bomb","floor":13},{"not_picked":["Well Laid Plans","Cloak And Dagger","Deflect"],"picked":"SKIP","floor":18},{"not_picked":["Expertise","Dash","Dodge and Roll+1"],"picked":"SKIP","floor":20},{"not_picked":["Acrobatics","Skewer","Expertise+1"],"picked":"SKIP","floor":21},{"not_picked":["Dagger Throw","Heel Hook","Acrobatics"],"picked":"SKIP","floor":25},{"not_picked":["Deflect+1","Quick Slash","Expertise+1"],"picked":"SKIP","floor":27},{"not_picked":["Masterful Stab","Bane","Dodge and Roll+1"],"picked":"SKIP","floor":28}],"player_experience":309746,"relics_obtained":[{"floor":6,"key":"Sundial"},{"floor":9,"key":"DeadEye"},{"floor":13,"key":"Odd Mushroom"},{"floor":26,"key":"Toxic Egg 2"},{"floor":27,"key":"TuHaoJin"},{"floor":31,"key":"Red Mask"}],"event_choices":[{"cards_removed":["Defend_G"],"damage_healed":0,"gold_gain":0,"player_choice":"Forget","damage_taken":0,"max_hp_gain":0,"max_hp_loss":0,"event_name":"Living Wall","floor":3,"gold_loss":0},{"cards_removed":["Defend_G"],"damage_healed":0,"gold_gain":0,"player_choice":"Card Removal","damage_taken":7,"max_hp_gain":0,"max_hp_loss":0,"event_name":"Golden Wing","floor":5,"gold_loss":0},{"damage_healed":0,"gold_gain":0,"player_choice":"Fought Mushrooms","damage_taken":0,"max_hp_gain":0,"max_hp_loss":0,"event_name":"Mushrooms","floor":13,"gold_loss":0},{"damage_healed":0,"gold_gain":0,"player_choice":"Stole Relic","damage_taken":0,"relics_obtained":["Dead Branch"],"max_hp_gain":0,"max_hp_loss":0,"event_name":"Addict","floor":22,"gold_loss":0,"cards_obtained":["Shame"]},{"damage_healed":0,"gold_gain":0,"player_choice":"Inject Mutagens","damage_taken":0,"relics_obtained":["MutagenicStrength"],"max_hp_gain":0,"max_hp_loss":0,"event_name":"Drug Dealer","floor":24,"gold_loss":0},{"damage_healed":0,"gold_gain":0,"player_choice":"Fought Bandits","damage_taken":0,"max_hp_gain":0,"max_hp_loss":0,"event_name":"Masked Bandits","floor":31,"gold_loss":0}],"is_beta":false,"boss_relics":[{"not_picked":["Pandora\u0027s Box","Philosopher\u0027s Stone"],"picked":"Runic Dome"},{"not_picked":[]}],"items_purged_floors":[10,14],"is_endless":false,"potions_floor_spawned":[2,4,11,12,16,18,20,28],"killed_by":"Champ","ascension_level":0}}