{"host":"nnqdcpockwq7zc6f","time":1609130998,"event":{"mods":["BaseMod","Better Note","Downfall","Hubris","Minty Spire (QoL Compilation)","Replay The Spire","StSLib"],"gold_per_floor":[115,47,63,81,92,92,13,33,33,64,76,93,105,119,119,119,119],"floor_reached":16,"playtime":689,"items_purged":[],"score":133,"play_id":"52a3c4c4-6971-46b6-bc45-6a1a0d21b8ae","local_time":"20201227214958","is_ascension_mode":false,"campfire_choices":[{"data":"ReplayTheSpireMod:LeadingStrike","floor":6,"key":"SMITH"},{"floor":15,"key":"REST"}],"circlet_count":0,"master_deck":["Strike_R","Strike_R","Strike_R","Strike_R","Strike_R","Defend_R","Defend_R","Defend_R","Defend_R","Bash","Life Link","ReplayTheSpireMod:LeadingStrike+1","Twin Strike","ReplayTheSpireMod:Strike From Hell","Cleave","Seeing Red","Shrug It Off"],"relics":["Burning Blood","MealTicket","Pear"],"acts_visited":["Exordium"],"potions_floor_usage":[5,16,16,16],"damage_taken":[{"damage":6,"enemies":"Cultist","floor":1,"turns":3},{"damage":8,"enemies":"Jaw Worm","floor":3,"turns":4},{"damage":0,"enemies":"Small Slimes","floor":4,"turns":3},{"damage":22,"enemies":"Exordium Wildlife","floor":5,"turns":4},{"damage":20,"enemies":"Exordium Thugs","floor":8,"turns":3},{"damage":31,"enemies":"3 Sentries","floor":10,"turns":6},{"damage":5,"enemies":"3 Louse","floor":11,"turns":3},{"damage":3,"enemies":"2 Fungi Beasts","floor":12,"turns":3},{"damage":7,"enemies":"Blue Slaver","floor":13,"turns":2},{"damage":15,"enemies":"Looter","floor":14,"turns":2},{"damage":99,"enemies":"Fading Forest","floor":16,"turns":9}],"seed_played":"7259330976681846517","potions_obtained":[{"floor":1,"key":"sneckomod:MuddlingPotion"},{"floor":10,"key":"sneckomod:MuddlingPotion"},{"floor":11,"key":"Doom Potion"},{"floor":12,"key":"ElixirPotion"},{"floor":14,"key":"BlessingOfTheForge"}],"is_trial":false,"path_per_floor":["M","$","M","M","M","R","$","M","T","E","M","M","M","M","R","B"],"character_chosen":"IRONCLAD","items_purchased":["ReplayTheSpireMod:LeadingStrike","Seeing Red"],"campfire_rested":1,"item_purchase_floors":[2,7],"current_hp_per_floor":[88,88,86,88,72,72,72,58,58,43,44,47,46,37,66,0,0],"gold":119,"neow_bonus":"TEN_PERCENT_HP_BONUS","is_daily":false,"chose_seed":false,"campfire_upgraded":1,"win_rate":0.0,"timestamp":1609130998,"path_taken":["M","$","M","M","?","R","$","M","T","E","M","M","M","M","R","BOSS"],"items_purchased_type":["Card","Card"],"build_version":"2020-12-22","purchased_purges":0,"victory":false,"max_hp_per_floor":[88,88,88,88,88,88,88,88,88,98,98,98,98,98,98,98,98],"card_choices":[{"not_picked":["Replay:Undeath\u0027s Touch","hubris:ReadiedAction"],"picked":"Life Link","floor":1},{"not_picked":["Entrench","Life Link"],"picked":"Twin Strike","floor":3},{"not_picked":["Battle Trance","Iron Wave"],"picked":"ReplayTheSpireMod:Strike From Hell","floor":4},{"not_picked":["Uppercut","Combust"],"picked":"Cleave","floor":5},{"not_picked":["Infernal Blade","Twin Strike","ReplayTheSpireMod:Strike From Hell"],"picked":"SKIP","floor":8},{"not_picked":["Clash","Uppercut","True Grit"],"picked":"SKIP","floor":10},{"not_picked":["Clothesline","Headbutt","Sentinel"],"picked":"SKIP","floor":11},{"not_picked":["Cleave","ReplayTheSpireMod:Strike From Hell","Run Through"],"picked":"SKIP","floor":12},{"not_picked":["Corruption","Flex","Heavy Blade"],"picked":"SKIP","floor":13},{"not_picked":["ReplayTheSpireMod:LeadingStrike","hubris:ReadiedAction"],"picked":"Shrug It Off","floor":14}],"player_experience":341345,"relics_obtained":[{"floor":9,"key":"MealTicket"},{"floor":10,"key":"Pear"}],"event_choices":[],"is_beta":false,"boss_relics":[],"items_purged_floors":[],"is_endless":false,"potions_floor_spawned":[1,10,11,12,14],"killed_by":"Fading Forest","ascension_level":0}}