{"host":"2se5dq1do2gp0x9k","time":1609134907,"event":{"mods":["AchievementEnabler","BaseMod","Block Reminder","Colored Map","Colored Powertips","Minty Spire (QoL Compilation)","Relic Stats","StSLib","SuperFastMode"],"gold_per_floor":[117,135,149,149,168,202,212,212,238,269,281,321,333,371,383,470,482,482,482,34,34,34,34,34,34,34,34,34,34,34,34,34,34,34,34,34,34,34,34,34,34,34,34,34,34,34,34,34,34,34,34,34,34,8,8,8,8],"floor_reached":56,"playtime":2529,"items_purged":["Strike_B"],"score":2120,"play_id":"f0a47d2f-ea7e-4680-86f9-9ce73e7084c2","local_time":"20201227215507","is_ascension_mode":true,"campfire_choices":[{"data":"Hyperbeam","floor":8.0,"key":"SMITH"},{"floor":13.0,"key":"REST"},{"data":"1","floor":15,"key":"LIFT"},{"floor":23,"key":"REST"},{"data":"Hologram","floor":25,"key":"SMITH"},{"data":"2","floor":27,"key":"LIFT"},{"data":"Hologram","floor":30,"key":"SMITH"},{"data":"3","floor":32,"key":"LIFT"},{"data":"Meteor Strike","floor":45,"key":"SMITH"},{"floor":49,"key":"RECALL"},{"data":"Reinforced Body","floor":53,"key":"SMITH"}],"circlet_count":0,"master_deck":["AscendersBane","Strike_B","Strike_B","Strike_B","Defend_B","Defend_B","Defend_B","Zap","Dualcast+1","Hologram+1","Rebound","Reinforced Body+1","Hyperbeam+1","Meteor Strike+1","Echo Form","Leap","Undo","Echo Form","Hologram+1","Turbo","Sunder+1","Conserve Battery+1","Conserve Battery","Meteor Strike+1","Creative AI","Static Discharge+1","Creative AI","Compile Driver"],"relics":["Cracked Core","Bird Faced Urn","Vajra","Pen Nib","MawBank","Regal Pillow","Girya","Ectoplasm","Gambling Chip","Potion Belt","Snecko Eye","Nunchaku","Mango","Gremlin Horn","Bottled Tornado","War Paint","CaptainsWheel"],"acts_visited":["Exordium","TheCity","TheBeyond","TheEnding"],"potions_floor_usage":[14,16,40,55,56,56,56],"damage_taken":[{"damage":10.0,"enemies":"Small Slimes","floor":1.0,"turns":3.0},{"damage":1.0,"enemies":"Cultist","floor":2.0,"turns":3.0},{"damage":3.0,"enemies":"2 Louse","floor":3.0,"turns":3.0},{"damage":0.0,"enemies":"2 Fungi Beasts","floor":5.0,"turns":3.0},{"damage":25.0,"enemies":"3 Sentries","floor":6.0,"turns":4.0},{"damage":0.0,"enemies":"Lots of Slimes","floor":7.0,"turns":2.0},{"damage":11.0,"enemies":"Lagavulin","floor":10.0,"turns":6.0},{"damage":8.0,"enemies":"3 Sentries","floor":12.0,"turns":6.0},{"damage":0,"enemies":"Gremlin Nob","floor":14,"turns":3},{"damage":23,"enemies":"Slime Boss","floor":16,"turns":8},{"damage":13,"enemies":"3 Byrds","floor":18,"turns":4},{"damage":11,"enemies":"Shell Parasite","floor":21,"turns":3},{"damage":4,"enemies":"Chosen and Byrds","floor":24,"turns":4},{"damage":0,"enemies":"Sentry and Sphere","floor":28,"turns":3},{"damage":7,"enemies":"Centurion and Healer","floor":29,"turns":2},{"damage":26,"enemies":"Gremlin Leader","floor":31,"turns":4},{"damage":29,"enemies":"Collector","floor":33,"turns":9},{"damage":16,"enemies":"3 Darklings","floor":35,"turns":3},{"damage":0,"enemies":"Orb Walker","floor":37,"turns":1},{"damage":0,"enemies":"Transient","floor":38,"turns":6},{"damage":2,"enemies":"Spire Growth","floor":39,"turns":5},{"damage":8,"enemies":"Reptomancer","floor":40,"turns":5},{"damage":16,"enemies":"2 Orb Walkers","floor":41,"turns":4},{"damage":0,"enemies":"Giant Head","floor":42,"turns":6},{"damage":0,"enemies":"Reptomancer","floor":44,"turns":4},{"damage":0,"enemies":"Maw","floor":46,"turns":3},{"damage":78,"enemies":"Time Eater","floor":50,"turns":11},{"damage":17,"enemies":"Donu and Deca","floor":51,"turns":6},{"damage":47,"enemies":"Shield and Spear","floor":55,"turns":5},{"damage":74,"enemies":"The Heart","floor":56,"turns":6}],"seed_played":"-6706009329354793727","potions_obtained":[{"floor":2.0,"key":"FearPotion"},{"floor":5.0,"key":"SmokeBomb"},{"floor":12.0,"key":"Weak Potion"},{"floor":16,"key":"Strength Potion"},{"floor":18,"key":"LiquidBronze"},{"floor":21,"key":"LiquidMemories"},{"floor":24,"key":"DuplicationPotion"},{"floor":33,"key":"Swift Potion"},{"floor":37,"key":"PowerPotion"},{"floor":41,"key":"Fire Potion"},{"floor":46,"key":"Strength Potion"}],"is_trial":false,"path_per_floor":["M","M","M","?","M","E","M","R","T","E","?","E","R","E","R","B",null,"M","?","$","M","?","R","M","R","T","R","M","M","R","E","R","B",null,"M","$","M","M","M","E","?","E","T","E","R","M","?","?","R","B","B",null,"R","$","E","B"],"character_chosen":"DEFECT","items_purchased":["Gambling Chip","Turbo","Compile Driver"],"campfire_rested":2,"item_purchase_floors":[20,20,54],"current_hp_per_floor":[54,53,50,50,50,25,25,25,25,16,16,8,42,42,42,21,53,42,42,42,31,31,64,61,61,61,61,64,57,57,33,33,6,50,40,40,40,56,64,56,66,78,78,78,78,78,78,78,78,72,78,78,78,78,55,0,0],"gold":8,"neow_bonus":"ONE_RARE_RELIC","is_daily":false,"chose_seed":false,"campfire_upgraded":5,"win_rate":0.0,"timestamp":1609134907,"path_taken":["M","M","M","?","?","E","M","R","T","E","?","E","R","E","R","BOSS","M","?","$","?","?","R","M","R","T","R","M","M","R","E","R","BOSS","M","$","M","?","M","E","?","E","T","E","R","M","?","?","R","BOSS","BOSS","R","$","E","BOSS"],"items_purchased_type":["Relic","Card","Card"],"build_version":"2020-12-22","purchased_purges":1,"victory":false,"max_hp_per_floor":[64,64,64,64,64,64,64,64,64,64,64,64,64,64,64,64,64,64,64,64,64,64,64,64,64,64,64,64,64,64,64,64,64,64,64,64,64,64,64,64,78,78,78,78,78,78,78,78,78,78,78,78,78,78,78,78,78],"relic_stats":{"Regal Pillow":29,"Nunchaku":[9],"Gremlin Horn":[8,8],"counters":[30,135],"Bird Faced Urn":[207],"Gambling Chip":[88],"Snecko Eye":[122,94,113,115],"Pen Nib":[20],"Ectoplasm":664,"War Paint":["Dualcast","Conserve Battery"],"MawBank":84,"obtain_stats":[{"Potion Belt":31,"Girya":14,"Regal Pillow":12,"Gremlin Horn":42,"Vajra":6,"Mango":41,"Pen Nib":9,"Bottled Tornado":43,"War Paint":44,"MawBank":10,"Nunchaku":40,"CaptainsWheel":55,"Bird Faced Urn":0,"Gambling Chip":20,"Snecko Eye":34,"Ectoplasm":17,"Cracked Core":0},{"Potion Belt":16,"Girya":9,"Regal Pillow":8,"Gremlin Horn":24,"Vajra":5,"Mango":23,"Pen Nib":6,"Bottled Tornado":24,"War Paint":25,"MawBank":7,"Nunchaku":22,"CaptainsWheel":29,"Bird Faced Urn":0,"Gambling Chip":11,"Snecko Eye":17,"Ectoplasm":10,"Cracked Core":0},{"Potion Belt":61,"Girya":33,"Regal Pillow":30,"Gremlin Horn":100,"Vajra":16,"Mango":94,"Pen Nib":18,"Bottled Tornado":100,"War Paint":104,"MawBank":24,"Nunchaku":90,"CaptainsWheel":129,"Bird Faced Urn":0,"Gambling Chip":45,"Snecko Eye":70,"Ectoplasm":41,"Cracked Core":0}]},"card_choices":[{"not_picked":["Aggregate","Steam"],"picked":"Hologram","floor":1.0},{"not_picked":["Auto Shields","Conserve Battery"],"picked":"Rebound","floor":2.0},{"not_picked":["Conserve Battery","Redo"],"picked":"Reinforced Body","floor":3.0},{"not_picked":["Leap","Go for the Eyes"],"picked":"Meteor Strike","floor":5.0},{"not_picked":["Loop","Amplify"],"picked":"Echo Form","floor":6.0},{"not_picked":["Blizzard","Storm"],"picked":"Leap","floor":7.0},{"not_picked":["Steam","Consume","Reboot"],"picked":"SKIP","floor":10.0},{"not_picked":["Ball Lightning","Chill"],"picked":"Undo","floor":12.0},{"not_picked":["Streamline","Barrage","Gash"],"picked":"SKIP","floor":14},{"not_picked":["All For One","Fission"],"picked":"Echo Form","floor":16},{"not_picked":["Stack","Redo"],"picked":"Hologram","floor":18},{"not_picked":["Loop","Lockon"],"picked":"Sunder","floor":21},{"not_picked":["Streamline","Turbo"],"picked":"Conserve Battery","floor":24},{"not_picked":["Turbo","Ball Lightning"],"picked":"Conserve Battery","floor":28},{"not_picked":["Leap","Conserve Battery","Sweeping Beam"],"picked":"SKIP","floor":29},{"not_picked":["Genetic Algorithm+1","Defragment"],"picked":"Meteor Strike","floor":31},{"not_picked":["Amplify","Biased Cognition"],"picked":"Creative AI","floor":33},{"not_picked":["Loop","Beam Cell","Conserve Battery"],"picked":"SKIP","floor":35},{"not_picked":["Gash+1","Streamline","Stack"],"picked":"SKIP","floor":37},{"not_picked":["Undo","Fusion"],"picked":"Static Discharge+1","floor":38},{"not_picked":["Barrage+1","Undo"],"picked":"Creative AI","floor":39},{"not_picked":["Hello World","Fusion","Go for the Eyes"],"picked":"SKIP","floor":40},{"not_picked":["Conserve Battery+1","Auto Shields","Redo+1"],"picked":"SKIP","floor":42},{"not_picked":["Tempest","Steam","Melter"],"picked":"SKIP","floor":44},{"not_picked":["BootSequence","Fusion+1","Genetic Algorithm+1"],"picked":"SKIP","floor":46},{"not_picked":["Hyperbeam","Rip and Tear","Cold Snap"],"picked":"SKIP","floor":55}],"player_experience":3621799,"relics_obtained":[{"floor":6.0,"key":"Vajra"},{"floor":9.0,"key":"Pen Nib"},{"floor":10.0,"key":"MawBank"},{"floor":12.0,"key":"Regal Pillow"},{"floor":14,"key":"Girya"},{"floor":31,"key":"Potion Belt"},{"floor":40,"key":"Nunchaku"},{"floor":41,"key":"Mango"},{"floor":42,"key":"Gremlin Horn"},{"floor":43,"key":"Bottled Tornado"},{"floor":44,"key":"War Paint"},{"floor":55,"key":"CaptainsWheel"}],"event_choices":[{"damage_healed":0.0,"max_hp_gain":0.0,"max_hp_loss":0.0,"gold_gain":0.0,"event_name":"Match and Keep!","player_choice":"1 cards matched","floor":4.0,"gold_loss":0.0,"damage_taken":0.0,"cards_obtained":["Hyperbeam"]},{"damage_healed":0.0,"max_hp_gain":0.0,"max_hp_loss":0.0,"gold_gain":0.0,"event_name":"Scrap Ooze","player_choice":"Fled","floor":11.0,"gold_loss":0.0,"damage_taken":0.0},{"damage_healed":0,"gold_gain":200,"player_choice":"Gold","damage_taken":0,"max_hp_gain":0,"max_hp_loss":0,"event_name":"Wheel of Change","floor":19,"gold_loss":0},{"damage_healed":0,"gold_gain":0,"player_choice":"Upgraded","damage_taken":0,"max_hp_gain":0,"max_hp_loss":0,"event_name":"Upgrade Shrine","floor":22,"gold_loss":0,"cards_upgraded":["Sunder"]},{"damage_healed":0,"gold_gain":0,"player_choice":"Fight","damage_taken":0,"max_hp_gain":0,"max_hp_loss":0,"event_name":"Mysterious Sphere","floor":41,"gold_loss":0},{"cards_removed":["Defend_B"],"damage_healed":0,"gold_gain":0,"player_choice":"Removed Skill","damage_taken":0,"max_hp_gain":0,"max_hp_loss":0,"event_name":"Falling","floor":47,"gold_loss":0},{"damage_healed":0,"gold_gain":0,"player_choice":"Forge","damage_taken":0,"max_hp_gain":0,"max_hp_loss":0,"event_name":"Accursed Blacksmith","floor":48,"gold_loss":0,"cards_upgraded":["Meteor Strike"]}],"is_beta":false,"boss_relics":[{"not_picked":["Inserter","FrozenCore"],"picked":"Ectoplasm"},{"not_picked":["Cursed Key","Calling Bell"],"picked":"Snecko Eye"}],"items_purged_floors":[20],"is_endless":false,"potions_floor_spawned":[2,5,10,12,16,18,21,24,28,33,37,38,41,42,44,46],"killed_by":"The Heart","ascension_level":20}}