{"host":"74dd5wft8qrvuqwb","time":1609168496,"event":{"mods":["2.2 Compatiblity","Act Like it!","Ascension Reborn","Aspiration","BaseMod","Better Altar","Better Skull","Better Third Choice","Block Reminder","CapriCore","Colored Powertips","DeckTracker","Elementarium","Gensokyo","Hallownest","Hermit","Hubris","Infinite Spire","Marisa????????","Minty Spire (QoL Compilation)","Quick Restart","READ ME - Guardian Mod","Rare Cards Sparkle","Relic Stats","StSLib","The Bug Knight","The Cursed","The Disciple","The Elementalist","The Exalted","The Immortal","The Mystic","The Necromancer","The Runesmith","The Servant 0.9.4"],"gold_per_floor":[113,124,141,154,154,154,182,198,247,156,156,156,190,202,202,299,299,326,345,345,295,324,359,359,21,21,48,72,72,95,110,110,218,218,240,266,44,94,117,117,144,0,27,52,76,76,103,103,103,103],"floor_reached":51,"playtime":3858,"items_purged":[],"score":685,"play_id":"1075b4dc-8ccc-4746-9015-acbf37d1a9f0","local_time":"20201228161456","is_ascension_mode":true,"campfire_choices":[{"data":"Runesmith:HeatedChisel","floor":6,"key":"SMITH"},{"floor":11,"key":"REST"},{"floor":15,"key":"REST"},{"floor":24,"key":"REST"},{"data":"Runesmith:Firestorm","floor":32,"key":"SMITH"},{"data":"Runesmith:UnlimitedPower","floor":40,"key":"SMITH"},{"floor":49,"key":"REST"}],"circlet_count":0,"master_deck":["Runesmith:Strike_RS","Runesmith:Strike_RS","Runesmith:Strike_RS+1","Runesmith:Strike_RS","Runesmith:Defend_RS","Runesmith:Defend_RS","Runesmith:Defend_RS","Runesmith:Defend_RS+1","Runesmith:CraftFirestone","Runesmith:Fortify","Runesmith:HeatedChisel+1","Runesmith:CraftMagma","Runesmith:Attraction","Runesmith:Retool","Runesmith:ReplicatingBarrier","Runesmith:HammerAndChisel","Runesmith:Firestorm+1","Runesmith:EarthShield","Runesmith:Grindstone+1","Runesmith:Discharge","Runesmith:CraftMedicinae+1","Runesmith:Accelerate+1","Runesmith:HammerTime+1","Runesmith:Reinforce+1","Runesmith:Prism+1","Runesmith:ChiselStab","Runesmith:GrandSlam","Runesmith:HammerAndChisel+1","Runesmith:MetallurgicalResearch+1","Runesmith:RuneHurl+1","Runesmith:UnlimitedPower+1","Runesmith:Accelerate+1","Runesmith:CraftProtectio+1","Runesmith:LithiumIon","Runesmith:StaticCage+1","Runesmith:Reinforce+1","Runesmith:BackupBattery+1","Runesmith:HeatExchange+1","Runesmith:Supernova+1"],"relics":["Runesmith:BrokenRuby","Orichalcum","Gambling Chip","Blood Vial","Toxic Egg 2","Calling Bell","CeramicFish","infinitespire:WardingShard","Mango","hubris:Towel","aspiration:Stabinomicon","hubris:HerbalPaste","Gremlin Horn","hubris:Backtick","Mummified Hand","hubris:EmptyBottle","HandDrill","Runesmith:EmergencyProvisions","hubris:Icosahedron"],"acts_visited":["Exordium","TheCity","TheBeyond"],"potions_floor_usage":[7,16,23,23,33,39,39,45,45,50,50],"damage_taken":[{"damage":0,"enemies":"Cultist","floor":1,"turns":3},{"damage":0,"enemies":"Small Slimes","floor":2,"turns":3},{"damage":1,"enemies":"Jaw Worm","floor":3,"turns":4},{"damage":3,"enemies":"Large Slime","floor":4,"turns":6},{"damage":32,"enemies":"Gremlin Nob","floor":7,"turns":5},{"damage":0,"enemies":"Lots of Slimes","floor":8,"turns":6},{"damage":3,"enemies":"Lagavulin","floor":13,"turns":7},{"damage":0,"enemies":"Blue Slaver","floor":14,"turns":3},{"damage":15,"enemies":"Slime Boss","floor":16,"turns":10},{"damage":12,"enemies":"Shell Parasite","floor":18,"turns":6},{"damage":7,"enemies":"Spheric Guardian","floor":19,"turns":5},{"damage":24,"enemies":"Centurion and Healer","floor":22,"turns":9},{"damage":9,"enemies":"Book of Stabbing","floor":23,"turns":7},{"damage":15,"enemies":"Sentry and Sphere","floor":27,"turns":8},{"damage":1,"enemies":"Cultist and Chosen","floor":28,"turns":6},{"damage":18,"enemies":"Centurion and Healer","floor":30,"turns":10},{"damage":20,"enemies":"Snake Plant","floor":31,"turns":7},{"damage":30,"enemies":"Automaton","floor":33,"turns":10},{"damage":19,"enemies":"3 Shapes","floor":35,"turns":5},{"damage":30,"enemies":"Orb Walker","floor":36,"turns":6},{"damage":3,"enemies":"Jaw Worm Horde","floor":39,"turns":6},{"damage":9,"enemies":"Maw","floor":41,"turns":7},{"damage":47,"enemies":"Sphere and 2 Shapes","floor":44,"turns":10},{"damage":3,"enemies":"Spire Growth","floor":45,"turns":5},{"damage":3,"enemies":"Maw","floor":47,"turns":8},{"damage":29,"enemies":"infinitespire:MassOfShapes","floor":50,"turns":15}],"seed_played":"44982971349078022","potions_obtained":[{"floor":3,"key":"ColorlessPotion"},{"floor":7,"key":"Energy Potion"},{"floor":8,"key":"ColorlessPotion"},{"floor":13,"key":"SteroidPotion"},{"floor":16,"key":"SteroidPotion"},{"floor":22,"key":"Fruit Juice"},{"floor":30,"key":"ColorlessPotion"},{"floor":33,"key":"AttackPotion"},{"floor":36,"key":"AttackPotion"},{"floor":44,"key":"Swift Potion"}],"is_trial":false,"path_per_floor":["M","M","M","M","?","R","E","M","T","$","R","?","E","M","R","B",null,"M","M","?","?","M","E","R","$","T","M","M","?","M","M","R","B",null,"M","M","$","?","M","R","M","$","T","M","M","?","M","?","R","B",null],"character_chosen":"RUNESMITH_CLASS","items_purchased":["Runesmith:Firestorm","Runesmith:EarthShield","Runesmith:ChiselStab","hubris:HerbalPaste","Runesmith:GrandSlam","Runesmith:LithiumIon","hubris:EmptyBottle","HandDrill"],"campfire_rested":4,"item_purchase_floors":[10,10,25,25,25,37,37,42],"current_hp_per_floor":[70,70,69,66,52,52,20,20,20,20,41,41,40,42,63,50,84,75,70,70,70,48,46,72,72,72,65,72,81,77,65,65,51,89,73,53,53,53,64,64,72,72,72,37,42,42,53,58,84,63],"gold":103,"neow_bonus":"RANDOM_COMMON_RELIC","is_daily":false,"chose_seed":false,"campfire_upgraded":3,"win_rate":0.0,"timestamp":1609168496,"path_taken":["M","M","?","M","?","R","E","M","T","$","R","?","E","M","R","BOSS","M","M","?","?","M","E","R","$","T","?","M","?","M","M","R","BOSS","M","M","$","?","M","R","M","$","T","M","M","?","M","?","R","BOSS"],"items_purchased_type":["Card","Card","Card","Relic","Card","Card","Relic","Relic"],"build_version":"2020-12-22","purchased_purges":0,"victory":true,"max_hp_per_floor":[70,70,70,70,70,70,70,70,70,70,70,70,70,70,70,70,84,84,84,84,84,84,89,89,89,89,89,89,89,89,89,89,89,89,89,89,89,89,89,89,89,89,89,89,89,89,89,89,89,89],"relic_stats":{"Blood Vial":36,"Gremlin Horn":[22,22],"counters":[26,177],"Mummified Hand":[33],"Gambling Chip":[54],"CeramicFish":162,"HandDrill":[10],"Orichalcum":[234],"obtain_stats":[{"Runesmith:BrokenRuby":0,"Gremlin Horn":26,"CeramicFish":17,"Mango":17,"aspiration:Stabinomicon":23,"Orichalcum":0,"hubris:Towel":20,"hubris:EmptyBottle":37,"Runesmith:EmergencyProvisions":43,"Blood Vial":9,"Calling Bell":17,"hubris:HerbalPaste":25,"hubris:Backtick":34,"hubris:Icosahedron":46,"infinitespire:WardingShard":17,"Mummified Hand":34,"Gambling Chip":7,"HandDrill":42,"Toxic Egg 2":13},{"Runesmith:BrokenRuby":0,"Gremlin Horn":13,"CeramicFish":9,"Mango":9,"aspiration:Stabinomicon":13,"Orichalcum":0,"hubris:Towel":11,"hubris:EmptyBottle":20,"Runesmith:EmergencyProvisions":22,"Blood Vial":6,"Calling Bell":9,"hubris:HerbalPaste":13,"hubris:Backtick":18,"hubris:Icosahedron":24,"infinitespire:WardingShard":9,"Mummified Hand":18,"Gambling Chip":5,"HandDrill":22,"Toxic Egg 2":7},{"Runesmith:BrokenRuby":0,"Gremlin Horn":74,"CeramicFish":47,"Mango":47,"aspiration:Stabinomicon":74,"Orichalcum":0,"hubris:Towel":58,"hubris:EmptyBottle":126,"Runesmith:EmergencyProvisions":139,"Blood Vial":27,"Calling Bell":47,"hubris:HerbalPaste":74,"hubris:Backtick":115,"hubris:Icosahedron":154,"infinitespire:WardingShard":47,"Mummified Hand":115,"Gambling Chip":21,"HandDrill":139,"Toxic Egg 2":34}]},"card_choices":[{"not_picked":["Runesmith:Grindstone","Runesmith:ElementalConversion"],"picked":"Runesmith:HeatedChisel","floor":1},{"not_picked":["Runesmith:HeatExchange","Runesmith:MakeshiftArmor"],"picked":"Runesmith:CraftMagma","floor":2},{"not_picked":["Runesmith:UnstableHammer","Runesmith:CraftMagma"],"picked":"Runesmith:Attraction","floor":3},{"not_picked":["aspiration:UnbridledHammer","Runesmith:BackupBattery"],"picked":"Runesmith:Retool","floor":4},{"not_picked":["Runesmith:Augment","Runesmith:CraftMagma"],"picked":"Runesmith:ReplicatingBarrier","floor":7},{"not_picked":["Runesmith:Reinforce","Runesmith:Retool"],"picked":"Runesmith:HammerAndChisel","floor":8},{"not_picked":["Runesmith:HeatExchange","Runesmith:EarthShield+1"],"picked":"Runesmith:Grindstone+1","floor":13},{"not_picked":["Runesmith:Repurpose+1","Runesmith:Augment+1"],"picked":"Runesmith:Discharge","floor":14},{"not_picked":["Runesmith:CraftIndustria+1","Runesmith:LastStand+1"],"picked":"Runesmith:CraftMedicinae+1","floor":16},{"not_picked":["Runesmith:CraftProtectio+1","Runesmith:EarthShield+1"],"picked":"Runesmith:Accelerate+1","floor":18},{"not_picked":["Runesmith:HeatExchange+1","Runesmith:MakeshiftArmor+1"],"picked":"Runesmith:HammerTime+1","floor":19},{"not_picked":["Runesmith:Overpower","aspiration:UnbridledHammer"],"picked":"Runesmith:Reinforce+1","floor":22},{"not_picked":["Runesmith:Grindstone+1","Runesmith:HeatExchange+1"],"picked":"Runesmith:Prism+1","floor":23},{"not_picked":["Runesmith:FrozenChisel","Runesmith:EarthShield+1"],"picked":"Runesmith:HammerAndChisel+1","floor":27},{"not_picked":["Runesmith:Repurpose+1","Runesmith:HammerTime+1"],"picked":"Runesmith:MetallurgicalResearch+1","floor":28},{"not_picked":["Runesmith:Overpower","Runesmith:ChiselStab"],"picked":"Runesmith:RuneHurl+1","floor":30},{"not_picked":["Runesmith:CraftProtectio+1","Runesmith:ChiselStab","Runesmith:CraftMagma+1"],"picked":"SKIP","floor":31},{"not_picked":["Runesmith:CraftPrismatica+1","Runesmith:LastStand+1"],"picked":"Runesmith:UnlimitedPower","floor":33},{"not_picked":["Runesmith:EnergizedChisel","Runesmith:Grindstone+1"],"picked":"Runesmith:Accelerate+1","floor":35},{"not_picked":["Runesmith:WhiteBalance+1","Runesmith:MakeshiftArmor+1"],"picked":"Runesmith:CraftProtectio+1","floor":36},{"not_picked":["Runesmith:Accelerate+1","Runesmith:MakeshiftArmor+1"],"picked":"Runesmith:StaticCage+1","floor":39},{"not_picked":["Runesmith:ChiselStab+1","Runesmith:HeatedChisel"],"picked":"Runesmith:Reinforce+1","floor":41},{"not_picked":["Runesmith:HeatedChisel","Runesmith:Malloc+1"],"picked":"Runesmith:BackupBattery+1","floor":44},{"not_picked":["Runesmith:CraftProtectio+1","Runesmith:PerfectChisel"],"picked":"Runesmith:HeatExchange+1","floor":45},{"not_picked":["Runesmith:StaticCage+1","Runesmith:UnstableHammer"],"picked":"Runesmith:Supernova+1","floor":47}],"player_experience":433866,"relics_obtained":[{"floor":7,"key":"Gambling Chip"},{"floor":9,"key":"Blood Vial"},{"floor":13,"key":"Toxic Egg 2"},{"floor":17,"key":"CeramicFish"},{"floor":17,"key":"infinitespire:WardingShard"},{"floor":17,"key":"Mango"},{"floor":23,"key":"aspiration:Stabinomicon"},{"floor":26,"key":"Gremlin Horn"},{"floor":43,"key":"Runesmith:EmergencyProvisions"}],"event_choices":[{"damage_healed":66,"gold_gain":0,"player_choice":"Upgrade","damage_taken":14,"max_hp_gain":0,"max_hp_loss":70,"event_name":"betterThird:BetterShining","floor":5,"gold_loss":0,"cards_upgraded":["Runesmith:Strike_RS","Runesmith:Defend_RS"]},{"damage_healed":0,"gold_gain":0,"player_choice":"Ignored","damage_taken":0,"max_hp_gain":0,"max_hp_loss":0,"event_name":"Golden Wing","floor":12,"gold_loss":0},{"damage_healed":0,"gold_gain":0,"player_choice":"Bet on Owner","damage_taken":0,"max_hp_gain":0,"max_hp_loss":0,"event_name":"The Joust","floor":21,"gold_loss":50},{"cards_removed":["CurseOfTheBell"],"damage_healed":5,"gold_gain":0,"player_choice":"Offered Special","damage_taken":0,"max_hp_gain":0,"max_hp_loss":0,"event_name":"Bonfire Elementals","floor":48,"gold_loss":0}],"is_beta":false,"boss_relics":[{"not_picked":["aspiration:PoetsPen_weak","Pandora\u0027s Box"],"picked":"Calling Bell"},{"not_picked":["aspiration:RitualDagger","aspiration:RunicSpoon"],"picked":"hubris:Backtick"}],"items_purged_floors":[],"is_endless":false,"potions_floor_spawned":[3,7,8,13,16,22,30,33,36,44],"ascension_level":0}}