{"host":"gy28cvaawxgarp7n","time":1609155894,"event":{"mods":["BaseMod","Conspire","Downfall","Minty Spire (QoL Compilation)","StSLib"],"gold_per_floor":[99,99,113,63,63,63,63,13,61,58,8,67,17,60,75,93,93,93],"floor_reached":16,"playtime":350,"items_purged":[],"score":111,"play_id":"293e9861-0093-4154-96f4-d7a633e66dda","local_time":"20201228194454","is_ascension_mode":true,"campfire_choices":[{"data":"Slimebound:Split","floor":1,"key":"SMITH"},{"data":"Slimebound:RollThrough","floor":8,"key":"SMITH"},{"data":"Slimebound:ForwardTackle","floor":11,"key":"SMITH"},{"data":"Slimebound:DisruptingSlam","floor":13,"key":"SMITH"}],"circlet_count":0,"master_deck":["Slimebound:Strike_Slimebound","Slimebound:Strike_Slimebound","Slimebound:Strike_Slimebound","Slimebound:Tackle","Slimebound:Defend_Slimebound","Slimebound:Defend_Slimebound","Slimebound:Defend_Slimebound","Slimebound:Defend_Slimebound","Slimebound:Split+1","Slimebound:RollThrough+1","conspire:SpireCoStock","Slimebound:ViciousTackle","Slimebound:ForwardTackle+1","Slimebound:DisruptingSlam+1","Slimebound:Prepare","Slimebound:DivideAndConquer"],"relics":["Slimebound:AbsorbEndCombat","Vajra","conspire:DeflatedDodgeball","Slimebound:GreedOozeRelic","Letter Opener","Akabeko","conspire:Boomerang"],"acts_visited":["Exordium"],"potions_floor_usage":[16],"damage_taken":[{"damage":8,"enemies":"conspire:RoseBush","floor":3,"turns":3},{"damage":19,"enemies":"Gremlin Nob","floor":9,"turns":3},{"damage":13,"enemies":"downfall:FleeingMerchant","floor":10,"turns":4},{"damage":29,"enemies":"Lagavulin","floor":12,"turns":4},{"damage":0,"enemies":"Cultist","floor":14,"turns":2},{"damage":0,"enemies":"Small Slimes","floor":15,"turns":1},{"damage":34,"enemies":"downfall:Defect","floor":16,"turns":5}],"seed_played":"-8599404297854495222","potions_obtained":[{"floor":12,"key":"SpeedPotion"}],"is_trial":false,"path_per_floor":["R","?","M","?","?","?","T","R","E","$","R","E","R","M","M","B"],"character_chosen":"SLIMEBOUND","items_purchased":[],"campfire_rested":0,"item_purchase_floors":[],"current_hp_per_floor":[60,60,60,60,48,48,48,48,41,40,40,25,25,25,25,0,0,0],"gold":93,"neow_bonus":"RANDOM_COMMON_RELIC","is_daily":false,"chose_seed":false,"campfire_upgraded":4,"win_rate":0.0,"timestamp":1609155894,"path_taken":["R","?","?","?","?","?","T","R","E","?","R","E","R","M","M","BOSS"],"items_purchased_type":[],"build_version":"2020-12-22","purchased_purges":0,"victory":false,"max_hp_per_floor":[60,60,60,60,60,60,60,60,60,60,60,60,60,60,60,60,60,60],"card_choices":[{"not_picked":["Slimebound:SamplingLick","Slimebound:Schlurp"],"picked":"Slimebound:RollThrough","floor":3},{"not_picked":["Slimebound:FormOfPuddle","Slimebound:Grow"],"picked":"Slimebound:ViciousTackle","floor":9},{"not_picked":["Slimebound:DivideAndConquer","Slimebound:Nibble"],"picked":"Slimebound:ForwardTackle","floor":10},{"not_picked":["Slimebound:Darklings","Slimebound:SlimeTap"],"picked":"Slimebound:DisruptingSlam","floor":12},{"not_picked":["Slimebound:FinishingTackle","Slimebound:LeechingTouch"],"picked":"Slimebound:Prepare","floor":14},{"not_picked":["Slimebound:SlimeSpikes","Slimebound:DisruptingSlam"],"picked":"Slimebound:DivideAndConquer","floor":15}],"player_experience":172151,"relics_obtained":[{"floor":7,"key":"Letter Opener"},{"floor":9,"key":"Akabeko"},{"floor":12,"key":"conspire:Boomerang"}],"event_choices":[{"cards_removed":["Slimebound:CorrosiveSpit"],"damage_healed":0,"gold_gain":0,"player_choice":"Offered Basic","damage_taken":0,"max_hp_gain":0,"max_hp_loss":0,"event_name":"Bonfire Elementals","floor":2,"gold_loss":0},{"damage_healed":0,"gold_gain":0,"player_choice":"Invest 1","damage_taken":0,"max_hp_gain":0,"max_hp_loss":0,"event_name":"conspire:Investor","floor":4,"gold_loss":0},{"damage_healed":0,"gold_gain":0,"player_choice":"Success","damage_taken":12,"relics_obtained":["conspire:DeflatedDodgeball"],"max_hp_gain":0,"max_hp_loss":0,"event_name":"Scrap Ooze","floor":5,"gold_loss":0}],"is_beta":false,"boss_relics":[],"items_purged_floors":[],"is_endless":false,"potions_floor_spawned":[12],"killed_by":"downfall:Defect","ascension_level":1}}