{"host":"ff0k6g9g9j8o52vm","time":1609125607,"event":{"mods":["AchievementEnabler","Aspiration","Astrologer","BaseMod","Beaked The Cultist","Better Altar","Better Match","Better Note","Better Sensory Stone","Better Skull","Better Third Choice","Colored Map","Colored Powertips","Curses Come First","DeckTracker","Downfall","Duelist Mod","Energized Spire","GifTheSpireLib","Gremlin Mod","Hermit","Highlight Path","Hubris","Infinite Spire","Jorbs\u0027s Wanderer Trilogy","Koishi","Marisa????????","Minty Spire (QoL Compilation)","Quick Restart","Random Character Button","Replay The Spire","Robot Space Explorer","StSLib","The Animator","The Bug Knight","The Construct","The Cursed","The Disciple","The Dragon Tamer","The Forsaken","The Hayseed","The Hierophant","The Judge","The Jungle","The Marked","The Mystic","The Necromancer","The Poker Player","The Runesmith","The Senshi","The Servant 0.9.4","TheArtist","Wandering Minibosses"],"gold_per_floor":[10,27,39,56,69,69,144,144,171,141,141,171,171,200,200,301,301,317,417,417,417,429,429,429,452,469,486,486,96,114,114,114,114],"floor_reached":33,"playtime":4556,"items_purged":["TheCursedMod:Strike_TheCursed"],"score":255,"play_id":"ceb1ed97-541a-49fb-9a52-34e36fd95491","local_time":"20201227192007","is_ascension_mode":false,"campfire_choices":[{"data":"TheCursedMod:SoulReap","floor":6,"key":"SMITH"},{"data":"TheCursedMod:LuckyCharm","floor":8,"key":"SMITH"},{"floor":15,"key":"REST"},{"data":"TheCursedMod:NeowsMight","floor":23,"key":"SMITH"},{"data":"expansioncontent:QuickStudy","floor":25,"key":"SMITH"},{"data":"TheCursedMod:CursedWand","floor":29,"key":"SMITH"},{"data":"ReplayTheSpireMod:Necrogeddon","floor":32,"key":"SMITH"}],"circlet_count":0,"master_deck":["TheCursedMod:Strike_TheCursed","TheCursedMod:Strike_TheCursed","TheCursedMod:Strike_TheCursed","TheCursedMod:Defend_TheCursed","TheCursedMod:Defend_TheCursed","TheCursedMod:Defend_TheCursed","TheCursedMod:Defend_TheCursed","TheCursedMod:CursedWand+1","TheCursedMod:CleanUpWorkshop","TheCursedMod:Dregs","TheCursedMod:SoulReap+1","TheCursedMod:CursedArmor","TheCursedMod:Grudge","TheCursedMod:LuckyCharm+1","TheCursedMod:Grudge","TheCursedMod:CircleOfFlame","expansioncontent:QuickStudy+1","TheCursedMod:SurpriseAttack","TheCursedMod:NeowsMight+1","TheCursedMod:SmokeScreen","TheCursedMod:SoulReap","TheCursedMod:TroublousMinions+1","TheCursedMod:AbyssShockwave+1","ReplayTheSpireMod:Necrogeddon+1","TheCursedMod:CollectTribute"],"relics":["TheCursedMod:BlackMagic101","hubris:Teleporter","Pen Nib","Strawberry","Blood Vial","SlaversCollar","hubris:SlimyHat"],"acts_visited":["Exordium","Exordium"],"potions_floor_usage":[12,14,16,18,22,33,33],"damage_taken":[{"damage":0,"enemies":"2 Louse","floor":1,"turns":2},{"damage":0,"enemies":"Jaw Worm","floor":2,"turns":4},{"damage":0,"enemies":"Small Slimes","floor":3,"turns":5},{"damage":13,"enemies":"2 Fungi Beasts","floor":4,"turns":7},{"damage":0,"enemies":"3 Louse","floor":5,"turns":8},{"damage":5,"enemies":"Looter","floor":10,"turns":4},{"damage":11,"enemies":"Gremlin Nob","floor":12,"turns":4},{"damage":28,"enemies":"Lagavulin","floor":14,"turns":8},{"damage":3,"enemies":"Slime Boss","floor":16,"turns":10},{"damage":13,"enemies":"theJungle:Flameango_and_Byrd","floor":18,"turns":8},{"damage":4,"enemies":"theJungle:MUSHROOMGANG","floor":22,"turns":6},{"damage":21,"enemies":"theJungle:Lyon","floor":27,"turns":10},{"damage":14,"enemies":"theJungle:2_Snecko_Cultists","floor":28,"turns":7},{"damage":3,"enemies":"theJungle:JungleHuntersEncounter","floor":31,"turns":5},{"damage":120,"enemies":"theJungle:QueenSpyder","floor":33,"turns":10}],"seed_played":"-4065145956096761636","potions_obtained":[{"floor":2,"key":"PowerPotion"},{"floor":3,"key":"PowerPotion"},{"floor":12,"key":"Elixir"},{"floor":14,"key":"Slimebound:ThreeZeroPotion"},{"floor":18,"key":"DuplicationPotion"},{"floor":28,"key":"Languid Potion"}],"is_trial":false,"path_per_floor":["M","M","M","M","M","R","?","R","T","M","?","E","?","E","R","B",null,"M","?","?","?","M","R","R","T","M","M","R","$","M","R","B"],"character_chosen":"THE_CURSED","items_purchased":["ReplayTheSpireMod:Necrogeddon","Adrenaline Potion","hexamod:EctoCoolerPotion"],"campfire_rested":1,"item_purchase_floors":[30,30,30],"current_hp_per_floor":[75,75,75,63,66,66,55,55,55,57,60,66,66,45,70,76,85,72,72,72,77,82,82,82,82,75,70,70,70,82,82,0,0],"gold":114,"neow_bonus":"ONE_RARE_RELIC","is_daily":false,"chose_seed":false,"campfire_upgraded":6,"win_rate":0.0,"timestamp":1609125607,"path_taken":["M","M","M","M","M","R","?","R","T","M","?","E","?","E","R","BOSS","M","?","?","?","?","R","R","T","M","M","R","$","M","R","BOSS"],"items_purchased_type":["Card","Potion","Potion"],"build_version":"2020-12-22","purchased_purges":1,"victory":false,"max_hp_per_floor":[75,75,75,75,75,75,75,75,75,75,78,85,85,85,85,85,85,85,85,85,85,85,85,85,85,85,85,85,85,85,85,85,85],"card_choices":[{"not_picked":["TheCursedMod:SmokeScreen","TheCursedMod:CircleOfCorruption"],"picked":"TheCursedMod:SoulReap","floor":1},{"not_picked":["TheCursedMod:CursedShiv","TheCursedMod:CircleOfFlame"],"picked":"TheCursedMod:CursedArmor","floor":2},{"not_picked":["TheCursedMod:Hemoplague","TheCursedMod:CircleOfWindfury"],"picked":"TheCursedMod:Grudge","floor":3},{"not_picked":["TheCursedMod:CursedMace","TheCursedMod:StunningStrike"],"picked":"TheCursedMod:LuckyCharm","floor":4},{"not_picked":["TheCursedMod:CircleOfBlood","TheCursedMod:StingEye"],"picked":"TheCursedMod:Grudge","floor":5},{"not_picked":["TheCursedMod:CursedShiv","TheCursedMod:Stretching","TheCursedMod:FuryStrike"],"picked":"SKIP","floor":10},{"not_picked":["TheCursedMod:Stretching","TheCursedMod:VitalStrike"],"picked":"TheCursedMod:CircleOfFlame","floor":12},{"not_picked":["expansioncontent:PrepareCrush","expansioncontent:PolyBeam"],"picked":"expansioncontent:QuickStudy","floor":13},{"not_picked":["TheCursedMod:Stigma","TheCursedMod:EmpowerCircles"],"picked":"TheCursedMod:SurpriseAttack","floor":14},{"not_picked":["TheCursedMod:DarkBarrier","TheCursedMod:DemonSword"],"picked":"TheCursedMod:NeowsMight","floor":16},{"not_picked":["TheCursedMod:VitalStrike","TheCursedMod:CircleOfFlame"],"picked":"TheCursedMod:SmokeScreen","floor":18},{"not_picked":["TheCursedMod:SmokeScreen","TheCursedMod:Obscuration"],"picked":"TheCursedMod:SoulReap","floor":22},{"not_picked":["TheCursedMod:Stretching","TheCursedMod:SmokeScreen+1"],"picked":"TheCursedMod:TroublousMinions+1","floor":27},{"not_picked":["TheCursedMod:RapidMovement","TheCursedMod:RavingStaff"],"picked":"TheCursedMod:AbyssShockwave+1","floor":28},{"not_picked":["TheCursedMod:StingEye","TheCursedMod:SpitefulStrike"],"picked":"TheCursedMod:CollectTribute","floor":31}],"player_experience":892210,"relics_obtained":[{"floor":9,"key":"Pen Nib"},{"floor":12,"key":"Strawberry"},{"floor":14,"key":"Blood Vial"},{"floor":26,"key":"hubris:SlimyHat"}],"event_choices":[{"damage_healed":0,"gold_gain":75,"player_choice":"Gold","damage_taken":11,"max_hp_gain":0,"max_hp_loss":0,"event_name":"betterThird:BetterGoop","floor":7,"gold_loss":0},{"damage_healed":0,"gold_gain":1,"player_choice":"1","damage_taken":0,"max_hp_gain":0,"max_hp_loss":0,"event_name":"betterStone:BetterStone","floor":13,"gold_loss":0},{"damage_healed":0,"gold_gain":100,"player_choice":"Pray","damage_taken":0,"max_hp_gain":0,"max_hp_loss":0,"event_name":"Golden Shrine","floor":19,"gold_loss":0},{"damage_healed":0,"gold_gain":0,"player_choice":"Ignored","damage_taken":0,"max_hp_gain":0,"max_hp_loss":0,"event_name":"Fountain of Cleansing","floor":20,"gold_loss":0},{"damage_healed":5,"gold_gain":0,"player_choice":"LEAVE ","damage_taken":0,"relics_obtained":[],"max_hp_gain":0,"max_hp_loss":0,"event_name":"betterSkull:BetterSkull","floor":21,"gold_loss":0,"cards_upgraded":[]}],"is_beta":false,"boss_relics":[{"not_picked":["beaked:MawFillet","energizedSpire:SpiderWeb"],"picked":"SlaversCollar"}],"items_purged_floors":[30],"is_endless":false,"potions_floor_spawned":[2,3,12,14,18,28],"killed_by":"theJungle:QueenSpyder","ascension_level":0}}