{"host":"q1yq0ibtlljsjzm9","time":1609137956,"event":{"mods":["BaseMod","DeckTracker","Marisa（霧雨　魔理沙）","Minty Spire (QoL Compilation)","StSLib"],"gold_per_floor":[118,135,66,79,42,70,70,70,141,216,216,216,256,256,256,377,377,390,430,430,477,18,39,13,13,37,57,57,70,70,93,93,221,221,240,17,17,32,32,32,32,32,32,32,32,48,48,72,72,72],"floor_reached":51,"playtime":3380,"items_purged":[],"score":650,"play_id":"42e965f8-0a51-4a8f-a0ec-aecf2847a867","local_time":"20201227224556","is_ascension_mode":false,"campfire_choices":[{"floor":7,"key":"REST"},{"floor":11,"key":"REST"},{"floor":15,"key":"REST"},{"floor":25,"key":"REST"},{"floor":28,"key":"REST"},{"floor":30,"key":"REST"},{"floor":32,"key":"REST"},{"floor":40,"key":"REST"},{"floor":45,"key":"REST"},{"floor":49,"key":"REST"}],"circlet_count":0,"master_deck":["Strike_G","Strike_G+1","Defend_G","Defend_G","Defend_G","Defend_G","Defend_G","Survivor","Neutralize+1","Backflip","Footwork","Caltrops","Predator+1","Leg Sweep","Bane","Catalyst","Corpse Explosion","Venomology+1","Deflect+1","Leg Sweep","Bane","Noxious Fumes","Dodge and Roll","Terror","Distraction","PiercingWail","Die Die Die+1","Bouncing Flask","Deadly Poison","Bane","Injury","Writhe","Night Terror"],"relics":["Fusion Hammer","Juzu Bracelet","Golden Idol","Pear","Spirit Poop","Question Card","Astrolabe","Red Mask","Nunchaku","Lee\u0027s Waffle","Vajra","Happy Flower","Bag of Preparation","Cursed Key","Whetstone","Ninja Scroll","Shuriken"],"acts_visited":["Exordium","TheCity","TheBeyond"],"potions_floor_usage":[13,18,19,20,23,23,27,27,29,33,33,46,46,48,48,48,50,50,50,50],"damage_taken":[{"damage":2.0,"enemies":"Cultist","floor":1.0,"turns":4.0},{"damage":6.0,"enemies":"Jaw Worm","floor":2.0,"turns":6.0},{"damage":0,"enemies":"Small Slimes","floor":4,"turns":5},{"damage":17,"enemies":"Gremlin Nob","floor":6,"turns":5},{"damage":14,"enemies":"3 Sentries","floor":13,"turns":9},{"damage":18,"enemies":"The Guardian","floor":16,"turns":16},{"damage":0,"enemies":"3 Byrds","floor":18,"turns":2},{"damage":31,"enemies":"Masked Bandits","floor":19,"turns":7},{"damage":0,"enemies":"Spheric Guardian","floor":20,"turns":1},{"damage":4,"enemies":"Centurion and Healer","floor":23,"turns":6},{"damage":17,"enemies":"3 Cultists","floor":27,"turns":5},{"damage":3,"enemies":"Snecko","floor":29,"turns":4},{"damage":1,"enemies":"Snake Plant","floor":31,"turns":5},{"damage":1,"enemies":"Automaton","floor":33,"turns":12},{"damage":2,"enemies":"3 Shapes","floor":35,"turns":3},{"damage":9,"enemies":"Orb Walker","floor":38,"turns":3},{"damage":1,"enemies":"4 Shapes","floor":46,"turns":3},{"damage":6,"enemies":"Sphere and 2 Shapes","floor":48,"turns":5},{"damage":41,"enemies":"Time Eater","floor":50,"turns":12}],"seed_played":"-2380062016105468707","potions_obtained":[{"floor":2.0,"key":"Explosive Potion"},{"floor":4,"key":"GhostInAJar"},{"floor":13,"key":"BlessingOfTheForge"},{"floor":18,"key":"SteroidPotion"},{"floor":29,"key":"Block Potion"},{"floor":33,"key":"FearPotion"},{"floor":38,"key":"CultistPotion"},{"floor":46,"key":"Dexterity Potion"}],"is_trial":false,"path_per_floor":["M","M","$","M","$","E","R","?","T","?","R","?","E","?","R","B",null,"M","?","M","T","$","M","$","R","T","M","R","M","R","M","R","B",null,"M","$","?","M","?","R","$","?","T","$","R","M","T","M","R","B",null],"character_chosen":"THE_SILENT","items_purchased":["Caltrops","Leg Sweep","Lee\u0027s Waffle","Vajra","Happy Flower","Dodge and Roll","Whetstone","Deadly Poison","Bane"],"campfire_rested":10,"item_purchase_floors":[3,5,22,22,22,24,36,36,36],"current_hp_per_floor":[68,62,62,62,62,45,66,66,76,65,80,80,66,50,74,56,80,80,49,49,49,87,83,83,87,87,70,87,84,87,86,87,86,87,85,85,85,76,76,87,87,87,87,87,87,86,86,80,87,46],"gold":72,"neow_bonus":"BOSS_RELIC","is_daily":false,"chose_seed":false,"campfire_upgraded":0,"win_rate":0.0,"timestamp":1609137956,"path_taken":["M","?","$","M","$","E","R","?","T","?","R","?","E","?","R","BOSS","M","?","M","?","$","M","?","R","T","M","R","M","R","M","R","BOSS","M","$","?","M","?","R","?","?","T","$","R","M","?","M","R","BOSS"],"items_purchased_type":["Card","Card","Relic","Relic","Relic","Card","Relic","Card","Card"],"build_version":"2020-12-22","purchased_purges":0,"victory":true,"max_hp_per_floor":[70,70,70,70,70,70,70,70,80,80,80,80,80,80,80,80,80,80,80,80,80,87,87,87,87,87,87,87,87,87,87,87,87,87,87,87,87,87,87,87,87,87,87,87,87,87,87,87,87,87],"card_choices":[{"not_picked":["Finisher","Outmaneuver"],"picked":"Backflip","floor":1.0},{"not_picked":["Slice","Tactician"],"picked":"Footwork","floor":2.0},{"not_picked":["Choke","Well Laid Plans"],"picked":"Predator","floor":4},{"not_picked":["Predator","Outmaneuver"],"picked":"Bane","floor":6},{"not_picked":["Bane","Underhanded Strike"],"picked":"Catalyst","floor":13},{"not_picked":["Bullet Time","Adrenaline","Die Die Die"],"picked":"Corpse Explosion","floor":16},{"not_picked":["Sucker Punch+1","Blade Dance","Bane"],"picked":"Leg Sweep","floor":18},{"not_picked":["Masterful Stab","Heel Hook","Backflip+1"],"picked":"Bane","floor":19},{"not_picked":["Backflip","PiercingWail","Sucker Punch"],"picked":"Noxious Fumes","floor":23},{"not_picked":["Caltrops","Deflect","Footwork"],"picked":"Terror","floor":27},{"not_picked":["Deflect","Bane","Acrobatics+1"],"picked":"Distraction","floor":29},{"not_picked":["Masterful Stab+1","Flechettes","Bane"],"picked":"PiercingWail","floor":31},{"not_picked":["Adrenaline","After Image","Venomology"],"picked":"Die Die Die","floor":33},{"not_picked":["Poisoned Stab","Noxious Fumes","Outmaneuver+1"],"picked":"Bouncing Flask","floor":35},{"not_picked":["Dodge and Roll","Blade Dance+1","Acrobatics","Prepared+1"],"picked":"SKIP","floor":38},{"not_picked":["Predator","Dodge and Roll","Flying Knee+1","Terror"],"picked":"SKIP","floor":46},{"not_picked":["Dagger Throw+1","Footwork","Outmaneuver"],"picked":"Night Terror","floor":48}],"player_experience":24685,"relics_obtained":[{"floor":6,"key":"Juzu Bracelet"},{"floor":9,"key":"Pear"},{"floor":13,"key":"Question Card"},{"floor":19,"key":"Red Mask"},{"floor":21,"key":"Nunchaku"},{"floor":26,"key":"Bag of Preparation"},{"floor":43,"key":"Ninja Scroll"},{"floor":47,"key":"Shuriken"}],"event_choices":[{"damage_healed":0,"gold_gain":0,"player_choice":"Take Wound","damage_taken":0,"relics_obtained":["Golden Idol"],"max_hp_gain":0,"max_hp_loss":0,"event_name":"Golden Idol","floor":8,"gold_loss":0,"cards_obtained":["Injury"]},{"damage_healed":0,"gold_gain":75,"player_choice":"Gather Gold","damage_taken":11,"max_hp_gain":0,"max_hp_loss":0,"event_name":"World of Goop","floor":10,"gold_loss":0},{"cards_removed":["Injury"],"damage_healed":0,"gold_gain":0,"player_choice":"Offered Curse","damage_taken":0,"relics_obtained":["Spirit Poop"],"max_hp_gain":0,"max_hp_loss":0,"event_name":"Bonfire Elementals","floor":12,"gold_loss":0},{"damage_healed":0,"gold_gain":0,"player_choice":"Entered Light","damage_taken":16,"max_hp_gain":0,"max_hp_loss":0,"event_name":"Shining Light","floor":14,"gold_loss":0,"cards_upgraded":["Neutralize","Strike_G"]},{"damage_healed":0,"gold_gain":0,"player_choice":"Fought Bandits","damage_taken":0,"max_hp_gain":0,"max_hp_loss":0,"event_name":"Masked Bandits","floor":19,"gold_loss":0},{"damage_healed":0,"gold_gain":0,"player_choice":"Ignored","damage_taken":0,"max_hp_gain":0,"max_hp_loss":0,"event_name":"Mysterious Sphere","floor":37,"gold_loss":0},{"cards_removed":["Bane"],"damage_healed":0,"gold_gain":0,"player_choice":"Removed Attack","damage_taken":0,"max_hp_gain":0,"max_hp_loss":0,"event_name":"Falling","floor":39,"gold_loss":0},{"damage_healed":0,"gold_gain":0,"player_choice":"Got Potions","damage_taken":0,"max_hp_gain":0,"max_hp_loss":0,"event_name":"Lab","floor":42,"gold_loss":0}],"is_beta":false,"boss_relics":[{"not_picked":["Tiny House","Coffee Dripper"],"picked":"Astrolabe"},{"not_picked":["WristBlade","Empty Cage"],"picked":"Cursed Key"}],"items_purged_floors":[],"is_endless":false,"potions_floor_spawned":[2,4,13,18,29,33,38,46],"ascension_level":0}}