{"host":"grli52lbdph2722t","time":1609180072,"event":{"mods":["AchievementEnabler","BaseMod","Downfall","Minty Spire (QoL Compilation)","Quick Restart","StSLib"],"gold_per_floor":[99,113,113,133,151,168,195,213,313,347,364,382,307,337,350,350,350,350],"floor_reached":16,"playtime":825,"items_purged":[],"score":174,"play_id":"12c05666-bbe2-4162-b0a7-4baa30d4cd22","local_time":"20201228192752","is_ascension_mode":true,"campfire_choices":[{"data":"champ:Execute","floor":1,"key":"SMITH"},{"floor":13,"key":"REST"}],"circlet_count":0,"master_deck":["AscendersBane","champ:Strike","champ:Strike","champ:Strike","champ:Defend","champ:Defend","champ:Defend","champ:Defend","champ:Execute+1","champ:Taunt","champ:Riposte","champ:EndlessRage","champ:FightOn","champ:BerserkersShout","champ:TornadoPunch","champ:RecklessLeap","champ:BladeFlurry","champ:BladeFlurry","champ:EnchantCrown","champ:ShieldWall"],"relics":["Snecko Eye","Bag of Preparation","PreservedInsect","downfall:HeartBlessingGreen","Centennial Puzzle"],"acts_visited":["Exordium"],"potions_floor_usage":[6,10,12,16,16],"damage_taken":[{"damage":0,"enemies":"2 Louse","floor":2,"turns":2},{"damage":11,"enemies":"Cultist","floor":4,"turns":3},{"damage":14,"enemies":"Jaw Worm","floor":5,"turns":4},{"damage":16,"enemies":"Gremlin Gang","floor":6,"turns":5},{"damage":42,"enemies":"Lots of Slimes","floor":8,"turns":5},{"damage":36,"enemies":"3 Sentries","floor":10,"turns":8},{"damage":30,"enemies":"Large Slime","floor":11,"turns":4},{"damage":15,"enemies":"3 Louse","floor":12,"turns":3},{"damage":22,"enemies":"Gremlin Nob","floor":14,"turns":4},{"damage":26,"enemies":"2 Fungi Beasts","floor":15,"turns":3},{"damage":46,"enemies":"downfall:Defect","floor":16,"turns":4}],"seed_played":"5785163347034917238","potions_obtained":[{"floor":2,"key":"Guardian:BlockOnCardUsePotion"},{"floor":4,"key":"AttackPotion"},{"floor":5,"key":"BlessingOfTheForge"},{"floor":10,"key":"Block Potion"},{"floor":14,"key":"SkillPotion"}],"is_trial":false,"path_per_floor":["R","M","?","M","M","M","T","M","?","E","M","M","R","E","M","B"],"character_chosen":"THE_CHAMP","items_purchased":[],"campfire_rested":1,"item_purchase_floors":[],"current_hp_per_floor":[81,81,81,80,76,70,70,49,49,32,28,28,55,38,32,0,0,0],"gold":350,"neow_bonus":"BOSS_RELIC","is_daily":false,"chose_seed":false,"campfire_upgraded":1,"win_rate":0.0,"timestamp":1609180072,"path_taken":["R","M","?","?","M","M","T","M","?","E","M","?","R","E","M","BOSS"],"items_purchased_type":[],"build_version":"2020-12-22","purchased_purges":0,"victory":false,"max_hp_per_floor":[90,90,90,90,90,90,90,90,90,90,90,90,90,90,90,90,90,90],"card_choices":[{"not_picked":["champ:ShieldSigil","champ:DefensiveShout"],"picked":"champ:Riposte","floor":2},{"not_picked":["champ:CrookedStrike","champ:GladiatorsShout"],"picked":"champ:EndlessRage","floor":4},{"not_picked":["champ:AdrenalArmor","champ:Backstep"],"picked":"champ:FightOn","floor":5},{"not_picked":["champ:RageSigil","champ:Shatter"],"picked":"champ:BerserkersShout","floor":6},{"not_picked":["champ:ShieldSigil","champ:Haymaker"],"picked":"champ:TornadoPunch","floor":8},{"not_picked":["champ:Backstep","champ:FocusedDefense"],"picked":"champ:RecklessLeap","floor":10},{"not_picked":["champ:Circumvent","champ:FocusedDefense"],"picked":"champ:BladeFlurry","floor":11},{"not_picked":["champ:Riposte","champ:ShieldSigil"],"picked":"champ:BladeFlurry","floor":12},{"not_picked":["champ:RapidStrikes","champ:RisingSlash"],"picked":"champ:EnchantCrown","floor":14},{"not_picked":["champ:StanceDance","champ:FocusedGladiator"],"picked":"champ:ShieldWall","floor":15}],"player_experience":4897303,"relics_obtained":[{"floor":7,"key":"Bag of Preparation"},{"floor":10,"key":"PreservedInsect"},{"floor":14,"key":"Centennial Puzzle"}],"event_choices":[{"cards_removed":["champ:Strike"],"damage_healed":0,"gold_gain":0,"player_choice":"Offered Basic","damage_taken":0,"max_hp_gain":0,"max_hp_loss":0,"event_name":"Bonfire Elementals","floor":3,"gold_loss":0}],"is_beta":false,"boss_relics":[],"items_purged_floors":[],"is_endless":false,"potions_floor_spawned":[2,4,5,10,14],"killed_by":"downfall:Defect","ascension_level":10}}