{"host":"2lqi9xx9scmc3cqh","time":1609146506,"event":{"mods":["AchievementEnabler","BaseMod","Colored Map","Minty Spire (QoL Compilation)","Remove Card Discount Mod","StSLib"],"gold_per_floor":[116,129,145,145,4320,4320,4336,4346,4346,4346,4346,4378,4392,4392,4392,4465,4515,4531,4545,4565,4035,4050,4050,4050,3518,3518,3518,3468,3483,3496,3496,3496],"floor_reached":31,"playtime":1364,"items_purged":["Strike_G","Strike_G","Defend_G","Defend_G","Strike_G","Strike_G","Regret","Shame"],"score":493,"play_id":"9f959c6c-01a2-4e18-87e8-6bf0c142a431","local_time":"20201228180826","is_ascension_mode":true,"campfire_choices":[{"data":"Envenom","floor":6,"key":"SMITH"},{"data":"Neutralize","floor":11,"key":"SMITH"},{"floor":15,"key":"REST"},{"floor":23,"key":"REST"},{"data":"Deadly Poison","floor":27,"key":"SMITH"}],"circlet_count":0,"master_deck":["AscendersBane","Strike_G","Defend_G","Defend_G","Defend_G","Survivor","Neutralize+1","Caltrops+1","Envenom+1","Prepared","Acrobatics","Poisoned Stab+1","Noxious Fumes+1","Noxious Fumes","Deadly Poison+1","Backflip+1","Burst","Backstab","Bane+1","Escape Plan"],"relics":["Ring of the Snake","Ice Cream","Bronze Scales","Boot","TwistedFunnel","Frozen Egg 2","Blue Candle","Bag of Marbles","Tiny House","Tiny Chest","Sling","Whetstone","MawBank","Oddly Smooth Stone","Meat on the Bone","Medical Kit","Kunai"],"acts_visited":["Exordium","TheCity"],"potions_floor_usage":[16,16,20,29],"damage_taken":[{"damage":0,"enemies":"Cultist","floor":1,"turns":4},{"damage":4,"enemies":"2 Louse","floor":2,"turns":3},{"damage":2,"enemies":"Small Slimes","floor":3,"turns":5},{"damage":2,"enemies":"Red Slaver","floor":7,"turns":4},{"damage":15,"enemies":"Exordium Thugs","floor":8,"turns":4},{"damage":28,"enemies":"3 Sentries","floor":12,"turns":5},{"damage":2,"enemies":"2 Fungi Beasts","floor":13,"turns":2},{"damage":6,"enemies":"The Guardian","floor":16,"turns":8},{"damage":20,"enemies":"Spheric Guardian","floor":18,"turns":4},{"damage":28,"enemies":"2 Thieves","floor":19,"turns":4},{"damage":9,"enemies":"Chosen and Byrds","floor":20,"turns":4},{"damage":6,"enemies":"Snecko","floor":22,"turns":4},{"damage":13,"enemies":"Sentry and Sphere","floor":29,"turns":5},{"damage":18,"enemies":"Snake Plant","floor":30,"turns":3},{"damage":19,"enemies":"Shelled Parasite and Fungi","floor":31,"turns":3}],"seed_played":"2247994088085590674","potions_obtained":[{"floor":1,"key":"SpeedPotion"},{"floor":17,"key":"Poison Potion"},{"floor":18,"key":"Block Potion"}],"is_trial":false,"path_per_floor":["M","M","M","?","$","R","M","M","T","?","R","E","M","?","R","B",null,"M","M","M","$","M","R","?","$","T","R","?","M","M","M"],"character_chosen":"THE_SILENT","items_purchased":["Bronze Scales","Boot","TwistedFunnel","Envenom","Prepared","Acrobatics","Block Potion","BlessingOfTheForge","Poisoned Stab","Tiny Chest","Sling","Whetstone","Ancient Potion","Oddly Smooth Stone","Meat on the Bone","Medical Kit"],"campfire_rested":2,"item_purchase_floors":[5,5,5,5,5,5,5,5,5,21,21,21,21,25,25,25],"current_hp_per_floor":[65,61,59,59,59,59,57,42,42,42,42,14,12,12,33,27,66,46,18,9,9,3,26,26,26,26,26,26,25,19,0,0],"gold":3496,"neow_bonus":"TEN_PERCENT_HP_BONUS","is_daily":false,"chose_seed":false,"campfire_upgraded":3,"win_rate":0.0,"timestamp":1609146506,"path_taken":["M","M","M","?","$","R","?","M","T","?","R","E","M","?","R","BOSS","M","M","?","$","M","R","?","$","T","R","?","M","?","M"],"items_purchased_type":["Relic","Relic","Relic","Card","Card","Card","Potion","Potion","Card","Relic","Relic","Relic","Potion","Relic","Relic","Relic"],"build_version":"2020-12-22","purchased_purges":8,"victory":false,"max_hp_per_floor":[72,72,72,72,72,72,72,72,72,72,72,72,72,72,72,72,77,77,77,77,77,77,77,77,77,77,77,77,77,77,77,77],"card_choices":[{"not_picked":["Finisher","Heel Hook","Dagger Throw"],"picked":"SKIP","floor":1},{"not_picked":["Slice","Outmaneuver","PiercingWail"],"picked":"SKIP","floor":2},{"not_picked":["Quick Slash","Sucker Punch"],"picked":"Caltrops","floor":3},{"not_picked":["Blade Dance","Backflip"],"picked":"Noxious Fumes","floor":7},{"not_picked":["Flying Knee","Bane"],"picked":"Noxious Fumes","floor":8},{"not_picked":["Prepared","Sucker Punch"],"picked":"Deadly Poison","floor":12},{"not_picked":["Doppelganger","Quick Slash"],"picked":"Backflip","floor":13},{"not_picked":["Doppelganger","Bullet Time"],"picked":"Burst","floor":16},{"not_picked":["Poisoned Stab","Flying Knee"],"picked":"Backstab","floor":18},{"not_picked":["Dodge and Roll","Infinite Blades+1"],"picked":"Bane","floor":19},{"not_picked":["Reflex","Calculated Gamble","Prepared"],"picked":"SKIP","floor":20},{"not_picked":["Dagger Throw+1","Riddle With Holes","Outmaneuver+1"],"picked":"SKIP","floor":22},{"not_picked":["Dagger Throw+1","Riddle With Holes","Outmaneuver+1"],"picked":"SKIP","floor":22},{"not_picked":["Riddle With Holes","Cloak And Dagger"],"picked":"Escape Plan","floor":29},{"not_picked":["Bane","Prepared","Outmaneuver"],"picked":"SKIP","floor":30}],"player_experience":380961,"relics_obtained":[{"floor":9,"key":"Frozen Egg 2"},{"floor":12,"key":"Bag of Marbles"},{"floor":26,"key":"Kunai"}],"event_choices":[{"damage_healed":0,"gold_gain":0,"player_choice":"Gave Potion","damage_taken":0,"relics_obtained":["Ice Cream"],"max_hp_gain":0,"max_hp_loss":0,"event_name":"WeMeetAgain","floor":4,"gold_loss":0},{"damage_healed":0,"gold_gain":0,"player_choice":"Box","damage_taken":0,"relics_obtained":["Blue Candle"],"max_hp_gain":0,"max_hp_loss":0,"event_name":"Big Fish","floor":10,"gold_loss":0,"cards_obtained":["Regret"]},{"damage_healed":0,"gold_gain":0,"player_choice":"0 cards matched","damage_taken":0,"max_hp_gain":0,"max_hp_loss":0,"event_name":"Match and Keep!","floor":14,"gold_loss":0,"cards_obtained":[]},{"damage_healed":0,"gold_gain":0,"player_choice":"Stole Relic","damage_taken":0,"relics_obtained":["MawBank"],"max_hp_gain":0,"max_hp_loss":0,"event_name":"Addict","floor":24,"gold_loss":0,"cards_obtained":["Shame"]},{"damage_healed":0,"gold_gain":0,"player_choice":"Upgraded Two","damage_taken":0,"max_hp_gain":0,"max_hp_loss":0,"event_name":"Designer","floor":28,"gold_loss":50,"cards_upgraded":["Caltrops","Noxious Fumes"]}],"is_beta":false,"boss_relics":[{"not_picked":["Coffee Dripper","Fusion Hammer"],"picked":"Tiny House"}],"items_purged_floors":[5,5,5,5,21,21,25,25],"is_endless":false,"potions_floor_spawned":[1,7,8,13,18,22],"killed_by":"Shelled Parasite and Fungi","ascension_level":15}}