{"host":"Shugu","time":1609149659,"event":{"mods":["BaseMod","Colored Powertips","Minty Spire (QoL Compilation)","Waifu the Spire"],"gold_per_floor":[109,109,59,80,80,123,123,141,141,141,176,199,274,299,299,423,423,447,417,433,448,468,507,50,63,63,63,82,32,32,73,73,193,193,216,234,159,159,59,102,102,145,145,145,145,0,44,69,69,69,69],"floor_reached":50,"playtime":2833,"items_purged":["Strike_R","Strike_R"],"score":952,"play_id":"61bd2548-2684-407b-8d93-8a998080c35a","local_time":"20201228180059","is_ascension_mode":true,"campfire_choices":[{"data":"Barricade","floor":7.0,"key":"SMITH"},{"data":"Flame Barrier","floor":10.0,"key":"SMITH"},{"data":"Sword Boomerang","floor":15.0,"key":"SMITH"},{"data":"Entrench","floor":30.0,"key":"SMITH"},{"data":"Seeing Red","floor":32.0,"key":"SMITH"},{"data":"Body Slam","floor":41.0,"key":"SMITH"},{"data":"Ghostly Armor","floor":44.0,"key":"SMITH"},{"floor":49.0,"key":"REST"}],"circlet_count":0,"master_deck":["Strike_R","Strike_R","Defend_R+1","Defend_R","Defend_R","Defend_R","Bash","Sword Boomerang+1","Barricade+1","Flame Barrier+1","Demon Form","Impervious","Entrench+1","Double Tap+1","Heavy Blade","Flex","Seeing Red+1","Juggernaut","Body Slam+1","Ghostly Armor+1","Flex+1","Ghostly Armor+1"],"relics":["Black Blood","NeowsBlessing","Golden Idol","Pocketwatch","Bronze Scales","Turnip","Ice Cream","Lantern","Bag of Preparation","War Paint","Runic Dome","Boot","Letter Opener","Shuriken","Akabeko","Red Mask","Dream Catcher"],"acts_visited":["Exordium","TheCity","TheBeyond"],"potions_floor_usage":[50],"damage_taken":[{"damage":0.0,"enemies":"Jaw Worm","floor":1.0,"turns":1.0},{"damage":0.0,"enemies":"2 Louse","floor":4.0,"turns":1.0},{"damage":0.0,"enemies":"3 Sentries","floor":6.0,"turns":2.0},{"damage":6.0,"enemies":"Small Slimes","floor":8.0,"turns":6.0},{"damage":15.0,"enemies":"Lagavulin","floor":11.0,"turns":19.0},{"damage":7.0,"enemies":"Exordium Thugs","floor":12.0,"turns":5.0},{"damage":0.0,"enemies":"2 Fungi Beasts","floor":14.0,"turns":5.0},{"damage":36.0,"enemies":"The Guardian","floor":16.0,"turns":9.0},{"damage":6.0,"enemies":"Spheric Guardian","floor":18.0,"turns":5.0},{"damage":24.0,"enemies":"2 Thieves","floor":19.0,"turns":5.0},{"damage":21.0,"enemies":"Snecko","floor":20.0,"turns":7.0},{"damage":9.0,"enemies":"Chosen and Byrds","floor":21.0,"turns":8.0},{"damage":29.0,"enemies":"Shelled Parasite and Fungi","floor":22.0,"turns":6.0},{"damage":44.0,"enemies":"Book of Stabbing","floor":23.0,"turns":7.0},{"damage":13.0,"enemies":"Cultist and Chosen","floor":25.0,"turns":8.0},{"damage":18.0,"enemies":"Centurion and Healer","floor":28.0,"turns":7.0},{"damage":18.0,"enemies":"Slavers","floor":31.0,"turns":7.0},{"damage":0.0,"enemies":"Champ","floor":33.0,"turns":12.0},{"damage":17.0,"enemies":"Orb Walker","floor":35.0,"turns":6.0},{"damage":0.0,"enemies":"3 Shapes","floor":36.0,"turns":5.0},{"damage":5.0,"enemies":"Nemesis","floor":40.0,"turns":5.0},{"damage":60.0,"enemies":"Reptomancer","floor":42.0,"turns":6.0},{"damage":0.0,"enemies":"Nemesis","floor":47.0,"turns":5.0},{"damage":22.0,"enemies":"3 Darklings","floor":48.0,"turns":6.0},{"damage":55,"enemies":"Donu and Deca","floor":50,"turns":9}],"seed_played":"7980405034026781462","potions_obtained":[{"floor":8.0,"key":"SpeedPotion"},{"floor":11.0,"key":"LiquidBronze"},{"floor":12.0,"key":"Regen Potion"},{"floor":20.0,"key":"BloodPotion"},{"floor":21.0,"key":"Weak Potion"},{"floor":22.0,"key":"SteroidPotion"},{"floor":28.0,"key":"LiquidBronze"},{"floor":35.0,"key":"SteroidPotion"},{"floor":36.0,"key":"BlessingOfTheForge"}],"is_trial":false,"path_per_floor":["M","?","?","M","?","E","R","M","T","R","E","M","?","M","R","B",null,"M","M","M","M","M","E","$","M","T","$","M","?","R","E","R","B",null,"M","M","$","?","$","E","R","E","T","R","T","?","E","M","R","B"],"character_chosen":"IRONCLAD","items_purchased":["Ice Cream","Lantern"],"campfire_rested":1,"item_purchase_floors":[24,24],"current_hp_per_floor":[78,58,58,64,56,62,62,62,62,62,53,52,41,47,47,17,64,70,58,64,80,63,31,31,30,30,30,24,24,24,18,18,30,68,63,75,75,75,75,76,76,28,28,28,28,28,40,30,52,0,0],"gold":69,"neow_bonus":"THREE_ENEMY_KILL","is_daily":false,"chose_seed":false,"campfire_upgraded":7,"win_rate":0.0,"timestamp":1609149659,"path_taken":["M","?","?","M","?","E","R","?","T","R","E","M","?","M","R","BOSS","M","M","M","M","M","E","$","M","T","$","M","?","R","E","R","BOSS","M","M","$","?","?","E","R","E","T","R","?","?","E","M","R","BOSS"],"items_purchased_type":["Relic","Relic"],"build_version":"2020-12-18","purchased_purges":2,"victory":false,"max_hp_per_floor":[80,80,80,80,80,80,80,80,80,80,80,80,80,80,80,80,80,80,80,80,80,80,80,80,80,80,80,80,80,80,80,80,80,80,80,80,80,76,76,76,76,76,76,76,76,76,76,76,76,76,76],"card_choices":[{"not_picked":["Cleave","Burning Pact"],"picked":"Sword Boomerang","floor":1.0},{"not_picked":["Uppercut","Havoc","True Grit"],"picked":"SKIP","floor":4.0},{"not_picked":["Clothesline","Warcry"],"picked":"Barricade","floor":6.0},{"not_picked":["Cleave","Clothesline"],"picked":"Flame Barrier","floor":8.0},{"not_picked":["Sentinel","Cleave"],"picked":"Demon Form","floor":11.0},{"not_picked":["Thunderclap","Iron Wave","Sever Soul"],"picked":"SKIP","floor":12.0},{"not_picked":["Pommel Strike","Combust","Dual Wield"],"picked":"SKIP","floor":14.0},{"not_picked":["Brutality","Reaper"],"picked":"Impervious","floor":16.0},{"not_picked":["Pommel Strike+1","Cleave","Clothesline"],"picked":"SKIP","floor":18.0},{"not_picked":["Shrug It Off","Searing Blow"],"picked":"Entrench","floor":19.0},{"not_picked":["Headbutt","Rage","Rampage+1"],"picked":"SKIP","floor":20.0},{"not_picked":["Headbutt+1","Hemokinesis"],"picked":"Double Tap","floor":21.0},{"not_picked":["Feel No Pain+1","Clash"],"picked":"Heavy Blade","floor":22.0},{"not_picked":["True Grit","Clothesline"],"picked":"Flex","floor":23.0},{"not_picked":["Barricade","Twin Strike","Burning Pact"],"picked":"SKIP","floor":25.0},{"not_picked":["Clothesline","Sword Boomerang","Wild Strike"],"picked":"SKIP","floor":28.0},{"not_picked":["Whirlwind","Reckless Charge"],"picked":"Seeing Red","floor":31.0},{"not_picked":["Fiend Fire","Impervious"],"picked":"Juggernaut","floor":33.0},{"not_picked":["Flex","Iron Wave+1"],"picked":"Body Slam","floor":35.0},{"not_picked":["Heavy Blade","Pommel Strike+1","True Grit"],"picked":"SKIP","floor":36.0},{"not_picked":["Warcry","Intimidate","Cleave+1"],"picked":"SKIP","floor":40.0},{"not_picked":["Uppercut+1","Limit Break"],"picked":"Ghostly Armor","floor":42.0},{"not_picked":["Pummel","Infernal Blade"],"picked":"Flex+1","floor":47.0},{"not_picked":["Warcry","Iron Wave","True Grit"],"picked":"SKIP","floor":48.0},{"not_picked":["Rampage+1","Anger+1"],"picked":"Ghostly Armor+1","floor":49.0}],"player_experience":356839,"relics_obtained":[{"floor":6.0,"key":"Pocketwatch"},{"floor":11.0,"key":"Bronze Scales"},{"floor":23.0,"key":"Turnip"},{"floor":26.0,"key":"Bag of Preparation"},{"floor":31.0,"key":"War Paint"},{"floor":40.0,"key":"Boot"},{"floor":42.0,"key":"Letter Opener"},{"floor":43.0,"key":"Shuriken"},{"floor":45.0,"key":"Akabeko"},{"floor":47.0,"key":"Dream Catcher"}],"event_choices":[{"damage_healed":0.0,"max_hp_gain":0.0,"max_hp_loss":0.0,"gold_gain":0.0,"event_name":"Golden Idol","player_choice":"Take Damage","floor":2.0,"gold_loss":0.0,"damage_taken":20.0,"relics_obtained":["Golden Idol"]},{"cards_removed":["Strike_R"],"damage_healed":0.0,"max_hp_gain":0.0,"max_hp_loss":0.0,"gold_gain":0.0,"event_name":"The Cleric","player_choice":"Card Removal","floor":3.0,"gold_loss":50.0,"damage_taken":0.0},{"damage_healed":0.0,"max_hp_gain":0.0,"max_hp_loss":0.0,"gold_gain":0.0,"event_name":"Wheel of Change","player_choice":"Damaged","floor":5.0,"gold_loss":0.0,"damage_taken":8.0},{"damage_healed":0.0,"max_hp_gain":0.0,"max_hp_loss":0.0,"gold_gain":75.0,"event_name":"World of Goop","player_choice":"Gather Gold","floor":13.0,"gold_loss":0.0,"damage_taken":11.0},{"damage_healed":0.0,"max_hp_gain":0.0,"max_hp_loss":0.0,"gold_gain":0.0,"event_name":"The Joust","player_choice":"Bet on Murderer","floor":29.0,"gold_loss":50.0,"damage_taken":0.0},{"damage_healed":0.0,"max_hp_gain":0.0,"max_hp_loss":4.0,"gold_gain":0.0,"event_name":"Winding Halls","player_choice":"Max HP","floor":38.0,"gold_loss":0.0,"damage_taken":0.0},{"damage_healed":0.0,"max_hp_gain":0.0,"max_hp_loss":0.0,"gold_gain":0.0,"event_name":"Tomb of Lord Red Mask","player_choice":"Paid","floor":46.0,"gold_loss":145.0,"damage_taken":0.0,"relics_obtained":["Red Mask"]}],"is_beta":true,"boss_relics":[{"not_picked":["Fusion Hammer","Sozu"],"picked":"Black Blood"},{"not_picked":["Runic Pyramid","Calling Bell"],"picked":"Runic Dome"}],"items_purged_floors":[37,39],"is_endless":false,"potions_floor_spawned":[8,11,12,16,20,21,22,28,35,36],"killed_by":"Donu and Deca","ascension_level":7}}