{"host":"i0avyit1s6jb1siw","time":1609170104,"event":{"mods":["BaseMod","DeckTracker","Dota2Spire","Highlight Path","Minty Spire (QoL Compilation)","Quick Restart","Replay The Spire","StSLib","SuperFastMode"],"gold_per_floor":[113,36,227,227,246,262,262,291,291,309,309,327,327,352,352,352,352],"floor_reached":16,"playtime":2070,"items_purged":[],"score":220,"play_id":"e03af2cd-fc62-417f-82f8-061ecad1cf6f","local_time":"20201228164144","is_ascension_mode":true,"campfire_choices":[{"data":"Flechettes","floor":7,"key":"SMITH"},{"data":"Calculated Gamble","floor":11,"key":"SMITH"},{"data":"Wraith Form v2","floor":13,"key":"SMITH"},{"data":"Neutralize","floor":15,"key":"SMITH"}],"circlet_count":0,"master_deck":["AscendersBane","Strike_G","Strike_G","Strike_G","Strike_G","Strike_G","Defend_G","Defend_G+1","Defend_G","Defend_G","Defend_G","Survivor","Neutralize+1","Escape Plan","Flechettes+1","Cloak And Dagger","Calculated Gamble+1","Dagger Throw","Wraith Form v2+1","Leg Sweep","Acrobatics"],"relics":["Ring of the Snake","Dota2Spire:Satanic","Dota2Spire:Vanguard","Snack Pack","Oddly Smooth Stone"],"acts_visited":["Exordium"],"potions_floor_usage":[8,16,16],"damage_taken":[{"damage":3,"enemies":"Cultist","floor":1,"turns":5},{"damage":0,"enemies":"2 Louse","floor":5,"turns":2},{"damage":1,"enemies":"Small Slimes","floor":6,"turns":2},{"damage":6,"enemies":"Gremlin Nob","floor":8,"turns":3},{"damage":0,"enemies":"2 Fungi Beasts","floor":10,"turns":3},{"damage":0,"enemies":"Blue Slaver","floor":12,"turns":3},{"damage":8,"enemies":"Lagavulin","floor":14,"turns":9},{"damage":59,"enemies":"Hexaghost","floor":16,"turns":17}],"seed_played":"-1375475076482745423","potions_obtained":[{"floor":1,"key":"SteroidPotion"},{"floor":5,"key":"SpeedPotion"},{"floor":8,"key":"GhostInAJar"}],"is_trial":false,"path_per_floor":["M","$","?","?","M","M","R","E","T","M","R","M","R","E","R","B"],"character_chosen":"THE_SILENT","items_purchased":["Flechettes"],"campfire_rested":0,"item_purchase_floors":[2],"current_hp_per_floor":[56,56,56,51,51,50,50,44,44,54,54,56,56,52,52,0,0],"gold":352,"neow_bonus":"RANDOM_EVENT","is_daily":false,"chose_seed":false,"campfire_upgraded":4,"win_rate":0.0,"timestamp":1609170104,"path_taken":["M","$","?","?","M","M","R","E","T","M","R","M","R","E","R","BOSS"],"items_purchased_type":["Card"],"build_version":"2020-12-22","purchased_purges":0,"victory":false,"max_hp_per_floor":[66,66,66,66,66,66,66,66,66,66,66,66,66,66,66,66,66],"card_choices":[{"not_picked":["Backflip","Fluid Movement"],"picked":"Escape Plan","floor":1},{"not_picked":["Quick Slash","Underhanded Strike"],"picked":"Cloak And Dagger","floor":3},{"not_picked":["Dagger Throw","Caltrops"],"picked":"Calculated Gamble","floor":5},{"not_picked":["Sucker Punch","Outmaneuver"],"picked":"Dagger Throw","floor":6},{"not_picked":["Accuracy","Heel Hook"],"picked":"Wraith Form v2","floor":8},{"not_picked":["Outmaneuver","PiercingWail"],"picked":"Leg Sweep","floor":10},{"not_picked":["Slice","Calculated Gamble","Riddle With Holes"],"picked":"SKIP","floor":12},{"not_picked":["Slice","Underhanded Strike"],"picked":"Acrobatics","floor":14}],"player_experience":2121638,"relics_obtained":[{"floor":8,"key":"Dota2Spire:Vanguard"},{"floor":9,"key":"Snack Pack"},{"floor":14,"key":"Oddly Smooth Stone"}],"event_choices":[{"damage_healed":0,"gold_gain":0,"player_choice":"Success","damage_taken":5,"relics_obtained":["Dota2Spire:Satanic"],"max_hp_gain":0,"max_hp_loss":0,"event_name":"Scrap Ooze","floor":4,"gold_loss":0}],"is_beta":false,"boss_relics":[],"items_purged_floors":[],"is_endless":false,"potions_floor_spawned":[1,5,8,10],"killed_by":"Hexaghost","ascension_level":20}}