{"host":"qdfumeom6htv8yxl","time":1609176037,"event":{"mods":["AchievementEnabler","BaseMod","Block Reminder","Minty Spire (QoL Compilation)","Quick Restart","Relic Stats"],"gold_per_floor":[113,113,63,63,63,63,63,91,117,117,197,197,209,242,242,318,318,331,44,60,73,73,73,273,273,273],"floor_reached":25,"playtime":1868,"items_purged":["Strike_B"],"score":338,"play_id":"85052dfd-fb5d-40eb-855c-291e0abc7719","local_time":"20201228112037","is_ascension_mode":true,"campfire_choices":[{"data":"Gash","floor":7,"key":"SMITH"},{"floor":10,"key":"REST"},{"floor":12,"key":"REST"},{"floor":15,"key":"REST"},{"data":"Beam Cell","floor":23,"key":"SMITH"}],"circlet_count":0,"master_deck":["AscendersBane","Strike_B+1","Strike_B","Defend_B","Defend_B+1","Defend_B+1","Defend_B+1","Zap","Dualcast","Gash+1","Beam Cell+1","Streamline+1","Leap+1","Seek+1","Beam Cell+1","Gash+1","Scrape+1","Bandage Up+1"],"relics":["Cracked Core","WingedGreaves","MealTicket","War Paint","Molten Egg 2","Toxic Egg 2","Runic Pyramid","Nilry\u0027s Codex"],"acts_visited":["TheCity"],"potions_floor_usage":[],"damage_taken":[{"damage":2,"enemies":"2 Louse","floor":1,"turns":2},{"damage":35,"enemies":"Lagavulin","floor":8,"turns":7},{"damage":4,"enemies":"Jaw Worm","floor":13,"turns":2},{"damage":24,"enemies":"Gremlin Nob","floor":14,"turns":4},{"damage":32,"enemies":"Hexaghost","floor":16,"turns":11},{"damage":7,"enemies":"Spheric Guardian","floor":18,"turns":4},{"damage":4,"enemies":"Chosen","floor":20,"turns":3},{"damage":10,"enemies":"3 Cultists","floor":21,"turns":4},{"damage":36,"enemies":"Slavers","floor":25,"turns":4}],"seed_played":"-424985889210492257","potions_obtained":[{"floor":8,"key":"SpeedPotion"},{"floor":13,"key":"Strength Potion"},{"floor":14,"key":"FearPotion"},{"floor":21,"key":"PowerPotion"}],"is_trial":false,"path_per_floor":["M","?","?","?","?","$","R","E","T","R","T","R","M","E","R","B",null,"M","$","M","M","?","R","?","E"],"character_chosen":"DEFECT","items_purchased":["Gash+1","Scrape+1","Bandage Up+1"],"campfire_rested":3,"item_purchase_floors":[19,19,19],"current_hp_per_floor":[80,62,62,55,52,52,52,17,17,43,43,69,65,41,67,35,76,69,84,86,79,63,63,63,33,33],"gold":273,"neow_bonus":"TWENTY_PERCENT_HP_BONUS","is_daily":false,"chose_seed":false,"campfire_upgraded":2,"win_rate":0.0,"timestamp":1609176037,"path_taken":["M","?","?","?","?","$","R","E","T","R","?","R","?","E","R","BOSS","M","$","M","M","?","R","?","E"],"items_purchased_type":["Card","Card","Card"],"build_version":"2020-12-22","purchased_purges":1,"victory":false,"max_hp_per_floor":[89,89,89,89,89,89,89,89,89,89,89,89,89,89,89,89,89,89,89,89,89,89,89,89,89,89],"relic_stats":{"counters":[9,41],"MealTicket":15,"War Paint":["Defend_B","Defend_B"],"obtain_stats":[{"Nilry\u0027s Codex":22,"MealTicket":8,"Molten Egg 2":11,"WingedGreaves":5,"War Paint":9,"Toxic Egg 2":14,"Cracked Core":0,"Runic Pyramid":17},{"Nilry\u0027s Codex":8,"MealTicket":2,"Molten Egg 2":2,"WingedGreaves":1,"War Paint":2,"Toxic Egg 2":4,"Cracked Core":0,"Runic Pyramid":5},{"Nilry\u0027s Codex":37,"MealTicket":9,"Molten Egg 2":9,"WingedGreaves":2,"War Paint":9,"Toxic Egg 2":15,"Cracked Core":0,"Runic Pyramid":26}]},"card_choices":[{"not_picked":["Undo","Rebound"],"picked":"Gash","floor":1},{"not_picked":["Stack","Aggregate"],"picked":"Beam Cell","floor":8},{"not_picked":["Fusion","Barrage+1"],"picked":"Streamline+1","floor":13},{"not_picked":["Sunder+1","Chaos+1"],"picked":"Leap+1","floor":14},{"not_picked":["Core Surge+1","Thunder Strike+1"],"picked":"Seek+1","floor":16},{"not_picked":["Recycle+1","Barrage+1"],"picked":"Beam Cell+1","floor":18},{"not_picked":["Consume+1","Stack+1","Redo+1"],"picked":"SKIP","floor":20},{"not_picked":["Darkness+1","Aggregate+1","Ball Lightning+1"],"picked":"SKIP","floor":21}],"player_experience":1591986,"relics_obtained":[{"floor":8,"key":"MealTicket"},{"floor":9,"key":"War Paint"},{"floor":11,"key":"Molten Egg 2"},{"floor":14,"key":"Toxic Egg 2"},{"floor":22,"key":"Nilry\u0027s Codex"}],"event_choices":[{"damage_healed":0,"gold_gain":0,"player_choice":"Entered Light","damage_taken":18,"max_hp_gain":0,"max_hp_loss":0,"event_name":"Shining Light","floor":2,"gold_loss":0,"cards_upgraded":["Defend_B","Strike_B"]},{"cards_removed":["Clumsy"],"damage_healed":0,"gold_gain":0,"player_choice":"Card Removal","damage_taken":0,"max_hp_gain":0,"max_hp_loss":0,"event_name":"The Cleric","floor":3,"gold_loss":50},{"cards_removed":["Strike_B"],"damage_healed":0,"gold_gain":0,"player_choice":"Card Removal","damage_taken":7,"max_hp_gain":0,"max_hp_loss":0,"event_name":"Golden Wing","floor":4,"gold_loss":0},{"damage_healed":0,"gold_gain":0,"player_choice":"Success","damage_taken":3,"relics_obtained":["WingedGreaves"],"max_hp_gain":0,"max_hp_loss":0,"event_name":"Scrap Ooze","floor":5,"gold_loss":0},{"damage_healed":0,"gold_gain":0,"player_choice":"Obtained Book","damage_taken":16,"max_hp_gain":0,"max_hp_loss":0,"event_name":"Cursed Tome","floor":22,"gold_loss":0},{"damage_healed":0,"gold_gain":250,"player_choice":"Bet on Owner","damage_taken":0,"max_hp_gain":0,"max_hp_loss":0,"event_name":"The Joust","floor":24,"gold_loss":50}],"is_beta":false,"boss_relics":[{"not_picked":["Tiny House","SacredBark"],"picked":"Runic Pyramid"}],"items_purged_floors":[19],"is_endless":false,"potions_floor_spawned":[8,13,14,21],"killed_by":"Slavers","ascension_level":13}}