{"host":"qj91dvco5uhu9oti","time":1609156707,"event":{"mods":["BaseMod","Colored Map","Keyboard Shortcuts","Minty Spire (QoL Compilation)","Permanent Neow","Quick Restart","Relic Stats","StSLib","SuperFastMode","everything is the same but u backflip on backflip"],"gold_per_floor":[113,132,54,54,68,68,68],"floor_reached":6,"playtime":120,"items_purged":[],"score":72,"play_id":"0fcd0de8-2e6a-424d-b5b5-77e7f71f7449","local_time":"20201228205827","is_ascension_mode":true,"campfire_choices":[],"circlet_count":0,"master_deck":["AscendersBane","Strike_R","Strike_R","Strike_R","Strike_R","Strike_R","Defend_R","Defend_R","Defend_R","Defend_R","Bash","Body Slam","True Grit","Flame Barrier","Battle Trance","Warcry"],"relics":["Burning Blood","Golden Idol"],"acts_visited":["Exordium"],"potions_floor_usage":[],"damage_taken":[{"damage":14,"enemies":"Jaw Worm","floor":1,"turns":4},{"damage":9,"enemies":"Small Slimes","floor":2,"turns":5},{"damage":0,"enemies":"Cultist","floor":5,"turns":4},{"damage":0,"enemies":"Gremlin Nob","floor":6,"turns":3}],"seed_played":"4645568455309514368","potions_obtained":[{"floor":5,"key":"FearPotion"}],"is_trial":false,"path_per_floor":["M","M","$","?","M","E"],"character_chosen":"IRONCLAD","items_purchased":["Battle Trance"],"campfire_rested":0,"item_purchase_floors":[3],"current_hp_per_floor":[60,57,57,57,63,63,63],"gold":68,"neow_bonus":"THREE_CARDS","is_daily":false,"chose_seed":false,"campfire_upgraded":0,"win_rate":0.0,"timestamp":1609156707,"path_taken":["M","M","$","?","M","E"],"items_purchased_type":["Card"],"build_version":"2020-12-22","purchased_purges":0,"victory":false,"max_hp_per_floor":[75,75,75,68,68,68,68],"relic_stats":{"counters":[4,16],"Golden Idol":3,"obtain_stats":[{"Golden Idol":4,"Burning Blood":0},{"Golden Idol":2,"Burning Blood":0},{"Golden Idol":9,"Burning Blood":0}],"Burning Blood":18},"card_choices":[{"not_picked":["Headbutt","Thunderclap"],"picked":"Body Slam","floor":0},{"not_picked":["Havoc","Flex"],"picked":"True Grit","floor":1},{"not_picked":["Combust","Carnage"],"picked":"Flame Barrier","floor":2},{"not_picked":["Clash","Sword Boomerang"],"picked":"Warcry","floor":5}],"player_experience":317599,"relics_obtained":[],"event_choices":[{"damage_healed":0,"gold_gain":0,"player_choice":"Lose Max HP","damage_taken":0,"relics_obtained":["Golden Idol"],"max_hp_gain":0,"max_hp_loss":7,"event_name":"Golden Idol","floor":4,"gold_loss":0}],"is_beta":false,"boss_relics":[],"items_purged_floors":[],"is_endless":false,"potions_floor_spawned":[5],"killed_by":"Gremlin Nob","ascension_level":20}}