{"host":"k7udt7atmcuzf6l0","time":1609161902,"event":{"mods":["AchievementEnabler","BaseMod","Colored Map","Colored Powertips","Highlight Path","Minty Spire (QoL Compilation)","Quick Restart","Rare Cards Sparkle","StSLib"],"gold_per_floor":[110,185,185,32,50,80,80,8,8,22,33,33,47,47,47,152,152,162,13,30,49,11,11,11,45,69,69,86,86,86],"floor_reached":29,"playtime":545,"items_purged":[],"score":281,"play_id":"849223e5-dadd-49b2-aa33-9e3e89e79e39","local_time":"20201228212502","is_ascension_mode":true,"campfire_choices":[{"data":"Inflame","floor":7.0,"key":"SMITH"},{"data":"Limit Break","floor":12.0,"key":"SMITH"},{"data":"Shockwave","floor":15.0,"key":"SMITH"},{"data":"Berserk","floor":23,"key":"SMITH"},{"floor":27,"key":"REST"}],"circlet_count":0,"master_deck":["Strike_R+1","Strike_R+1","Strike_R+1","Strike_R+1","Strike_R+1","Defend_R+1","Defend_R+1","Defend_R+1","Defend_R+1","Bash","Twin Strike","Inflame+1","Burning Pact+1","Shockwave+1","Dropkick+1","Limit Break+1","Spot Weakness","Pummel","Berserk+1","Sword Boomerang+1","Warcry+1","Twin Strike+1","Bloodletting","Shrug It Off+1","Injury","Warcry+1"],"relics":["Burning Blood","NeowsBlessing","Nunchaku","Matryoshka","War Paint","Question Card","Cursed Key","Membership Card","Vajra","Letter Opener","MealTicket"],"acts_visited":["Exordium","TheCity"],"potions_floor_usage":[21,29],"damage_taken":[{"damage":0.0,"enemies":"Jaw Worm","floor":1.0,"turns":1.0},{"damage":0.0,"enemies":"2 Louse","floor":5.0,"turns":1.0},{"damage":0.0,"enemies":"Gremlin Nob","floor":6.0,"turns":1.0},{"damage":6.0,"enemies":"Cultist","floor":10.0,"turns":3.0},{"damage":5.0,"enemies":"Exordium Wildlife","floor":11.0,"turns":3.0},{"damage":9.0,"enemies":"2 Fungi Beasts","floor":13.0,"turns":3.0},{"damage":23.0,"enemies":"The Guardian","floor":16.0,"turns":7.0},{"damage":29,"enemies":"Spheric Guardian","floor":18,"turns":4},{"damage":15,"enemies":"Shell Parasite","floor":20,"turns":4},{"damage":27,"enemies":"Centurion and Healer","floor":21,"turns":3},{"damage":33,"enemies":"Book of Stabbing","floor":25,"turns":4},{"damage":14,"enemies":"Shelled Parasite and Fungi","floor":28,"turns":3},{"damage":27,"enemies":"Snake Plant","floor":29,"turns":2}],"seed_played":"-8234826619937272616","potions_obtained":[{"floor":1.0,"key":"SteroidPotion"},{"floor":5.0,"key":"BlessingOfTheForge"},{"floor":10.0,"key":"EssenceOfSteel"},{"floor":20,"key":"Regen Potion"},{"floor":28,"key":"SteroidPotion"}],"is_trial":false,"path_per_floor":["M","?","?","$","M","E","R","$","T","M","M","R","M","?","R","B",null,"M","$","M","M","$","R","?","E","T","R","M","M"],"character_chosen":"IRONCLAD","items_purchased":["Inflame","Burning Pact","Limit Break","Membership Card","Bloodletting"],"campfire_rested":1,"item_purchase_floors":[4,4,8,19,22],"current_hp_per_floor":[80,69,69,69,75,80,80,80,80,80,80,80,77,61,61,44,80,57,57,48,36,36,36,36,9,9,33,25,0,0],"gold":86,"neow_bonus":"THREE_ENEMY_KILL","is_daily":false,"chose_seed":false,"campfire_upgraded":4,"win_rate":0.0,"timestamp":1609161902,"path_taken":["M","?","?","$","M","E","R","$","T","M","?","R","M","?","R","BOSS","M","$","M","M","$","R","?","E","T","R","M","M"],"items_purchased_type":["Card","Card","Card","Relic","Card"],"build_version":"2020-12-22","purchased_purges":0,"victory":false,"max_hp_per_floor":[80,80,80,80,80,80,80,80,80,80,80,80,80,80,80,80,80,80,80,80,80,80,80,80,80,80,80,80,80,80],"card_choices":[{"not_picked":["Intimidate","Perfected Strike"],"picked":"Twin Strike","floor":1.0},{"not_picked":["Cleave","Anger"],"picked":"Shockwave","floor":5.0},{"not_picked":["Burning Pact","Searing Blow"],"picked":"Dropkick","floor":6.0},{"not_picked":["Double Tap","Seeing Red","Twin Strike"],"picked":"Spot Weakness","floor":10.0},{"not_picked":["Seeing Red","Headbutt","Body Slam"],"picked":"Pummel","floor":11.0},{"not_picked":["Warcry","Sever Soul","Cleave","True Grit"],"picked":"SKIP","floor":13.0},{"not_picked":["Double Tap","Brutality","Offering"],"picked":"Berserk","floor":16.0},{"not_picked":["Thunderclap","Clothesline","Shrug It Off"],"picked":"Sword Boomerang+1","floor":18},{"not_picked":["Combust","Intimidate","Shrug It Off"],"picked":"Warcry+1","floor":20},{"not_picked":["Iron Wave","Shrug It Off","Corruption"],"picked":"Twin Strike+1","floor":21},{"not_picked":["Clash","Entrench+1","Anger"],"picked":"Shrug It Off+1","floor":25},{"not_picked":["Shrug It Off","Body Slam","Blood for Blood+1"],"picked":"Warcry+1","floor":28}],"player_experience":3426,"relics_obtained":[{"floor":6.0,"key":"Matryoshka"},{"floor":9.0,"key":"War Paint"},{"floor":9.0,"key":"Question Card"},{"floor":25,"key":"Vajra"},{"floor":26,"key":"Letter Opener"},{"floor":26,"key":"MealTicket"}],"event_choices":[{"damage_healed":0.0,"max_hp_gain":0.0,"max_hp_loss":0.0,"gold_gain":75.0,"event_name":"World of Goop","player_choice":"Gather Gold","floor":2.0,"gold_loss":0.0,"damage_taken":11.0},{"damage_healed":0.0,"max_hp_gain":0.0,"max_hp_loss":0.0,"gold_gain":0.0,"event_name":"WeMeetAgain","player_choice":"Gave Potion","floor":3.0,"gold_loss":0.0,"damage_taken":0.0,"relics_obtained":["Nunchaku"]},{"damage_healed":0.0,"max_hp_gain":0.0,"max_hp_loss":0.0,"gold_gain":0.0,"event_name":"Shining Light","player_choice":"Entered Light","floor":14.0,"gold_loss":0.0,"damage_taken":16.0,"cards_upgraded":["Dropkick","Strike_R"]},{"damage_healed":0,"gold_gain":0,"player_choice":"Simplicity","damage_taken":0,"max_hp_gain":0,"max_hp_loss":0,"event_name":"Back to Basics","floor":24,"gold_loss":0,"cards_upgraded":["Strike_R","Strike_R","Strike_R","Strike_R","Defend_R","Defend_R","Defend_R"]}],"is_beta":false,"boss_relics":[{"not_picked":["Astrolabe","Ectoplasm"],"picked":"Cursed Key"}],"items_purged_floors":[],"is_endless":false,"potions_floor_spawned":[1,5,10,20,28],"killed_by":"Snake Plant","ascension_level":1}}