{"host":"ilxricga2547gmyy","time":1609116981,"event":{"mods":["AchievementEnabler","BaseMod","Minty Spire (QoL Compilation)","Quick Restart","StSLib"],"gold_per_floor":[109,125,135,210,225,225,251,268,268,268,268,300,319,333,333,429,429,440,25,39,49,67,67,67],"floor_reached":23,"playtime":1154,"items_purged":["Strike_R"],"score":203,"play_id":"13b78a31-af03-4ba8-81b2-f9e1f9296b4d","local_time":"20201228015621","is_ascension_mode":true,"campfire_choices":[{"data":"Armaments","floor":6,"key":"SMITH"},{"floor":10,"key":"REST"},{"data":"Disarm","floor":15,"key":"SMITH"}],"circlet_count":0,"master_deck":["AscendersBane","Strike_R","Strike_R","Strike_R","Strike_R","Defend_R","Defend_R","Defend_R","Defend_R","Bash","Clash","Dropkick","Iron Wave","Armaments+1","Disarm+1","Uppercut","Burning Pact","Offering","Sentinel+1","Rampage","Master of Strategy","Dropkick","Inflame","Warcry","Shrug It Off"],"relics":["Burning Blood","Bag of Marbles","InkBottle","MealTicket","Runic Cube"],"acts_visited":["Exordium","TheCity"],"potions_floor_usage":[16,16,16,23,23,23],"damage_taken":[{"damage":11,"enemies":"Jaw Worm","floor":1,"turns":6},{"damage":10,"enemies":"Small Slimes","floor":2,"turns":4},{"damage":1,"enemies":"Cultist","floor":3,"turns":4},{"damage":4,"enemies":"Red Slaver","floor":5,"turns":5},{"damage":30,"enemies":"Lagavulin","floor":7,"turns":7},{"damage":4,"enemies":"Blue Slaver","floor":8,"turns":3},{"damage":6,"enemies":"Gremlin Nob","floor":12,"turns":3},{"damage":0,"enemies":"Exordium Wildlife","floor":13,"turns":3},{"damage":22,"enemies":"Large Slime","floor":14,"turns":5},{"damage":6,"enemies":"The Guardian","floor":16,"turns":8},{"damage":18,"enemies":"Shell Parasite","floor":18,"turns":7},{"damage":24,"enemies":"Spheric Guardian","floor":20,"turns":5},{"damage":7,"enemies":"Snake Plant","floor":21,"turns":3},{"damage":12,"enemies":"Centurion and Healer","floor":22,"turns":6},{"damage":47,"enemies":"Gremlin Leader","floor":23,"turns":8}],"seed_played":"-7313396865435331562","potions_obtained":[{"floor":5,"key":"SneckoOil"},{"floor":7,"key":"Dexterity Potion"},{"floor":11,"key":"Strength Potion"},{"floor":12,"key":"BlessingOfTheForge"},{"floor":16,"key":"Fruit Juice"},{"floor":21,"key":"Swift Potion"},{"floor":22,"key":"ColorlessPotion"}],"is_trial":false,"path_per_floor":["M","M","M","?","M","R","E","M","T","R","?","E","M","M","R","B",null,"M","$","M","M","M","E"],"character_chosen":"IRONCLAD","items_purchased":["Rampage","Master of Strategy","Dropkick"],"campfire_rested":1,"item_purchase_floors":[19,19,19],"current_hp_per_floor":[75,71,76,65,67,67,43,45,45,71,71,71,77,61,61,66,86,74,89,71,70,64,17,17],"gold":67,"neow_bonus":"TEN_PERCENT_HP_BONUS","is_daily":false,"chose_seed":false,"campfire_upgraded":2,"win_rate":0.0,"timestamp":1609116981,"path_taken":["M","M","M","?","M","R","E","M","T","R","?","E","M","M","R","BOSS","M","$","M","M","M","E"],"items_purchased_type":["Card","Card","Card"],"build_version":"2020-12-22","purchased_purges":1,"victory":false,"max_hp_per_floor":[88,88,88,88,88,88,88,88,88,88,88,88,88,88,88,93,93,93,93,93,93,93,93,93],"card_choices":[{"not_picked":["Body Slam","Anger"],"picked":"Clash","floor":1},{"not_picked":["Pummel","Wild Strike"],"picked":"Dropkick","floor":2},{"not_picked":["Heavy Blade","Juggernaut"],"picked":"Iron Wave","floor":3},{"not_picked":["Headbutt","Pummel"],"picked":"Armaments","floor":5},{"not_picked":["Thunderclap","Bloodletting"],"picked":"Disarm","floor":7},{"not_picked":["Second Wind","Cleave"],"picked":"Uppercut","floor":8},{"not_picked":["Burning Pact","Havoc","Warcry"],"picked":"SKIP","floor":12},{"not_picked":["Fire Breathing","Twin Strike","Carnage"],"picked":"SKIP","floor":13},{"not_picked":["Perfected Strike","Reckless Charge"],"picked":"Burning Pact","floor":14},{"not_picked":["Barricade","Corruption"],"picked":"Offering","floor":16},{"not_picked":["Sword Boomerang","Headbutt"],"picked":"Sentinel+1","floor":18},{"not_picked":["Twin Strike","Sword Boomerang"],"picked":"Inflame","floor":20},{"not_picked":["Searing Blow","Flex"],"picked":"Warcry","floor":21},{"not_picked":["Combust","Pummel"],"picked":"Shrug It Off","floor":22}],"player_experience":258414,"relics_obtained":[{"floor":7,"key":"Bag of Marbles"},{"floor":9,"key":"InkBottle"},{"floor":12,"key":"MealTicket"}],"event_choices":[{"damage_healed":0,"gold_gain":75,"player_choice":"Gather Gold","damage_taken":11,"max_hp_gain":0,"max_hp_loss":0,"event_name":"World of Goop","floor":4,"gold_loss":0},{"damage_healed":0,"gold_gain":0,"player_choice":"Got Potions","damage_taken":0,"max_hp_gain":0,"max_hp_loss":0,"event_name":"Lab","floor":11,"gold_loss":0}],"is_beta":false,"boss_relics":[{"not_picked":["Cursed Key","Pandora\u0027s Box"],"picked":"Runic Cube"}],"items_purged_floors":[19],"is_endless":false,"potions_floor_spawned":[5,7,12,16,21,22],"killed_by":"Gremlin Leader","ascension_level":10}}