{"host":"mcdusr64esz012l0","time":1609180606,"event":{"mods":["BaseMod","Minty Spire (QoL Compilation)","Relic Stats"],"gold_per_floor":[114,114,130,47,67,101,101,135,135,135,163,188,28,47,47,124,124,124,124,174,4,20,53,53,53,105,105,138,138,138],"floor_reached":29,"playtime":772,"items_purged":["Strike_G"],"score":604,"play_id":"877d6e35-b15e-4525-8cd1-9dba669d849a","local_time":"20201228133646","is_ascension_mode":true,"campfire_choices":[{"floor":7,"key":"REST"},{"floor":10,"key":"REST"},{"floor":15,"key":"REST"},{"data":"Noxious Fumes","floor":24,"key":"SMITH"},{"data":"Noxious Fumes","floor":25,"key":"SMITH"},{"data":"Catalyst","floor":27,"key":"SMITH"}],"circlet_count":0,"master_deck":["AscendersBane","Strike_G","Strike_G","Strike_G","Defend_G","Defend_G","Defend_G","Defend_G","Defend_G","Survivor","Neutralize","Quick Slash","Noxious Fumes+1","Dagger Throw","Flying Knee","Riddle With Holes","Riddle With Holes","Terror","Noxious Fumes+1","Catalyst+1","Corpse Explosion","Ghostly","Ghostly","Ghostly","Noxious Fumes","Poisoned Stab","PiercingWail","Regret"],"relics":["Ring of the Snake","NeowsBlessing","Regal Pillow","Shovel","Vajra","StrikeDummy","Odd Mushroom","Boot","Cursed Key","WingedGreaves","Toy Ornithopter","Gambling Chip"],"acts_visited":["Exordium","TheCity"],"potions_floor_usage":[6,16,18,28,29],"damage_taken":[{"damage":0,"enemies":"Cultist","floor":1,"turns":1},{"damage":0,"enemies":"Jaw Worm","floor":3,"turns":1},{"damage":0,"enemies":"2 Louse","floor":5,"turns":1},{"damage":26,"enemies":"Gremlin Nob","floor":6,"turns":4},{"damage":57,"enemies":"Lagavulin","floor":8,"turns":9},{"damage":16,"enemies":"The Mushroom Lair","floor":11,"turns":4},{"damage":8,"enemies":"Gremlin Nob","floor":12,"turns":3},{"damage":10,"enemies":"Exordium Wildlife","floor":14,"turns":3},{"damage":62,"enemies":"The Guardian","floor":16,"turns":8},{"damage":6,"enemies":"Spheric Guardian","floor":18,"turns":3},{"damage":4,"enemies":"3 Byrds","floor":22,"turns":2},{"damage":3,"enemies":"Slavers","floor":23,"turns":2},{"damage":0,"enemies":"Gremlin Leader","floor":28,"turns":6},{"damage":35,"enemies":"Book of Stabbing","floor":29,"turns":4}],"seed_played":"-5164080106304753043","potions_obtained":[{"floor":1,"key":"LiquidBronze"},{"floor":5,"key":"Poison Potion"},{"floor":6,"key":"FairyPotion"},{"floor":16,"key":"SmokeBomb"},{"floor":22,"key":"EssenceOfSteel"}],"is_trial":false,"path_per_floor":["M","?","M","?","M","E","R","E","T","R","?","E","$","M","R","B",null,"M","?","?","$","M","E","R","R","T","R","E","E"],"character_chosen":"THE_SILENT","items_purchased":["Noxious Fumes","Catalyst","Noxious Fumes","Block Potion"],"campfire_rested":3,"item_purchase_floors":[13,13,21,21],"current_hp_per_floor":[59,59,59,59,59,33,66,9,9,43,27,19,19,9,43,3,50,44,33,30,30,26,23,23,23,23,23,28,0,0],"gold":138,"neow_bonus":"THREE_ENEMY_KILL","is_daily":false,"chose_seed":false,"campfire_upgraded":3,"win_rate":0.0,"timestamp":1609180606,"path_taken":["M","?","?","?","?","E","R","E","T","R","?","E","?","M","R","BOSS","M","?","?","$","M","E","R","R","T","R","E","E"],"items_purchased_type":["Card","Card","Card","Potion"],"build_version":"2020-12-22","purchased_purges":1,"victory":false,"max_hp_per_floor":[66,66,66,66,66,66,66,66,66,66,66,66,66,66,66,66,66,66,33,33,33,33,33,33,33,33,33,33,33,33],"relic_stats":{"Regal Pillow":44,"Shovel":0,"counters":[14,51],"Gambling Chip":[2],"Boot":[40],"Cursed Key":1,"obtain_stats":[{"Regal Pillow":4,"Shovel":6,"NeowsBlessing":0,"Gambling Chip":28,"Vajra":8,"WingedGreaves":23,"Odd Mushroom":11,"StrikeDummy":9,"Boot":12,"Cursed Key":17,"Toy Ornithopter":26,"Ring of the Snake":0},{"Regal Pillow":2,"Shovel":4,"NeowsBlessing":0,"Gambling Chip":13,"Vajra":5,"WingedGreaves":12,"Odd Mushroom":6,"StrikeDummy":5,"Boot":7,"Cursed Key":9,"Toy Ornithopter":12,"Ring of the Snake":0},{"Regal Pillow":2,"Shovel":7,"NeowsBlessing":0,"Gambling Chip":47,"Vajra":16,"WingedGreaves":41,"Odd Mushroom":20,"StrikeDummy":16,"Boot":23,"Cursed Key":34,"Toy Ornithopter":41,"Ring of the Snake":0}],"Toy Ornithopter":10,"Ring of the Snake":[28]},"card_choices":[{"not_picked":["Caltrops","Concentrate"],"picked":"Quick Slash","floor":1},{"not_picked":["Slice","Choke"],"picked":"Noxious Fumes","floor":3},{"not_picked":["Flying Knee","Quick Slash"],"picked":"Dagger Throw","floor":5},{"not_picked":["Concentrate","Well Laid Plans"],"picked":"Flying Knee","floor":6},{"not_picked":["Tactician","Catalyst"],"picked":"Riddle With Holes","floor":8},{"not_picked":["Heel Hook","Choke"],"picked":"Riddle With Holes","floor":11},{"not_picked":["Slice","Blur"],"picked":"Terror","floor":12},{"not_picked":["Outmaneuver","Predator","Sucker Punch"],"picked":"SKIP","floor":14},{"not_picked":["Storm of Steel","Burst"],"picked":"Corpse Explosion","floor":16},{"not_picked":["Finisher","Dagger Throw"],"picked":"Poisoned Stab","floor":22},{"not_picked":["Quick Slash","Blade Dance"],"picked":"PiercingWail","floor":23},{"not_picked":["Slice","All Out Attack","Glass Knife"],"picked":"SKIP","floor":28}],"player_experience":1011013,"relics_obtained":[{"floor":6,"key":"Shovel"},{"floor":8,"key":"Vajra"},{"floor":9,"key":"StrikeDummy"},{"floor":11,"key":"Odd Mushroom"},{"floor":12,"key":"Boot"},{"floor":23,"key":"WingedGreaves"},{"floor":26,"key":"Toy Ornithopter"},{"floor":28,"key":"Gambling Chip"}],"event_choices":[{"cards_removed":["Strike_G"],"damage_healed":0,"gold_gain":0,"player_choice":"Purged","damage_taken":0,"max_hp_gain":0,"max_hp_loss":0,"event_name":"Purifier","floor":2,"gold_loss":0},{"damage_healed":0,"gold_gain":0,"player_choice":"Paid Gold","damage_taken":0,"relics_obtained":["Regal Pillow"],"max_hp_gain":0,"max_hp_loss":0,"event_name":"WeMeetAgain","floor":4,"gold_loss":83},{"damage_healed":0,"gold_gain":0,"player_choice":"Fought Mushrooms","damage_taken":0,"max_hp_gain":0,"max_hp_loss":0,"event_name":"Mushrooms","floor":11,"gold_loss":0},{"damage_healed":0,"gold_gain":0,"player_choice":"Became a Ghost","damage_taken":0,"max_hp_gain":0,"max_hp_loss":33,"event_name":"Ghosts","floor":19,"gold_loss":0,"cards_obtained":["Ghostly","Ghostly","Ghostly"]},{"damage_healed":0,"gold_gain":50,"player_choice":"Touch","damage_taken":3,"max_hp_gain":0,"max_hp_loss":0,"event_name":"FaceTrader","floor":20,"gold_loss":0}],"is_beta":false,"boss_relics":[{"not_picked":["Coffee Dripper","Black Star"],"picked":"Cursed Key"}],"items_purged_floors":[21],"is_endless":false,"potions_floor_spawned":[1,5,6,16,18,22],"killed_by":"Book of Stabbing","ascension_level":20}}