{"host":"8h3glbk9j4k4ylc4","time":1609164091,"event":{"mods":["AchievementEnabler","Act Like it!","BaseMod","Colored Map","Colored Powertips","Energized Spire","Gensokyo","Hallownest","Hermit","Hubris","Infinite Spire","Jorbs\u0027s Wanderer Trilogy","Lobotomy","Marisa????????","Minty Spire (QoL Compilation)","Replay The Spire","Somnambulant","StSLib","Td1madao Mod","The Bug Knight","The Judge"],"gold_per_floor":[209,209,243,286,317,317,66,66,93,126,51,78,89,116,116,233,233,258,258,291,291,317,359,359,239,265,291,291,291,319,350,350,465,465,492,492,492,526,115,115,141,173,173,173,223,251,251,251,251,521,521,528,524,532,21,21,21,21,21,74,75,103,111,111,111,111,216,216,216,216],"floor_reached":69,"playtime":3626,"items_purged":["Strike_MRS","MasterSpark","Defend_MRS"],"score":1248,"play_id":"3a39a43d-1468-4ef5-9fae-69996f79b5c2","local_time":"20201228160131","is_ascension_mode":false,"campfire_choices":[{"data":"OneTimeOff","floor":6.0,"key":"SMITH"},{"data":"UpSweep","floor":8.0,"key":"SMITH"},{"data":"OortCloud","floor":15.0,"key":"SMITH"},{"data":"EnergyRecoil","floor":24.0,"key":"SMITH"},{"data":"infinitespire:Gouge","floor":29.0,"key":"SMITH"},{"floor":32.0,"key":"REST"},{"data":"AbsoluteMagnitude","floor":44.0,"key":"SMITH"},{"data":"CollectingQuirk","floor":47.0,"key":"SMITH"},{"data":"EnergyFlow","floor":49.0,"key":"SMITH"},{"data":"ChargingUp","floor":57.0,"key":"SMITH"},{"data":"GalacticHalo","floor":59.0,"key":"SMITH"},{"data":"GalacticHalo","floor":66.0,"key":"SMITH"}],"circlet_count":0,"master_deck":["Strike_MRS","Strike_MRS","Defend_MRS","Defend_MRS","Defend_MRS","WitchOfGreed","OneTimeOff+1","UltimateShortwave","OortCloud+1","GalacticHalo+1","GalacticHalo+1","MillisecondPulsars+1","EnergyRecoil+1","ShootTheMoon+1","GalacticHalo+1","infinitespire:Gouge+1","EarthLightRay","AbsoluteMagnitude+1","ChargingUp+1","CollectingQuirk+1","EnergyFlow+1","Replay:Light Bash+1"],"relics":["MiniHakkero","Pear","Bag of Marbles","infinitespire:ShieldingShard","Ancient Tea Set","energizedSpire:RedRose","Art of War","Gensokyo:MaskOfHope","hubris:SlimyHat","energizedSpire:MagnifyingGlass","Bag of Preparation","ReplayTheSpireMod:Shallot","Sling","Juzu Bracelet","ReplayTheSpireMod:Ninjato","Gambling Chip","hubris:ScarierMask","HornCleat","Tiny Chest","White Beast Statue","MealTicket","infinitespire:BottledMercury","infinitespire:Cupcake"],"acts_visited":["Gensokyo:Gensokyo","Gensokyo:Gensokyoer","Gensokyo:Gensokyoest","Exordium","TheCity"],"potions_floor_usage":[],"damage_taken":[{"damage":4.0,"enemies":"Gensokyo:Gryphon","floor":1.0,"turns":4.0},{"damage":7.0,"enemies":"Gensokyo:2_Kodama","floor":3.0,"turns":4.0},{"damage":16.0,"enemies":"Gensokyo:Aya","floor":4.0,"turns":6.0},{"damage":0.0,"enemies":"Gensokyo:3_Fairies","floor":5.0,"turns":4.0},{"damage":0.0,"enemies":"Gensokyo:VengefulSpirit","floor":10.0,"turns":4.0},{"damage":0.0,"enemies":"Gensokyo:3_Kodama","floor":12.0,"turns":6.0},{"damage":0.0,"enemies":"Gensokyo:LivingMonolith","floor":13.0,"turns":3.0},{"damage":0.0,"enemies":"Gensokyo:2_Rabbits","floor":14.0,"turns":7.0},{"damage":0.0,"enemies":"Gensokyo:Yukari","floor":16.0,"turns":6.0},{"damage":0.0,"enemies":"Gensokyo:AngelMirror","floor":18.0,"turns":5.0},{"damage":0.0,"enemies":"Gensokyo:CosmicMonolith","floor":20.0,"turns":3.0},{"damage":5.0,"enemies":"Gensokyo:Wraith","floor":22.0,"turns":5.0},{"damage":0.0,"enemies":"Nightmare","floor":23.0,"turns":5.0},{"damage":35.0,"enemies":"Gensokyo:3_Gloops","floor":27.0,"turns":7.0},{"damage":5.0,"enemies":"Gensokyo:Chomper_and_Gloop","floor":30.0,"turns":6.0},{"damage":1.0,"enemies":"Gensokyo:Slime_Group","floor":31.0,"turns":5.0},{"damage":0.0,"enemies":"Gensokyo:Eiki","floor":33.0,"turns":8.0},{"damage":0.0,"enemies":"Gensokyo:AncientGuardian","floor":35.0,"turns":6.0},{"damage":0.0,"enemies":"Gensokyo:3_Boulders","floor":38.0,"turns":9.0},{"damage":3.0,"enemies":"Gensokyo:Dusk_and_Dawn","floor":41.0,"turns":7.0},{"damage":6.0,"enemies":"Gensokyo:Rafflesia","floor":42.0,"turns":6.0},{"damage":0.0,"enemies":"Gensokyo:AtlasGolem","floor":46.0,"turns":4.0},{"damage":5.0,"enemies":"Gensokyo:Scarlet_Devils","floor":50.0,"turns":5.0},{"damage":0.0,"enemies":"Cultist","floor":52.0,"turns":3.0},{"damage":0.0,"enemies":"Jaw Worm","floor":53.0,"turns":3.0},{"damage":0.0,"enemies":"2 Louse","floor":54.0,"turns":2.0},{"damage":0.0,"enemies":"Exordium Thugs","floor":61.0,"turns":3.0},{"damage":0.0,"enemies":"2 Fungi Beasts","floor":62.0,"turns":2.0},{"damage":11.0,"enemies":"Large Slime","floor":63.0,"turns":4.0},{"damage":0.0,"enemies":"Slime Boss","floor":67.0,"turns":3.0},{"damage":0,"enemies":"3 Byrds","floor":69,"turns":1}],"seed_played":"-5666161286726029827","potions_obtained":[{"floor":1.0,"key":"BlessingOfTheForge"},{"floor":3.0,"key":"SpeedPotion"},{"floor":4.0,"key":"Explosive Potion"},{"floor":5.0,"key":"BlessingOfTheForge"},{"floor":10.0,"key":"CultistPotion"},{"floor":13.0,"key":"EssenceOfSteel"},{"floor":16.0,"key":"infinitespire:BlackPotion"},{"floor":18.0,"key":"SkillPotion"},{"floor":20.0,"key":"DistilledChaos"},{"floor":22.0,"key":"Ancient Potion"},{"floor":27.0,"key":"Fruit Juice"},{"floor":30.0,"key":"Block Potion"},{"floor":31.0,"key":"PowerPotion"},{"floor":31.0,"key":"BlessingOfTheForge"},{"floor":33.0,"key":"PowerPotion"},{"floor":38.0,"key":"Swift Potion"},{"floor":41.0,"key":"Adrenaline Potion"},{"floor":42.0,"key":"DistilledChaos"},{"floor":50.0,"key":"CultistPotion"},{"floor":50.0,"key":"Adrenaline Potion"},{"floor":61.0,"key":"Adrenaline Potion"},{"floor":67.0,"key":"DuplicationPotion"},{"floor":67.0,"key":"infinitespire:BlackPotion"}],"is_trial":false,"path_per_floor":["M","?","M","?","M","R","$","R","T","M","$","M","M","M","R","B",null,"M","?","M","?","M","NM","R","?","T","M","COS","R","M","M","R","B",null,"M","?","AVR","M","COS","?","M","M","T","R","T","M","R","?","R","B",null,"M","M","M","$","?","R","?","R","T","M","M","M","?","T","R","B",null,"M"],"character_chosen":"MARISA","items_purchased":["infinitespire:ShieldingShard","HornCleat","Tiny Chest"],"campfire_rested":1,"item_purchase_floors":[7,55,55],"current_hp_per_floor":[71,66,59,43,43,43,43,43,43,43,43,43,43,43,43,43,85,85,85,85,85,80,80,80,80,80,50,50,50,45,44,71,75,90,90,90,90,90,90,90,87,84,84,84,84,88,88,88,88,85,90,90,90,90,90,90,90,90,90,90,90,90,83,83,83,83,87,90,90,90],"gold":216,"neow_bonus":"HUNDRED_GOLD","is_daily":false,"chose_seed":false,"campfire_upgraded":11,"win_rate":0.0,"timestamp":1609164091,"path_taken":["M","?","?","?","M","R","?","R","T","M","$","M","M","?","R","BOSS","M","?","M","?","?","NM","R","?","T","?","COS","R","?","M","R","BOSS","M","?","AVR","M","COS","?","?","M","T","R","?","M","R","?","R","BOSS","M","M","M","$","?","R","?","R","T","M","M","M","?","?","R","BOSS","M"],"items_purchased_type":["Relic","Relic","Relic"],"build_version":"2020-12-22","purchased_purges":3,"victory":false,"max_hp_per_floor":[75,85,85,85,85,85,85,85,85,85,85,85,85,85,85,85,85,85,85,85,85,85,85,85,85,85,90,90,90,90,90,90,90,90,90,90,90,90,90,90,90,90,90,90,90,90,90,90,90,90,90,90,90,90,90,90,90,90,90,90,90,90,90,90,90,90,90,90,90,90],"card_choices":[{"not_picked":["IllusionStar","AlicesGift"],"picked":"WitchOfGreed","floor":1.0},{"not_picked":["ChargeUpSpray","WitchOfGreed"],"picked":"LuminesStrike","floor":3.0},{"not_picked":["LuminesStrike","GrandCross"],"picked":"OneTimeOff","floor":4.0},{"not_picked":["GalacticHalo","LuminesStrike"],"picked":"UltimateShortwave","floor":5.0},{"not_picked":["DoubleSpark","PowerUp"],"picked":"OortCloud","floor":10.0},{"not_picked":["MachineGunSpark","NonDirectionalLaser"],"picked":"GalacticHalo","floor":12.0},{"not_picked":["NonDirectionalLaser","PowerUp","DeepEcoloBomb"],"picked":"SKIP","floor":13.0},{"not_picked":["GrandCross","DC"],"picked":"GalacticHalo","floor":14.0},{"not_picked":["FinalSpark","EscapeVelocity"],"picked":"MillisecondPulsars","floor":16.0},{"not_picked":["6A","Acceleration"],"picked":"EnergyRecoil","floor":18.0},{"not_picked":["DC+1","6A"],"picked":"ShootTheMoon+1","floor":20.0},{"not_picked":["ShootingEcho","SporeBomb"],"picked":"GalacticHalo+1","floor":22.0},{"not_picked":["infinitespire:Punishment","infinitespire:Fortify"],"picked":"infinitespire:Gouge","floor":23.0},{"not_picked":["UltimateShortwave","WitchOfGreed","GalacticHalo"],"picked":"SKIP","floor":23.0},{"not_picked":["MilkyWay","ShootingEcho","MysteriousBeam+1"],"picked":"SKIP","floor":27.0},{"not_picked":["OpenUniverse","ManaConvection","MachineGunSpark+1"],"picked":"SKIP","floor":30.0},{"not_picked":["PropBag+1","6A"],"picked":"EarthLightRay","floor":31.0},{"not_picked":["StarDustReverie","TreasureHunter"],"picked":"AbsoluteMagnitude","floor":33.0},{"not_picked":["MysteriousBeam","PowerUp+1"],"picked":"ChargingUp","floor":35.0},{"not_picked":["DC+1","NonDirectionalLaser+1","GravityBeat"],"picked":"SKIP","floor":38.0},{"not_picked":["MysteriousBeam","PowerUp","Orbital"],"picked":"SKIP","floor":41.0},{"not_picked":["SatelliteIllusion","BlazingStar"],"picked":"CollectingQuirk","floor":42.0},{"not_picked":["WitchOfGreed+1","GrandCross+1"],"picked":"EnergyFlow","floor":42.0},{"not_picked":["DoubleSpark","GrandCross","NonDirectionalLaser+1"],"picked":"SKIP","floor":46.0},{"not_picked":["DoubleSpark","GrandCross","NonDirectionalLaser+1"],"picked":"SKIP","floor":46.0},{"not_picked":["MachineGunSpark","AsteroidBelt","GrandCross"],"picked":"SKIP","floor":52.0},{"not_picked":["ShootingEcho","PowerUp","LuminesStrike"],"picked":"SKIP","floor":53.0},{"not_picked":["FairyDestructionRay","GrandCross","Occultation"],"picked":"SKIP","floor":54.0},{"not_picked":["Orbital","DoubleSpark","WitchLeyline"],"picked":"SKIP","floor":61.0},{"not_picked":["OortCloud","NonDirectionalLaser","GravityBeat"],"picked":"SKIP","floor":62.0},{"not_picked":["GravityBeat","6A","OortCloud"],"picked":"SKIP","floor":63.0}],"player_experience":306399,"relics_obtained":[{"floor":4.0,"key":"Bag of Marbles"},{"floor":9.0,"key":"Ancient Tea Set"},{"floor":23.0,"key":"Art of War"},{"floor":26.0,"key":"hubris:SlimyHat"},{"floor":45.0,"key":"Juzu Bracelet"},{"floor":60.0,"key":"MealTicket"},{"floor":65.0,"key":"infinitespire:BottledMercury"}],"event_choices":[{"damage_healed":0.0,"max_hp_gain":0.0,"max_hp_loss":0.0,"gold_gain":0.0,"event_name":"WeMeetAgain","player_choice":"Gave Potion","floor":56.0,"gold_loss":0.0,"damage_taken":0.0,"relics_obtained":["White Beast Statue"]},{"cards_removed":["LuminesStrike"],"damage_healed":0.0,"max_hp_gain":0.0,"max_hp_loss":0.0,"gold_gain":0.0,"event_name":"Living Wall","player_choice":"Forget","floor":64.0,"gold_loss":0.0,"damage_taken":0.0}],"is_beta":false,"boss_relics":[{"not_picked":["Ectoplasm","Runic Pyramid"],"picked":"energizedSpire:RedRose"},{"not_picked":["Sozu","ReplayTheSpireMod:DimensionalGlitch"],"picked":"energizedSpire:MagnifyingGlass"},{"not_picked":["Replay:Bronze Core","Honey Jar"],"picked":"hubris:ScarierMask"},{"not_picked":["energizedSpire:HugeHouse","ChewingGum"],"picked":"infinitespire:Cupcake"}],"items_purged_floors":[11,37,55],"is_endless":true,"potions_floor_spawned":[1,12,13,14,16,20,31,41,42,50,52,53,61,62,63,67],"killed_by":"3 Byrds","ascension_level":0}}