{"host":"qbnk2vkaq38efxaz","time":1609185365,"event":{"mods":["BaseMod","Minty Spire (QoL Compilation)"],"gold_per_floor":[15,15,15,27,40,40,40,65,92,92,92,126,140,157,157,258,258,274,292,292,302,314,314,345,357,383,393,393,419,447,38,38,136,136,147,147,162,176,16,16,46,59,105,139,149,180,225,225,225,225],"floor_reached":51,"playtime":6915,"items_purged":["Defend_B"],"score":863,"play_id":"9f1533a0-ba22-46d9-b19d-7c492cf01840","local_time":"20201228115605","is_ascension_mode":true,"campfire_choices":[{"data":"Zap","floor":6.0,"key":"SMITH"},{"data":"Dualcast","floor":11.0,"key":"SMITH"},{"data":"Defragment","floor":15.0,"key":"SMITH"},{"floor":23.0,"key":"REST"},{"floor":28.0,"key":"REST"},{"floor":32.0,"key":"REST"},{"floor":40,"key":"RECALL"},{"floor":49,"key":"REST"}],"circlet_count":0,"master_deck":["Defend_B+1","Defend_B+1","Zap+1","Dualcast+1","Ball Lightning","Hologram","FTL","Redo","Darkness","Doom and Gloom","Defragment+1","Reboot","Coolheaded+1","Conserve Battery","Multi-Cast+1","Static Discharge","Coolheaded+1","Darkness+1","Coolheaded+1","Conserve Battery+1","Steam+1","White Noise+1","Flash of Steel","Auto Shields+1","Rainbow+1","Madness+1","White Noise+1","Flash of Steel","Darkness+1","Barrage+1","Multi-Cast+1"],"relics":["Cracked Core","War Paint","PreservedInsect","Unceasing Top","Inserter","Toxic Egg 2","Strawberry","Pear","Red Mask","Fusion Hammer","Gambling Chip","Blood Vial","Shuriken","Regal Pillow","Pocketwatch"],"acts_visited":["Exordium","TheCity","TheBeyond"],"potions_floor_usage":[41,42,45,47,50],"damage_taken":[{"damage":4.0,"enemies":"Jaw Worm","floor":1.0,"turns":3.0},{"damage":0.0,"enemies":"2 Louse","floor":4.0,"turns":2.0},{"damage":0.0,"enemies":"Cultist","floor":5.0,"turns":2.0},{"damage":26.0,"enemies":"Gremlin Nob","floor":8.0,"turns":4.0},{"damage":7.0,"enemies":"3 Sentries","floor":12.0,"turns":3.0},{"damage":0.0,"enemies":"Red Slaver","floor":13.0,"turns":3.0},{"damage":3.0,"enemies":"Looter","floor":14.0,"turns":2.0},{"damage":11.0,"enemies":"Hexaghost","floor":16.0,"turns":6.0},{"damage":17.0,"enemies":"Shell Parasite","floor":18.0,"turns":4.0},{"damage":28.0,"enemies":"3 Byrds","floor":19.0,"turns":4.0},{"damage":6.0,"enemies":"Shelled Parasite and Fungi","floor":21.0,"turns":5.0},{"damage":12.0,"enemies":"Cultist and Chosen","floor":22.0,"turns":5.0},{"damage":9.0,"enemies":"Book of Stabbing","floor":24.0,"turns":6.0},{"damage":10.0,"enemies":"Snecko","floor":25.0,"turns":6.0},{"damage":0.0,"enemies":"Sentry and Sphere","floor":27.0,"turns":4.0},{"damage":39.0,"enemies":"Slavers","floor":29.0,"turns":6.0},{"damage":20.0,"enemies":"Masked Bandits","floor":30.0,"turns":4.0},{"damage":1.0,"enemies":"Champ","floor":33.0,"turns":11.0},{"damage":1,"enemies":"3 Shapes","floor":35,"turns":4},{"damage":0,"enemies":"Orb Walker","floor":37,"turns":3},{"damage":0,"enemies":"Maw","floor":38,"turns":6},{"damage":10,"enemies":"Nemesis","floor":41,"turns":7},{"damage":19,"enemies":"4 Shapes","floor":42,"turns":4},{"damage":2,"enemies":"Giant Head","floor":44,"turns":6},{"damage":17,"enemies":"3 Darklings","floor":45,"turns":4},{"damage":0,"enemies":"Nemesis","floor":46,"turns":5},{"damage":53,"enemies":"2 Orb Walkers","floor":47,"turns":6},{"damage":32,"enemies":"Donu and Deca","floor":50,"turns":8}],"seed_played":"-7828999028723171376","potions_obtained":[{"floor":8.0,"key":"Explosive Potion"},{"floor":10.0,"key":"EssenceOfDarkness"},{"floor":10.0,"key":"LiquidBronze"},{"floor":12.0,"key":"Energy Potion"},{"floor":16.0,"key":"FocusPotion"},{"floor":19.0,"key":"ColorlessPotion"},{"floor":21.0,"key":"ColorlessPotion"},{"floor":30.0,"key":"PotionOfCapacity"},{"floor":33.0,"key":"LiquidMemories"},{"floor":35,"key":"BlessingOfTheForge"},{"floor":38,"key":"BlessingOfTheForge"},{"floor":42,"key":"Fruit Juice"},{"floor":45,"key":"AttackPotion"}],"is_trial":false,"path_per_floor":["M","?","?","M","M","R","$","E","T","?","R","E","M","M","R","B",null,"M","M","?","M","M","R","E","M","T","M","R","E","?","$","R","B",null,"M","?","M","M","$","R","E","M","T","E","M","E","?","?","R","B",null],"character_chosen":"DEFECT","items_purchased":["White Noise+1","Regen Potion","Energy Potion","Flash of Steel","Auto Shields+1","White Noise+1","Flash of Steel"],"campfire_rested":4,"item_purchase_floors":[31,31,31,31,31,39,39],"current_hp_per_floor":[71,71,76,76,76,76,76,50,50,50,50,43,43,40,40,29,80,63,35,35,29,17,41,32,22,29,29,55,26,6,6,35,49,97,96,96,96,96,96,96,86,72,72,72,57,59,8,8,53,23],"gold":225,"neow_bonus":"REMOVE_TWO","is_daily":false,"chose_seed":false,"campfire_upgraded":3,"win_rate":0.0,"timestamp":1609185365,"path_taken":["M","?","?","M","M","R","$","E","T","?","R","E","?","M","R","BOSS","M","M","?","M","M","R","E","M","T","M","R","E","?","$","R","BOSS","M","?","M","M","$","R","E","M","T","E","M","E","?","?","R","BOSS"],"items_purchased_type":["Card","Potion","Potion","Card","Card","Card","Card"],"build_version":"2020-12-22","purchased_purges":1,"victory":true,"max_hp_per_floor":[75,75,80,80,80,80,80,80,80,80,80,80,80,80,80,80,80,80,80,80,80,80,80,80,80,87,87,87,97,97,97,97,97,97,97,97,97,97,97,97,97,102,102,102,102,102,102,102,102,102],"card_choices":[{"not_picked":["Sweeping Beam","Leap"],"picked":"Ball Lightning","floor":1.0},{"not_picked":["Redo","Stack"],"picked":"FTL","floor":4.0},{"not_picked":["Scrape","Rebound"],"picked":"Redo","floor":5.0},{"not_picked":["Redo","Stack"],"picked":"Darkness","floor":8.0},{"not_picked":["Undo","Melter"],"picked":"Doom and Gloom","floor":12.0},{"not_picked":["Redo","Capacitor"],"picked":"Defragment","floor":13.0},{"not_picked":["Compile Driver","Stack","Sweeping Beam"],"picked":"SKIP","floor":14.0},{"not_picked":["Meteor Strike","All For One"],"picked":"Reboot","floor":16.0},{"not_picked":["Beam Cell","Barrage"],"picked":"Coolheaded+1","floor":18.0},{"not_picked":["Cold Snap","Rebound"],"picked":"Conserve Battery","floor":19.0},{"not_picked":["Steam","Hologram","Aggregate+1"],"picked":"SKIP","floor":21.0},{"not_picked":["FTL","Hologram"],"picked":"Coolheaded+1","floor":22.0},{"not_picked":["Compile Driver","Hello World+1"],"picked":"Darkness+1","floor":24.0},{"not_picked":["All For One","Rebound"],"picked":"Coolheaded+1","floor":25.0},{"not_picked":["Stack+1","Undo+1"],"picked":"Conserve Battery+1","floor":27.0},{"not_picked":["Compile Driver","Hologram+1"],"picked":"Steam+1","floor":29.0},{"not_picked":["Reboot+1","Buffer"],"picked":"Rainbow+1","floor":33.0},{"not_picked":["Go for the Eyes","Stack+1","Self Repair"],"picked":"SKIP","floor":35},{"not_picked":["Sadistic Nature","Enlightenment+1"],"picked":"Madness+1","floor":36},{"not_picked":["Cold Snap","Turbo+1","Genetic Algorithm+1"],"picked":"SKIP","floor":37},{"not_picked":["Barrage","Conserve Battery+1","Steam Power+1"],"picked":"SKIP","floor":38},{"not_picked":["Meteor Strike","Conserve Battery+1","Fusion+1"],"picked":"SKIP","floor":41},{"not_picked":["Skim+1","Static Discharge+1"],"picked":"Darkness+1","floor":42},{"not_picked":["Force Field+1","Compile Driver"],"picked":"Barrage+1","floor":44},{"not_picked":["Rebound+1","Turbo+1","Self Repair+1"],"picked":"SKIP","floor":45},{"not_picked":["Sweeping Beam","Leap+1"],"picked":"Multi-Cast+1","floor":46}],"player_experience":80148,"relics_obtained":[{"floor":8.0,"key":"War Paint"},{"floor":9.0,"key":"PreservedInsect"},{"floor":12.0,"key":"Unceasing Top"},{"floor":24.0,"key":"Toxic Egg 2"},{"floor":26.0,"key":"Strawberry"},{"floor":29.0,"key":"Pear"},{"floor":30.0,"key":"Red Mask"},{"floor":41,"key":"Gambling Chip"},{"floor":43,"key":"Blood Vial"},{"floor":44,"key":"Shuriken"},{"floor":46,"key":"Regal Pillow"},{"floor":47,"key":"Pocketwatch"}],"event_choices":[{"damage_healed":0.0,"max_hp_gain":0.0,"max_hp_loss":0.0,"gold_gain":0.0,"cards_transformed":["Strike_B"],"event_name":"Living Wall","player_choice":"Change","floor":2.0,"gold_loss":0.0,"damage_taken":0.0,"cards_obtained":["Hologram"]},{"damage_healed":0.0,"max_hp_gain":5.0,"max_hp_loss":0.0,"gold_gain":0.0,"event_name":"Big Fish","player_choice":"Donut","floor":3.0,"gold_loss":0.0,"damage_taken":0.0},{"damage_healed":0.0,"max_hp_gain":0.0,"max_hp_loss":0.0,"gold_gain":0.0,"event_name":"Lab","player_choice":"Got Potions","floor":10.0,"gold_loss":0.0,"damage_taken":0.0},{"damage_healed":0.0,"max_hp_gain":0.0,"max_hp_loss":0.0,"gold_gain":0.0,"cards_transformed":["Strike_B","Defend_B"],"event_name":"Drug Dealer","player_choice":"Became Test Subject","floor":20.0,"gold_loss":0.0,"damage_taken":0.0,"cards_obtained":["Multi-Cast","Static Discharge"]},{"damage_healed":0.0,"max_hp_gain":0.0,"max_hp_loss":0.0,"gold_gain":0.0,"event_name":"Masked Bandits","player_choice":"Fought Bandits","floor":30.0,"gold_loss":0.0,"damage_taken":0.0},{"damage_healed":0,"gold_gain":0,"player_choice":"Memory 1","damage_taken":0,"max_hp_gain":0,"max_hp_loss":0,"event_name":"SensoryStone","floor":36,"gold_loss":0},{"damage_healed":0,"gold_gain":0,"player_choice":"Fight","damage_taken":0,"max_hp_gain":0,"max_hp_loss":0,"event_name":"Mysterious Sphere","floor":47,"gold_loss":0},{"damage_healed":0,"gold_gain":0,"player_choice":"Upgraded","damage_taken":0,"max_hp_gain":0,"max_hp_loss":0,"event_name":"Upgrade Shrine","floor":48,"gold_loss":0,"cards_upgraded":["Multi-Cast"]}],"is_beta":false,"boss_relics":[{"not_picked":["Philosopher\u0027s Stone","Busted Crown"],"picked":"Inserter"},{"not_picked":["Calling Bell","Snecko Eye"],"picked":"Fusion Hammer"}],"items_purged_floors":[31],"is_endless":false,"potions_floor_spawned":[8,12,14,16,19,21,30,33,35,38,42,45],"ascension_level":2}}