{"host":"709gjpjg43u3i5a8","time":1609153516,"event":{"mods":["Act Like it!","BaseMod","Colored Map","Colored Powertips","Downfall","Duelist Mod","Gensokyo","GifTheSpireLib","Hallownest","Hermit","Hubris","Infinite Spire","Koishi","Marisa????????","Minty Spire (QoL Compilation)","Remilia??????","Shop Mod","StSLib","Td1madao Mod","The Administrix","The Animator","The Bug Knight","The Construct","The Cursed","The Disciple","The Hierophant","The Jungle","The Necromancer","The Poker Player","The Runesmith","The Servant 0.9.4"],"gold_per_floor":[119,119,119,119,130,155,12,12,37,47,63,78,93,119,119,217,217,228,239,252,252,252,252,252,252,328,347,363,393,408,428,428,528,528,548,548,548,568,580,580,613,153,153,153,168,168,168,185,185,185,185,185,28,55,55,55],"floor_reached":55,"playtime":4667,"items_purged":["construct:Defend_Gold"],"score":781,"play_id":"3e17cff0-0449-4fa3-9767-9f3ad3f15607","local_time":"20201228040516","is_ascension_mode":false,"campfire_choices":[{"data":"construct:ForceCore","floor":8,"key":"SMITH"},{"data":"construct:ForceCore","floor":15,"key":"SMITH"},{"data":"construct:ReactiveShield","floor":23,"key":"SMITH"},{"data":"construct:GuardCore","floor":25,"key":"SMITH"},{"data":"construct:LongRangeLance","floor":32,"key":"SMITH"},{"data":"construct:ClockworkEgg","floor":40,"key":"SMITH"},{"data":"construct:ClockworkEgg+1","floor":47,"key":"SMITH"},{"floor":49,"key":"RECALL"},{"data":"construct:ClockworkEgg+2","floor":52,"key":"SMITH"}],"circlet_count":0,"master_deck":["construct:Strike_Gold","construct:Strike_Gold","construct:Strike_Gold","construct:Strike_Gold","construct:Strike_Gold","construct:Defend_Gold","construct:Defend_Gold","construct:Defend_Gold","construct:Defend_Gold","construct:AttackMode","construct:Autoturret","construct:QuickAttack","construct:PowerUp","construct:Impenetrable","construct:Reinforce+1","construct:ForceCore+1","construct:PanicFire","construct:ChargeShot","construct:ShiftStrike","construct:ForceCore+1","construct:ClusterMines","construct:GuardCore+1","construct:Zapper","construct:Reserves","construct:ReactiveShield+1","construct:HeavyBolt+1","construct:Enhance+1","construct:LongRangeLance+1","construct:Overcharge+1","construct:ScopeCore","construct:PointDefense+1","construct:Boost+1","construct:ShiftStrike+1","construct:PanicFire","construct:PowerUp+1","construct:Stasis+1","Enlightenment","construct:Versatility+1","construct:Zapper","construct:Enhance+1"],"relics":["construct:Cogwheel","NeowsBlessing","Gensokyo:Justice","Eternal Feather","Gensokyo:CelestialsFlawlessClothing","MealTicket","Orrery","hubris:DeckOfHolding","hubris:VirtuousBlindfold","Bottled Lightning","Gensokyo:ConquerorOfFear","Letter Opener","Molten Egg 2","Nunchaku","construct:ClawGrip","FossilizedHelix","Toolbox","MerchantsRug","hubris:ToyBattleship","hubris:Icosahedron","infinitespire:Lucky Rock","Toxic Egg 2","Frozen Egg 2","construct:ClockworkPhoenix","construct:MasterCore"],"acts_visited":["Exordium","Gensokyo:Gensokyo","Gensokyo:Gensokyoer","TheEnding"],"potions_floor_usage":[28,29,33,35,50,50,55],"damage_taken":[{"damage":0,"enemies":"Gensokyo:3_Fairies","floor":1,"turns":2},{"damage":0,"enemies":"Gensokyo:Python","floor":5,"turns":1},{"damage":0,"enemies":"Gensokyo:Mamizou","floor":6,"turns":2},{"damage":5,"enemies":"Gensokyo:Gryphon","floor":10,"turns":4},{"damage":12,"enemies":"Gensokyo:CorruptedTreant","floor":11,"turns":4},{"damage":0,"enemies":"Gensokyo:LivingMonolith","floor":12,"turns":2},{"damage":8,"enemies":"Gensokyo:Kitsune","floor":13,"turns":2},{"damage":10,"enemies":"Gensokyo:Cirno","floor":14,"turns":5},{"damage":32,"enemies":"Gensokyo:Yukari","floor":16,"turns":8},{"damage":14,"enemies":"Gensokyo:2_Gloops","floor":18,"turns":5},{"damage":13,"enemies":"Gensokyo:AngelMirror","floor":19,"turns":3},{"damage":15,"enemies":"Gensokyo:Wraith","floor":20,"turns":4},{"damage":29,"enemies":"Gensokyo:3_Gloops","floor":27,"turns":4},{"damage":13,"enemies":"Gensokyo:Chomper_and_Gloop","floor":28,"turns":5},{"damage":21,"enemies":"Gensokyo:Koishi","floor":29,"turns":4},{"damage":19,"enemies":"Gensokyo:Wraith","floor":30,"turns":5},{"damage":11,"enemies":"Gensokyo:Monolith_and_Dog","floor":31,"turns":5},{"damage":11,"enemies":"Gensokyo:Eternal_Rivals","floor":33,"turns":5},{"damage":17,"enemies":"Gensokyo:3_Boulders","floor":35,"turns":5},{"damage":5,"enemies":"Gensokyo:AncientGuardian","floor":38,"turns":4},{"damage":40,"enemies":"Gensokyo:Rafflesia","floor":39,"turns":6},{"damage":55,"enemies":"Gensokyo:Kasen","floor":41,"turns":7},{"damage":21,"enemies":"Gensokyo:3_Boulders","floor":45,"turns":5},{"damage":7,"enemies":"Gensokyo:4_Bats","floor":48,"turns":3},{"damage":14,"enemies":"Gensokyo:Scarlet_Devils","floor":50,"turns":7},{"damage":101,"enemies":"Shield and Spear","floor":54,"turns":9},{"damage":214,"enemies":"The Heart","floor":55,"turns":8}],"seed_played":"2531267991648995702","potions_obtained":[{"floor":1,"key":"ColorlessPotion"},{"floor":5,"key":"Strength Potion"},{"floor":10,"key":"Strength Potion"},{"floor":16,"key":"PowerPotion"},{"floor":29,"key":"CultistPotion"},{"floor":30,"key":"infinitespire:BlackPotion"},{"floor":31,"key":"DistilledChaos"},{"floor":33,"key":"FairyPotion"},{"floor":41,"key":"construct:MegaPotion"},{"floor":45,"key":"hexamod:EctoCoolerPotion"}],"is_trial":false,"path_per_floor":["M","?","T","?","M","E","COS","R","T","M","M","M","M","E","R","B",null,"M","M","M","AVR","?","R","?","R","T","M","M","E","M","M","R","B",null,"M","?","?","M","M","R","E","$","T","?","M","?","R","M","R","B",null,"R","$","E","B"],"character_chosen":"THE_CONSTRUCT_MOD","items_purchased":["Toolbox","MerchantsRug","Enlightenment","infinitespire:Lucky Rock"],"campfire_rested":0,"item_purchase_floors":[42,42,42,53],"current_hp_per_floor":[85,85,85,64,64,64,64,73,73,68,56,56,48,38,50,18,85,71,58,43,43,43,58,58,73,73,44,31,10,73,62,79,68,79,62,62,62,57,17,38,9,24,24,24,3,3,24,17,41,27,79,79,79,61,0,0],"gold":55,"neow_bonus":"THREE_ENEMY_KILL","is_daily":false,"chose_seed":false,"campfire_upgraded":8,"win_rate":0.0,"timestamp":1609153516,"path_taken":["M","?","?","?","M","E","COS","R","T","M","?","M","M","E","R","BOSS","M","M","M","AVR","?","R","?","R","T","M","M","E","M","M","R","BOSS","M","?","?","M","M","R","E","$","T","?","M","?","R","M","R","BOSS","R","$","E","BOSS"],"items_purchased_type":["Relic","Relic","Card","Relic"],"build_version":"2020-12-22","purchased_purges":1,"victory":false,"max_hp_per_floor":[85,85,85,85,85,85,85,85,85,85,85,85,85,85,85,85,85,85,85,85,85,85,85,79,79,79,79,79,79,79,79,79,79,79,79,79,79,79,79,79,79,79,79,79,79,79,79,79,79,79,79,79,79,79,79,79],"card_choices":[{"not_picked":["construct:SuppressiveFire","construct:PowerUp"],"picked":"construct:Autoturret","floor":1},{"not_picked":["construct:CriticalHit","construct:Backfire"],"picked":"construct:QuickAttack","floor":5},{"not_picked":["construct:Accumulate","construct:ScrapCannon"],"picked":"construct:PowerUp","floor":6},{"not_picked":["construct:Accumulate","construct:SuppressiveFire"],"picked":"construct:Impenetrable","floor":7},{"not_picked":["construct:ScrapCannon","construct:SweepLaser"],"picked":"construct:Reinforce","floor":7},{"not_picked":["construct:Enhance","construct:Reinforce"],"picked":"construct:ForceCore","floor":7},{"not_picked":["construct:SuppressiveFire","construct:Boost"],"picked":"construct:PanicFire","floor":7},{"not_picked":["construct:OneWayMirror","construct:ClusterMines"],"picked":"construct:ChargeShot","floor":7},{"not_picked":["construct:CriticalHit","construct:FlakBarrage"],"picked":"construct:ShiftStrike","floor":10},{"not_picked":["construct:Backfire","construct:ModeShift"],"picked":"construct:ForceCore","floor":11},{"not_picked":["construct:Reinforce","construct:ScrapCannon"],"picked":"construct:ClusterMines","floor":12},{"not_picked":["construct:Reinforce","construct:ElectricArmor"],"picked":"construct:GuardCore","floor":13},{"not_picked":["construct:Versatility","construct:SuppressiveFire"],"picked":"construct:Zapper","floor":14},{"not_picked":["construct:HyperBeam","construct:GoldenBullet"],"picked":"construct:Reserves","floor":16},{"not_picked":["construct:Forcefield","construct:Overcharge"],"picked":"construct:ReactiveShield","floor":18},{"not_picked":["construct:SaveState","construct:CriticalHit"],"picked":"construct:HeavyBolt+1","floor":19},{"not_picked":["construct:Forcefield","construct:ClusterMines+1"],"picked":"construct:Enhance+1","floor":20},{"not_picked":["construct:UnbalancingBlast+1","construct:Anticipate"],"picked":"construct:LongRangeLance","floor":27},{"not_picked":["construct:Reinforce+1","construct:FocusedBeam+1"],"picked":"construct:Overcharge+1","floor":28},{"not_picked":["construct:Dampening","construct:Hazardproof"],"picked":"construct:ScopeCore","floor":29},{"not_picked":["construct:Anticipate","construct:Analyze+1"],"picked":"construct:PointDefense+1","floor":30},{"not_picked":["construct:Anticipate","construct:Reinforce"],"picked":"construct:Boost+1","floor":31},{"not_picked":["construct:ShiftingStance","construct:MemoryTap"],"picked":"construct:ClockworkEgg","floor":33},{"not_picked":["construct:Boost+1","construct:SaveState"],"picked":"construct:ShiftStrike+1","floor":35},{"not_picked":["construct:Construct_Overclock+1","construct:LaserCore+1"],"picked":"construct:PanicFire","floor":38},{"not_picked":["construct:CripplingShot+1","construct:ClusterMines+1"],"picked":"construct:PowerUp+1","floor":39},{"not_picked":["construct:HeavyBolt+1","construct:UnbalancingBlast+1"],"picked":"construct:Stasis+1","floor":41},{"not_picked":["construct:Backfire+1","construct:FierceBash+1"],"picked":"construct:Versatility+1","floor":45},{"not_picked":["construct:Backfire+1","construct:Autoturret"],"picked":"construct:Zapper","floor":48},{"not_picked":["construct:ModeShift+1","construct:SuppressiveFire+1"],"picked":"construct:Enhance+1","floor":54}],"player_experience":407848,"relics_obtained":[{"floor":3,"key":"Eternal Feather"},{"floor":6,"key":"MealTicket"},{"floor":14,"key":"hubris:DeckOfHolding"},{"floor":26,"key":"Molten Egg 2"},{"floor":27,"key":"Gensokyo:ConquerorOfFear"},{"floor":29,"key":"Nunchaku"},{"floor":41,"key":"FossilizedHelix"},{"floor":43,"key":"hubris:ToyBattleship"},{"floor":54,"key":"construct:MasterCore"}],"event_choices":[],"is_beta":false,"boss_relics":[{"not_picked":["hubris:CrackedHourglass","Runic Dome"],"picked":"hubris:VirtuousBlindfold"},{"not_picked":["Cursed Key","Runesmith:UraniumAnvil"],"picked":"construct:ClawGrip"}],"items_purged_floors":[42],"is_endless":false,"potions_floor_spawned":[1,5,10,12,16,18,27,29,30,31,33,41,45,48],"killed_by":"The Heart","ascension_level":0}}