{"host":"j0vzbnzm6n2ctevn","time":1609159789,"event":{"mods":["AchievementEnabler","BaseMod","Minty Spire (QoL Compilation)","Shop Mod"],"gold_per_floor":[113,113,128,128,128,128,203,203,256,286,302,41,41,59,59,157,157,167,24,38,0,19,54,54,79,105,105,160,196,196,72,72,174,174,186,1,1,1,0,0,0,26,26,44,44,44,44],"floor_reached":46,"playtime":1633,"items_purged":["Neutralize","Strike_G"],"score":528,"play_id":"88e16431-79fa-4f8d-a723-19783222800f","local_time":"20201228204949","is_ascension_mode":true,"campfire_choices":[{"data":"Noxious Fumes","floor":6,"key":"SMITH"},{"data":"Noxious Fumes","floor":13,"key":"SMITH"},{"floor":15,"key":"REST"},{"floor":24,"key":"REST"},{"floor":27,"key":"REST"},{"floor":30,"key":"REST"},{"floor":32,"key":"REST"},{"floor":40,"key":"REST"},{"floor":45,"key":"REST"}],"circlet_count":0,"master_deck":["Strike_G","Strike_G","Strike_G","Defend_G","Defend_G","Defend_G","Survivor","Bouncing Flask","Noxious Fumes+1","Die Die Die+1","Dagger Throw+1","Noxious Fumes+1","Flying Knee+1","Night Terror","Predator+1","Poisoned Stab+1","Poisoned Stab+1","Deadly Poison","Dodge and Roll+1","Dodge and Roll+1","Venomology","Footwork+1","Crippling Poison","Deflect","Venomology","Eviscerate+1"],"relics":["Molten Egg 2","Bag of Marbles","Toolbox","Fusion Hammer","Lantern","Dream Catcher","Toy Ornithopter","Bronze Scales","MerchantsRug","Velvet Choker","Snake Skull","Red Mask","Peace Pipe","Pantograph"],"acts_visited":["Exordium","TheCity","TheBeyond"],"potions_floor_usage":[16,16,16,20,23,25,42,42,44,46],"damage_taken":[{"damage":6,"enemies":"Jaw Worm","floor":1,"turns":4},{"damage":1,"enemies":"Cultist","floor":3,"turns":3},{"damage":13,"enemies":"Gremlin Nob","floor":10,"turns":4},{"damage":0,"enemies":"Small Slimes","floor":11,"turns":2},{"damage":14,"enemies":"Looter","floor":14,"turns":3},{"damage":18,"enemies":"The Guardian","floor":16,"turns":6},{"damage":15,"enemies":"3 Byrds","floor":18,"turns":3},{"damage":11,"enemies":"Spheric Guardian","floor":20,"turns":3},{"damage":18,"enemies":"Snecko","floor":22,"turns":4},{"damage":33,"enemies":"Book of Stabbing","floor":23,"turns":4},{"damage":3,"enemies":"Gremlin Leader","floor":25,"turns":5},{"damage":24,"enemies":"Sentry and Sphere","floor":29,"turns":4},{"damage":52,"enemies":"Collector","floor":33,"turns":7},{"damage":5,"enemies":"Orb Walker","floor":35,"turns":2},{"damage":64,"enemies":"Reptomancer","floor":42,"turns":4},{"damage":24,"enemies":"3 Shapes","floor":44,"turns":3},{"damage":37,"enemies":"Writhing Mass","floor":46,"turns":2}],"seed_played":"-5815921307647051737","potions_obtained":[{"floor":1,"key":"FearPotion"},{"floor":10,"key":"CultistPotion"},{"floor":11,"key":"LiquidMemories"},{"floor":16,"key":"DuplicationPotion"},{"floor":18,"key":"Regen Potion"},{"floor":23,"key":"GhostInAJar"},{"floor":42,"key":"Regen Potion"},{"floor":44,"key":"ColorlessPotion"}],"is_trial":false,"path_per_floor":["M","?","M","?","?","R","?","T","T","E","M","$","R","M","R","B",null,"M","$","M","?","M","E","R","E","T","R","T","M","R","$","R","B",null,"M","$","?","$","?","R","?","E","T","M","R","M"],"character_chosen":"THE_SILENT","items_purchased":["Noxious Fumes","Toolbox","Lantern","MerchantsRug","Snake Skull","Crippling Poison"],"campfire_rested":7,"item_purchase_floors":[12,12,19,31,36,36],"current_hp_per_floor":[64,64,63,63,56,56,45,45,45,32,32,32,32,18,39,21,70,55,55,44,44,26,7,28,25,25,46,46,22,43,58,70,18,70,65,70,70,70,70,70,70,11,11,4,25,0,0],"gold":44,"neow_bonus":"BOSS_RELIC","is_daily":false,"chose_seed":false,"campfire_upgraded":2,"win_rate":0.0,"timestamp":1609159789,"path_taken":["M","?","?","?","?","R","?","?","T","E","M","$","R","M","R","BOSS","M","$","M","?","M","E","R","E","T","R","?","M","R","$","R","BOSS","M","$","?","?","?","R","?","E","T","M","R","?"],"items_purchased_type":["Card","Relic","Relic","Relic","Relic","Card"],"build_version":"2020-12-22","purchased_purges":2,"victory":false,"max_hp_per_floor":[70,70,70,70,70,70,70,70,70,70,70,70,70,70,70,70,70,70,70,70,70,70,70,70,70,70,70,70,70,70,70,70,70,70,70,70,70,70,70,70,70,70,70,70,70,70,70],"card_choices":[{"not_picked":["Backflip","Quick Slash"],"picked":"Bouncing Flask","floor":1},{"not_picked":["Prepared","Outmaneuver"],"picked":"Noxious Fumes","floor":3},{"not_picked":["Escape Plan","Heel Hook+1"],"picked":"Die Die Die+1","floor":10},{"not_picked":["Noxious Fumes","Reflex"],"picked":"Dagger Throw+1","floor":11},{"not_picked":["Well Laid Plans","Cloak And Dagger"],"picked":"Flying Knee+1","floor":14},{"not_picked":["Unload+1","Bullet Time"],"picked":"Night Terror","floor":16},{"not_picked":["Sucker Punch+1","Cloak And Dagger"],"picked":"Predator+1","floor":18},{"not_picked":["Cloak And Dagger","Sucker Punch+1"],"picked":"Poisoned Stab+1","floor":20},{"not_picked":["Blur","Outmaneuver"],"picked":"Poisoned Stab+1","floor":22},{"not_picked":["Acrobatics","Dagger Spray+1"],"picked":"Deadly Poison","floor":23},{"not_picked":["Outmaneuver+1","Noxious Fumes"],"picked":"Night Terror","floor":24},{"not_picked":["Eviscerate+1","Flechettes+1"],"picked":"Dodge and Roll+1","floor":25},{"not_picked":["Infinite Blades","Quick Slash+1"],"picked":"Dodge and Roll+1","floor":29},{"not_picked":["Burst","Adrenaline"],"picked":"Venomology","floor":33},{"not_picked":["Blade Dance+1","Backflip"],"picked":"Footwork+1","floor":35},{"not_picked":["Blade Dance+1","Flying Knee+1"],"picked":"Venomology","floor":40},{"not_picked":["Blade Dance+1","Predator+1","Dagger Throw+1"],"picked":"SKIP","floor":42},{"not_picked":["Prepared","Slice+1","Dagger Throw+1"],"picked":"SKIP","floor":44},{"not_picked":["Outmaneuver+1","Deadly Poison+1"],"picked":"Eviscerate+1","floor":45}],"player_experience":51028,"relics_obtained":[{"floor":8,"key":"Molten Egg 2"},{"floor":9,"key":"Bag of Marbles"},{"floor":10,"key":"Du-Vu Doll"},{"floor":23,"key":"Dream Catcher"},{"floor":25,"key":"Toy Ornithopter"},{"floor":26,"key":"Bronze Scales"},{"floor":28,"key":"MealTicket"},{"floor":42,"key":"Peace Pipe"},{"floor":43,"key":"Pantograph"}],"event_choices":[{"damage_healed":0,"gold_gain":0,"player_choice":"0 cards matched","damage_taken":0,"max_hp_gain":0,"max_hp_loss":0,"event_name":"Match and Keep!","floor":2,"gold_loss":0,"cards_obtained":[]},{"damage_healed":0,"gold_gain":0,"player_choice":"Box","damage_taken":0,"relics_obtained":["Potion Belt"],"max_hp_gain":0,"max_hp_loss":0,"event_name":"Big Fish","floor":4,"gold_loss":0,"cards_obtained":["Regret"]},{"cards_removed":["Regret"],"damage_healed":0,"gold_gain":0,"player_choice":"Card Removal","damage_taken":7,"max_hp_gain":0,"max_hp_loss":0,"event_name":"Golden Wing","floor":5,"gold_loss":0},{"damage_healed":0,"gold_gain":75,"player_choice":"Gather Gold","damage_taken":11,"max_hp_gain":0,"max_hp_loss":0,"event_name":"World of Goop","floor":7,"gold_loss":0},{"damage_healed":0,"gold_gain":0,"player_choice":"Paid Fearfully","damage_taken":0,"max_hp_gain":0,"max_hp_loss":0,"event_name":"Masked Bandits","floor":21,"gold_loss":38},{"damage_healed":0,"gold_gain":0,"cards_transformed":["Strike_G"],"player_choice":"Transformed","damage_taken":0,"max_hp_gain":0,"max_hp_loss":0,"event_name":"Transmorgrifier","floor":37,"gold_loss":0,"cards_obtained":["Deflect"]},{"damage_healed":0,"gold_gain":0,"player_choice":"Paid","damage_taken":0,"relics_obtained":["Red Mask"],"max_hp_gain":0,"max_hp_loss":0,"event_name":"Tomb of Lord Red Mask","floor":39,"gold_loss":1},{"cards_removed":["Night Terror"],"damage_healed":0,"gold_gain":0,"player_choice":"Removed Skill","damage_taken":0,"max_hp_gain":0,"max_hp_loss":0,"event_name":"Falling","floor":41,"gold_loss":0}],"is_beta":false,"boss_relics":[{"not_picked":["Cursed Key","Pandora\u0027s Box"],"picked":"Fusion Hammer"},{"not_picked":["Sozu","Runic Pyramid"],"picked":"Velvet Choker"}],"items_purged_floors":[12,31],"is_endless":false,"potions_floor_spawned":[1,10,11,16,18,23,42,44],"killed_by":"Writhing Mass","ascension_level":2}}