{"host":"wik2u884rt5bbues","time":1609163957,"event":{"mods":["AchievementEnabler","BaseMod","Colored Map","Colored Powertips","DeckTracker","Googly Eyes","Minty Spire (QoL Compilation)","Permanent Neow","Quick Restart","Shop Mod","StSLib","SuperFastMode"],"gold_per_floor":[367,385,399,234,249,269,269,280,280,280,280,305,325,325,325,325,325],"floor_reached":16,"playtime":667,"items_purged":["Shame"],"score":104,"play_id":"8d1f23a1-0bf4-4130-a58d-b5af0fd04c96","local_time":"20201228135917","is_ascension_mode":false,"campfire_choices":[{"data":"Flex","floor":7,"key":"SMITH"},{"data":"Perfected Strike","floor":15,"key":"SMITH"}],"circlet_count":0,"master_deck":["Strike_R","Strike_R","Strike_R+1","Strike_R","Defend_R","Defend_R","Defend_R+1","Defend_R","Bash","Flex","Perfected Strike+1","Headbutt","Flash of Steel","Flex+1","Twin Strike","Flex"],"relics":["Burning Blood"],"acts_visited":["Exordium"],"potions_floor_usage":[12,16],"damage_taken":[{"damage":11,"enemies":"2 Louse","floor":1,"turns":3},{"damage":3,"enemies":"Small Slimes","floor":2,"turns":3},{"damage":6,"enemies":"Cultist","floor":3,"turns":3},{"damage":5,"enemies":"Looter","floor":5,"turns":2},{"damage":14,"enemies":"Lots of Slimes","floor":6,"turns":5},{"damage":25,"enemies":"Exordium Thugs","floor":8,"turns":3},{"damage":14,"enemies":"Gremlin Nob","floor":12,"turns":3},{"damage":8,"enemies":"Red Slaver","floor":13,"turns":3},{"damage":17,"enemies":"The Guardian","floor":16,"turns":4}],"seed_played":"-8450420704830298243","potions_obtained":[{"floor":2,"key":"PowerPotion"},{"floor":8,"key":"PowerPotion"},{"floor":12,"key":"FearPotion"}],"is_trial":false,"path_per_floor":["M","M","M","$","M","M","R","M","T","?","?","E","M","?","R","B"],"character_chosen":"IRONCLAD","items_purchased":["Flash of Steel"],"campfire_rested":0,"item_purchase_floors":[4],"current_hp_per_floor":[75,78,78,78,79,71,71,52,52,52,36,28,26,26,26,9,9],"gold":325,"neow_bonus":"TWO_FIFTY_GOLD","is_daily":false,"chose_seed":false,"campfire_upgraded":2,"win_rate":0.0,"timestamp":1609163957,"path_taken":["M","M","M","$","M","M","R","M","T","?","?","E","M","?","R","BOSS"],"items_purchased_type":["Card"],"build_version":"2020-12-22","purchased_purges":1,"victory":false,"max_hp_per_floor":[80,80,80,80,80,80,80,80,80,80,80,80,80,80,80,80,80],"card_choices":[{"not_picked":["Rage","Anger"],"picked":"Flex","floor":1},{"not_picked":["Twin Strike","Clash"],"picked":"Perfected Strike","floor":2},{"not_picked":["Sword Boomerang","Immolate"],"picked":"Headbutt","floor":3},{"not_picked":["Dropkick","Warcry"],"picked":"Flex","floor":5},{"not_picked":["Dual Wield","Wild Strike","True Grit"],"picked":"SKIP","floor":6},{"not_picked":["Body Slam","Wild Strike","Warcry"],"picked":"SKIP","floor":8},{"not_picked":["Headbutt","Shrug It Off"],"picked":"Twin Strike","floor":12},{"not_picked":["Armaments","Sever Soul"],"picked":"Flex","floor":13}],"player_experience":766915,"relics_obtained":[],"event_choices":[{"damage_healed":0,"gold_gain":0,"player_choice":"Ignored","damage_taken":0,"max_hp_gain":0,"max_hp_loss":0,"event_name":"Golden Wing","floor":10,"gold_loss":0},{"damage_healed":0,"gold_gain":0,"player_choice":"Entered Light","damage_taken":16,"max_hp_gain":0,"max_hp_loss":0,"event_name":"Shining Light","floor":11,"gold_loss":0,"cards_upgraded":["Defend_R","Strike_R"]},{"cards_removed":["Strike_R"],"damage_healed":0,"gold_gain":0,"player_choice":"Forget","damage_taken":0,"max_hp_gain":0,"max_hp_loss":0,"event_name":"Living Wall","floor":14,"gold_loss":0}],"is_beta":false,"boss_relics":[],"items_purged_floors":[4],"is_endless":false,"potions_floor_spawned":[2,8,12],"killed_by":"The Guardian","ascension_level":0}}