{"host":"5dk97cf2ubw2v967","time":1609192862,"event":{"mods":["AlwaysNeverKeys","BaseMod","Better Altar","Better Vampires","Block Reminder","Colored Powertips","Downfall","Googly Eyes","Highlight Path","Minty Spire (QoL Compilation)","Permanent Neow","Potion Indicator Mod","Quick Restart","Relic Filter","Relic Stats","Say the Spire","Spicy Shops","StSLib","Waifu the Spire","everything is the same but u backflip on backflip"],"gold_per_floor":[366,516,516,529,11,11,11,11],"floor_reached":7,"playtime":301,"items_purged":["Clash"],"score":78,"play_id":"0a38241a-4cd6-48de-b4d4-6761c00a8c96","local_time":"20201228220102","is_ascension_mode":true,"campfire_choices":[{"data":"Fire Breathing","floor":6,"key":"SMITH"}],"circlet_count":0,"master_deck":["AscendersBane","Strike_R","Strike_R","Strike_R","Strike_R","Strike_R","Defend_R","Defend_R","Defend_R","Defend_R","Bash","Doubt","True Grit","Fire Breathing+1","Dual Wield"],"relics":["Burning Blood","Mummified Hand"],"acts_visited":["Exordium"],"potions_floor_usage":[7],"damage_taken":[{"damage":9,"enemies":"Jaw Worm","floor":1,"turns":5},{"damage":13,"enemies":"2 Louse","floor":4,"turns":4},{"damage":49,"enemies":"Lagavulin","floor":7,"turns":9}],"seed_played":"-6481061734981499587","potions_obtained":[{"floor":4,"key":"SteroidPotion"}],"is_trial":false,"path_per_floor":["M","?","?","M","$","R","E"],"character_chosen":"IRONCLAD","items_purchased":["Mummified Hand","Fire Breathing","Dual Wield"],"campfire_rested":0,"item_purchase_floors":[5,5,5],"current_hp_per_floor":[65,65,70,63,63,63,14,14],"gold":11,"neow_bonus":"TWO_FIFTY_GOLD","is_daily":false,"chose_seed":false,"campfire_upgraded":1,"win_rate":0.0,"timestamp":1609192862,"path_taken":["M","?","?","M","$","R","E"],"items_purchased_type":["Relic","Card","Card"],"build_version":"2020-12-22","purchased_purges":1,"victory":false,"max_hp_per_floor":[68,68,73,73,73,73,73,73],"relic_stats":{"counters":[3,18],"Mummified Hand":[1],"obtain_stats":[{"Mummified Hand":5,"Burning Blood":0},{"Mummified Hand":2,"Burning Blood":0},{"Mummified Hand":9,"Burning Blood":0}],"Burning Blood":12},"card_choices":[{"not_picked":["Wild Strike","Dual Wield"],"picked":"Clash","floor":1},{"not_picked":["Shrug It Off","Twin Strike"],"picked":"True Grit","floor":4}],"player_experience":1265510,"relics_obtained":[],"event_choices":[{"damage_healed":0,"gold_gain":150,"player_choice":"AGREE","damage_taken":0,"max_hp_gain":0,"max_hp_loss":0,"event_name":"Liars Game","floor":2,"gold_loss":0,"cards_obtained":["Doubt"]},{"damage_healed":0,"gold_gain":0,"player_choice":"Donut","damage_taken":0,"max_hp_gain":5,"max_hp_loss":0,"event_name":"Big Fish","floor":3,"gold_loss":0}],"is_beta":false,"boss_relics":[],"items_purged_floors":[5],"is_endless":false,"potions_floor_spawned":[4],"killed_by":"Lagavulin","ascension_level":20}}