{"host":"6vv0uythevi5qk1w","time":1609145016,"event":{"mods":["Act Like it!","BaseMod","Downfall","Gensokyo","Minty Spire (QoL Compilation)","Remilia£®¿Ÿ√◊¿Ú—«£©","Replay The Spire","StSLib","Yakumo Yukari mod"],"gold_per_floor":[136,136,153,169,186,212,212,247,247,69,87,115,115,141,141,690,690,710,183,203,222,222,222,503,503,503,534,534,534,167,178,178,275,275,295,295,311,311,323,356,373,403,426,426,150,169,452,452,452,452,452,452,77,109,109],"floor_reached":56,"playtime":4992,"items_purged":["Observe_purple_2","Defend_purpleEX"],"score":1628,"play_id":"e5df9f82-c8a6-439f-a798-b29b45a458ac","local_time":"20201228164336","is_ascension_mode":true,"campfire_choices":[{"data":"MagicEyes_LaplaceDemon_purple","floor":7.0,"key":"SMITH"},{"data":"Mirror_FourBoundary_purple","floor":13.0,"key":"SMITH"},{"data":"Human_Monster_Realm_purple","floor":15.0,"key":"SMITH"},{"data":"Gensokyo:FourOfAKind","floor":23.0,"key":"SMITH"},{"data":"Gensokyo:FourOfAKind","floor":25.0,"key":"SMITH"},{"data":"Gensokyo:FourOfAKind","floor":28.0,"key":"SMITH"},{"floor":32.0,"key":"RECALL"},{"data":"ContainerChange_purple","floor":44.0,"key":"SMITH"},{"data":"ProofOfUnderstanding_purple","floor":52,"key":"SMITH"}],"circlet_count":0,"master_deck":["AT_purpleEX","AT_purpleEX","AT_purpleEX","Defend_purpleEX","Defend_purpleEX","MagicEyes_LaplaceDemon_purple+1","ExternalForce_HighSpeedFlying_purple","WatchEyeChange_purple","Mirror_FourBoundary_purple+1","Shallow_ocean_purpleEX","Gensokyo:RPG","DimensionStaggered_purple+1","GluttonyofRealm_purpleEX","Human_Monster_Realm_purple+1","GluttonyofRealm_purpleEX","Mirror_FourBoundary_purple+1","Charmbait_purple+1","ProofOfUnderstanding_purple+1","Gensokyo:FourOfAKind+1","Gensokyo:FourOfAKind+1","Gensokyo:FourOfAKind","Gensokyo:FourOfAKind+1","ContainerChange_purple+1","RuleDissolution_purple+1","Mirror_TwoAndThreeElementRealm_purple","Mirror_FourBoundary_purple","RuleDissolution_purple+1","StateErode_purple+1","Gensokyo:TarnishedGold","RuleDissolution_purple","Apotheosis+1","ButterflyHabitatTemple_purple+1","Boundary_of_Extermination_purpleEX+1","Line_surface_state_purple+1"],"relics":["Boundary_crack","Memoryfragments_purpleEX","Happy Flower","Pondfish Scales","Guardian:PocketSentry","Sundial","ReplayFunnel","Strawberry","Old Coin","Snecko Eye","Chemical X","ClockworkSouvenir","Orichalcum","Toy Ornithopter","HornCleat","Meat on the Bone","Gensokyo:ConquerorOfFear","Sling","Pet Ghost","FossilizedHelix","Replay:Ringing Soul","Snecko Heart","Gensokyo:DualWield","Golden Egg","Anchor","Medical Kit","Replay:Rubber Ducky","Thread and Needle","Centennial Puzzle","Letter Opener","Replay:WaspNest"],"acts_visited":["Exordium","Gensokyo:Gensokyo","Gensokyo:Gensokyoer","TheEnding"],"potions_floor_usage":[55,55,55],"damage_taken":[{"damage":5.0,"enemies":"Gensokyo:2_Kodama","floor":1.0,"turns":6.0},{"damage":9.0,"enemies":"Gensokyo:Gryphon","floor":3.0,"turns":4.0},{"damage":11.0,"enemies":"Gensokyo:Python","floor":4.0,"turns":4.0},{"damage":1.0,"enemies":"Gensokyo:2_Rabbits","floor":5.0,"turns":5.0},{"damage":25.0,"enemies":"Gensokyo:Cirno","floor":6.0,"turns":7.0},{"damage":24.0,"enemies":"Gensokyo:Mamizou","floor":8.0,"turns":7.0},{"damage":12.0,"enemies":"Gensokyo:VengefulSpirit","floor":11.0,"turns":6.0},{"damage":2.0,"enemies":"Gensokyo:Aya","floor":12.0,"turns":3.0},{"damage":2.0,"enemies":"Gensokyo:Mamizou","floor":14.0,"turns":6.0},{"damage":1.0,"enemies":"Gensokyo:Reimu","floor":16.0,"turns":7.0},{"damage":12.0,"enemies":"Gensokyo:2_Gloops","floor":18.0,"turns":6.0},{"damage":0.0,"enemies":"Gensokyo:Chomper","floor":20.0,"turns":4.0},{"damage":19.0,"enemies":"Gensokyo:Wraith","floor":21.0,"turns":4.0},{"damage":0.0,"enemies":"Gensokyo:Reisen","floor":24.0,"turns":3.0},{"damage":0.0,"enemies":"Gensokyo:Koishi","floor":27.0,"turns":6.0},{"damage":3.0,"enemies":"Gensokyo:Chomper_and_Gloop","floor":31.0,"turns":4.0},{"damage":37.0,"enemies":"Gensokyo:Kaguya","floor":33.0,"turns":11.0},{"damage":0.0,"enemies":"Gensokyo:3_Boulders","floor":35.0,"turns":5.0},{"damage":0.0,"enemies":"Gensokyo:AncientGuardian","floor":37.0,"turns":3.0},{"damage":0.0,"enemies":"Gensokyo:Sharpion","floor":39.0,"turns":5.0},{"damage":9.0,"enemies":"Gensokyo:Marisa","floor":40.0,"turns":6.0},{"damage":0.0,"enemies":"Gensokyo:Rafflesia","floor":41.0,"turns":7.0},{"damage":0.0,"enemies":"Gensokyo:Kasen","floor":42.0,"turns":4.0},{"damage":0,"enemies":"Gensokyo:SeedOfUnknown","floor":46,"turns":3},{"damage":0,"enemies":"Gensokyo:Marisa","floor":47,"turns":3},{"damage":1,"enemies":"Gensokyo:Scarlet_Devils","floor":50,"turns":9},{"damage":0,"enemies":"Shield and Spear","floor":54,"turns":6},{"damage":0,"enemies":"The Heart","floor":55,"turns":6}],"seed_played":"-699302581812446549","potions_obtained":[{"floor":3.0,"key":"Reflective Coating"},{"floor":5.0,"key":"FairyPotion"},{"floor":8.0,"key":"Venom Potion"},{"floor":11.0,"key":"BlessingOfTheForge"},{"floor":16.0,"key":"Block Potion"},{"floor":24.0,"key":"AttackPotion"},{"floor":37.0,"key":"DistilledChaos"},{"floor":47,"key":"SneckoOil"}],"is_trial":false,"path_per_floor":["M","?","M","M","M","E","R","E","T","COS","M","E","R","E","R","B",null,"M","COS","M","M","?","R","E","R","T","E","R","?","$","M","R","B",null,"M","?","M","?","M","E","M","E","T","R","COS","M","E","T","R","B",null,"R","$","E","B",null],"character_chosen":"Youkari","items_purchased":["Sling","Pet Ghost","Apotheosis","ButterflyHabitatTemple_purple","Boundary_of_Extermination_purpleEX"],"campfire_rested":0,"item_purchase_floors":[30,30,53,53,53],"current_hp_per_floor":[46,46,40,31,31,18,18,17,17,17,5,3,3,11,11,15,80,79,79,85,70,63,63,63,63,63,63,63,63,63,60,60,38,66,75,78,84,84,87,87,90,90,90,90,93,93,93,93,96,96,96,96,99,102,102],"gold":109,"neow_bonus":"THREE_RARE_CARDS","is_daily":false,"chose_seed":false,"campfire_upgraded":8,"win_rate":0.0,"timestamp":1609145016,"path_taken":["M","?","M","M","M","E","R","E","T","COS","M","E","R","E","R","BOSS","M","COS","M","M","?","R","E","R","T","E","R","?","$","M","R","BOSS","M","?","M","?","M","E","?","E","T","R","COS","M","E","?","R","BOSS","R","$","E","BOSS"],"items_purchased_type":["Relic","Relic","Card","Card","Card"],"build_version":"2020-12-22","purchased_purges":2,"victory":true,"max_hp_per_floor":[70,70,70,70,70,70,70,70,70,70,70,70,70,77,77,80,80,86,86,89,89,63,63,63,63,63,63,63,63,63,63,63,66,66,75,78,84,84,87,87,90,90,90,90,93,93,93,93,96,96,96,96,99,102,102],"card_choices":[{"not_picked":["LoveAcrossDimensions_purple","Monsters_DoubleDeathButterfly_purple"],"picked":"MagicEyes_LaplaceDemon_purple","floor":0.0},{"not_picked":["StateErode_purple","ExistenceContinue_purple","SharpContractionReality_purple"],"picked":"SKIP","floor":1.0},{"not_picked":["Line_surface_state_purple","StateErode_purple"],"picked":"ExternalForce_HighSpeedFlying_purple","floor":3.0},{"not_picked":["ExistenceContinue_purple","RuleDissolution_purple"],"picked":"WatchEyeChange_purple","floor":4.0},{"not_picked":["MNeedle_purple","OmniscientAndOmnipotent_Monster_purple"],"picked":"Mirror_FourBoundary_purple","floor":5.0},{"not_picked":["DarkRealmRedLine_purple","Mirror_WaveAndshot_purple"],"picked":"Shallow_ocean_purpleEX","floor":6.0},{"not_picked":["Boundary_DreamRealityDamnation_purple","Mirror_FormAndEmptin_purple","Price_of_realm_purpleEX"],"picked":"SKIP","floor":8.0},{"not_picked":["AdvanceAttack_purple+1","Fantasy_PerpetualMotionMachine_purple+1"],"picked":"DimensionStaggered_purple+1","floor":11.0},{"not_picked":["AdvanceAttack_purple","Bait_Toxicbait_purple","Mirror_FormAndEmptin_purple"],"picked":"SKIP","floor":11.0},{"not_picked":["UniverseChoice_purple","Price_of_realm_purpleEX"],"picked":"GluttonyofRealm_purpleEX","floor":12.0},{"not_picked":["WeekHit_purple","RuleDissolution_purple","OmniscientAndOmnipotent_Monster_purple"],"picked":"SKIP","floor":12.0},{"not_picked":["Extrememeaning_purpleEX","Umbrella_purple"],"picked":"Human_Monster_Realm_purple","floor":14.0},{"not_picked":["MagicEyes_LaplaceDemon_purple","Know_ledgeAbilityRealm_purple"],"picked":"GluttonyofRealm_purpleEX","floor":16.0},{"not_picked":["MNeedle_purple","SharpContractionReality_purple"],"picked":"Mirror_FourBoundary_purple+1","floor":18.0},{"not_picked":["StateErode_purple","Line_surface_state_purple"],"picked":"Charmbait_purple+1","floor":20.0},{"not_picked":["WangLiang_LineAndCurveDreams_purple","Know_ledgeAbilityRealm_purple"],"picked":"ProofOfUnderstanding_purple","floor":21.0},{"not_picked":["Worldmountain_purple","SharpContractionReality_purple+1","Fantasy_PerpetualMotionMachine_purple"],"picked":"SKIP","floor":21.0},{"not_picked":["Boundary_DreamRealityDamnation_purple+1","SfantasyHide_purple","Erosivefilter_purple"],"picked":"SKIP","floor":24.0},{"not_picked":["Boundary_LightAndDark_purple","Bait_Toxicbait_purple+1","ExistenceContinue_purple"],"picked":"SKIP","floor":27.0},{"not_picked":["ExistenceContinue_purple","StateErode_purple","SfantasyHide_purple"],"picked":"SKIP","floor":31.0},{"not_picked":["Know_ledgeAbilityRealm_purple","Mirror_TwoAndThreeElementRealm_purple"],"picked":"ContainerChange_purple","floor":33.0},{"not_picked":["Realm_recovery_purpleEX","ExternalForce_HighSpeedFlying_purple+1"],"picked":"RuleDissolution_purple+1","floor":35.0},{"not_picked":["Worldmountain_purple","OpenedBox_purple"],"picked":"Mirror_FourBoundary_purple","floor":37.0},{"not_picked":["Bait_HighSpeedFlying_purple","ExistenceContinue_purple"],"picked":"RuleDissolution_purple+1","floor":39.0},{"not_picked":["RuleDissolution_purple","PurpleNeedle_purple","Bait_Toxicbait_purple"],"picked":"SKIP","floor":40.0},{"not_picked":["ButterflyHabitatTemple_purple","Bait_HighSpeedFlying_purple"],"picked":"StateErode_purple+1","floor":41.0},{"not_picked":["MetroBOOM_purple+1","RealityDreamConfluencek_purple","MagicEyes_LaplaceDemon_purple"],"picked":"SKIP","floor":42.0},{"not_picked":["Umbrella_purple","StateErode_purple+1","StateDuplicate_purple+1"],"picked":"SKIP","floor":46},{"not_picked":["OpenedBox_purple","Shallow_ocean_purpleEX","SharpContractionReality_purple"],"picked":"SKIP","floor":47},{"not_picked":["RealityDreamConfluencek_purple+1","Boundary_of_Extermination_purpleEX+1"],"picked":"Line_surface_state_purple+1","floor":54}],"player_experience":444635,"relics_obtained":[{"floor":6.0,"key":"Pondfish Scales"},{"floor":8.0,"key":"Guardian:PocketSentry"},{"floor":9.0,"key":"Sundial"},{"floor":12.0,"key":"ReplayFunnel"},{"floor":14.0,"key":"Strawberry"},{"floor":24.0,"key":"Toy Ornithopter"},{"floor":26.0,"key":"HornCleat"},{"floor":27.0,"key":"Meat on the Bone"},{"floor":31.0,"key":"Gensokyo:ConquerorOfFear"},{"floor":40.0,"key":"Golden Egg"},{"floor":42.0,"key":"Anchor"},{"floor":47,"key":"Replay:Rubber Ducky"},{"floor":48,"key":"Thread and Needle"},{"floor":54,"key":"Letter Opener"}],"event_choices":[],"is_beta":false,"boss_relics":[{"not_picked":["Painkiller Herb","Calling Bell"],"picked":"Snecko Eye"},{"not_picked":["Runic Pyramid","Empty Cage"],"picked":"Snecko Heart"}],"items_purged_floors":[30,53],"is_endless":false,"potions_floor_spawned":[3,5,8,11,16,24,31,37,39,47,54],"ascension_level":1}}