{"host":"0luxfixkkfk9wck3","time":1609118672,"event":{"mods":["BaseMod","Downfall","Highlight Path","Minty Spire (QoL Compilation)","StSLib"],"gold_per_floor":[99,99,99,99,99,130,130,55,55,70,55,55,55,73,92,190,190,190,190,27,55,48,76,76,1,19,39,39,60,60,60,85,198,198,123,142,35,35,28,28,75,75,75,108,108,121,36,36,63,63,63,98,58,58,58],"floor_reached":56,"playtime":4372,"items_purged":["Regret","Shame","hexamod:Strike"],"score":1283,"play_id":"70d5bfc3-3ee8-49bf-947d-e501c3d2180d","local_time":"20201227192432","is_ascension_mode":true,"campfire_choices":[{"data":"hexamod:Float","floor":1,"key":"SMITH"},{"data":"hexamod:SoulSteal","floor":8,"key":"SMITH"},{"floor":12,"key":"REST"},{"floor":18,"key":"RECALL"},{"floor":25,"key":"REST"},{"floor":35,"key":"REST"},{"floor":42,"key":"REST"},{"floor":45,"key":"REST"},{"floor":54,"key":"REST"}],"circlet_count":0,"master_deck":["hexamod:Strike","hexamod:Strike+1","hexamod:Strike","hexamod:Defend+1","hexamod:Defend","hexamod:Defend","hexamod:Defend","hexamod:Sear+1","hexamod:Float+1","hexamod:ShieldOfDarkness+1","hexamod:FourthSeal","hexamod:SoulSteal+1","hexamod:ThirdSeal","hexamod:PhantomCloak+1","hexamod:ExtraCrispy+1","hexamod:FirstSeal","hexamod:ThermalTransfer","hexamod:Hexaguard","hexamod:FlamesFromBeyond","hexamod:WildfireWeapon+1","hexamod:VolcanoVisage+1","hexamod:SkipABeat","hexamod:InspiringFlames","hexamod:SecondSeal","hexamod:HeatShield+1","hexamod:AdvancingGuard+1","hexamod:Haunt+1","hexamod:EmpoweringStance+1","hexamod:EmpoweringStance+1","hexamod:SearingWound","hexamod:RecurringNightmare+1","The Bomb","hexamod:HeatShield"],"relics":["hexamod:SpiritBrand","downfall:HeartsMalice","downfall:ShatteredFragment","Frozen Egg 2","Lizard Tail","downfall:HeartBlessingGreen","Fusion Hammer","downfall:HeartBlessingRed","Lantern","Mummified Hand","Happy Flower","SacredBark","downfall:HeartBlessingBlue","Nunchaku","Regal Pillow","OrangePellets","Bottled Tornado","CaptainsWheel"],"acts_visited":["Exordium","TheCity","TheBeyond","TheEnding"],"potions_floor_usage":[20,26,32,33,44,44,52,55,55,55],"damage_taken":[{"damage":0,"enemies":"Jaw Worm","floor":2,"turns":1},{"damage":0,"enemies":"Cultist","floor":5,"turns":1},{"damage":0,"enemies":"Gremlin Nob","floor":6,"turns":1},{"damage":2,"enemies":"Small Slimes","floor":10,"turns":3},{"damage":7,"enemies":"downfall:FleeingMerchant","floor":11,"turns":4},{"damage":8,"enemies":"3 Louse","floor":14,"turns":3},{"damage":3,"enemies":"Large Slime","floor":15,"turns":3},{"damage":10,"enemies":"downfall:Ironclad","floor":16,"turns":9},{"damage":12,"enemies":"downfall:FleeingMerchant","floor":20,"turns":4},{"damage":0,"enemies":"Shell Parasite","floor":21,"turns":4},{"damage":14,"enemies":"downfall:FleeingMerchant","floor":22,"turns":4},{"damage":0,"enemies":"3 Byrds","floor":23,"turns":5},{"damage":9,"enemies":"Snake Plant","floor":26,"turns":6},{"damage":14,"enemies":"Shelled Parasite and Fungi","floor":27,"turns":5},{"damage":3,"enemies":"Centurion and Healer","floor":29,"turns":5},{"damage":30,"enemies":"3 Cultists","floor":32,"turns":5},{"damage":40,"enemies":"downfall:Watcher","floor":33,"turns":13},{"damage":0,"enemies":"3 Shapes","floor":36,"turns":3},{"damage":7,"enemies":"downfall:FleeingMerchant","floor":37,"turns":4},{"damage":0,"enemies":"downfall:FleeingMerchant","floor":39,"turns":4},{"damage":36,"enemies":"Giant Head","floor":44,"turns":8},{"damage":12,"enemies":"Orb Walker","floor":46,"turns":4},{"damage":3,"enemies":"downfall:FleeingMerchant","floor":47,"turns":4},{"damage":18,"enemies":"Jaw Worm Horde","floor":49,"turns":4},{"damage":14,"enemies":"downfall:Defect","floor":50,"turns":9},{"damage":26,"enemies":"downfall:CharBossMerchant","floor":52,"turns":7},{"damage":109,"enemies":"downfall:NeowBoss","floor":55,"turns":31}],"seed_played":"822528566009801294","potions_obtained":[{"floor":10,"key":"Slimebound:ThreeZeroPotion"},{"floor":10,"key":"Guardian:BlockOnCardUsePotion"},{"floor":11,"key":"Fire Potion"},{"floor":14,"key":"SkillPotion"},{"floor":20,"key":"EssenceOfSteel"},{"floor":21,"key":"ColorlessPotion"},{"floor":23,"key":"hexamod:EctoCoolerPotion"},{"floor":26,"key":"SneckoOil"},{"floor":29,"key":"DistilledChaos"},{"floor":33,"key":"hexamod:DoubleChargePotion"},{"floor":33,"key":"DuplicationPotion"},{"floor":44,"key":"Fruit Juice"},{"floor":46,"key":"PowerPotion"},{"floor":52,"key":"DistilledChaos"}],"is_trial":false,"path_per_floor":["R","M","?","?","M","E","T","R","?","M","$","R","?","M","M","B",null,"R","?","$","M","$","M","T","R","M","M","?","M","?","T","M","B",null,"R","M","$","?","$","?","T","R","?","E","R","M","?","T","M","B",null,"E","$","R","B",null],"character_chosen":"THE_SPIRIT","items_purchased":["hexamod:SecondSeal","OrangePellets","The Bomb","hexamod:HeatShield"],"campfire_rested":6,"item_purchase_floors":[20,47,47,53],"current_hp_per_floor":[70,70,49,49,49,49,49,49,49,47,40,61,54,46,50,47,70,70,70,65,70,63,70,70,70,68,61,61,65,65,65,42,9,70,80,80,80,80,80,80,80,80,80,61,90,85,89,89,78,64,90,64,64,90,45],"gold":58,"neow_bonus":"THREE_ENEMY_KILL","is_daily":false,"chose_seed":false,"campfire_upgraded":2,"win_rate":0.0,"timestamp":1609118672,"path_taken":["R","M","?","?","?","E","T","R","?","M","$","R","?","M","M","BOSS","R","?","$","M","$","M","T","R","M","M","?","M","?","?","M","BOSS","R","M","$","?","$","?","T","R","?","E","R","M","?","?","M","BOSS","E","$","R","BOSS"],"items_purchased_type":["Card","Relic","Card","Card"],"build_version":"2020-12-22","purchased_purges":3,"victory":true,"max_hp_per_floor":[70,70,70,70,70,70,70,70,70,70,70,70,70,70,70,70,70,70,70,70,70,70,70,70,70,70,70,70,70,70,70,70,70,70,80,80,80,80,80,80,80,80,80,90,90,90,90,90,90,90,90,90,90,90,90],"card_choices":[{"not_picked":["hexamod:HauntingEcho","hexamod:NightmareGuise"],"picked":"hexamod:ShieldOfDarkness","floor":2},{"not_picked":["hexamod:RainOfEmbers","hexamod:SpectersWail"],"picked":"hexamod:FourthSeal","floor":5},{"not_picked":["hexamod:SpectersWail","hexamod:AdvancingGuard"],"picked":"hexamod:SoulSteal","floor":6},{"not_picked":["hexamod:BurningTouch","hexamod:SkipABeat"],"picked":"hexamod:ThirdSeal","floor":10},{"not_picked":["hexamod:AdvancingGuard","hexamod:HeatMetal"],"picked":"hexamod:PhantomCloak+1","floor":11},{"not_picked":["hexamod:UnleashSpirits","hexamod:GhostflameInferno"],"picked":"hexamod:ExtraCrispy+1","floor":11},{"not_picked":["hexamod:SpectersWail","hexamod:Hexaguard"],"picked":"hexamod:ThermalTransfer","floor":14},{"not_picked":["hexamod:ShieldOfDarkness","hexamod:GhostOfSpirePresent+1"],"picked":"hexamod:Hexaguard","floor":14},{"not_picked":["hexamod:NightmareStrike","hexamod:RainOfEmbers"],"picked":"hexamod:FlamesFromBeyond","floor":15},{"not_picked":["hexamod:RetreatToShadows","hexamod:SpectersWail","hexamod:NightmareStrike"],"picked":"SKIP","floor":15},{"not_picked":["hexamod:TimeWarp","hexamod:Toasty"],"picked":"hexamod:WildfireWeapon+1","floor":16},{"not_picked":["hexamod:TurnItUp","hexamod:CrushingStance"],"picked":"hexamod:VolcanoVisage+1","floor":16},{"not_picked":["hexamod:SwordOfDarkness","hexamod:NightmareStrike"],"picked":"hexamod:InspiringFlames","floor":20},{"not_picked":["hexamod:RainOfEmbers+1","hexamod:GhostLash","hexamod:BacktrackSmack+1"],"picked":"SKIP","floor":21},{"not_picked":["hexamod:AdvancingGuard+1","hexamod:ThirdSeal"],"picked":"hexamod:HeatShield+1","floor":22},{"not_picked":["hexamod:GhostShield","hexamod:Hexaguard+1","hexamod:SwordOfDarkness"],"picked":"SKIP","floor":22},{"not_picked":["hexamod:GhostOfSpireFuture+1","hexamod:ChargedBarrage","hexamod:HeatShield+1"],"picked":"SKIP","floor":23},{"not_picked":["hexamod:ThermalTransfer","hexamod:ShieldOfDarkness","hexamod:SpectersWail"],"picked":"SKIP","floor":26},{"not_picked":["hexamod:SkipABeat","hexamod:GhostOfSpirePast+1","hexamod:NightmareStrike"],"picked":"SKIP","floor":26},{"not_picked":["hexamod:GhostShield","hexamod:RainOfEmbers"],"picked":"hexamod:AdvancingGuard+1","floor":27},{"not_picked":["hexamod:NightmareGuise","hexamod:CatchUp","hexamod:ThermalTransfer"],"picked":"SKIP","floor":27},{"not_picked":["hexamod:BurningTouch","hexamod:NightmareGuise+1","hexamod:SkipABeat"],"picked":"SKIP","floor":29},{"not_picked":["hexamod:HauntingEcho","hexamod:ThermalTransfer","hexamod:Firestarter"],"picked":"SKIP","floor":29},{"not_picked":["hexamod:GhostLash","hexamod:PowerFromBeyond"],"picked":"hexamod:Haunt+1","floor":32},{"not_picked":["hexamod:ThirdSeal","hexamod:BurningTouch","hexamod:ShieldOfDarkness"],"picked":"SKIP","floor":32},{"not_picked":["hexamod:CrushingStance","hexamod:UnleashSpirits"],"picked":"hexamod:EmpoweringStance+1","floor":33},{"not_picked":["hexamod:TimeOfNeed","hexamod:UnleashSpirits"],"picked":"hexamod:EmpoweringStance+1","floor":33},{"not_picked":["hexamod:StepThrough","hexamod:FourthSeal","hexamod:RetreatToShadows"],"picked":"SKIP","floor":36},{"not_picked":["hexamod:GhostLash","hexamod:InspiringFlames"],"picked":"hexamod:SearingWound","floor":37},{"not_picked":["hexamod:FastForward","hexamod:Hexaguard+1","hexamod:PowerFromBeyond+1"],"picked":"SKIP","floor":37},{"not_picked":["hexamod:GhostShield+1","hexamod:Incineration+1","hexamod:GhostflameBarrier"],"picked":"SKIP","floor":39},{"not_picked":["hexamod:ShieldOfDarkness+1","hexamod:PhantomFireball+1","hexamod:HauntingEcho+1"],"picked":"SKIP","floor":44},{"not_picked":["hexamod:GhostShield+1","hexamod:NightmareGuise","hexamod:NightmareStrike"],"picked":"SKIP","floor":44},{"not_picked":["hexamod:FastForward","hexamod:Firestarter+1"],"picked":"hexamod:RecurringNightmare+1","floor":46},{"not_picked":["hexamod:Hexaguard","hexamod:GhostLash","hexamod:SuperheatedStrike"],"picked":"SKIP","floor":46},{"not_picked":["hexamod:FlamesFromBeyond","hexamod:NecessarySacrifice+1","hexamod:BurningTouch"],"picked":"SKIP","floor":47},{"not_picked":["hexamod:GhostOfSpirePresent+1","hexamod:RainOfEmbers+1","hexamod:NightmareStrike"],"picked":"SKIP","floor":49},{"not_picked":["hexamod:BacktrackSmack","hexamod:PhantomFireball+1","hexamod:CatchUp+1"],"picked":"SKIP","floor":49},{"not_picked":["hexamod:SkipABeat+1","hexamod:Firestarter","hexamod:GhostShield"],"picked":"SKIP","floor":52}],"player_experience":10766729,"relics_obtained":[{"floor":6,"key":"Frozen Egg 2"},{"floor":7,"key":"Lizard Tail"},{"floor":31,"key":"Happy Flower"},{"floor":41,"key":"Nunchaku"},{"floor":44,"key":"Regal Pillow"},{"floor":48,"key":"Bottled Tornado"},{"floor":52,"key":"CaptainsWheel"}],"event_choices":[{"damage_healed":0,"gold_gain":0,"player_choice":"Forge","damage_taken":0,"max_hp_gain":0,"max_hp_loss":0,"event_name":"Accursed Blacksmith","floor":4,"gold_loss":0,"cards_upgraded":["hexamod:ShieldOfDarkness"]},{"damage_healed":0,"gold_gain":0,"player_choice":"Read","damage_taken":0,"max_hp_gain":0,"max_hp_loss":0,"event_name":"The Library","floor":19,"gold_loss":0,"cards_obtained":["hexamod:SkipABeat"]},{"damage_healed":0,"gold_gain":0,"player_choice":"Stole Relic","damage_taken":0,"relics_obtained":["Lantern"],"max_hp_gain":0,"max_hp_loss":0,"event_name":"Addict","floor":28,"gold_loss":0,"cards_obtained":["Shame"]},{"damage_healed":0,"gold_gain":0,"player_choice":"Ignored","damage_taken":0,"max_hp_gain":0,"max_hp_loss":0,"event_name":"Mysterious Sphere","floor":43,"gold_loss":0}],"is_beta":false,"boss_relics":[{"not_picked":["downfall:Hecktoplasm","Astrolabe"],"picked":"Fusion Hammer"},{"not_picked":["Cursed Key","SlaversCollar"],"picked":"SacredBark"}],"items_purged_floors":[20,37,47],"is_endless":false,"potions_floor_spawned":[10,14,16,21,23,29,33,36,46,49],"ascension_level":2}}