{"host":"2461dio7vetlq1z3","time":1609162552,"event":{"mods":["2.2 Compatiblity","AchievementEnabler","Aspiration","BaseMod","Better Third Choice","Friendly Minions","Hermit","Marisa????????","Minty Spire (QoL Compilation)","Relic Stats","Spicy Shops","StSLib","Waifu the Spire"],"gold_per_floor":[219,219,219,12,24,24,58,58,84,84,96,96,112,146,146,219,219,236,250,165,165,181,181,106,106,153,153,178,43,58,93,93,172,172,191,204,204,41,156,156,189,189,189,202,216,13,45,56,56,56,56,56,56,56,91,91,91],"floor_reached":56,"playtime":2244,"items_purged":["Injury","Strike_R"],"score":2052,"play_id":"5b399ed7-01a5-4fd2-98c1-08308b621768","local_time":"20201228143552","is_ascension_mode":true,"campfire_choices":[{"data":"Bash","floor":6,"key":"SMITH"},{"data":"Metallicize","floor":8,"key":"SMITH"},{"data":"Hemokinesis","floor":10,"key":"SMITH"},{"data":"Searing Blow+1","floor":15,"key":"SMITH"},{"floor":23,"key":"REST"},{"data":"Searing Blow+2","floor":25,"key":"SMITH"},{"data":"Searing Blow+3","floor":27,"key":"SMITH"},{"data":"Juggernaut","floor":32,"key":"SMITH"},{"data":"Searing Blow+4","floor":40,"key":"SMITH"},{"data":"Searing Blow+5","floor":42,"key":"SMITH"},{"floor":49,"key":"RECALL"},{"data":"Searing Blow+6","floor":53,"key":"SMITH"}],"circlet_count":0,"master_deck":["AscendersBane","Strike_R","Strike_R","Defend_R+1","Defend_R+1","Defend_R","Defend_R","Bash+1","Hemokinesis+1","Pommel Strike+1","Metallicize+1","Burning Pact","Searing Blow+7","Uppercut+1","Feed+1","Shockwave","Pommel Strike+1","Carnage+1","Barricade","Juggernaut+1","Pommel Strike+1","Ghostly Armor","Fiend Fire+1","Feel No Pain","Reaper+1"],"relics":["Burning Blood","Molten Egg 2","Art of War","Membership Card","aspiration:StickyExplosives_weak","Red Skull","Gremlin Horn","Snecko Eye","aspiration:ChemicalBlood","War Paint","Paper Frog","Orrery","Vajra","Sozu","Ice Cream","Mercury Hourglass","Boot","aspiration:HatOfInfinitePower","Bag of Marbles","Oddly Smooth Stone"],"acts_visited":["Exordium","TheCity","TheBeyond","TheEnding"],"potions_floor_usage":[7,7,14,18,31,33,36,41],"damage_taken":[{"damage":0,"enemies":"Small Slimes","floor":1,"turns":5},{"damage":11,"enemies":"Jaw Worm","floor":5,"turns":4},{"damage":19,"enemies":"3 Sentries","floor":7,"turns":6},{"damage":3,"enemies":"2 Louse","floor":11,"turns":2},{"damage":5,"enemies":"Red Slaver","floor":13,"turns":3},{"damage":24,"enemies":"Lagavulin","floor":14,"turns":4},{"damage":21,"enemies":"Hexaghost","floor":16,"turns":7},{"damage":17,"enemies":"2 Thieves","floor":18,"turns":3},{"damage":17,"enemies":"3 Byrds","floor":19,"turns":5},{"damage":38,"enemies":"Shelled Parasite and Fungi","floor":22,"turns":4},{"damage":0,"enemies":"Gremlin Leader","floor":28,"turns":3},{"damage":0,"enemies":"Sentry and Sphere","floor":30,"turns":3},{"damage":16,"enemies":"Book of Stabbing","floor":31,"turns":3},{"damage":17,"enemies":"Automaton","floor":33,"turns":7},{"damage":2,"enemies":"3 Shapes","floor":35,"turns":2},{"damage":21,"enemies":"3 Darklings","floor":36,"turns":3},{"damage":8,"enemies":"Reptomancer","floor":41,"turns":4},{"damage":15,"enemies":"Maw","floor":44,"turns":4},{"damage":46,"enemies":"Writhing Mass","floor":45,"turns":4},{"damage":7,"enemies":"Nemesis","floor":47,"turns":3},{"damage":0,"enemies":"Jaw Worm Horde","floor":48,"turns":2},{"damage":44,"enemies":"Awakened One","floor":50,"turns":4},{"damage":36,"enemies":"Donu and Deca","floor":51,"turns":4},{"damage":56,"enemies":"Shield and Spear","floor":55,"turns":3},{"damage":70,"enemies":"The Heart","floor":56,"turns":2}],"seed_played":"-112263220087761095","potions_obtained":[{"floor":1,"key":"Fire Potion"},{"floor":5,"key":"SkillPotion"},{"floor":7,"key":"AttackPotion"},{"floor":16,"key":"Weak Potion"},{"floor":18,"key":"Ancient Potion"},{"floor":22,"key":"Dexterity Potion"},{"floor":31,"key":"Swift Potion"}],"is_trial":false,"path_per_floor":["M","?","?","$","M","R","E","R","T","R","M","?","M","E","R","B",null,"M","M","?","?","M","R","?","R","T","R","E","$","M","E","R","B",null,"M","M","?","$","?","R","E","R","T","M","M","$","E","M","R","B","B",null,"R","$","E","B"],"character_chosen":"IRONCLAD","items_purchased":["Membership Card","Orrery","Ice Cream","aspiration:HatOfInfinitePower","Feel No Pain"],"campfire_rested":1,"item_purchase_floors":[4,29,38,46,46],"current_hp_per_floor":[74,74,56,56,51,51,38,38,38,38,41,41,42,24,24,9,59,52,45,45,45,17,43,43,43,43,43,53,53,63,53,53,46,86,94,79,79,79,79,79,81,81,81,72,32,32,35,60,60,56,41,96,96,96,46,0,0],"gold":91,"neow_bonus":"HUNDRED_GOLD","is_daily":false,"chose_seed":false,"campfire_upgraded":10,"win_rate":0.0,"timestamp":1609162552,"path_taken":["M","?","?","$","M","R","E","R","T","R","M","?","M","E","R","BOSS","M","M","?","?","M","R","?","R","T","R","E","$","M","E","R","BOSS","M","M","?","$","?","R","E","R","T","?","M","$","E","M","R","BOSS","BOSS","R","$","E","BOSS"],"items_purchased_type":["Relic","Relic","Relic","Relic","Card"],"build_version":"2020-12-22","purchased_purges":2,"victory":false,"max_hp_per_floor":[75,75,75,75,75,75,75,75,75,75,75,75,75,75,75,75,75,79,83,83,83,87,87,87,87,87,87,91,91,95,95,95,99,99,103,103,98,98,98,98,102,102,102,102,102,102,106,110,110,114,114,114,114,114,114,114,114],"relic_stats":{"Sozu":5,"Gremlin Horn":[26,26],"counters":[25,94],"Snecko Eye":[164,127,141,143],"Art of War":[4],"War Paint":["Defend_R","Defend_R"],"Boot":[20],"obtain_stats":[{"Ice Cream":38,"Gremlin Horn":14,"Vajra":31,"Oddly Smooth Stone":55,"War Paint":26,"Boot":41,"Burning Blood":0,"aspiration:StickyExplosives_weak":7,"Mercury Hourglass":39,"Sozu":34,"Snecko Eye":17,"Orrery":29,"Molten Egg 2":2,"Art of War":3,"Bag of Marbles":47,"Membership Card":4,"aspiration:HatOfInfinitePower":46,"Red Skull":9,"aspiration:ChemicalBlood":20,"Paper Frog":28},{"Ice Cream":16,"Gremlin Horn":6,"Vajra":13,"Oddly Smooth Stone":24,"War Paint":10,"Boot":17,"Burning Blood":0,"aspiration:StickyExplosives_weak":3,"Mercury Hourglass":16,"Sozu":14,"Snecko Eye":7,"Orrery":11,"Molten Egg 2":1,"Art of War":1,"Bag of Marbles":20,"Membership Card":1,"aspiration:HatOfInfinitePower":19,"Red Skull":3,"aspiration:ChemicalBlood":9,"Paper Frog":11},{"Ice Cream":64,"Gremlin Horn":24,"Vajra":52,"Oddly Smooth Stone":92,"War Paint":43,"Boot":68,"Burning Blood":0,"aspiration:StickyExplosives_weak":15,"Mercury Hourglass":64,"Sozu":59,"Snecko Eye":31,"Orrery":46,"Molten Egg 2":5,"Art of War":5,"Bag of Marbles":79,"Membership Card":5,"aspiration:HatOfInfinitePower":76,"Red Skull":15,"aspiration:ChemicalBlood":39,"Paper Frog":46}],"Burning Blood":144,"Mercury Hourglass":[109]},"card_choices":[{"not_picked":["Havoc","Dropkick"],"picked":"Hemokinesis","floor":1},{"not_picked":["Shrug It Off","Rupture"],"picked":"Pommel Strike+1","floor":5},{"not_picked":["Warcry","Sword Boomerang+1"],"picked":"Metallicize","floor":7},{"not_picked":["Armaments","Clash+1"],"picked":"Burning Pact","floor":11},{"not_picked":["Second Wind","Shrug It Off"],"picked":"Searing Blow+1","floor":13},{"not_picked":["Pummel+1","Anger+1"],"picked":"Uppercut+1","floor":14},{"not_picked":["Fiend Fire+1","Berserk"],"picked":"Feed+1","floor":16},{"not_picked":["Perfected Strike+1","Headbutt+1","Bloodletting"],"picked":"SKIP","floor":18},{"not_picked":["Flex","Heavy Blade+1"],"picked":"Shockwave","floor":19},{"not_picked":["Iron Wave+1","Evolve"],"picked":"Pommel Strike+1","floor":22},{"not_picked":["Clash+1","Body Slam+1"],"picked":"Carnage+1","floor":28},{"not_picked":["Thunderclap+1","Evolve"],"picked":"Barricade","floor":29},{"not_picked":["Iron Wave+1","Shrug It Off"],"picked":"Juggernaut","floor":29},{"not_picked":["Heavy Blade+1","Disarm"],"picked":"Pommel Strike+1","floor":29},{"not_picked":["Perfected Strike+1","Power Through"],"picked":"Ghostly Armor","floor":29},{"not_picked":["Clothesline+1","Headbutt+1","Thunderclap+1"],"picked":"SKIP","floor":30},{"not_picked":["Havoc","Evolve","Pummel+1"],"picked":"SKIP","floor":31},{"not_picked":["Barricade","Corruption"],"picked":"Fiend Fire+1","floor":33},{"not_picked":["Power Through","Intimidate","Heavy Blade+1"],"picked":"SKIP","floor":35},{"not_picked":["Power Through","Clash+1","Anger+1"],"picked":"SKIP","floor":36},{"not_picked":["Forethought","Finesse","Mind Blast+1"],"picked":"SKIP","floor":39},{"not_picked":["Corruption","Clash+1","Clothesline+1"],"picked":"SKIP","floor":41},{"not_picked":["Havoc+1","Flex","Pommel Strike+1"],"picked":"SKIP","floor":44},{"not_picked":["Armaments","Clash+1","Wild Strike+1"],"picked":"SKIP","floor":45},{"not_picked":["Searing Blow+1","Warcry"],"picked":"Reaper+1","floor":47},{"not_picked":["Heavy Blade+1","Havoc","Carnage+1"],"picked":"SKIP","floor":48},{"not_picked":["Twin Strike+1","True Grit","Corruption"],"picked":"SKIP","floor":55}],"player_experience":1069299,"relics_obtained":[{"floor":7,"key":"aspiration:StickyExplosives_weak"},{"floor":9,"key":"Red Skull"},{"floor":14,"key":"Gremlin Horn"},{"floor":26,"key":"War Paint"},{"floor":28,"key":"Paper Frog"},{"floor":31,"key":"Vajra"},{"floor":39,"key":"Mercury Hourglass"},{"floor":41,"key":"Boot"},{"floor":47,"key":"Bag of Marbles"},{"floor":55,"key":"Oddly Smooth Stone"}],"event_choices":[{"damage_healed":0,"gold_gain":0,"player_choice":"Relic ","damage_taken":18,"max_hp_gain":0,"max_hp_loss":0,"event_name":"betterThird:BetterScrap","floor":3,"gold_loss":0,"cards_obtained":["Skim"]},{"cards_removed":["Strike_R"],"damage_healed":0,"gold_gain":0,"player_choice":"Forget","damage_taken":0,"max_hp_gain":0,"max_hp_loss":0,"event_name":"Living Wall","floor":12,"gold_loss":0},{"damage_healed":0,"gold_gain":0,"player_choice":"Obtained Relic","damage_taken":0,"relics_obtained":["aspiration:ChemicalBlood"],"max_hp_gain":0,"max_hp_loss":0,"event_name":"Addict","floor":20,"gold_loss":85},{"damage_healed":0,"gold_gain":0,"player_choice":"Ignored","damage_taken":0,"max_hp_gain":0,"max_hp_loss":0,"event_name":"Ghosts","floor":21,"gold_loss":0},{"cards_removed":["Strike_R"],"damage_healed":0,"gold_gain":0,"player_choice":"Gave Gold","damage_taken":0,"max_hp_gain":0,"max_hp_loss":0,"event_name":"Beggar","floor":24,"gold_loss":75},{"damage_healed":0,"gold_gain":0,"player_choice":"Max HP","damage_taken":0,"max_hp_gain":0,"max_hp_loss":5,"event_name":"Winding Halls","floor":37,"gold_loss":0},{"damage_healed":0,"gold_gain":0,"player_choice":"Random: Red","damage_taken":0,"max_hp_gain":0,"max_hp_loss":0,"event_name":"betterThird:BetterPortal","floor":39,"gold_loss":0}],"is_beta":false,"boss_relics":[{"not_picked":["aspiration:SecretTechniqueScroll","Black Blood"],"picked":"Snecko Eye"},{"not_picked":["Runic Pyramid","SlaversCollar"],"picked":"Sozu"}],"items_purged_floors":[4,29],"is_endless":false,"potions_floor_spawned":[1,5,7,16,18,22,28,31,41,44,48,55],"killed_by":"The Heart","ascension_level":20}}