{"host":"f5n4tidiz2n5sooh","time":1609127394,"event":{"mods":["BaseMod","Bestiary","Colored Map","Minty Spire (QoL Compilation)","Relic Stats","StSLib"],"gold_per_floor":[359,377,389,81,97,127,127,127,127],"floor_reached":8,"playtime":296,"items_purged":["Strike_R"],"score":116,"play_id":"4a274bee-f51a-4806-99b4-83abf7a39796","local_time":"20201227214954","is_ascension_mode":true,"campfire_choices":[{"data":"Feed","floor":7,"key":"SMITH"}],"circlet_count":0,"master_deck":["AscendersBane","Strike_R","Strike_R","Strike_R","Strike_R","Defend_R","Defend_R","Defend_R","Defend_R","Bash","Second Wind","Clothesline","Feed+1","Flame Barrier","Shrug It Off"],"relics":["Burning Blood","Anchor"],"acts_visited":["Exordium"],"potions_floor_usage":[5,6,6],"damage_taken":[{"damage":10,"enemies":"Small Slimes","floor":1,"turns":3},{"damage":2,"enemies":"Jaw Worm","floor":2,"turns":5},{"damage":20,"enemies":"Cultist","floor":3,"turns":5},{"damage":0,"enemies":"Lots of Slimes","floor":5,"turns":2},{"damage":20,"enemies":"3 Sentries","floor":6,"turns":9},{"damage":40,"enemies":"Gremlin Nob","floor":8,"turns":4}],"seed_played":"2545022215373710292","potions_obtained":[{"floor":2,"key":"Explosive Potion"},{"floor":5,"key":"DistilledChaos"}],"is_trial":false,"path_per_floor":["M","M","M","$","M","E","R","E"],"character_chosen":"IRONCLAD","items_purchased":["Feed","PowerPotion"],"campfire_rested":0,"item_purchase_floors":[4,4],"current_hp_per_floor":[46,50,36,36,45,34,34,0,0],"gold":127,"neow_bonus":"TWO_FIFTY_GOLD","is_daily":false,"chose_seed":false,"campfire_upgraded":1,"win_rate":0.0,"timestamp":1609127394,"path_taken":["M","M","M","$","M","E","R","E"],"items_purchased_type":["Card","Potion"],"build_version":"2020-12-22","purchased_purges":1,"victory":false,"max_hp_per_floor":[75,75,75,75,78,81,81,81,81],"relic_stats":{"counters":[6,28],"obtain_stats":[{"Anchor":6,"Burning Blood":0},{"Anchor":5,"Burning Blood":0},{"Anchor":24,"Burning Blood":0}],"Burning Blood":30},"card_choices":[{"not_picked":["Wild Strike","Anger"],"picked":"Second Wind","floor":1},{"not_picked":["Infernal Blade","Headbutt"],"picked":"Clothesline","floor":2},{"not_picked":["Heavy Blade","Headbutt","Body Slam"],"picked":"SKIP","floor":3},{"not_picked":["Whirlwind","Blood for Blood"],"picked":"Flame Barrier","floor":5},{"not_picked":["Bloodletting","Warcry"],"picked":"Shrug It Off","floor":6}],"player_experience":1938059,"relics_obtained":[{"floor":6,"key":"Anchor"}],"event_choices":[],"is_beta":false,"boss_relics":[],"items_purged_floors":[4],"is_endless":false,"potions_floor_spawned":[2,5],"killed_by":"Gremlin Nob","ascension_level":20}}