{"host":"ecuvtzmejf7hhjpv","time":1609121163,"event":{"mods":["AchievementEnabler","Act Like it!","Aspiration","BaseMod","Better Altar","Better Match","Better Note","Better Sensory Stone","Better Skull","Better Third Choice","BetterRewards","Conspire","Custom Start","Gensokyo","GifTheSpireLib","Hallownest","Hermit","Hubris","Kratos Character Expansion","Marisa????????","Minty Spire (QoL Compilation)","Prisma Mod","Replay The Spire","Spicy Shops","StSLib","The Animator","The Blackbeard","The Bug Knight","The Forsaken","The Hierophant","The Jungle","The Necromancer","The Poker Player","The Wild Card"],"gold_per_floor":[109,109,109,259,273,308,64,77,77,23,59,59,64,108,108,78,78],"floor_reached":16,"playtime":524,"items_purged":[],"score":191,"play_id":"5ec003c2-238a-47b4-885a-e3db1829d8d5","local_time":"20201227200603","is_ascension_mode":true,"campfire_choices":[{"data":"hierophant:ChurchCoffers","floor":12,"key":"SMITH"}],"circlet_count":0,"master_deck":["hierophant:Strike_Hierophant","hierophant:Strike_Hierophant","hierophant:Strike_Hierophant","hierophant:Strike_Hierophant","hierophant:Punish","hierophant:Defend_Hierophant","hierophant:Defend_Hierophant","hierophant:Defend_Hierophant","hierophant:Defend_Hierophant","hierophant:ChurchCoffers+1","hierophant:SealAway","hierophant:DisplayOfPower","hierophant:Repentance","Injury","hierophant:Doubloon","hierophant:Doubloon","hierophant:Doubloon","hierophant:Doubloon+1","hubris:DuctTapeCard","hierophant:Doubloon","hierophant:ConvertCurrency"],"relics":["hierophant:PropheticMaskRelic","Replay:Wax Seal","Chemical X","KratosMod:chalice","aspiration:DSix","Kunai","theForsaken:Lifeblossom","Mercury Hourglass","Ice Cream","hubris:DuctTape"],"acts_visited":["Exordium"],"potions_floor_usage":[6,6,13,16],"damage_taken":[{"damage":0,"enemies":"Small Slimes","floor":1,"turns":3},{"damage":4,"enemies":"Jaw Worm","floor":5,"turns":3},{"damage":22,"enemies":"Lagavulin","floor":6,"turns":4},{"damage":4,"enemies":"2 Louse","floor":8,"turns":2},{"damage":24,"enemies":"3 Sentries","floor":11,"turns":6},{"damage":26,"enemies":"conspire:MimicChest","floor":13,"turns":6},{"damage":3,"enemies":"2 Fungi Beasts","floor":14,"turns":2},{"damage":45,"enemies":"The Guardian","floor":16,"turns":11}],"seed_played":"-5233229511895822976","potions_obtained":[{"floor":5,"key":"BlessingOfTheForge"},{"floor":6,"key":"Fire Potion"},{"floor":13,"key":"FearPotion"}],"is_trial":false,"path_per_floor":["M","?","?","?","M","E","$","M","T","$","E","R","?","M","R","B"],"character_chosen":"HIEROPHANT","items_purchased":["Replay:Wax Seal","Chemical X","Strength Potion","Kunai","theForsaken:Lifeblossom","hierophant:RustyCrate"],"campfire_rested":0,"item_purchase_floors":[0,0,0,7,7,10],"current_hp_per_floor":[67,67,67,67,63,41,41,42,42,42,24,24,4,6,28,0,0],"gold":78,"neow_bonus":"","is_daily":false,"chose_seed":false,"campfire_upgraded":1,"win_rate":0.0,"timestamp":1609121163,"path_taken":["M","?","?","?","M","E","$","M","T","$","E","R","?","?","R","BOSS"],"items_purchased_type":["Relic","Relic","Potion","Relic","Relic","Card"],"build_version":"2020-12-22","purchased_purges":0,"victory":false,"max_hp_per_floor":[75,75,75,75,75,75,75,75,75,75,75,75,75,75,75,75,75],"card_choices":[{"not_picked":["hierophant:Charity","hierophant:RecallFunds"],"picked":"hierophant:SealAway","floor":1},{"not_picked":["hierophant:FieryStrike","hierophant:OrnateBuckler"],"picked":"hierophant:Repentance","floor":5},{"not_picked":["hierophant:Martyrdom","hierophant:Purify","hierophant:Remorse"],"picked":"SKIP","floor":6},{"not_picked":["hierophant:MorningPrayer","hierophant:FieryStrike"],"picked":"hierophant:Doubloon","floor":8},{"not_picked":["hierophant:Shelter","hierophant:DisplayOfPower","hierophant:HammerAndAnvil"],"picked":"SKIP","floor":11},{"not_picked":["hierophant:AuricBeam","hierophant:Purify"],"picked":"hierophant:ConvertCurrency","floor":14}],"player_experience":911778,"relics_obtained":[{"floor":6,"key":"aspiration:DSix"},{"floor":9,"key":"Mercury Hourglass"},{"floor":11,"key":"Ice Cream"},{"floor":13,"key":"hubris:DuctTape"}],"event_choices":[],"is_beta":false,"boss_relics":[],"items_purged_floors":[],"is_endless":false,"potions_floor_spawned":[5,6,13],"killed_by":"The Guardian","ascension_level":1}}