{"host":"ris23a35wgbcqmkd","time":1609177528,"event":{"mods":["AchievementEnabler","BaseMod","BetterRewards","Colored Map","Colored Powertips","Downfall","Hermit","Minty Spire (QoL Compilation)","Rare Cards Sparkle","Shop Mod","StSLib","The Cursed","The Necromancer","The Runesmith","The Wild Card"],"gold_per_floor":[119,119,72,147,147,180,200,217,217,248,261,261,276,290,290,389,389,404,404,329,339,358,358,358],"floor_reached":23,"playtime":794,"items_purged":[],"score":228,"play_id":"1d017b97-630f-4024-9ee8-680bb1bc7893","local_time":"20201228174528","is_ascension_mode":false,"campfire_choices":[{"data":"Runesmith:Firewall","floor":12,"key":"SMITH"},{"floor":15,"key":"REST"}],"circlet_count":0,"master_deck":["Runesmith:Strike_RS","Runesmith:Strike_RS","Runesmith:Strike_RS","Runesmith:Defend_RS","Runesmith:Defend_RS","Runesmith:Defend_RS","Runesmith:Defend_RS","Runesmith:CraftFirestone","Runesmith:Fortify","Runesmith:Firestorm","Runesmith:HeatedChisel","Runesmith:MetallurgicalResearch","Runesmith:Firewall+1","Runesmith:Attraction","Runesmith:CraftProtectio","Runesmith:CraftMagma","Runesmith:UnlimitedPower","Runesmith:FissionHammer","Runesmith:EarthShield+1","Runesmith:DoubleUp","Runesmith:Repurpose+1"],"relics":["Runesmith:BrokenRuby","NeowsBlessing","Kunai","Blood Vial","Question Card","Black Star"],"acts_visited":["Exordium","TheCity"],"potions_floor_usage":[16,16],"damage_taken":[{"damage":0,"enemies":"Small Slimes","floor":1,"turns":1},{"damage":0,"enemies":"Gremlin Nob","floor":6,"turns":1},{"damage":0,"enemies":"Cultist","floor":7,"turns":1},{"damage":0,"enemies":"2 Louse","floor":8,"turns":4},{"damage":20,"enemies":"3 Sentries","floor":10,"turns":6},{"damage":7,"enemies":"Large Slime","floor":11,"turns":7},{"damage":15,"enemies":"2 Fungi Beasts","floor":13,"turns":4},{"damage":5,"enemies":"Blue Slaver","floor":14,"turns":4},{"damage":6,"enemies":"Hexaghost","floor":16,"turns":9},{"damage":21,"enemies":"Spheric Guardian","floor":18,"turns":6},{"damage":15,"enemies":"Shell Parasite","floor":21,"turns":6},{"damage":15,"enemies":"Snecko","floor":22,"turns":7},{"damage":17,"enemies":"Book of Stabbing","floor":23,"turns":5}],"seed_played":"4601506011077768419","potions_obtained":[{"floor":7,"key":"Dexterity Potion"},{"floor":13,"key":"Energy Potion"},{"floor":14,"key":"SpeedPotion"},{"floor":22,"key":"Strength Potion"}],"is_trial":false,"path_per_floor":["M","?","$","?","?","E","M","M","T","E","M","R","M","M","R","B",null,"M","?","?","M","M","E"],"character_chosen":"RUNESMITH_CLASS","items_purchased":["Runesmith:HeatedChisel"],"campfire_rested":1,"item_purchase_floors":[3],"current_hp_per_floor":[70,70,70,59,52,52,52,52,52,34,29,29,16,13,34,30,70,49,36,36,23,10,0,0],"gold":358,"neow_bonus":"THREE_ENEMY_KILL","is_daily":false,"chose_seed":false,"campfire_upgraded":1,"win_rate":0.0,"timestamp":1609177528,"path_taken":["M","?","?","?","?","E","M","M","T","E","M","R","M","M","R","BOSS","M","?","?","M","M","E"],"items_purchased_type":["Card"],"build_version":"2020-12-22","purchased_purges":0,"victory":false,"max_hp_per_floor":[70,70,70,70,70,70,70,70,70,70,70,70,70,70,70,70,70,70,75,75,75,75,75,75],"card_choices":[{"not_picked":["Runesmith:EarthShield","Runesmith:Terraform"],"picked":"Runesmith:Firestorm","floor":1},{"not_picked":["Runesmith:RunicBlueprint","Runesmith:ShiftingStrike"],"picked":"Runesmith:MetallurgicalResearch","floor":6},{"not_picked":["Runesmith:Prism","Runesmith:Repurpose"],"picked":"Runesmith:Firewall","floor":7},{"not_picked":["Runesmith:RuneHurl","Runesmith:HeatedChisel"],"picked":"Runesmith:Attraction","floor":8},{"not_picked":["Runesmith:RuneHurl","Runesmith:ChiselStab"],"picked":"Runesmith:Discharge","floor":10},{"not_picked":["Runesmith:StaticCage","Runesmith:NegativeSpace","Runesmith:Overpower"],"picked":"Runesmith:CraftProtectio","floor":11},{"not_picked":["Runesmith:HammerThrow","Runesmith:CraftIncendium","Runesmith:Accelerate"],"picked":"Runesmith:CraftMagma","floor":13},{"not_picked":["Runesmith:CraftSpiculum","Runesmith:HeatedChisel","Runesmith:StaticCage"],"picked":"Runesmith:UnlimitedPower","floor":14},{"not_picked":["Runesmith:GenerateForcefield","Runesmith:ReplicatingBarrier","Runesmith:UnlimitedPower"],"picked":"Runesmith:FissionHammer","floor":16},{"not_picked":["Runesmith:ChiselStab","Runesmith:CraftProtectio","Runesmith:MakeshiftArmor"],"picked":"Runesmith:EarthShield+1","floor":18},{"not_picked":["Runesmith:Augment+1","Runesmith:CraftReservo","Runesmith:Refine"],"picked":"Runesmith:DoubleUp","floor":21},{"not_picked":["Runesmith:Firestorm","Runesmith:Accelerate","Runesmith:Retool+1"],"picked":"Runesmith:Repurpose+1","floor":22}],"player_experience":253528,"relics_obtained":[{"floor":6,"key":"Kunai"},{"floor":9,"key":"Blood Vial"},{"floor":10,"key":"Question Card"}],"event_choices":[{"damage_healed":0,"gold_gain":0,"player_choice":"0 cards matched","damage_taken":0,"max_hp_gain":0,"max_hp_loss":0,"event_name":"Match and Keep!","floor":2,"gold_loss":0,"cards_obtained":[]},{"damage_healed":0,"gold_gain":75,"player_choice":"Gather Gold","damage_taken":11,"max_hp_gain":0,"max_hp_loss":0,"event_name":"World of Goop","floor":4,"gold_loss":0},{"cards_removed":["Runesmith:Strike_RS"],"damage_healed":0,"gold_gain":0,"player_choice":"Card Removal","damage_taken":7,"max_hp_gain":0,"max_hp_loss":0,"event_name":"Golden Wing","floor":5,"gold_loss":0},{"damage_healed":0,"gold_gain":0,"player_choice":"Shed Blood","damage_taken":18,"max_hp_gain":5,"max_hp_loss":0,"event_name":"Forgotten Altar","floor":19,"gold_loss":0},{"cards_removed":["Runesmith:Discharge"],"damage_healed":0,"gold_gain":0,"player_choice":"Gave Gold","damage_taken":0,"max_hp_gain":0,"max_hp_loss":0,"event_name":"Beggar","floor":20,"gold_loss":75}],"is_beta":false,"boss_relics":[{"not_picked":["Sozu","Philosopher\u0027s Stone"],"picked":"Black Star"}],"items_purged_floors":[],"is_endless":false,"potions_floor_spawned":[7,13,14,22],"killed_by":"Book of Stabbing","ascension_level":0}}