{"host":"55yei7x27djrlaep","time":1609152327,"event":{"mods":["Act Like it!","Aspiration","BaseMod","Better Altar","Better Match","Better Note","Better Sensory Stone","Better Skull","Better Third Choice","BetterRewards","Colored Map","Conspire","Friendly Minions","GifTheSpireLib","Halation","Hubris","Minty Spire (QoL Compilation)","Pale of the Ancients","Relic Sorter","Replay The Spire","Spikes Relics","StSLib","Stuff the Spire","The Elementalist","The Marked"],"gold_per_floor":[109,109,86,86,135,187,199,211,211],"floor_reached":8,"playtime":663,"items_purged":["elementalist:Strike+Elemblue"],"score":55,"play_id":"4a257651-1121-48f6-83f9-ee7da041c271","local_time":"20201228134527","is_ascension_mode":true,"campfire_choices":[],"circlet_count":0,"master_deck":["elementalist:Defend_Elemblue","elementalist:Defend_Elemblue","elementalist:Defend_Elemblue","elementalist:Defend_Elemblue","elementalist:Defend_Elemblue","elementalist:Firestrike","elementalist:Earthstrike","elementalist:Waterstrike","elementalist:Airstrike","elementalist:Crystal_Chalk","elementalist:Flame+1","elementalist:Solar_Form","Finesse","elementalist:Undertow","elementalist:Wards","elementalist:Momentum","elementalist:Monument","elementalist:Mist"],"relics":["elementalistmod:MagusStaff","elementalistmod:GraduationLetter","Thread and Needle","CrustySpines","Golden Idol","hubris:Towel","MawBank","Letter Opener"],"acts_visited":["Exordium"],"potions_floor_usage":[8],"damage_taken":[{"damage":0,"enemies":"Small Slimes","floor":1,"turns":4},{"damage":12,"enemies":"Lagavulin","floor":6,"turns":10},{"damage":23,"enemies":"Gremlin Nob","floor":8,"turns":4}],"seed_played":"-2262027820866591700","potions_obtained":[{"floor":6,"key":"BlessingOfTheForge"}],"is_trial":false,"path_per_floor":["M","?","$","?","T","E","$","E"],"character_chosen":"THE_ELEMENTALIST","items_purchased":["elementalist:Flame+1","elementalist:Solar_Form","Finesse","CrustySpines","elementalist:Wards","elementalist:Monument"],"campfire_rested":0,"item_purchase_floors":[0,0,0,0,0,3],"current_hp_per_floor":[38,21,21,21,21,9,9,0,0],"gold":211,"neow_bonus":"","is_daily":false,"chose_seed":false,"campfire_upgraded":0,"win_rate":0.0,"timestamp":1609152327,"path_taken":["M","?","$","?","?","E","?","E"],"items_purchased_type":["Card","Card","Card","Relic","Card","Card"],"build_version":"2020-12-22","purchased_purges":1,"victory":false,"max_hp_per_floor":[70,70,70,70,70,70,70,70,70],"card_choices":[{"not_picked":["elementalist:Emberveil","elementalist:Rising_Tides"],"picked":"elementalist:Momentum","floor":1},{"not_picked":["elementalist:Prepared_Sand","elementalist:Spout"],"picked":"elementalist:Mist","floor":6}],"player_experience":396122,"relics_obtained":[{"floor":5,"key":"MawBank"},{"floor":6,"key":"Letter Opener"}],"event_choices":[{"damage_healed":0,"gold_gain":0,"player_choice":"Take Damage","damage_taken":17,"relics_obtained":["Golden Idol"],"max_hp_gain":0,"max_hp_loss":0,"event_name":"Golden Idol","floor":2,"gold_loss":0}],"is_beta":false,"boss_relics":[],"items_purged_floors":[0],"is_endless":false,"potions_floor_spawned":[6],"killed_by":"Gremlin Nob","ascension_level":1}}