{"host":"sav7uxregyirlf69","time":1609168390,"event":{"mods":["AchievementEnabler","BaseMod","Colored Map","DeckTracker","Keyboard Shortcuts","Minty Spire (QoL Compilation)","READ ME - Guardian Mod","StSLib","SuperFastMode"],"gold_per_floor":[114,126,144,94,118,118,137,149,226,111,125,137,156,169,169,270,270,280,379,279,279,295,295,307,182,262,262,262,275,288,288,288],"floor_reached":31,"playtime":515,"items_purged":["Strike_R","Strike_R","Strike_R"],"score":233,"play_id":"1ba9befe-3dbe-44d9-b68f-a604ea6c1cd0","local_time":"20201229001310","is_ascension_mode":false,"campfire_choices":[{"data":"Blood for Blood","floor":6,"key":"SMITH"},{"data":"Rupture","floor":15,"key":"SMITH"},{"data":"Infernal Blade","floor":23,"key":"SMITH"},{"floor":28,"key":"REST"}],"circlet_count":0,"master_deck":["Strike_R","Defend_R","Defend_R","Defend_R","Defend_R","Bash","Blood for Blood+1","Infernal Blade+1","Power Through","Wild Strike","Hemokinesis","Rupture+1","Brutality","Twin Strike","True Grit+1","Pummel","Second Wind","Sentinel"],"relics":["Burning Blood"],"acts_visited":["Exordium","TheCity"],"potions_floor_usage":[16,18,18,22],"damage_taken":[{"damage":10,"enemies":"Small Slimes","floor":1,"turns":4},{"damage":6,"enemies":"Jaw Worm","floor":2,"turns":3},{"damage":13,"enemies":"2 Louse","floor":3,"turns":3},{"damage":2,"enemies":"Exordium Wildlife","floor":7,"turns":3},{"damage":0,"enemies":"Large Slime","floor":8,"turns":5},{"damage":6,"enemies":"Gremlin Gang","floor":11,"turns":5},{"damage":7,"enemies":"Looter","floor":12,"turns":2},{"damage":3,"enemies":"2 Fungi Beasts","floor":13,"turns":2},{"damage":4,"enemies":"Large Slime","floor":14,"turns":4},{"damage":24,"enemies":"Slime Boss","floor":16,"turns":5},{"damage":17,"enemies":"3 Byrds","floor":18,"turns":5},{"damage":15,"enemies":"Chosen","floor":22,"turns":6},{"damage":30,"enemies":"Shelled Parasite and Fungi","floor":24,"turns":5},{"damage":36,"enemies":"Snecko","floor":29,"turns":5},{"damage":22,"enemies":"Snake Plant","floor":30,"turns":4},{"damage":18,"enemies":"Cultist and Chosen","floor":31,"turns":5}],"seed_played":"7290503965504669899","potions_obtained":[{"floor":3,"key":"Explosive Potion"},{"floor":7,"key":"Dexterity Potion"},{"floor":12,"key":"PowerPotion"},{"floor":18,"key":"ColorlessPotion"}],"is_trial":false,"path_per_floor":["M","M","M","?","T","R","M","M","T","$","M","M","M","M","R","B",null,"M","?","$","?","M","R","M","$","T","?","R","M","M","M"],"character_chosen":"IRONCLAD","items_purchased":["Hemokinesis"],"campfire_rested":1,"item_purchase_floors":[10],"current_hp_per_floor":[84,84,77,77,77,77,81,87,87,87,87,86,88,88,88,70,88,77,77,77,77,68,68,44,44,44,36,62,32,16,0,0],"gold":288,"neow_bonus":"TEN_PERCENT_HP_BONUS","is_daily":false,"chose_seed":false,"campfire_upgraded":3,"win_rate":0.0,"timestamp":1609168390,"path_taken":["M","M","M","?","?","R","M","M","T","?","M","M","M","M","R","BOSS","M","?","$","?","M","R","M","?","T","?","R","M","M","M"],"items_purchased_type":["Card"],"build_version":"2020-12-22","purchased_purges":3,"victory":false,"max_hp_per_floor":[88,88,88,88,88,88,88,88,88,88,88,88,88,88,88,88,88,88,88,88,88,88,88,88,88,88,88,88,88,88,88,88],"card_choices":[{"not_picked":["Anger","Sever Soul"],"picked":"Blood for Blood","floor":1},{"not_picked":["Anger","Spot Weakness"],"picked":"Infernal Blade","floor":2},{"not_picked":["Thunderclap","Pommel Strike","Iron Wave"],"picked":"SKIP","floor":3},{"not_picked":["Sentinel","Wild Strike"],"picked":"Power Through","floor":7},{"not_picked":["Blood for Blood","Anger"],"picked":"Wild Strike","floor":8},{"not_picked":["Headbutt","Carnage","Cleave"],"picked":"SKIP","floor":11},{"not_picked":["Sword Boomerang","Anger","Metallicize"],"picked":"SKIP","floor":12},{"not_picked":["Armaments","Heavy Blade"],"picked":"Rupture","floor":13},{"not_picked":["Wild Strike","Exhume","Sentinel"],"picked":"SKIP","floor":14},{"not_picked":["Juggernaut","Demon Form"],"picked":"Brutality","floor":16},{"not_picked":["Searing Blow+1","Body Slam"],"picked":"Twin Strike","floor":18},{"not_picked":["Inflame","Clothesline+1"],"picked":"True Grit+1","floor":22},{"not_picked":["Headbutt","True Grit"],"picked":"Pummel","floor":24},{"not_picked":["Reckless Charge","Wild Strike"],"picked":"Second Wind","floor":29},{"not_picked":["Thunderclap+1","Sword Boomerang"],"picked":"Sentinel","floor":30}],"player_experience":1037042,"relics_obtained":[],"event_choices":[{"cards_removed":["Strike_R"],"damage_healed":0,"gold_gain":0,"player_choice":"Card Removal","damage_taken":0,"max_hp_gain":0,"max_hp_loss":0,"event_name":"The Cleric","floor":4,"gold_loss":50},{"damage_healed":0,"gold_gain":99,"player_choice":"Stole From Cult","damage_taken":0,"max_hp_gain":0,"max_hp_loss":0,"event_name":"Nest","floor":19,"gold_loss":0},{"damage_healed":0,"gold_gain":0,"player_choice":"Ignored","damage_taken":0,"max_hp_gain":0,"max_hp_loss":0,"event_name":"The Mausoleum","floor":21,"gold_loss":0},{"damage_healed":0,"gold_gain":0,"player_choice":"Damaged","damage_taken":8,"max_hp_gain":0,"max_hp_loss":0,"event_name":"Wheel of Change","floor":27,"gold_loss":0}],"is_beta":false,"boss_relics":[{"not_picked":["Black Star","Sozu","Fusion Hammer"]}],"items_purged_floors":[10,20,25],"is_endless":false,"potions_floor_spawned":[3,7,12,14,18],"killed_by":"Cultist and Chosen","ascension_level":0}}