{"host":"jm9833yuloeli2yd","time":1609118727,"event":{"mods":["AchievementEnabler","BaseMod","Better Altar","Better Match","Better Note","Better Sensory Stone","Better Skull","Better Third Choice","Better Vampires","BetterRewards","Colored Map","Colored Powertips","DeckTracker","Marked Mod","Minty Spire (QoL Compilation)","Permanent Neow","Quick Restart","StSLib","SuperFastMode"],"gold_per_floor":[115,115,134,152,152,152,165,165,165,186,186,211,211,247,247,247,247],"floor_reached":16,"playtime":322,"items_purged":["Parasite"],"score":304,"play_id":"14f43f24-323c-429f-8a45-0cba41bb0cf7","local_time":"20201227202527","is_ascension_mode":true,"campfire_choices":[{"data":"Zap","floor":6.0,"key":"SMITH"},{"data":"Dualcast","floor":8.0,"key":"SMITH"},{"data":"Buffer","floor":11.0,"key":"SMITH"},{"data":"Go for the Eyes","floor":15,"key":"SMITH"}],"circlet_count":0,"master_deck":["AscendersBane","Strike_B","Strike_B","Strike_B","Defend_B","Defend_B","Defend_B","Zap+1","Dualcast+1","Compile Driver","FTL","Panache","Rebound","Ball Lightning","Go for the Eyes+1","Buffer+1","Chill","Beam Cell+1","Storm","BootSequence"],"relics":["Cracked Core","Golden Idol","Molten Egg 2","InkBottle"],"acts_visited":["Exordium"],"potions_floor_usage":[14],"damage_taken":[{"damage":7.0,"enemies":"Jaw Worm","floor":1.0,"turns":3.0},{"damage":7.0,"enemies":"Small Slimes","floor":3.0,"turns":3.0},{"damage":3.0,"enemies":"2 Louse","floor":4.0,"turns":2.0},{"damage":18.0,"enemies":"Lots of Slimes","floor":7.0,"turns":3.0},{"damage":1.0,"enemies":"Looter","floor":10.0,"turns":2.0},{"damage":0.0,"enemies":"2 Fungi Beasts","floor":12.0,"turns":2.0},{"damage":12,"enemies":"Gremlin Nob","floor":14,"turns":3},{"damage":9,"enemies":"The Guardian","floor":16,"turns":3}],"seed_played":"2156170715460062723","potions_obtained":[{"floor":3.0,"key":"Strength Potion"},{"floor":7.0,"key":"Explosive Potion"}],"is_trial":false,"path_per_floor":["M","?","M","M","?","R","M","R","T","M","R","M","?","E","R","B"],"character_chosen":"DEFECT","items_purchased":["FTL","Panache"],"campfire_rested":0,"item_purchase_floors":[0,0],"current_hp_per_floor":[43,43,36,33,38,38,20,20,20,19,19,19,19,7,7,0,0],"gold":247,"neow_bonus":"","is_daily":false,"chose_seed":false,"campfire_upgraded":4,"win_rate":0.0,"timestamp":1609118727,"path_taken":["M","?","M","M","?","R","M","R","T","M","R","M","?","E","R","BOSS"],"items_purchased_type":["Card","Card"],"build_version":"2020-12-22","purchased_purges":1,"victory":false,"max_hp_per_floor":[68,62,62,62,67,67,67,67,67,67,67,67,67,67,67,67,67],"card_choices":[{"not_picked":["Compile Driver","Rip and Tear"],"picked":"Rebound","floor":1.0},{"not_picked":["Conserve Battery","Leap"],"picked":"Ball Lightning","floor":3.0},{"not_picked":["Cold Snap","Leap"],"picked":"Go for the Eyes","floor":4.0},{"not_picked":["Go for the Eyes","BootSequence"],"picked":"Buffer","floor":7.0},{"not_picked":["Conserve Battery","Rebound+1"],"picked":"Chill","floor":10.0},{"not_picked":["Force Field","Conserve Battery"],"picked":"Beam Cell+1","floor":12.0},{"not_picked":["Sweeping Beam+1","Leap"],"picked":"BootSequence","floor":14}],"player_experience":1162703,"relics_obtained":[{"floor":9.0,"key":"Molten Egg 2"},{"floor":14,"key":"InkBottle"}],"event_choices":[{"damage_healed":0.0,"max_hp_gain":0.0,"max_hp_loss":6.0,"gold_gain":0.0,"event_name":"Golden Idol","player_choice":"Lose Max HP","floor":2.0,"gold_loss":0.0,"damage_taken":0.0,"relics_obtained":["Golden Idol"]},{"damage_healed":0.0,"max_hp_gain":5.0,"max_hp_loss":0.0,"gold_gain":0.0,"event_name":"Big Fish","player_choice":"Donut","floor":5.0,"gold_loss":0.0,"damage_taken":0.0},{"damage_healed":0.0,"max_hp_gain":0.0,"max_hp_loss":0.0,"gold_gain":0.0,"cards_transformed":["Strike_B"],"event_name":"Transmorgrifier","player_choice":"Transformed","floor":13.0,"gold_loss":0.0,"damage_taken":0.0,"cards_obtained":["Storm"]}],"is_beta":false,"boss_relics":[],"items_purged_floors":[0],"is_endless":false,"potions_floor_spawned":[3,7],"killed_by":"The Guardian","ascension_level":20}}