{"host":"s9oaroyyjdd3e4af","time":1609136369,"event":{"mods":["BaseMod","Colored Powertips","Minty Spire (QoL Compilation)"],"gold_per_floor":[113,113,128,44,56,56,70,102,102,128,128,139,139,156,156,255,255,273,273,2,12,24,24,48,48,48,66,96,96,111,124,124,124,124],"floor_reached":33,"playtime":11220,"items_purged":[],"score":304,"play_id":"866ac2d1-fc50-45d6-b13e-9d59253f02ad","local_time":"20201228011929","is_ascension_mode":false,"campfire_choices":[{"data":"Armaments","floor":6,"key":"SMITH"},{"data":"Fire Breathing","floor":15,"key":"SMITH"},{"floor":23,"key":"REST"},{"data":"Apotheosis","floor":25,"key":"SMITH"},{"floor":32,"key":"REST"}],"circlet_count":0,"master_deck":["Strike_R","Strike_R","Strike_R","Strike_R","Strike_R","Defend_R","Defend_R","Defend_R","Bash","Dropkick","Blind","Anger","Trip","Armaments+1","Cleave","Wild Strike","Shrug It Off+1","Clash","Flame Barrier","Decay","Fire Breathing+1","Berserk","Anger","Madness","Good Instincts","Apotheosis+1","Rage+1","Armaments","Shrug It Off","Flex","Spot Weakness","Dual Wield","Pain","Iron Wave","Flex"],"relics":["Burning Blood","Ancient Tea Set","Blue Candle","Dead Branch","Bird Faced Urn","Runic Pyramid","War Paint","Bottled Lightning","Anchor","WarpedTongs"],"acts_visited":["Exordium","TheCity"],"potions_floor_usage":[8,16,28,33,33,33],"damage_taken":[{"damage":10,"enemies":"Jaw Worm","floor":1,"turns":4},{"damage":1,"enemies":"Cultist","floor":3,"turns":4},{"damage":0,"enemies":"2 Louse","floor":5,"turns":2},{"damage":3,"enemies":"Red Slaver","floor":7,"turns":4},{"damage":9,"enemies":"Lagavulin","floor":8,"turns":7},{"damage":23,"enemies":"3 Sentries","floor":10,"turns":6},{"damage":2,"enemies":"Exordium Wildlife","floor":12,"turns":3},{"damage":13,"enemies":"Exordium Thugs","floor":14,"turns":4},{"damage":49,"enemies":"The Guardian","floor":16,"turns":8},{"damage":5,"enemies":"3 Byrds","floor":18,"turns":4},{"damage":14,"enemies":"Spheric Guardian","floor":21,"turns":5},{"damage":38,"enemies":"Centurion and Healer","floor":22,"turns":5},{"damage":14,"enemies":"3 Cultists","floor":27,"turns":5},{"damage":4,"enemies":"Book of Stabbing","floor":28,"turns":4},{"damage":21,"enemies":"Sentry and Sphere","floor":30,"turns":5},{"damage":15,"enemies":"Centurion and Healer","floor":31,"turns":5},{"damage":63,"enemies":"Automaton","floor":33,"turns":6}],"seed_played":"-671616274556953734","potions_obtained":[{"floor":1,"key":"HeartOfIron"},{"floor":10,"key":"PowerPotion"},{"floor":12,"key":"GamblersBrew"},{"floor":18,"key":"CultistPotion"},{"floor":27,"key":"AttackPotion"},{"floor":30,"key":"EssenceOfSteel"}],"is_trial":false,"path_per_floor":["M","?","M","$","M","R","M","E","T","E","?","M","?","M","R","B",null,"M","?","$","M","M","R","T","R","T","M","E","?","M","M","R","B"],"character_chosen":"IRONCLAD","items_purchased":["Trip","Apotheosis","Rage","Armaments"],"campfire_rested":2,"item_purchase_floors":[4,20,20,20],"current_hp_per_floor":[76,76,80,80,80,80,80,77,77,60,60,64,64,57,57,20,80,80,61,61,55,25,49,49,49,49,45,47,47,36,31,55,0,0],"gold":124,"neow_bonus":"RANDOM_COMMON_RELIC","is_daily":false,"chose_seed":false,"campfire_upgraded":3,"win_rate":0.0,"timestamp":1609136369,"path_taken":["M","?","M","$","M","R","?","E","T","E","?","?","?","M","R","BOSS","M","?","$","?","M","R","?","R","T","M","E","?","?","M","R","BOSS"],"items_purchased_type":["Card","Card","Card","Card"],"build_version":"2020-12-22","purchased_purges":0,"victory":false,"max_hp_per_floor":[80,80,80,80,80,80,80,80,80,80,80,80,80,80,80,80,80,80,80,80,80,80,80,80,80,80,80,80,80,80,80,80,80,80],"card_choices":[{"not_picked":["Twin Strike","Iron Wave"],"picked":"Dropkick","floor":1},{"not_picked":["Reckless Charge","Thunderclap"],"picked":"Anger","floor":3},{"not_picked":["Headbutt","Sever Soul"],"picked":"Armaments","floor":5},{"not_picked":["Flame Barrier","Feel No Pain"],"picked":"Cleave","floor":7},{"not_picked":["Bloodletting","Barricade"],"picked":"Wild Strike","floor":8},{"not_picked":["Pommel Strike","Body Slam"],"picked":"Shrug It Off","floor":10},{"not_picked":["Clothesline","Perfected Strike"],"picked":"Flame Barrier","floor":12},{"not_picked":["Thunderclap","Intimidate"],"picked":"Fire Breathing","floor":14},{"not_picked":["Impervious","Juggernaut"],"picked":"Berserk","floor":16},{"not_picked":["Cleave","Twin Strike+1"],"picked":"Anger","floor":18},{"not_picked":["Entrench","Havoc"],"picked":"Shrug It Off","floor":21},{"not_picked":["True Grit+1","Iron Wave"],"picked":"Flex","floor":22},{"not_picked":["Clash","Metallicize"],"picked":"Spot Weakness","floor":27},{"not_picked":["Impervious","Heavy Blade"],"picked":"Dual Wield","floor":28},{"not_picked":["Heavy Blade","Sentinel+1"],"picked":"Iron Wave","floor":30},{"not_picked":["Iron Wave","Evolve+1"],"picked":"Flex","floor":31}],"player_experience":682470,"relics_obtained":[{"floor":8,"key":"Blue Candle"},{"floor":9,"key":"Dead Branch"},{"floor":10,"key":"Bird Faced Urn"},{"floor":24,"key":"War Paint"},{"floor":26,"key":"Bottled Lightning"},{"floor":28,"key":"Anchor"}],"event_choices":[{"damage_healed":0,"gold_gain":0,"player_choice":"1 cards matched","damage_taken":0,"max_hp_gain":0,"max_hp_loss":0,"event_name":"Match and Keep!","floor":2,"gold_loss":0,"cards_obtained":["Blind"]},{"damage_healed":0,"gold_gain":0,"cards_transformed":["Defend_R"],"player_choice":"Transformed","damage_taken":0,"max_hp_gain":0,"max_hp_loss":0,"event_name":"Transmorgrifier","floor":11,"gold_loss":0,"cards_obtained":["Clash"]},{"damage_healed":0,"gold_gain":0,"player_choice":"Cursed","damage_taken":0,"max_hp_gain":0,"max_hp_loss":0,"event_name":"Wheel of Change","floor":13,"gold_loss":0,"cards_obtained":["Decay"]},{"damage_healed":0,"gold_gain":0,"player_choice":"CARD CARD ","damage_taken":19,"max_hp_gain":0,"max_hp_loss":0,"event_name":"Knowing Skull","floor":19,"potions_obtained":[],"gold_loss":0,"cards_obtained":["Madness","Good Instincts"]},{"damage_healed":0,"gold_gain":0,"player_choice":"Rummage","damage_taken":0,"relics_obtained":["WarpedTongs"],"max_hp_gain":0,"max_hp_loss":0,"event_name":"Accursed Blacksmith","floor":29,"gold_loss":0,"cards_obtained":["Pain"]}],"is_beta":false,"boss_relics":[{"not_picked":["Coffee Dripper","Snecko Eye"],"picked":"Runic Pyramid"}],"items_purged_floors":[],"is_endless":false,"potions_floor_spawned":[1,10,12,18,27,30],"killed_by":"Automaton","ascension_level":0}}