{"host":"cxvet2awney1vbzu","time":1609128425,"event":{"mods":["AchievementEnabler","BaseMod","Colored Powertips","Highlight Path","Minty Spire (QoL Compilation)","Quick Restart","StSLib"],"gold_per_floor":[117,117,132,146,71,71,122,22,75,93,122,141,141,141,141,241,241,252,270,145,163,88,116,116,148,148,148,175,206,218,264,276,385,397,424,436,459,526,85,111,111,142,168,168,198,248,248,265,265,265,265,265,46,76,76],"floor_reached":56,"playtime":6530,"items_purged":["Defend_G","Strike_G","Pain","Infinite Blades"],"score":1447,"play_id":"0bd6f559-5880-48e1-980d-3f8c7296b3aa","local_time":"20201228040705","is_ascension_mode":true,"campfire_choices":[{"data":"Tactician","floor":6.0,"key":"SMITH"},{"floor":15.0,"key":"RECALL"},{"floor":32.0,"key":"REST"},{"data":"Defend_G","floor":41.0,"key":"PURGE"},{"data":"Defend_G","floor":44.0,"key":"PURGE"},{"data":"Madness","floor":49.0,"key":"PURGE"},{"floor":52.0,"key":"REST"}],"circlet_count":0,"master_deck":["Survivor","Neutralize","Heel Hook","Tactician+1","Flying Knee","Backflip","Backstab","Dagger Throw","Tools of the Trade","Predator+1","Caltrops+1","Venomology+1","Acrobatics","Die Die Die","Leg Sweep","Night Terror","Madness","Finisher","Grand Finale","Acrobatics+1"],"relics":["Ring of the Snake","Lantern","Pen Nib","InkBottle","WarpedTongs","Astrolabe","Bottled Lightning","Anchor","Paper Crane","MawBank","Gambling Chip","Fusion Hammer","Lizard Tail","Peace Pipe","Potion Belt","MealTicket","The Specimen","Ninja Scroll"],"acts_visited":["Exordium","TheCity","TheBeyond","TheEnding"],"potions_floor_usage":[55,55,55,55,55,55,55],"damage_taken":[{"damage":2.0,"enemies":"Jaw Worm","floor":1.0,"turns":8.0},{"damage":1.0,"enemies":"Cultist","floor":3.0,"turns":3.0},{"damage":0.0,"enemies":"2 Louse","floor":4.0,"turns":2.0},{"damage":6.0,"enemies":"Gremlin Nob","floor":7.0,"turns":3.0},{"damage":0.0,"enemies":"Blue Slaver","floor":10.0,"turns":5.0},{"damage":2.0,"enemies":"3 Sentries","floor":11.0,"turns":9.0},{"damage":0.0,"enemies":"Looter","floor":12.0,"turns":1.0},{"damage":34.0,"enemies":"Hexaghost","floor":16.0,"turns":12.0},{"damage":4.0,"enemies":"Shell Parasite","floor":18.0,"turns":4.0},{"damage":10.0,"enemies":"2 Thieves","floor":19.0,"turns":2.0},{"damage":0.0,"enemies":"Shelled Parasite and Fungi","floor":21.0,"turns":3.0},{"damage":13.0,"enemies":"Slavers","floor":23.0,"turns":6.0},{"damage":6.0,"enemies":"Gremlin Leader","floor":25.0,"turns":6.0},{"damage":1.0,"enemies":"Book of Stabbing","floor":28.0,"turns":4.0},{"damage":0.0,"enemies":"Centurion and Healer","floor":29.0,"turns":3.0},{"damage":0.0,"enemies":"Slavers","floor":31.0,"turns":4.0},{"damage":0.0,"enemies":"Collector","floor":33.0,"turns":8.0},{"damage":0.0,"enemies":"3 Darklings","floor":35.0,"turns":2.0},{"damage":0.0,"enemies":"Orb Walker","floor":37.0,"turns":3.0},{"damage":14.0,"enemies":"2 Orb Walkers","floor":38.0,"turns":4.0},{"damage":0.0,"enemies":"Reptomancer","floor":40.0,"turns":5.0},{"damage":0.0,"enemies":"Nemesis","floor":42.0,"turns":5.0},{"damage":0.0,"enemies":"Spire Growth","floor":45.0,"turns":3.0},{"damage":0.0,"enemies":"Mind Bloom Boss Battle","floor":46.0,"turns":4.0},{"damage":0.0,"enemies":"Jaw Worm Horde","floor":48.0,"turns":2.0},{"damage":19.0,"enemies":"Time Eater","floor":50.0,"turns":8.0},{"damage":26.0,"enemies":"Shield and Spear","floor":54.0,"turns":5.0},{"damage":17,"enemies":"The Heart","floor":55,"turns":6}],"seed_played":"-8925710541939073012","potions_obtained":[{"floor":2.0,"key":"Energy Potion"},{"floor":2.0,"key":"ColorlessPotion"},{"floor":2.0,"key":"SpeedPotion"},{"floor":10.0,"key":"GamblersBrew"},{"floor":12.0,"key":"CultistPotion"},{"floor":16.0,"key":"SpeedPotion"},{"floor":23.0,"key":"ColorlessPotion"},{"floor":25.0,"key":"LiquidBronze"},{"floor":29.0,"key":"LiquidMemories"},{"floor":35.0,"key":"DuplicationPotion"},{"floor":38.0,"key":"SpeedPotion"}],"is_trial":false,"path_per_floor":["M","?","M","M","$","R","E","$","T","M","E","M","$","?","R","B",null,"M","M","$","M","?","E","?","E","T","?","E","M","$","E","R","B",null,"M","?","M","?","$","E","R","E","T","R","M","?","?","M","R","B",null,"R","$","E","B",null],"character_chosen":"THE_SILENT","items_purchased":["Peace Pipe","Grand Finale","Fruit Juice","Swift Potion"],"campfire_rested":2,"item_purchase_floors":[39,53,53,53],"current_hp_per_floor":[75,75,74,74,74,74,68,68,68,68,66,66,66,66,66,32,77,73,63,63,63,63,50,50,44,44,44,43,43,43,43,66,66,77,77,67,67,53,53,53,53,53,53,53,53,53,53,53,53,34,77,77,82,56,39],"gold":76,"neow_bonus":"TEN_PERCENT_HP_BONUS","is_daily":false,"chose_seed":false,"campfire_upgraded":1,"win_rate":0.0,"timestamp":1609128425,"path_taken":["M","?","M","M","$","R","E","?","T","?","E","M","$","?","R","BOSS","M","M","$","M","?","E","?","E","T","?","E","M","?","E","R","BOSS","M","?","M","?","$","E","R","E","T","R","M","?","?","M","R","BOSS","R","$","E","BOSS"],"items_purchased_type":["Relic","Card","Potion","Potion"],"build_version":"2020-12-22","purchased_purges":4,"victory":true,"max_hp_per_floor":[77,77,77,77,77,77,77,77,77,77,77,77,77,77,77,77,77,77,77,77,77,77,77,77,77,77,77,77,77,77,77,77,77,77,77,77,77,77,77,77,77,77,77,77,77,77,77,77,77,77,77,77,82,82,82],"card_choices":[{"not_picked":["Dagger Spray","Poisoned Stab"],"picked":"Heel Hook","floor":1.0},{"not_picked":["Poisoned Stab","Predator"],"picked":"Tactician","floor":3.0},{"not_picked":["Calculated Gamble","Finisher"],"picked":"Flying Knee","floor":4.0},{"not_picked":["Heel Hook","Flechettes"],"picked":"Backflip","floor":7.0},{"not_picked":["Blade Dance","Deflect"],"picked":"Backstab","floor":10.0},{"not_picked":["Dagger Spray","Masterful Stab"],"picked":"Dagger Throw","floor":11.0},{"not_picked":["Backflip","Dodge and Roll","Accuracy"],"picked":"SKIP","floor":12.0},{"not_picked":["Venomology","Bullet Time"],"picked":"Tools of the Trade","floor":16.0},{"not_picked":["Backflip+1","Bane","Dagger Throw"],"picked":"SKIP","floor":18.0},{"not_picked":["Cloak And Dagger","Outmaneuver","Leg Sweep+1"],"picked":"SKIP","floor":19.0},{"not_picked":["Choke","Blade Dance","Poisoned Stab+1"],"picked":"SKIP","floor":21.0},{"not_picked":["Cloak And Dagger","Outmaneuver+1"],"picked":"Acrobatics","floor":23.0},{"not_picked":["Riddle With Holes+1","Prepared","Footwork"],"picked":"SKIP","floor":25.0},{"not_picked":["Masterful Stab","Crippling Poison+1","Grand Finale"],"picked":"SKIP","floor":28.0},{"not_picked":["Deadly Poison","Leg Sweep"],"picked":"Blur","floor":29.0},{"not_picked":["Deadly Poison","Riddle With Holes","Dagger Spray"],"picked":"SKIP","floor":31.0},{"not_picked":["Bullet Time","Unload"],"picked":"Night Terror","floor":33.0},{"not_picked":["Dodge and Roll","Predator","Sucker Punch"],"picked":"SKIP","floor":35.0},{"not_picked":["Leg Sweep","Skewer","Deflect+1"],"picked":"SKIP","floor":37.0},{"not_picked":["Prepared","Leg Sweep+1","Dagger Throw+1"],"picked":"SKIP","floor":40.0},{"not_picked":["Dagger Spray+1","Flying Knee","Dash"],"picked":"SKIP","floor":42.0},{"not_picked":["Poisoned Stab","Quick Slash+1"],"picked":"Finisher","floor":45.0},{"not_picked":["PiercingWail","Underhanded Strike+1","Dodge and Roll+1"],"picked":"SKIP","floor":48.0},{"not_picked":["Prepared","Concentrate+1"],"picked":"Acrobatics+1","floor":54.0}],"player_experience":412826,"relics_obtained":[{"floor":7.0,"key":"Lantern"},{"floor":9.0,"key":"Pen Nib"},{"floor":11.0,"key":"InkBottle"},{"floor":23.0,"key":"Bottled Lightning"},{"floor":25.0,"key":"Anchor"},{"floor":26.0,"key":"Paper Crane"},{"floor":28.0,"key":"MawBank"},{"floor":31.0,"key":"Gambling Chip"},{"floor":38.0,"key":"Lizard Tail"},{"floor":40.0,"key":"Potion Belt"},{"floor":42.0,"key":"MealTicket"},{"floor":46.0,"key":"The Specimen"},{"floor":54.0,"key":"Ninja Scroll"}],"event_choices":[{"damage_healed":0.0,"max_hp_gain":0.0,"max_hp_loss":0.0,"gold_gain":0.0,"event_name":"Lab","player_choice":"Got Potions","floor":2.0,"gold_loss":0.0,"damage_taken":0.0},{"damage_healed":0.0,"max_hp_gain":0.0,"max_hp_loss":0.0,"gold_gain":0.0,"event_name":"Accursed Blacksmith","player_choice":"Rummage","floor":14.0,"gold_loss":0.0,"damage_taken":0.0,"relics_obtained":["WarpedTongs"],"cards_obtained":["Pain"]},{"cards_removed":["Strike_G"],"damage_healed":0.0,"max_hp_gain":0.0,"max_hp_loss":0.0,"gold_gain":0.0,"event_name":"Beggar","player_choice":"Gave Gold","floor":22.0,"gold_loss":75.0,"damage_taken":0.0},{"damage_healed":0.0,"max_hp_gain":0.0,"max_hp_loss":0.0,"gold_gain":0.0,"event_name":"The Library","player_choice":"Read","floor":24.0,"gold_loss":0.0,"damage_taken":0.0,"cards_obtained":["Die Die Die"]},{"damage_healed":0.0,"max_hp_gain":0.0,"max_hp_loss":0.0,"gold_gain":0.0,"cards_transformed":["Strike_G","Defend_G"],"event_name":"Drug Dealer","player_choice":"Became Test Subject","floor":27.0,"gold_loss":0.0,"damage_taken":0.0,"cards_obtained":["Infinite Blades","Leg Sweep"]},{"damage_healed":0.0,"max_hp_gain":0.0,"max_hp_loss":0.0,"gold_gain":0.0,"event_name":"Winding Halls","player_choice":"Embrace Madness","floor":36.0,"gold_loss":0.0,"damage_taken":10.0,"cards_obtained":["Madness","Madness"]},{"damage_healed":0.0,"max_hp_gain":0.0,"max_hp_loss":0.0,"gold_gain":0.0,"event_name":"Mysterious Sphere","player_choice":"Fight","floor":38.0,"gold_loss":0.0,"damage_taken":0.0},{"damage_healed":0.0,"max_hp_gain":0.0,"max_hp_loss":0.0,"gold_gain":0.0,"event_name":"MindBloom","player_choice":"Fight","floor":46.0,"gold_loss":0.0,"damage_taken":0.0},{"cards_removed":["Blur"],"damage_healed":0.0,"max_hp_gain":0.0,"max_hp_loss":0.0,"gold_gain":0.0,"event_name":"Falling","player_choice":"Removed Skill","floor":47.0,"gold_loss":0.0,"damage_taken":0.0}],"is_beta":false,"boss_relics":[{"not_picked":["Snecko Eye","Calling Bell"],"picked":"Astrolabe"},{"not_picked":["Runic Dome","Ring of the Serpent"],"picked":"Fusion Hammer"}],"items_purged_floors":[5,8,20,39],"is_endless":false,"potions_floor_spawned":[4,10,12,16,19,23,25,29,35,38],"ascension_level":1}}