{"host":"ba8fi0vd2808q8ml","time":1609155787,"event":{"mods":["2.2 Compatiblity","AchievementEnabler","BaseMod","Hermit","Lobotomy","LobotomyExtend","Marisa£¨Ùöéë¡¡Øª×âÞÞ£©","Minty Spire (QoL Compilation)","StSLib","SuperFastMode","Td1madao Mod","The Bug Knight","The Cursed","The Servant 0.9.4"],"gold_per_floor":[116,116,134,152,102,115,115,128,128,128,143,171,18,31,31,136,186,205,130,147,147,147,147],"floor_reached":22,"playtime":1053,"items_purged":["Defend_MRS"],"score":213,"play_id":"97677603-5575-4c66-a5ac-764a8c7a0364","local_time":"20201228204307","is_ascension_mode":false,"campfire_choices":[{"floor":7.0,"key":"REST"},{"data":"PropBag","floor":10.0,"key":"SMITH"},{"floor":15.0,"key":"REST"}],"circlet_count":0,"master_deck":["Strike_MRS","Strike_MRS","Strike_MRS","Defend_MRS","Defend_MRS","Defend_MRS","MasterSpark","UpSweep","MysteriousBeam+1","CrumblingArmor","MysteriousBeam+1","Bloodbath","PropBag+1","MeatLantern","UnstableBomb+1","IllusionStar+1","LongBird","FairyDestructionRay+1","TreasureHunter+1","Rudolta","MachineGunSpark+1","DreamingCurrent"],"relics":["MiniHakkero","CogitoBucket","HandmadeGrimoire","Bottled Flame","Sling","Tiny House","MagicBullet_r","LaetitiaHeart","Mummified Hand"],"acts_visited":["Exordium","TheCity"],"potions_floor_usage":[20],"damage_taken":[{"damage":1.0,"enemies":"Jaw Worm","floor":1.0,"turns":3.0},{"damage":0.0,"enemies":"2 Louse","floor":3.0,"turns":2.0},{"damage":0.0,"enemies":"Cultist","floor":4.0,"turns":2.0},{"damage":21.0,"enemies":"Gremlin Gang","floor":6.0,"turns":3.0},{"damage":11.0,"enemies":"3 Louse","floor":8.0,"turns":3.0},{"damage":2.0,"enemies":"2 Fungi Beasts","floor":11.0,"turns":2.0},{"damage":5.0,"enemies":"Gremlin Nob","floor":12.0,"turns":3.0},{"damage":5.0,"enemies":"Looter","floor":14.0,"turns":2.0},{"damage":47.0,"enemies":"The Guardian","floor":16.0,"turns":5.0},{"damage":20.0,"enemies":"3 Byrds","floor":18.0,"turns":6.0},{"damage":9,"enemies":"Shell Parasite","floor":20,"turns":3},{"damage":0,"enemies":"Shell Parasite","floor":21,"turns":1},{"damage":0,"enemies":"Shell Parasite","floor":21,"turns":1},{"damage":0,"enemies":"Shell Parasite","floor":21,"turns":1},{"damage":5,"enemies":"Cultist and Chosen","floor":22,"turns":2}],"seed_played":"8001344791234959480","potions_obtained":[{"floor":4.0,"key":"SmokeBomb"},{"floor":8.0,"key":"Energy Potion"},{"floor":11.0,"key":"BottledSpark"},{"floor":12.0,"key":"Energy Potion"},{"floor":14.0,"key":"CultistPotion"}],"is_trial":false,"path_per_floor":["M","$","M","M","?","M","R","M","T","R","M","E","$","M","R","B",null,"M","$","M","?","M"],"character_chosen":"MARISA","items_purchased":["Sling"],"campfire_rested":2,"item_purchase_floors":[13],"current_hp_per_floor":[74,74,74,74,74,53,75,64,64,64,63,59,59,54,75,41,80,61,61,53,1,0,0],"gold":147,"neow_bonus":"","is_daily":false,"chose_seed":false,"campfire_upgraded":1,"win_rate":0.0,"timestamp":1609155787,"path_taken":["M","$","M","M","?","M","R","M","T","R","M","E","$","?","R","BOSS","M","$","?","?","M"],"items_purchased_type":["Relic"],"build_version":"2020-12-22","purchased_purges":1,"victory":false,"max_hp_per_floor":[75,75,75,75,75,75,75,75,75,75,75,75,75,75,75,75,80,80,80,80,1,1,1],"card_choices":[{"not_picked":["DC","GalacticHalo"],"picked":"MysteriousBeam","floor":1.0},{"not_picked":["VoidDream","PunishingBird"],"picked":"CrumblingArmor","floor":1.0},{"not_picked":["OneTimeOff","DC"],"picked":"MysteriousBeam","floor":3.0},{"not_picked":["Laetitia","Bloodbath","OldLady"],"picked":"Singing Bowl","floor":3.0},{"not_picked":["QueenBee","NakedNest","BlackSwan"],"picked":"Singing Bowl","floor":4.0},{"not_picked":["WitchOfGreed","GalacticHalo","GrandCross"],"picked":"SKIP","floor":4.0},{"not_picked":["QueenBee","Murderer","OldLady"],"picked":"Singing Bowl","floor":6.0},{"not_picked":["DeepEcoloBomb","StarlightTyphoon","OortCloud"],"picked":"SKIP","floor":6.0},{"not_picked":["Scorched","MHz"],"picked":"Bloodbath","floor":8.0},{"not_picked":["WitchLeyline","WitchOfGreed"],"picked":"PropBag","floor":8.0},{"not_picked":["VoidDream","Scorched","OldLady"],"picked":"Singing Bowl","floor":11.0},{"not_picked":["BigBird","CherryBlossoms"],"picked":"MeatLantern","floor":11.0},{"not_picked":["ShootingEcho","WitchOfGreed"],"picked":"UnstableBomb","floor":11.0},{"not_picked":["MilkyWay","ManaConvection"],"picked":"IllusionStar","floor":12.0},{"not_picked":["FairyFestival","Murderer","SpiderBud"],"picked":"Singing Bowl","floor":12.0},{"not_picked":["BigBadWolf","Murderer"],"picked":"LongBird","floor":12.0},{"not_picked":["CherryBlossoms","GalaxyChild","Wellcheers"],"picked":"Singing Bowl","floor":14.0},{"not_picked":["IllusionStar","6A"],"picked":"FairyDestructionRay","floor":14.0},{"not_picked":["FinalSpark","StarDustReverie"],"picked":"TreasureHunter","floor":16.0},{"not_picked":["BigBadWolf","PunishingBird","UniverseFragment"],"picked":"Singing Bowl","floor":16.0},{"not_picked":["QueenBee","Wellcheers"],"picked":"Rudolta","floor":18.0},{"not_picked":["Robbery","AsteroidBelt"],"picked":"MachineGunSpark","floor":18.0},{"not_picked":["Wellcheers","CherryBlossoms"],"picked":"DreamingCurrent","floor":20},{"not_picked":["Acceleration","MagicChant","GravityBeat"],"picked":"SKIP","floor":20},{"not_picked":["Acceleration","MagicChant","GravityBeat"],"picked":"SKIP","floor":20}],"player_experience":63406,"relics_obtained":[{"floor":9.0,"key":"HandmadeGrimoire"},{"floor":12.0,"key":"Bottled Flame"}],"event_choices":[{"cards_removed":["Strike_MRS"],"damage_healed":0.0,"max_hp_gain":0.0,"max_hp_loss":0.0,"gold_gain":0.0,"event_name":"The Cleric","player_choice":"Card Removal","floor":5.0,"gold_loss":50.0,"damage_taken":0.0}],"is_beta":false,"boss_relics":[{"not_picked":["Astrolabe","Coffee Dripper"],"picked":"Tiny House"}],"items_purged_floors":[19],"is_endless":false,"potions_floor_spawned":[4,8,11,12,14,18,21,21],"killed_by":"Cultist and Chosen","ascension_level":0}}