{"host":"5fasz840ryq7obdf","time":1609171079,"event":{"mods":["AchievementEnabler","BaseMod","Bestiary","Better Altar","Better Skull","Better Third Choice","BetterRewards","Block Reminder","Colored Powertips","Curses Come First","Highlight Path","Minty Spire (QoL Compilation)","Quick Restart","Rare Cards Sparkle","Relic Sorter","Relic Stats","Replay The Spire","Shop Mod","Spicy Shops","StSLib","SuperFastMode"],"gold_per_floor":[131,163,172,172,181,181,216,49,117,117,117],"floor_reached":10,"playtime":372,"items_purged":["Strike_B"],"score":112,"play_id":"11a81e30-b56f-4b19-83ec-94f5b74ade71","local_time":"20201228155759","is_ascension_mode":true,"campfire_choices":[{"floor":6,"key":"REST"}],"circlet_count":0,"master_deck":["AscendersBane","Strike_B","Strike_B","Strike_B","Defend_B","Defend_B","Defend_B","Zap","Dualcast","Amplify","Storm+1","Midas Touch","ReplayTheSpireMod:Calculation Training","Hologram","Go for the Eyes","Coolheaded+1","FTL","Defragment","Skim"],"relics":["Cracked Core","BargainBundle","Ice Cream","CeramicFish","Prayer Wheel","Happy Flower"],"acts_visited":["Exordium"],"potions_floor_usage":[2,10],"damage_taken":[{"damage":28.0,"enemies":"Cultist","floor":1.0,"turns":5.0},{"damage":3,"enemies":"Small Slimes","floor":2,"turns":3},{"damage":9,"enemies":"2 Louse","floor":7,"turns":4},{"damage":29,"enemies":"3 Sentries","floor":10,"turns":4}],"seed_played":"-4678356120948321039","potions_obtained":[{"floor":7,"key":"Energy Potion"}],"is_trial":false,"path_per_floor":["M","M","?","?","?","R","M","$","T","E"],"character_chosen":"DEFECT","items_purchased":["BargainBundle","Energy Potion","Regen Potion","Ice Cream","CeramicFish","Amplify","Storm+1","Midas Touch","Happy Flower"],"campfire_rested":1,"item_purchase_floors":[0,0,0,0,0,0,0,0,8],"current_hp_per_floor":[4,10,10,10,10,31,22,22,22,0,0],"gold":117,"neow_bonus":"","is_daily":false,"chose_seed":false,"campfire_upgraded":0,"win_rate":0.0,"timestamp":1609171079,"path_taken":["M","?","?","?","?","R","M","$","T","E"],"items_purchased_type":["Relic","Potion","Potion","Relic","Relic","Card","Card","Card","Relic"],"build_version":"2020-12-22","purchased_purges":1,"victory":false,"max_hp_per_floor":[71,71,71,71,71,71,71,71,71,71,71],"relic_stats":{"Happy Flower":[1],"counters":[4,16],"CeramicFish":99,"Prayer Wheel":3,"obtain_stats":[{"Ice Cream":0,"Replay:Bandana":0,"BargainBundle":0,"Happy Flower":8,"CeramicFish":0,"Orrery":0,"Prayer Wheel":1,"Membership Card":0,"Replay:Wax Seal":0,"Cracked Core":0},{"Ice Cream":0,"Replay:Bandana":0,"BargainBundle":0,"Happy Flower":3,"CeramicFish":0,"Orrery":0,"Prayer Wheel":1,"Membership Card":0,"Replay:Wax Seal":0,"Cracked Core":0},{"Ice Cream":0,"Replay:Bandana":0,"BargainBundle":0,"Happy Flower":12,"CeramicFish":0,"Orrery":0,"Prayer Wheel":4,"Membership Card":0,"Replay:Wax Seal":0,"Cracked Core":0}]},"card_choices":[{"not_picked":["Ball Lightning","Streamline"],"picked":"ReplayTheSpireMod:Calculation Training","floor":1.0},{"not_picked":["Streamline","Cold Snap"],"picked":"Steam","floor":1.0},{"not_picked":["ReplayTheSpireMod:Reroute Power","Tempest"],"picked":"Hologram","floor":2},{"not_picked":["Gash","Sweeping Beam"],"picked":"Go for the Eyes","floor":2},{"not_picked":["BootSequence","Blizzard"],"picked":"Defragment","floor":7},{"not_picked":["Time Bomb","Rebound"],"picked":"Skim","floor":7}],"player_experience":1225524,"relics_obtained":[],"event_choices":[{"damage_healed":0,"gold_gain":0,"player_choice":"LEAVE","damage_taken":0,"max_hp_gain":0,"max_hp_loss":0,"event_name":"betterThird:BetterScrap","floor":4,"gold_loss":0,"cards_obtained":["Feed"]},{"damage_healed":0,"gold_gain":0,"cards_transformed":["Defend_B"],"player_choice":"Transformed","damage_taken":0,"max_hp_gain":0,"max_hp_loss":0,"event_name":"Transmorgrifier","floor":5,"gold_loss":0,"cards_obtained":["FTL"]}],"is_beta":false,"boss_relics":[],"items_purged_floors":[0],"is_endless":false,"potions_floor_spawned":[1,7],"killed_by":"3 Sentries","ascension_level":20}}