{"host":"iak1zw6udsaqx1iy","time":1609185284,"event":{"mods":["Act Like it!","BaseMod","Gensokyo","Minty Spire (QoL Compilation)","Remilia（蕾米莉亚）","Replay The Spire","StSLib","The Alterego","The Cursed","The Servant 0.9.4","WarShipGirlsR/战舰少女R mod","Youmu（魂魄妖梦）"],"gold_per_floor":[109,109,184,74,84,109,109,144,167,201,36,36,51,64,64,159,159,179,199,199,449,469,498,498,518,518,518,120,131,160,174,174,273,273,292,292,310,335,127,127,152,189,189,218,218,244,294,5,5,33,33,33,7,58,76],"floor_reached":56,"playtime":5086,"items_purged":[],"score":1644,"play_id":"7e7af082-071e-445b-ac5c-78f2b6d3fadf","local_time":"20201229035444","is_ascension_mode":true,"campfire_choices":[{"data":"VampireClaw","floor":7.0,"key":"SMITH"},{"data":"QueenOfMidnight","floor":12.0,"key":"SMITH"},{"data":"FitfulNightmare","floor":15.0,"key":"SMITH"},{"data":"EquivalentExchange","floor":24.0,"key":"SMITH"},{"data":"BloodyTrap","floor":27.0,"key":"SMITH"},{"data":"BloodyHallows","floor":40,"key":"SMITH"},{"data":"TricksterDevil","floor":45,"key":"SMITH"},{"floor":49,"key":"RECALL"},{"data":"BloodyMagicSquare","floor":52,"key":"SMITH"}],"circlet_count":0,"master_deck":["Strike_RM","Strike_RM","Strike_RM","Strike_RM","Defend_RM","Defend_RM","Defend_RM","Defend_RM","RedMoon","ScarletShoot","NightDance","RedRainbow+1","BloodHunter+1","DiffusionOfMisfortune","UnstableMagic","ScarletDevilSign","VampireKiss","FitfulNightmare+1","VampireClaw+1","ScarletImprint","BlasphemousPunishment+1","BloodyTrap+1","QueenOfMidnight+1","ReplayTheSpireMod:Faulty Equipment","ChainGang","ScarletDevil","StarOfDavid","AbeCurse","BloodyTrap","EndlessAdversity+1","Gensokyo:SpontaneousHumanCombustion","MastersStateliness+1","FavorOfDestiny+1","RedMagic","TwelveNightmare","EmergencyRegeneration+1","ScarletDream+1","TricksterDevil+1","BlasphemousPunishment+1","Gensokyo:Dawn+1","UnderTheZenith+1","BloodyHallows+1","SuperhumanBloodyKnife","BloodyMagicSquare+1","ScarletCoffin","ScarletDevilSign+1","RedNightlessCastle+1","Looming Evil","Gensokyo:BlemishedSteel","Gensokyo:LockedMedkit","ScarletNetherworld+1"],"relics":["ScarletHat","War Paint","Counterbalance","Meat on the Bone","ReplayTheSpireMod:CursedCoin","Onion Ring","Abe\u0027s Treasure","Shuriken","Blue Candle","Replay:Bottled Steam","Replay:Mystery Machine","Chameleon Ring","Honey Jar","Art of War","Nunchaku","Darkstone Periapt","Replay:Towering Pillar of Hats","Replay:Rubber Ducky","Replay:Bottled Eggs","ReplayTheSpireMod:Ring of Addiction","SacredBark","White Beast Statue","Ring of Greed","Membership Card","Replay:Bandana","Strange Spoon","Iron Hammer"],"acts_visited":["Exordium","Exordium","Gensokyo:Gensokyoer","TheEnding"],"potions_floor_usage":[36,50,55,55,55],"damage_taken":[{"damage":0.0,"enemies":"2 Louse","floor":1.0,"turns":2.0},{"damage":0.0,"enemies":"Small Slimes","floor":5.0,"turns":2.0},{"damage":0.0,"enemies":"Lagavulin","floor":6.0,"turns":13.0},{"damage":3.0,"enemies":"3 Sentries","floor":8.0,"turns":11.0},{"damage":10.0,"enemies":"Lagavulin","floor":10.0,"turns":4.0},{"damage":0.0,"enemies":"Cultist","floor":13.0,"turns":2.0},{"damage":0.0,"enemies":"Looter","floor":14.0,"turns":2.0},{"damage":10.0,"enemies":"Fading Forest","floor":16.0,"turns":11.0},{"damage":15.0,"enemies":"Gensokyo:Chomper","floor":18.0,"turns":2.0},{"damage":13.0,"enemies":"Gensokyo:CosmicMonolith","floor":19.0,"turns":4.0},{"damage":19.0,"enemies":"Gensokyo:Swordslinger","floor":22.0,"turns":3.0},{"damage":25.0,"enemies":"Gensokyo:Koishi","floor":23.0,"turns":6.0},{"damage":43.0,"enemies":"Gensokyo:3_Gloops","floor":25.0,"turns":4.0},{"damage":22.0,"enemies":"Gensokyo:Slime_Group","floor":29.0,"turns":2.0},{"damage":7.0,"enemies":"Gensokyo:Reisen","floor":30.0,"turns":5.0},{"damage":48.0,"enemies":"Gensokyo:Mirror_and_Dog","floor":31.0,"turns":3.0},{"damage":36.0,"enemies":"Gensokyo:Eiki","floor":33.0,"turns":3.0},{"damage":9.0,"enemies":"Gensokyo:3_Bats","floor":35.0,"turns":2.0},{"damage":8,"enemies":"Gensokyo:3_Bats","floor":36,"turns":12},{"damage":38,"enemies":"Gensokyo:3_Boulders","floor":37,"turns":3},{"damage":23,"enemies":"Gensokyo:Doremy","floor":41,"turns":3},{"damage":59,"enemies":"Gensokyo:4_Bats","floor":42,"turns":3},{"damage":48,"enemies":"Gensokyo:Marisa","floor":44,"turns":3},{"damage":52,"enemies":"Gensokyo:Kasen","floor":46,"turns":4},{"damage":15,"enemies":"Gensokyo:Shinki","floor":50,"turns":5},{"damage":125,"enemies":"Shield and Spear","floor":54,"turns":3},{"damage":188,"enemies":"The Heart","floor":55,"turns":5}],"seed_played":"-4071934287099334189","potions_obtained":[{"floor":1.0,"key":"DistilledChaos"},{"floor":6.0,"key":"LiquidMemories"},{"floor":8.0,"key":"AttackPotion"},{"floor":13.0,"key":"PowerPotion"},{"floor":14.0,"key":"SpeedPotion"},{"floor":18.0,"key":"Block Potion"},{"floor":23.0,"key":"Weak Potion"},{"floor":25.0,"key":"LiquidMemories"},{"floor":46,"key":"BlessingOfTheForge"},{"floor":47,"key":"AttackPotion"},{"floor":47,"key":"CultistPotion"},{"floor":47,"key":"PowerPotion"},{"floor":54,"key":"Energy Potion"}],"is_trial":false,"path_per_floor":["M","?","?","$","M","E","R","E","T","E","$","R","M","M","R","B",null,"M","M","?","?","M","E","R","M","T","R","$","M","E","M","R","B",null,"M","?","M","T","$","R","E","M","T","E","R","E","?","COS","R","B",null,"R","$","E","B",null],"character_chosen":"REMILIA","items_purchased":["FitfulNightmare","VampireClaw","ReplayTheSpireMod:CursedCoin","Onion Ring","ChainGang","Replay:Bottled Steam","Replay:Mystery Machine","BloodyHallows","SuperhumanBloodyKnife","Energy Potion"],"campfire_rested":0,"item_purchase_floors":[4,4,11,11,11,28,28,39,39,53],"current_hp_per_floor":[75,75,64,64,64,76,76,78,78,79,79,79,81,81,81,82,82,82,75,74,70,62,57,57,62,62,62,62,45,46,75,78,72,78,69,69,78,78,78,78,82,82,82,65,65,86,92,92,92,92,92,92,92,90,90],"gold":76,"neow_bonus":"THREE_CARDS","is_daily":false,"chose_seed":false,"campfire_upgraded":8,"win_rate":0.0,"timestamp":1609185284,"path_taken":["M","?","?","$","M","E","R","E","T","E","$","R","M","M","R","BOSS","M","M","?","?","M","E","R","M","T","R","$","?","E","M","R","BOSS","M","?","?","?","$","R","E","M","T","E","R","E","?","COS","R","BOSS","R","$","E","BOSS"],"items_purchased_type":["Card","Card","Relic","Relic","Card","Relic","Relic","Card","Card","Potion"],"build_version":"2020-12-22","purchased_purges":0,"victory":true,"max_hp_per_floor":[75,75,75,75,75,78,78,78,78,82,82,82,82,82,82,82,82,82,82,74,70,74,74,74,78,78,78,78,78,78,78,78,78,78,78,78,78,78,78,78,82,82,82,86,86,86,92,92,92,92,92,92,92,90,90],"card_choices":[{"not_picked":["NightLord","HunterOfTheNight"],"picked":"NightDance","floor":0.0},{"not_picked":["MastersStateliness","DiffusionOfMisfortune"],"picked":"RedRainbow","floor":1.0},{"not_picked":["BombardNight","DiffusionOfMisfortune"],"picked":"ScarletImprint","floor":5.0},{"not_picked":["MastersStateliness","ReincarnationDial"],"picked":"BlasphemousPunishment","floor":6.0},{"not_picked":["UnstableMagic","BombardNight"],"picked":"BloodyTrap","floor":8.0},{"not_picked":["TricksterDevil","FitfulNightmare"],"picked":"QueenOfMidnight","floor":10.0},{"not_picked":["RedRainbow","FitfulNightmare"],"picked":"ScarletDevil","floor":13.0},{"not_picked":["ScarletImprint","UnderTheZenith"],"picked":"StarOfDavid","floor":14.0},{"not_picked":["CurseOfVladTepes","QueenOfMidnight"],"picked":"EquivalentExchange","floor":16.0},{"not_picked":["VampireKiss","MastersStateliness"],"picked":"BloodyTrap","floor":18.0},{"not_picked":["AfternoonTea","VampireFantasy"],"picked":"EndlessAdversity+1","floor":19.0},{"not_picked":["Gensokyo:SevenSchoolMysteries","Gensokyo:TekeTeke"],"picked":"Gensokyo:SpontaneousHumanCombustion","floor":20.0},{"not_picked":["UnstableMagic","EndlessAdversity"],"picked":"MastersStateliness+1","floor":22.0},{"not_picked":["Maim","DiffusionOfMisfortune+1"],"picked":"FavorOfDestiny+1","floor":23.0},{"not_picked":["UnstableMagic+1","FitfulNightmare"],"picked":"RedMagic","floor":25.0},{"not_picked":["ChainGang+1","EndlessAdversity"],"picked":"TwelveNightmare","floor":29.0},{"not_picked":["UnstableMagic","ScarletGensokyo"],"picked":"EmergencyRegeneration","floor":30.0},{"not_picked":["Septette","NightDance+1"],"picked":"ScarletDream+1","floor":31.0},{"not_picked":["ForecastOfChange","CeilingFear"],"picked":"TricksterDevil","floor":33.0},{"not_picked":["BloodHunter","NightDance","Stigmanizer"],"picked":"BlasphemousPunishment+1","floor":35.0},{"not_picked":["Gensokyo:LifeSpringInfinity+1","Gensokyo:UnlikelyAid+1"],"picked":"Gensokyo:Dawn+1","floor":36},{"not_picked":["MastersStateliness","ScarletDevil+1","CharismaGuard+1"],"picked":"UnderTheZenith+1","floor":37},{"not_picked":["Septette+1","NightDance+1","EternalNight+1"],"picked":"BloodyMagicSquare","floor":41},{"not_picked":["BloodHunter","ScarletImprint+1","FavorOfDestiny"],"picked":"ScarletCoffin","floor":42},{"not_picked":["NightDance","UnderTheZenith","ReincarnationDial"],"picked":"ScarletDevilSign+1","floor":44},{"not_picked":["StarOfDavid+1","UltimateOffering","ScarletDevil"],"picked":"RedNightlessCastle+1","floor":46},{"not_picked":["MiserableFate+1","BombardNight","VampireSweep+1"],"picked":"ScarletNetherworld+1","floor":54}],"player_experience":314871,"relics_obtained":[{"floor":6.0,"key":"War Paint"},{"floor":8.0,"key":"Counterbalance"},{"floor":10.0,"key":"Meat on the Bone"},{"floor":23.0,"key":"Shuriken"},{"floor":26.0,"key":"Blue Candle"},{"floor":30.0,"key":"Chameleon Ring"},{"floor":38,"key":"Art of War"},{"floor":41,"key":"Nunchaku"},{"floor":43,"key":"Darkstone Periapt"},{"floor":44,"key":"Replay:Towering Pillar of Hats"},{"floor":46,"key":"Replay:Rubber Ducky"},{"floor":46,"key":"Replay:Bottled Eggs"},{"floor":47,"key":"ReplayTheSpireMod:Ring of Addiction"},{"floor":47,"key":"SacredBark"},{"floor":47,"key":"White Beast Statue"},{"floor":47,"key":"Ring of Greed"},{"floor":47,"key":"Membership Card"},{"floor":47,"key":"Replay:Bandana"},{"floor":54,"key":"Iron Hammer"}],"event_choices":[{"damage_healed":0.0,"max_hp_gain":0.0,"max_hp_loss":0.0,"gold_gain":75.0,"event_name":"World of Goop","player_choice":"Gather Gold","floor":3.0,"gold_loss":0.0,"damage_taken":11.0}],"is_beta":false,"boss_relics":[{"not_picked":["Velvet Choker","Snecko Eye"],"picked":"Abe\u0027s Treasure"},{"not_picked":["Empty Cage","Tiny House"],"picked":"Honey Jar"}],"items_purged_floors":[],"is_endless":false,"potions_floor_spawned":[1,6,8,13,14,18,23,25,29,33,46,54],"ascension_level":1}}