{"host":"4sgoj70bvr8ov3jh","time":1609164719,"event":{"mods":["2.2 Compatiblity","AchievementEnabler","BaseMod","Chen","GifTheSpireLib","Hero for Fun","Marisa????????","Minty Spire (QoL Compilation)","Permanent Neow","Remilia_Scarlet Moed?????·?????3.3.5","StSLib","The Alterego","The Servant 0.9.4"],"gold_per_floor":[119,47,47,63,80,80,106,171,171,46,46,10,25,57,57,152,152,170,170,187,187,205,205,235,255,329,329,65,65,65,32,32,137,137,152,199,45,45,45,45,45],"floor_reached":40,"playtime":1825,"items_purged":[],"score":458,"play_id":"17da9fff-0281-4f68-b514-e816dcb2ff31","local_time":"20201228061159","is_ascension_mode":false,"campfire_choices":[{"data":"RemiliaMod:CNLCSZL","floor":6,"key":"SMITH"},{"data":"RemiliaMod:CMABianfuzhen","floor":11,"key":"SMITH"},{"data":"RemiliaMod:CPBZMF","floor":15,"key":"SMITH"},{"floor":27,"key":"REST"},{"data":"RemiliaMod:CPWYXD","floor":29,"key":"SMITH"},{"data":"RemiliaMod:CMPB","floor":32,"key":"SMITH"}],"circlet_count":0,"master_deck":["RemiliaMod:Defend","RemiliaMod:Defend","RemiliaMod:Defend","RemiliaMod:Defend","RemiliaMod:CNLCSZL+1","RemiliaMod:CDXSJ","RemiliaMod:CPFWZL","RemiliaMod:CMABianfuzhen+1","RemiliaMod:CZXSJ","RemiliaMod:CDXSJ","RemiliaMod:CSlAttack","RemiliaMod:CJNWYXD","RemiliaMod:CPBZMF+1","RemiliaMod:CPWYXD+1","Bite","Bite","Bite","Bite","Bite","RemiliaMod:CJNWYXD+1","RemiliaMod:CFPDMJ","RemiliaMod:CJNWYXD","RemiliaMod:CPYSNL","RemiliaMod:CYYRS","RemiliaMod:CPXRNL","RemiliaMod:CJNLLFZ+1","Chrysalis"],"relics":["RemiliaMod:RXiangDui","RemiliaMod:RFkXt","RemiliaMod:RWYXT","Juzu Bracelet","Anchor","The Courier","MealTicket","Blue Candle","OrangePellets","StoneCalendar","RemiliaMod:RWYXD","Dead Branch","White Beast Statue","Bottled Lightning","RemiliaMod:RHW","Girya"],"acts_visited":["Exordium","TheCity","TheBeyond"],"potions_floor_usage":[14,16,33,33,36,36,40],"damage_taken":[{"damage":20,"enemies":"2 Louse","floor":1,"turns":4},{"damage":5,"enemies":"Small Slimes","floor":4,"turns":4},{"damage":0,"enemies":"Jaw Worm","floor":5,"turns":2},{"damage":28,"enemies":"Lagavulin","floor":7,"turns":5},{"damage":18,"enemies":"Gremlin Nob","floor":8,"turns":4},{"damage":1,"enemies":"Looter","floor":13,"turns":3},{"damage":22,"enemies":"3 Sentries","floor":14,"turns":9},{"damage":84,"enemies":"The Guardian","floor":16,"turns":8},{"damage":42,"enemies":"Chosen","floor":18,"turns":6},{"damage":24,"enemies":"Spheric Guardian","floor":20,"turns":4},{"damage":18,"enemies":"Snake Plant","floor":22,"turns":5},{"damage":37,"enemies":"Book of Stabbing","floor":24,"turns":5},{"damage":86,"enemies":"Cultist and Chosen","floor":25,"turns":11},{"damage":71,"enemies":"Collector","floor":33,"turns":7},{"damage":39,"enemies":"3 Darklings","floor":35,"turns":5},{"damage":95,"enemies":"2 Orb Walkers","floor":36,"turns":6},{"damage":56,"enemies":"3 Shapes","floor":40,"turns":5}],"seed_played":"-7811621457355603737","potions_obtained":[{"floor":4,"key":"FairyPotion"},{"floor":13,"key":"Fruit Juice"},{"floor":14,"key":"SkillPotion"},{"floor":16,"key":"ColorlessPotion"},{"floor":20,"key":"LiquidBronze"},{"floor":33,"key":"SneckoOil"},{"floor":35,"key":"EssenceOfSteel"},{"floor":36,"key":"Weak Potion"}],"is_trial":false,"path_per_floor":["M","$","?","M","M","R","E","?","T","$","R","$","M","E","R","B",null,"M","?","M","$","M","?","E","M","T","R","$","R","?","$","R","B",null,"M","?","$","?","?","M"],"character_chosen":"Remilia_Scarlet_Modee","items_purchased":["RemiliaMod:CMPB","OrangePellets","RemiliaMod:CJNWYXD","Bottled Lightning","RemiliaMod:CMPB","RemiliaMod:CPYSNL","Chrysalis"],"campfire_rested":1,"item_purchase_floors":[2,10,12,28,28,31,37],"current_hp_per_floor":[60,60,27,48,65,65,61,75,75,75,75,75,75,65,65,37,80,77,56,56,56,56,56,53,26,26,42,56,56,56,56,56,56,56,56,16,31,31,31,0,0],"gold":45,"neow_bonus":"THREE_RARE_CARDS","is_daily":false,"chose_seed":false,"campfire_upgraded":5,"win_rate":0.0,"timestamp":1609164719,"path_taken":["M","$","?","M","M","R","E","?","T","$","R","$","M","E","R","BOSS","M","?","M","$","M","?","E","M","T","R","$","R","?","$","R","BOSS","M","?","$","?","?","M"],"items_purchased_type":["Card","Relic","Card","Relic","Card","Card","Card"],"build_version":"2020-12-22","purchased_purges":0,"victory":false,"max_hp_per_floor":[75,75,75,75,75,75,75,75,75,75,75,75,75,80,80,80,80,80,56,56,56,56,56,56,56,56,56,56,56,56,56,56,56,56,56,56,56,56,53,53,53],"card_choices":[{"not_picked":["RemiliaMod:CWYRF","RemiliaMod:CJNFWZL"],"picked":"RemiliaMod:CDXSJ","floor":0},{"not_picked":["RemiliaMod:CMADc","RemiliaMod:CJNLLFZ"],"picked":"RemiliaMod:CPFWZL","floor":1},{"not_picked":["RemiliaMod:CDB","RemiliaMod:CJNMJFZ"],"picked":"RemiliaMod:CMABianfuzhen","floor":4},{"not_picked":["RemiliaMod:CPFWZL","RemiliaMod:CFxAttack"],"picked":"RemiliaMod:CZXSJ","floor":5},{"not_picked":["RemiliaMod:CJNXRFZ","RemiliaMod:CJNGSYD"],"picked":"RemiliaMod:CDXSJ","floor":7},{"not_picked":["RemiliaMod:CFPMJ","RemiliaMod:CJNJQFY"],"picked":"RemiliaMod:CSlAttack","floor":8},{"not_picked":["RemiliaMod:CFPMJ","RemiliaMod:CPQHZZ"],"picked":"RemiliaMod:CJDB","floor":13},{"not_picked":["RemiliaMod:CFHGJ","RemiliaMod:CJNGSYD"],"picked":"RemiliaMod:CPBZMF","floor":14},{"not_picked":["RemiliaMod:CGJM","RemiliaMod:CJNHS"],"picked":"RemiliaMod:CPWYXD","floor":16},{"not_picked":["RemiliaMod:CFHGJ+1","RemiliaMod:CMPA"],"picked":"RemiliaMod:CMPB","floor":18},{"not_picked":["RemiliaMod:CMABianfuzhen","RemiliaMod:CMPC+1"],"picked":"RemiliaMod:CJNWYXD+1","floor":20},{"not_picked":["RemiliaMod:CXXSJ+1","RemiliaMod:CJNXRFZ"],"picked":"RemiliaMod:CJDB","floor":22},{"not_picked":["RemiliaMod:CJNGSYD","RemiliaMod:CD6B"],"picked":"RemiliaMod:CJNWYXD","floor":24},{"not_picked":["RemiliaMod:CJNYSFZ","RemiliaMod:CPYSNL","RemiliaMod:CPJHZZ"],"picked":"SKIP","floor":25},{"not_picked":["RemiliaMod:CJNCMSS","RemiliaMod:CJNCJFJ"],"picked":"RemiliaMod:CYYRS","floor":33},{"not_picked":["RemiliaMod:CJNWYXD+1","RemiliaMod:CPJHZZ"],"picked":"RemiliaMod:CPXRNL","floor":35},{"not_picked":["RemiliaMod:CDB+1","RemiliaMod:CJNYSFZ"],"picked":"RemiliaMod:CJNLLFZ+1","floor":36}],"player_experience":166504,"relics_obtained":[{"floor":7,"key":"The Courier"},{"floor":8,"key":"MealTicket"},{"floor":9,"key":"Blue Candle"},{"floor":14,"key":"StoneCalendar"},{"floor":24,"key":"Dead Branch"},{"floor":26,"key":"White Beast Statue"},{"floor":36,"key":"Girya"}],"event_choices":[{"damage_healed":0,"gold_gain":0,"player_choice":"Success","damage_taken":33,"relics_obtained":["Anchor"],"max_hp_gain":0,"max_hp_loss":0,"event_name":"Scrap Ooze","floor":3,"gold_loss":0},{"damage_healed":0,"gold_gain":0,"player_choice":"Searched \u00271\u0027 times","damage_taken":0,"max_hp_gain":0,"max_hp_loss":0,"event_name":"Dead Adventurer","floor":8,"gold_loss":0},{"damage_healed":0,"gold_gain":0,"player_choice":"Became a vampire","damage_taken":0,"max_hp_gain":0,"max_hp_loss":24,"event_name":"Vampires","floor":19,"gold_loss":0,"cards_obtained":["Bite","Bite","Bite","Bite","Bite"]},{"damage_healed":0,"gold_gain":0,"cards_transformed":["Shame","RemiliaMod:CJDB"],"player_choice":"Became Test Subject","damage_taken":0,"max_hp_gain":0,"max_hp_loss":0,"event_name":"Drug Dealer","floor":23,"gold_loss":0,"cards_obtained":["Parasite","RemiliaMod:CFPDMJ"]},{"damage_healed":0,"gold_gain":0,"player_choice":"Ignored","damage_taken":0,"max_hp_gain":0,"max_hp_loss":0,"event_name":"Ghosts","floor":30,"gold_loss":0},{"damage_healed":0,"gold_gain":0,"player_choice":"Fight","damage_taken":0,"max_hp_gain":0,"max_hp_loss":0,"event_name":"Mysterious Sphere","floor":36,"gold_loss":0},{"damage_healed":0,"gold_gain":0,"cards_transformed":["RemiliaMod:CJDB"],"player_choice":"Transformed","damage_taken":0,"max_hp_gain":0,"max_hp_loss":0,"event_name":"Transmorgrifier","floor":38,"gold_loss":0,"cards_obtained":["RemiliaMod:CMPB"]},{"cards_removed":["Parasite"],"damage_healed":0,"gold_gain":0,"player_choice":"Removed Curses","damage_taken":0,"max_hp_gain":0,"max_hp_loss":0,"event_name":"Fountain of Cleansing","floor":39,"gold_loss":0}],"is_beta":false,"boss_relics":[{"not_picked":["Runic Dome","Busted Crown"],"picked":"RemiliaMod:RWYXD"},{"not_picked":["Sozu","Philosopher\u0027s Stone"],"picked":"RemiliaMod:RHW"}],"items_purged_floors":[],"is_endless":false,"potions_floor_spawned":[4,13,14,16,20,33,35,36],"killed_by":"3 Shapes","ascension_level":0}}