{"host":"f5n4tidiz2n5sooh","time":1609169053,"event":{"mods":["BaseMod","Bestiary","Colored Map","Minty Spire (QoL Compilation)","Relic Stats","StSLib"],"gold_per_floor":[113,123,139,139,149,149,149],"floor_reached":6,"playtime":249,"items_purged":[],"score":76,"play_id":"e2396ff2-d1f9-4b72-adc4-91c6136b60bb","local_time":"20201228092413","is_ascension_mode":true,"campfire_choices":[],"circlet_count":0,"master_deck":["AscendersBane","Strike_R","Strike_R","Strike_R","Strike_R","Strike_R","Defend_R","Defend_R","Defend_R","Defend_R","Bash","Clothesline","True Grit","Ghostly Armor","Burning Pact"],"relics":["Burning Blood","Art of War"],"acts_visited":["Exordium"],"potions_floor_usage":[3,6],"damage_taken":[{"damage":7,"enemies":"Cultist","floor":1,"turns":4},{"damage":14,"enemies":"Jaw Worm","floor":2,"turns":4},{"damage":7,"enemies":"Small Slimes","floor":3,"turns":3},{"damage":10,"enemies":"3 Louse","floor":5,"turns":5},{"damage":48,"enemies":"3 Sentries","floor":6,"turns":9}],"seed_played":"9078943182857067648","potions_obtained":[{"floor":1,"key":"Strength Potion"},{"floor":2,"key":"Explosive Potion"}],"is_trial":false,"path_per_floor":["M","M","M","?","M","E"],"character_chosen":"IRONCLAD","items_purchased":[],"campfire_rested":0,"item_purchase_floors":[],"current_hp_per_floor":[74,66,65,47,43,0,0],"gold":149,"neow_bonus":"TEN_PERCENT_HP_BONUS","is_daily":false,"chose_seed":false,"campfire_upgraded":0,"win_rate":0.0,"timestamp":1609169053,"path_taken":["M","M","M","?","M","E"],"items_purchased_type":[],"build_version":"2020-12-22","purchased_purges":0,"victory":false,"max_hp_per_floor":[82,82,82,82,82,82,82],"relic_stats":{"counters":[5,25],"Art of War":[1],"obtain_stats":[{"Art of War":4,"Burning Blood":0},{"Art of War":3,"Burning Blood":0},{"Art of War":11,"Burning Blood":0}],"Burning Blood":24},"card_choices":[{"not_picked":["Infernal Blade","Clash"],"picked":"Clothesline","floor":1},{"not_picked":["Thunderclap","Wild Strike"],"picked":"True Grit","floor":2},{"not_picked":["Dark Embrace","Clothesline"],"picked":"Ghostly Armor","floor":3},{"not_picked":["Cleave","Perfected Strike"],"picked":"Burning Pact","floor":5}],"player_experience":1940923,"relics_obtained":[],"event_choices":[{"damage_healed":0,"gold_gain":0,"player_choice":"Success","damage_taken":18,"relics_obtained":["Art of War"],"max_hp_gain":0,"max_hp_loss":0,"event_name":"Scrap Ooze","floor":4,"gold_loss":0}],"is_beta":false,"boss_relics":[],"items_purged_floors":[],"is_endless":false,"potions_floor_spawned":[1,2],"killed_by":"3 Sentries","ascension_level":20}}