{"host":"kpyoctgc7jne3jiy","time":1609184001,"event":{"mods":["AchievementEnabler","BaseMod","Minty Spire (QoL Compilation)","Relic Stats","Slay-I"],"gold_per_floor":[134,134,134,36,101,101,101,151,151,191,231,31,111,151,151,276,276,261,261,301,216,63,63,98,98,123,149,179,179,209,249,249,349,349,389,404,104,154,154,154,154,154,154,184,199,229,59,74,74,74],"floor_reached":51,"playtime":3818,"items_purged":["Strike_P","Defend_P","Defend_P+1","Writhe"],"score":876,"play_id":"9b3743b4-35fc-43f0-a140-049007c6439b","local_time":"20201228203321","daily_mods":["Allstar","Colorless Cards","Night Terrors"],"is_ascension_mode":false,"campfire_choices":[{"data":"Vigilance","floor":6.0,"key":"SMITH"},{"data":"Eruption","floor":15.0,"key":"SMITH"},{"data":"Wallop","floor":23.0,"key":"SMITH"},{"floor":25.0,"key":"REST"},{"data":"Chrysalis","floor":29.0,"key":"SMITH"},{"floor":32,"key":"REST"},{"data":"Crescendo","floor":40,"key":"SMITH"},{"data":"Madness","floor":42,"key":"SMITH"},{"floor":49,"key":"REST"}],"circlet_count":0,"master_deck":["Strike_P","Strike_P+1","Strike_P+1","Defend_P+1","Defend_P+1","Eruption+1","Vigilance+1","Chrysalis+1","Dark Shackles","HandOfGreed","Apotheosis+1","Impatience+1","EmptyBody","Halt","Protect","EmptyMind","FlurryOfBlows","Sanctity","EmptyMind","DeusExMachina","MentalFortress","Wallop+1","Halt+1","EmptyFist+1","Good Instincts+1","Purity","Meditate+1","Evaluate","Secret Technique","SignatureMove+1","Perseverance+1","Crescendo+1","Madness","Madness+1","Vault","SashWhip+1","FlurryOfBlows+1"],"relics":["PureWater","Pear","The Courier","War Paint","Dream Catcher","SlaversCollar","Gremlin Horn","OrangePellets","Potion Belt","Red Mask","Bag of Marbles","Anchor","Cursed Key","Darkstone Periapt","FossilizedHelix","Bottled Lightning","Smiling Mask","Whetstone","HandDrill"],"acts_visited":["Exordium","TheCity","TheBeyond"],"potions_floor_usage":[33,46,50,50,50],"damage_taken":[{"damage":0.0,"enemies":"Small Slimes","floor":1.0,"turns":5.0},{"damage":0.0,"enemies":"2 Louse","floor":5.0,"turns":3.0},{"damage":0.0,"enemies":"Gremlin Nob","floor":8.0,"turns":3.0},{"damage":0.0,"enemies":"Jaw Worm","floor":10.0,"turns":2.0},{"damage":0.0,"enemies":"Exordium Wildlife","floor":11.0,"turns":6.0},{"damage":10.0,"enemies":"3 Sentries","floor":13.0,"turns":11.0},{"damage":0.0,"enemies":"Blue Slaver","floor":14.0,"turns":5.0},{"damage":22.0,"enemies":"Slime Boss","floor":16.0,"turns":17.0},{"damage":9.0,"enemies":"2 Thieves","floor":18.0,"turns":4.0},{"damage":4.0,"enemies":"Shell Parasite","floor":20.0,"turns":7.0},{"damage":10.0,"enemies":"Shelled Parasite and Fungi","floor":24.0,"turns":8.0},{"damage":16.0,"enemies":"Masked Bandits","floor":27.0,"turns":5.0},{"damage":0.0,"enemies":"Book of Stabbing","floor":28.0,"turns":5.0},{"damage":10.0,"enemies":"Gremlin Leader","floor":30.0,"turns":5.0},{"damage":0,"enemies":"3 Cultists","floor":31,"turns":3},{"damage":7,"enemies":"Collector","floor":33,"turns":9},{"damage":0,"enemies":"3 Shapes","floor":35,"turns":3},{"damage":2,"enemies":"3 Darklings","floor":36,"turns":7},{"damage":0,"enemies":"Mind Bloom Boss Battle","floor":38,"turns":7},{"damage":2,"enemies":"Giant Head","floor":44,"turns":8},{"damage":15,"enemies":"Maw","floor":45,"turns":9},{"damage":0,"enemies":"Nemesis","floor":46,"turns":6},{"damage":0,"enemies":"Spire Growth","floor":48,"turns":5},{"damage":5,"enemies":"Awakened One","floor":50,"turns":12}],"seed_played":"3313543068594885719","potions_obtained":[{"floor":5.0,"key":"SkillPotion"},{"floor":8.0,"key":"DuplicationPotion"},{"floor":14.0,"key":"Explosive Potion"},{"floor":16.0,"key":"Energy Potion"},{"floor":18.0,"key":"PowerPotion"},{"floor":24.0,"key":"SpeedPotion"},{"floor":31,"key":"Energy Potion"},{"floor":44,"key":"LiquidBronze"},{"floor":45,"key":"ColorlessPotion"},{"floor":48,"key":"ColorlessPotion"}],"is_trial":false,"path_per_floor":["M","?","?","$","M","R","?","E","T","M","M","$","E","M","R","B",null,"M","?","M","?","$","R","M","R","T","?","E","R","E","M","R","B",null,"M","M","$","?","?","R","?","R","T","E","M","E","$","M","R","B",null],"character_chosen":"WATCHER","items_purchased":["Halt","War Paint","OrangePellets","Wallop","Darkstone Periapt","HandDrill"],"campfire_rested":3,"item_purchase_floors":[4,12,22,22,37,47],"current_hp_per_floor":[72,72,72,72,72,72,58,68,68,68,68,68,58,58,58,36,82,73,57,53,53,53,53,43,82,82,66,66,66,56,56,77,70,77,77,75,75,75,65,65,65,65,71,69,54,54,54,54,78,73],"gold":74,"neow_bonus":"","is_daily":true,"chose_seed":false,"campfire_upgraded":6,"win_rate":0.0,"timestamp":1609184001,"path_taken":["M","?","?","$","?","R","?","E","T","M","M","$","E","M","R","BOSS","M","?","M","?","$","R","M","R","T","?","E","R","E","M","R","BOSS","M","M","$","?","?","R","?","R","T","E","M","E","$","M","R","BOSS"],"items_purchased_type":["Card","Relic","Relic","Card","Relic","Relic"],"build_version":"2020-12-22","purchased_purges":4,"victory":true,"max_hp_per_floor":[72,72,72,72,72,72,72,82,82,82,82,82,82,82,82,82,82,82,87,87,87,87,87,87,82,82,82,82,82,82,82,77,77,77,77,77,77,77,77,77,77,77,83,83,83,83,83,83,78,78],"relic_stats":{"Darkstone Periapt":6,"OrangePellets":[3],"Dream Catcher":3,"Gremlin Horn":[18,18],"counters":[24,155],"HandDrill":[0],"Whetstone":["Strike_P","Strike_P"],"War Paint":["Defend_P","Defend_P"],"Cursed Key":1,"Smiling Mask":70,"obtain_stats":[{"Potion Belt":26,"Darkstone Periapt":37,"Pear":8,"Gremlin Horn":21,"The Courier":9,"Whetstone":46,"War Paint":12,"Cursed Key":34,"Smiling Mask":44,"SlaversCollar":17,"OrangePellets":22,"Dream Catcher":13,"Anchor":30,"Red Mask":27,"Bag of Marbles":28,"HandDrill":47,"Bottled Lightning":43,"PureWater":0,"FossilizedHelix":38},{"Potion Belt":11,"Darkstone Periapt":18,"Pear":3,"Gremlin Horn":10,"The Courier":3,"Whetstone":22,"War Paint":5,"Cursed Key":16,"Smiling Mask":20,"SlaversCollar":8,"OrangePellets":10,"Dream Catcher":6,"Anchor":14,"Red Mask":12,"Bag of Marbles":13,"HandDrill":22,"Bottled Lightning":19,"PureWater":0,"FossilizedHelix":19},{"Potion Belt":71,"Darkstone Periapt":108,"Pear":11,"Gremlin Horn":63,"The Courier":11,"Whetstone":138,"War Paint":19,"Cursed Key":98,"Smiling Mask":123,"SlaversCollar":52,"OrangePellets":63,"Dream Catcher":30,"Anchor":86,"Red Mask":76,"Bag of Marbles":81,"HandDrill":138,"Bottled Lightning":115,"PureWater":0,"FossilizedHelix":115}]},"card_choices":[{"not_picked":["Dark Shackles","Consecrate"],"picked":"EmptyBody","floor":1.0},{"not_picked":["Conclude","CrushJoints"],"picked":"Protect","floor":5.0},{"not_picked":["FlyingSleeves","Deep Breath","BattleHymn"],"picked":"SKIP","floor":8.0},{"not_picked":["EmptyBody","EmptyFist"],"picked":"EmptyMind","floor":10.0},{"not_picked":["Perseverance","SpiritShield"],"picked":"FlurryOfBlows","floor":11.0},{"not_picked":["Mayhem","Pray"],"picked":"Sanctity","floor":13.0},{"not_picked":["Prostrate","Crescendo"],"picked":"EmptyMind","floor":14.0},{"not_picked":["HandOfGreed","Metamorphosis"],"picked":"DeusExMachina","floor":16.0},{"not_picked":["ThirdEye+1","Impatience","EmptyBody"],"picked":"SKIP","floor":18.0},{"not_picked":["FollowUp","JustLucky"],"picked":"MentalFortress","floor":20.0},{"not_picked":["PathToVictory","ClearTheMind"],"picked":"Halt+1","floor":24.0},{"not_picked":["CrushJoints","Indignation"],"picked":"EmptyFist+1","floor":25.0},{"not_picked":["Prostrate","PathToVictory+1"],"picked":"Good Instincts+1","floor":27.0},{"not_picked":["HandOfGreed","WindmillStrike"],"picked":"Consecrate","floor":28.0},{"not_picked":["Fasting2","JustLucky"],"picked":"Purity","floor":30.0},{"not_picked":["FearNoEvil","Impatience"],"picked":"Meditate+1","floor":31},{"not_picked":["Consecrate","EmptyFist"],"picked":"Evaluate","floor":32},{"not_picked":["Scrawl","Chrysalis"],"picked":"Secret Technique","floor":33},{"not_picked":["SashWhip","EmptyBody+1"],"picked":"SignatureMove+1","floor":35},{"not_picked":["Pray+1","Wireheading+1"],"picked":"Perseverance+1","floor":36},{"not_picked":["Study","Prostrate+1"],"picked":"Crescendo","floor":38},{"not_picked":["Finesse","Nirvana+1","Collect+1"],"picked":"SKIP","floor":44},{"not_picked":["FollowUp+1","Halt"],"picked":"Vault","floor":45},{"not_picked":["LikeWater+1","Study+1"],"picked":"SashWhip+1","floor":46},{"not_picked":["Halt","Mind Blast","FlyingSleeves"],"picked":"SKIP","floor":48},{"not_picked":["FollowUp","Protect+1"],"picked":"FlurryOfBlows+1","floor":49}],"player_experience":251544,"relics_obtained":[{"floor":8.0,"key":"Pear"},{"floor":9.0,"key":"The Courier"},{"floor":13.0,"key":"Dream Catcher"},{"floor":26.0,"key":"Potion Belt"},{"floor":27.0,"key":"Red Mask"},{"floor":28.0,"key":"Bag of Marbles"},{"floor":30.0,"key":"Anchor"},{"floor":38,"key":"FossilizedHelix"},{"floor":43,"key":"Bottled Lightning"},{"floor":44,"key":"Smiling Mask"},{"floor":46,"key":"Whetstone"}],"event_choices":[{"damage_healed":0.0,"max_hp_gain":0.0,"max_hp_loss":0.0,"gold_gain":0.0,"event_name":"Living Wall","player_choice":"Grow","floor":2.0,"gold_loss":0.0,"damage_taken":0.0,"cards_upgraded":["Apotheosis"]},{"damage_healed":0.0,"max_hp_gain":0.0,"max_hp_loss":0.0,"gold_gain":0.0,"event_name":"Liars Game","player_choice":"Ignored","floor":3.0,"gold_loss":0.0,"damage_taken":0.0},{"damage_healed":0.0,"max_hp_gain":0.0,"max_hp_loss":0.0,"gold_gain":0.0,"event_name":"Shining Light","player_choice":"Entered Light","floor":7.0,"gold_loss":0.0,"damage_taken":14.0,"cards_upgraded":["Defend_P","Impatience"]},{"damage_healed":0.0,"max_hp_gain":5.0,"max_hp_loss":0.0,"gold_gain":0.0,"event_name":"Forgotten Altar","player_choice":"Shed Blood","floor":19.0,"gold_loss":0.0,"damage_taken":21.0},{"damage_healed":0.0,"max_hp_gain":0.0,"max_hp_loss":0.0,"gold_gain":0.0,"event_name":"Addict","player_choice":"Obtained Relic","floor":21.0,"gold_loss":85.0,"damage_taken":0.0,"relics_obtained":["Gremlin Horn"]},{"damage_healed":0.0,"max_hp_gain":0.0,"max_hp_loss":0.0,"gold_gain":0.0,"event_name":"Masked Bandits","player_choice":"Fought Bandits","floor":27.0,"gold_loss":0.0,"damage_taken":0.0},{"damage_healed":0,"gold_gain":0,"player_choice":"Fight","damage_taken":0,"max_hp_gain":0,"max_hp_loss":0,"event_name":"MindBloom","floor":38,"gold_loss":0},{"damage_healed":0,"gold_gain":0,"player_choice":"Embrace Madness","damage_taken":10,"max_hp_gain":0,"max_hp_loss":0,"event_name":"Winding Halls","floor":39,"gold_loss":0,"cards_obtained":["Madness","Madness"]},{"cards_removed":["Consecrate"],"damage_healed":0,"gold_gain":0,"player_choice":"Removed Attack","damage_taken":0,"max_hp_gain":0,"max_hp_loss":0,"event_name":"Falling","floor":41,"gold_loss":0}],"is_beta":false,"boss_relics":[{"not_picked":["Snecko Eye","Astrolabe"],"picked":"SlaversCollar"},{"not_picked":["Sozu","Coffee Dripper"],"picked":"Cursed Key"}],"items_purged_floors":[4,12,37,47],"is_endless":false,"potions_floor_spawned":[5,8,14,16,18,24,31,44,45,48],"ascension_level":0}}