{"host":"t7rtdu4954o308h4","time":1609134397,"event":{"mods":["ATMod(阿瑾Mod)","AchievementEnabler","Act Like it!","BaseMod","Conspire","Minty Spire (QoL Compilation)","MostiFishMod","Replay The Spire","StSLib","TestMod","Waifu the Spire","【功能Mod】聪明的最终Boss","【遗物卡牌】REMEMod","残留之物"],"gold_per_floor":[113,172,572,647,647,647,678,678,678,711,731,750,228,242,242,346,346,366,384,384,459,474,508,508,536,536,536,547,559,559,574,574,669,669,687,707,721,421,448,448,463,496,496,496,526,345,355,369,369,369,369,369,63,89,69],"floor_reached":56,"playtime":2232,"items_purged":["PlaceholderMod:BaseDefend","PlaceholderMod:BaseDefend"],"score":1799,"play_id":"2babf998-5644-4c17-a50a-d02b4cc20fe7","local_time":"20201228134637","is_ascension_mode":true,"campfire_choices":[{"data":"AT_KingSlayer","floor":6.0,"key":"SMITH"},{"data":"MostiFishMod:StarHerder","floor":8.0,"key":"SMITH"},{"data":"PlaceholderMod:EvolutionSpray","floor":15.0,"key":"SMITH"},{"data":"PlaceholderMod:Activation","floor":24,"key":"SMITH"},{"data":"PlaceholderMod:MultiReaction","floor":27,"key":"SMITH"},{"data":"PlaceholderMod:CorePoison","floor":30,"key":"SMITH"},{"data":"PlaceholderMod:Colorful","floor":32,"key":"SMITH"},{"floor":40,"key":"RECALL"},{"data":"PlaceholderMod:SelfCoupling","floor":49,"key":"SMITH"},{"data":"PlaceholderMod:PericyclicReaction","floor":52,"key":"SMITH"}],"circlet_count":0,"master_deck":["PlaceholderMod:BaseStrike","PlaceholderMod:BaseStrike","PlaceholderMod:BaseStrike","PlaceholderMod:BaseStrike","PlaceholderMod:BaseStrike","PlaceholderMod:BaseDefend","PlaceholderMod:BaseDefend","PlaceholderMod:BaseDefend","PlaceholderMod:Crystal","PlaceholderMod:PoisonWhip","AT_KingSlayer+1","MostiFishMod:StarHerder+1","Shame","Shame","Replay:Hysterical Blindness","PlaceholderMod:NutritionAbsorb","PlaceholderMod:Colorful+1","PlaceholderMod:MultiReaction+1","PlaceholderMod:HardStrike","PlaceholderMod:SeverePoisonStrike","PlaceholderMod:PericyclicReaction+1","PlaceholderMod:EvolutionSpray+1","PlaceholderMod:ThreeBenzyolStart","PlaceholderMod:ThreeBenzyolStart","PlaceholderMod:InnerStable","PlaceholderMod:Activation+1","PlaceholderMod:Crystallization","PlaceholderMod:HealingAttack+1","PlaceholderMod:CorePoison+1","PlaceholderMod:ComplexForm+1","PlaceholderMod:Hard","PlaceholderMod:SelfCoupling+1","PlaceholderMod:SelectReaction+1","PlaceholderMod:AttackAsDefend","PlaceholderMod:EnergyAbsorb+1","CurseOfTheBell","PlaceholderMod:DoublePoint+1","PlaceholderMod:QualitativeChange+1"],"relics":["PlaceholderMod:Tancle","DaveBox","testmod-TestBox","REME_ComplimentaryCards","testmod-ChristmasGift","BirthdayGift-Tetrahedron","testmod-Laevatain","SynthV:TestCard","testmod-OneHitWonder","conspire:TopHat","AT_SeraphEmbrace","AT_TimeSand","AT_ArcaneBoots","ClockworkSouvenir","Snecko Eye","AT_LudenTempest","testmod-AssaultLearning","REME_ChargedStone","ReplayTheSpireMod:TigerMarble","SynthV","Pen Nib","Replay:Bottled Flurry","REME_HandOfSuture","Oddly Smooth Stone","Golden Egg","ThornShield","Vajra","Replay:Wax Seal","REME_OnlineShoppingPlatform","testmod-TurbochargingSystem","Snack Pack"],"acts_visited":["Exordium","TheCity","TheBeyond","TheEnding"],"potions_floor_usage":[22,22,31,31,31,35,35,42,42,55],"damage_taken":[{"damage":0.0,"enemies":"conspire:RoseBush","floor":1.0,"turns":1.0},{"damage":4.0,"enemies":"Replay:BlueRogue","floor":7.0,"turns":3.0},{"damage":2.0,"enemies":"Lagavulin","floor":10.0,"turns":2.0},{"damage":1.0,"enemies":"Small Slimes","floor":11.0,"turns":1.0},{"damage":1.0,"enemies":"Jaw Worm","floor":12.0,"turns":1.0},{"damage":8.0,"enemies":"Exordium Wildlife","floor":14.0,"turns":2.0},{"damage":2.0,"enemies":"The Guardian","floor":16.0,"turns":2.0},{"damage":2.0,"enemies":"3 Byrds","floor":18.0,"turns":2.0},{"damage":2.0,"enemies":"Spheric Guardian","floor":19.0,"turns":2.0},{"damage":2,"enemies":"Snake Plant","floor":22,"turns":2},{"damage":8,"enemies":"conspire:Head Lice","floor":23,"turns":5},{"damage":2,"enemies":"REME_1_Revenger","floor":25,"turns":2},{"damage":5,"enemies":"Cultist and Chosen","floor":28,"turns":3},{"damage":4,"enemies":"conspire:HollyBat","floor":29,"turns":3},{"damage":2,"enemies":"Snecko","floor":31,"turns":2},{"damage":0,"enemies":"Collector","floor":33,"turns":1},{"damage":2,"enemies":"Orb Walker","floor":35,"turns":2},{"damage":4,"enemies":"3 Darklings","floor":36,"turns":3},{"damage":4,"enemies":"Transient","floor":37,"turns":3},{"damage":0,"enemies":"Maw","floor":41,"turns":1},{"damage":4,"enemies":"R_Hoarder","floor":42,"turns":3},{"damage":2,"enemies":"Reptomancer","floor":45,"turns":2},{"damage":0,"enemies":"3 Darklings","floor":47,"turns":1},{"damage":8,"enemies":"Sphere and 2 Shapes","floor":48,"turns":1},{"damage":2,"enemies":"Donu and Deca","floor":50,"turns":2},{"damage":1,"enemies":"Shield and Spear","floor":54,"turns":1},{"damage":13,"enemies":"The Heart","floor":55,"turns":3}],"seed_played":"-2465679341469456552","potions_obtained":[{"floor":1.0,"key":"PowerPotion"},{"floor":2.0,"key":"Swift Potion"},{"floor":2.0,"key":"Adrenaline Potion"},{"floor":10.0,"key":"AttackPotion"},{"floor":16.0,"key":"Elixir"},{"floor":35,"key":"Dexterity Potion"}],"is_trial":false,"path_per_floor":["M","?","?","?","?","R","E","R","T","E","M","M","$","M","R","B",null,"M","M","?","?","M","E","R","E","T","R","M","M","R","M","R","B",null,"M","M","M","$","T","R","M","E","T","?","E","$","M","M","R","B",null,"R","$","E","B",null],"character_chosen":"THE_PLACEHOLDER","items_purchased":["AT_SpeedBoots","PlaceholderMod:EvolutionSpray","PlaceholderMod:ThreeBenzyolStart","ClockworkSouvenir","ReplayTheSpireMod:TigerMarble","SynthV","Replay:Wax Seal","REME_OnlineShoppingPlatform","testmod-TurbochargingSystem"],"campfire_rested":0,"item_purchase_floors":[13,13,13,13,38,38,46,53,53],"current_hp_per_floor":[71,43,43,32,32,32,32,32,32,34,35,34,34,33,33,38,71,70,71,58,51,57,63,63,74,74,74,73,76,76,75,75,76,76,76,73,76,76,76,76,76,75,75,75,76,76,76,71,71,76,76,76,76,75,69],"gold":69,"neow_bonus":"ONE_RARE_RELIC","is_daily":false,"chose_seed":false,"campfire_upgraded":9,"win_rate":0.0,"timestamp":1609134397,"path_taken":["M","?","?","?","?","R","E","R","T","E","?","M","$","M","R","BOSS","M","M","?","?","M","E","R","E","T","R","M","M","R","?","R","BOSS","M","M","M","$","?","R","M","E","T","?","E","$","M","M","R","BOSS","R","$","E","BOSS"],"items_purchased_type":["Relic","Card","Card","Relic","Relic","Relic","Relic","Relic","Relic"],"build_version":"2020-12-22","purchased_purges":2,"victory":true,"max_hp_per_floor":[71,71,71,71,71,71,71,71,71,71,71,71,71,71,71,71,71,71,71,76,76,76,76,76,76,76,76,76,76,76,76,76,76,76,76,76,76,76,76,76,76,76,76,76,76,76,76,76,76,76,76,76,76,76,76],"card_choices":[{"not_picked":["PlaceholderMod:PoisonAbsorb","PlaceholderMod:Hyperplasia"],"picked":"PlaceholderMod:NutritionAbsorb","floor":1.0},{"not_picked":["PlaceholderMod:TriggerStrike","PlaceholderMod:HealingAttack","PlaceholderMod:ConsolidateHit","PlaceholderMod:DissolvingSpikes"],"picked":"PlaceholderMod:Colorful","floor":2.0},{"not_picked":["PlaceholderMod:OHStrongAttack","PlaceholderMod:SpinBlade","PlaceholderMod:Turn","PlaceholderMod:MultipleOxi"],"picked":"PlaceholderMod:MultiReaction","floor":7.0},{"not_picked":["PlaceholderMod:DirectingGroup","PlaceholderMod:PoisonAbsorb","PlaceholderMod:StressReaction","PlaceholderMod:Stratification"],"picked":"PlaceholderMod:HardStrike","floor":10.0},{"not_picked":["PlaceholderMod:Internalization","PlaceholderMod:DirectingGroup","PlaceholderMod:MultipleOxi","PlaceholderMod:SprayAttack"],"picked":"PlaceholderMod:SeverePoisonStrike","floor":11.0},{"not_picked":["PlaceholderMod:Crystallization","PlaceholderMod:ProliferateStrike","PlaceholderMod:ChainPoly","PlaceholderMod:Sweep"],"picked":"PlaceholderMod:PericyclicReaction","floor":12.0},{"not_picked":["PlaceholderMod:ConsolidateHit","PlaceholderMod:Polyp","PlaceholderMod:PoisonAbsorb","PlaceholderMod:DirectingGroup"],"picked":"PlaceholderMod:InnerStable","floor":14.0},{"not_picked":["PlaceholderMod:DiffusionPoison","PlaceholderMod:AbsorbTouch","PlaceholderMod:MultiReaction","PlaceholderMod:FinalSpray"],"picked":"PlaceholderMod:Activation","floor":16.0},{"not_picked":["PlaceholderMod:Polyp","PlaceholderMod:SeverePoisonStrike","PlaceholderMod:Sweep","PlaceholderMod:OHStrongAttack"],"picked":"PlaceholderMod:Crystallization","floor":18.0},{"not_picked":["PlaceholderMod:MultipleOxi+1","PlaceholderMod:HornyBlast","PlaceholderMod:Sweep+1","PlaceholderMod:DissolvingSpikes","PlaceholderMod:SeverePoisonStrike"],"picked":"SKIP","floor":19.0},{"not_picked":["PlaceholderMod:DissolvingSpikes","PlaceholderMod:SpinBlade","PlaceholderMod:NearChange+1","PlaceholderMod:PoisonAbsorb"],"picked":"PlaceholderMod:HealingAttack+1","floor":22},{"not_picked":["PlaceholderMod:SprayAttack","PlaceholderMod:CrystallizationStrike","PlaceholderMod:DiffusionPoison","PlaceholderMod:EnergyAbsorb"],"picked":"PlaceholderMod:CorePoison","floor":23},{"not_picked":["PlaceholderMod:PoisonAbsorb","PlaceholderMod:Polyp","PlaceholderMod:PoisonBlast","PlaceholderMod:DissolvingSpikes","PlaceholderMod:HealingAttack"],"picked":"SKIP","floor":25},{"not_picked":["PlaceholderMod:InnerStable","PlaceholderMod:ParasiteChange+1","PlaceholderMod:ConsolidateHit","PlaceholderMod:SeverePoisonStrike"],"picked":"PlaceholderMod:ComplexForm+1","floor":28},{"not_picked":["PlaceholderMod:FastReaction","PlaceholderMod:SprayAttack","PlaceholderMod:ProliferateStrike","PlaceholderMod:DissolvingSpikes"],"picked":"PlaceholderMod:Hard","floor":29},{"not_picked":["PlaceholderMod:Internalization","PlaceholderMod:HardStinger","PlaceholderMod:StressReaction+1","PlaceholderMod:ProliferateStrike","PlaceholderMod:TriggerStrike+1"],"picked":"SKIP","floor":31},{"not_picked":["PlaceholderMod:ReactionCatalyze","PlaceholderMod:QualitativeChange","PlaceholderMod:Inner","PlaceholderMod:Activation"],"picked":"PlaceholderMod:SelfCoupling","floor":33},{"not_picked":["PlaceholderMod:Sweep+1","PlaceholderMod:ProliferateStrike+1","PlaceholderMod:OHStrongAttack","PlaceholderMod:SprayAttack+1"],"picked":"PlaceholderMod:SelectReaction+1","floor":35},{"not_picked":["PlaceholderMod:CrystallizationStrike","PlaceholderMod:SpinBlade+1","PlaceholderMod:Sweep+1","PlaceholderMod:ContinueSpray"],"picked":"PlaceholderMod:AttackAsDefend","floor":36},{"not_picked":["PlaceholderMod:HardStrike","PlaceholderMod:StrongAcid","PlaceholderMod:SprayAttack+1","PlaceholderMod:BlastSpray","PlaceholderMod:ThreeBenzyolStart+1"],"picked":"SKIP","floor":37},{"not_picked":["PlaceholderMod:TriggerStrike","PlaceholderMod:OHStrongAttack+1","PlaceholderMod:AttackAsDefend+1","PlaceholderMod:Sweep+1","PlaceholderMod:MultipleOxi"],"picked":"SKIP","floor":41},{"not_picked":["PlaceholderMod:Polyp","PlaceholderMod:ComplexForm","PlaceholderMod:Sweep+1","PlaceholderMod:Turn+1"],"picked":"PlaceholderMod:EnergyAbsorb+1","floor":42},{"not_picked":["PlaceholderMod:ThreeBenzyolStart+1","PlaceholderMod:OHStrongAttack","PlaceholderMod:Sweep+1","PlaceholderMod:PoisonExcitation+1","PlaceholderMod:FastReaction"],"picked":"SKIP","floor":45},{"not_picked":["PlaceholderMod:HardStinger","PlaceholderMod:ChainPoly+1","PlaceholderMod:HardStrike","PlaceholderMod:TriggerStrike"],"picked":"PlaceholderMod:DoublePoint","floor":47},{"not_picked":["PlaceholderMod:HardStinger+1","PlaceholderMod:Turn+1","PlaceholderMod:HornyBlast","PlaceholderMod:CorePoison","PlaceholderMod:PoisonExcitation"],"picked":"SKIP","floor":48},{"not_picked":["PlaceholderMod:HardStinger","PlaceholderMod:ThreeBenzyolStart+1","PlaceholderMod:Hard","PlaceholderMod:NutritionAbsorb"],"picked":"PlaceholderMod:QualitativeChange","floor":54}],"player_experience":41946,"relics_obtained":[{"floor":1.0,"key":"SynthV:TestCard"},{"floor":2.0,"key":"testmod-OneHitWonder"},{"floor":7.0,"key":"conspire:TopHat"},{"floor":9.0,"key":"AT_ArchangelStaff"},{"floor":10.0,"key":"AT_TimeSand"},{"floor":23,"key":"AT_LudenTempest"},{"floor":25,"key":"testmod-AssaultLearning"},{"floor":39,"key":"Pen Nib"},{"floor":42,"key":"Replay:Bottled Flurry"},{"floor":43,"key":"REME_HandOfSuture"},{"floor":44,"key":"Oddly Smooth Stone"},{"floor":44,"key":"Golden Egg"},{"floor":44,"key":"ThornShield"},{"floor":45,"key":"Vajra"},{"floor":54,"key":"Snack Pack"}],"event_choices":[{"damage_healed":0.0,"max_hp_gain":0.0,"max_hp_loss":0.0,"gold_gain":400.0,"event_name":"恩洛斯的盘子","player_choice":"Sell","floor":3.0,"relics_lost":["AT_ATBox"],"gold_loss":0.0,"damage_taken":0.0},{"damage_healed":0.0,"max_hp_gain":0.0,"max_hp_loss":0.0,"gold_gain":75.0,"event_name":"World of Goop","player_choice":"Gather Gold","floor":4.0,"gold_loss":0.0,"damage_taken":11.0},{"damage_healed":0.0,"max_hp_gain":0.0,"max_hp_loss":0.0,"gold_gain":0.0,"event_name":"conspire:Investor","player_choice":"Leave","floor":5.0,"gold_loss":0.0,"damage_taken":0.0},{"damage_healed":0.0,"max_hp_gain":5.0,"max_hp_loss":0.0,"gold_gain":0.0,"event_name":"Forgotten Altar","player_choice":"Shed Blood","floor":20.0,"gold_loss":0.0,"damage_taken":18.0},{"damage_healed":0,"gold_gain":75,"player_choice":"Touch","damage_taken":7,"max_hp_gain":0,"max_hp_loss":0,"event_name":"FaceTrader","floor":21,"gold_loss":0},{"damage_healed":0,"gold_gain":0,"player_choice":"Swap Relic","damage_taken":0,"relics_obtained":["Calling Bell"],"max_hp_gain":0,"max_hp_loss":0,"event_name":"给自己的盒子","floor":44,"relics_lost":["Calling Bell"],"gold_loss":0}],"is_beta":false,"boss_relics":[{"not_picked":["Ectoplasm","SacredBark"],"picked":"Snecko Eye"},{"not_picked":["Coffee Dripper","Honey Jar"],"picked":"REME_ChargedStone"}],"items_purged_floors":[13,46],"is_endless":false,"potions_floor_spawned":[1,10,16,19,22,25,35,42],"ascension_level":1}}