{"host":"0azimyi6n3ugndj4","time":1609162558,"event":{"mods":["2.2 Compatiblity","BaseMod","Bestiary","Conspire","Curses Come First","Defuse TimeMaze Blight","Hyrulean Relics","Infinite Spire","Minty Spire (QoL Compilation)","Relic Stats","Replay The Spire","StSLib","SuperFastMode","Uncapped","¡¼?Úª?ø«¡½REMEMod"],"gold_per_floor":[138,138,240,140,140,140,185,185,235,274,424,502,544,622,622,838,838,874,926,926,926,926,1037,1063,1063,1141,1171,662,662,662],"floor_reached":29,"playtime":921,"items_purged":["Doubt"],"score":794,"play_id":"e47bcbf9-7b13-4155-8c11-4de5e38804be","local_time":"20201228223558","daily_mods":["Insanity","Vintage","ControlledChaos","Diverse","Colorless Cards","Heirloom","Time Dilation","Flight","Elite Swarm","Lethality","Midas","Night Terrors","Binary"],"is_ascension_mode":true,"campfire_choices":[{"floor":6,"key":"REST"},{"floor":15,"key":"REST"}],"circlet_count":0,"master_deck":["AscendersBane","BasicCrystalCard","Run Through","Sweeping Beam","Thunderclap","Slice","Searing Blow","Choke","Thunderclap","Cloak And Dagger","Shrug It Off","Headbutt","Trip","Quick Slash","Entrench","EmptyBody","Hologram","All Out Attack","Specialist","DeceiveReality","EmptyFist","ReplayTheSpireMod:Muscle Training","Twin Strike","Reflex","Prostrate","Aggregate","ReplayTheSpireMod:GoodbyeWorld","Collect","Wild Strike","Turbo","Cloak And Dagger","True Grit","ReplayTheSpireMod:Muscle Training","BasicCrystalCard","Turbo","Dagger Spray","Escape Plan","Warcry","Expertise","Tactician","Recycle","Deep Breath","Ball Lightning","Wild Strike","FollowUp","Replay:Undeath\u0027s Touch","Feel No Pain","Calculated Gamble","Evaluate","Body Slam","Double Tap","Ghostly","Necronomicurse","Hallucinations"],"relics":["Cracked Core","Frozen Eye","Busted Crown","REME_ComplimentaryCards","Dead Branch","infinitespire:Lucky Rock","Centennial Puzzle","zeldaRelics:CourageTriforce","Tiny Chest","conspire:DecoderRing","Quantum Egg","zeldaRelics:WisdomTriforce","zeldaRelics:HylianShield","infinitespire:Bottled Soul","Necronomicon","zeldaRelics:PowerPiece","ReplayTheSpireMod:Ring of Challenge","Golden Egg","Replay:Wax Seal","ClockworkSouvenir","Replay:Bottled Snecko"],"acts_visited":["Exordium","TheCity"],"potions_floor_usage":[23,27,29],"damage_taken":[{"damage":17,"enemies":"2 Louse","floor":1,"turns":4},{"damage":2,"enemies":"conspire:MimicChest","floor":3,"turns":2},{"damage":2,"enemies":"Small Slimes","floor":7,"turns":2},{"damage":15,"enemies":"Jaw Worm","floor":10,"turns":2},{"damage":14,"enemies":"Replay:BlueRogue","floor":12,"turns":2},{"damage":16,"enemies":"3 Louse","floor":13,"turns":3},{"damage":0,"enemies":"Gremlin Nob","floor":14,"turns":2},{"damage":0,"enemies":"Fading Forest","floor":16,"turns":10},{"damage":0,"enemies":"Chosen","floor":18,"turns":2},{"damage":19,"enemies":"REME_1_Revenger","floor":23,"turns":4},{"damage":19,"enemies":"3 Byrds","floor":27,"turns":3},{"damage":7,"enemies":"conspire:HollyBat","floor":29,"turns":13}],"seed_played":"1314974083916689189","potions_obtained":[{"floor":7,"key":"ColorlessPotion"},{"floor":10,"key":"Weak Potion"},{"floor":18,"key":"REME_GoldPotion"},{"floor":23,"key":"AttackPotion"}],"is_trial":true,"path_per_floor":["M","?","?","?","T","R","M","?","T","M","?","E","M","E","R","B",null,"M","T","?","?","?","E","T","?","T","M","$","M"],"character_chosen":"DEFECT","items_purchased":["Replay:Wax Seal","ClockworkSouvenir","Replay:Bottled Snecko"],"campfire_rested":2,"item_purchase_floors":[28,28,28],"current_hp_per_floor":[47,40,38,38,38,66,64,69,69,54,54,40,24,24,66,66,66,66,66,66,66,45,26,26,26,26,7,7,0,0],"gold":662,"neow_bonus":"","is_daily":false,"chose_seed":false,"campfire_upgraded":0,"win_rate":0.0,"timestamp":1609162558,"path_taken":["M","?","?","?","?","R","M","?","T","?","?","E","M","E","R","BOSS","M","?","?","?","?","E","?","?","T","M","?","?"],"items_purchased_type":["Relic","Relic","Relic"],"build_version":"2020-12-22","purchased_purges":1,"victory":false,"max_hp_per_floor":[71,71,71,71,71,66,66,71,71,71,71,71,71,71,66,66,66,66,66,66,66,66,66,66,66,66,66,66,66,66],"relic_stats":{"Centennial Puzzle":[21],"Busted Crown":18,"counters":[12,49],"Dead Branch":[228],"Tiny Chest":2,"Necronomicon":[5],"obtain_stats":[{"Golden Egg":27,"zeldaRelics:WisdomPiece":14,"Dead Branch":0,"Quantum Egg":13,"infinitespire:Lucky Rock":1,"zeldaRelics:CourageTriforce":12,"zeldaRelics:WisdomTriforce":23,"ClockworkSouvenir":28,"Frozen Eye":0,"Centennial Puzzle":3,"Busted Crown":0,"infinitespire:Bottled Soul":18,"conspire:DecoderRing":10,"Tiny Chest":7,"zeldaRelics:CouragePiece":5,"Necronomicon":22,"Replay:Bottled Snecko":28,"ReplayTheSpireMod:Ring of Challenge":25,"Replay:Wax Seal":28,"Cracked Core":0,"zeldaRelics:PowerPiece":24,"REME_ComplimentaryCards":0,"zeldaRelics:HylianShield":17},{"Golden Egg":11,"zeldaRelics:WisdomPiece":7,"Dead Branch":0,"Quantum Egg":6,"infinitespire:Lucky Rock":1,"zeldaRelics:CourageTriforce":5,"zeldaRelics:WisdomTriforce":10,"ClockworkSouvenir":11,"Frozen Eye":0,"Centennial Puzzle":2,"Busted Crown":0,"infinitespire:Bottled Soul":9,"conspire:DecoderRing":4,"Tiny Chest":3,"zeldaRelics:CouragePiece":2,"Necronomicon":9,"Replay:Bottled Snecko":11,"ReplayTheSpireMod:Ring of Challenge":10,"Replay:Wax Seal":11,"Cracked Core":0,"zeldaRelics:PowerPiece":10,"REME_ComplimentaryCards":0,"zeldaRelics:HylianShield":8},{"Golden Egg":36,"zeldaRelics:WisdomPiece":17,"Dead Branch":0,"Quantum Egg":15,"infinitespire:Lucky Rock":4,"zeldaRelics:CourageTriforce":12,"zeldaRelics:WisdomTriforce":33,"ClockworkSouvenir":36,"Frozen Eye":0,"Centennial Puzzle":6,"Busted Crown":0,"infinitespire:Bottled Soul":29,"conspire:DecoderRing":10,"Tiny Chest":8,"zeldaRelics:CouragePiece":6,"Necronomicon":29,"Replay:Bottled Snecko":36,"ReplayTheSpireMod:Ring of Challenge":33,"Replay:Wax Seal":36,"Cracked Core":0,"zeldaRelics:PowerPiece":33,"REME_ComplimentaryCards":0,"zeldaRelics:HylianShield":27}]},"card_choices":[],"player_experience":1454137,"relics_obtained":[{"floor":1,"key":"infinitespire:Lucky Rock"},{"floor":3,"key":"Centennial Puzzle"},{"floor":5,"key":"zeldaRelics:CouragePiece"},{"floor":7,"key":"Tiny Chest"},{"floor":9,"key":"zeldaRelics:CouragePiece"},{"floor":10,"key":"conspire:DecoderRing"},{"floor":12,"key":"zeldaRelics:CouragePiece"},{"floor":13,"key":"Quantum Egg"},{"floor":14,"key":"zeldaRelics:WisdomPiece"},{"floor":18,"key":"infinitespire:Bottled Soul"},{"floor":19,"key":"zeldaRelics:WisdomPiece"},{"floor":22,"key":"Necronomicon"},{"floor":23,"key":"zeldaRelics:WisdomPiece"},{"floor":24,"key":"zeldaRelics:PowerPiece"},{"floor":25,"key":"ReplayTheSpireMod:Ring of Challenge"},{"floor":26,"key":"zeldaRelics:PowerPiece"},{"floor":27,"key":"Golden Egg"}],"event_choices":[{"cards_removed":["Replay:AtTheReady"],"damage_healed":0,"gold_gain":0,"player_choice":"Card Removal","damage_taken":7,"max_hp_gain":0,"max_hp_loss":0,"event_name":"Golden Wing","floor":2,"gold_loss":0},{"damage_healed":0,"gold_gain":0,"player_choice":"Argue","damage_taken":0,"max_hp_gain":0,"max_hp_loss":0,"event_name":"conspire:LoneGhost","floor":4,"gold_loss":0},{"damage_healed":0,"gold_gain":0,"player_choice":"Donut","damage_taken":0,"max_hp_gain":5,"max_hp_loss":0,"event_name":"Big Fish","floor":8,"gold_loss":0},{"damage_healed":0,"gold_gain":150,"player_choice":"AGREE","damage_taken":0,"max_hp_gain":0,"max_hp_loss":0,"event_name":"Liars Game","floor":11,"gold_loss":0,"cards_obtained":["Doubt"]},{"damage_healed":0,"gold_gain":0,"player_choice":"Ignored","damage_taken":0,"max_hp_gain":0,"max_hp_loss":0,"event_name":"Ghosts","floor":20,"gold_loss":0},{"damage_healed":0,"gold_gain":0,"player_choice":"Ignored","damage_taken":0,"max_hp_gain":0,"max_hp_loss":0,"event_name":"Vampires","floor":21,"gold_loss":0},{"damage_healed":0,"gold_gain":0,"player_choice":"Obtained Book","damage_taken":21,"max_hp_gain":0,"max_hp_loss":0,"event_name":"Cursed Tome","floor":22,"gold_loss":0}],"is_beta":false,"boss_relics":[{"not_picked":["Honey Jar","Tiny House"],"picked":"zeldaRelics:HylianShield"}],"items_purged_floors":[28],"is_endless":false,"potions_floor_spawned":[7,10,12,13,18,23],"killed_by":"conspire:HollyBat","ascension_level":20}}