{"host":"dh4nu8nelr2izibb","time":1609195633,"event":{"mods":["Act Like it!","BaseMod","Better Third Choice","Card Forge","Displayed Cursed Tome","HololiveMod","Marisa????????","Minty Spire (QoL Compilation)","Puzzle Mod","Quick Restart","Relic Filter","StSLib","The Marked","The Poker Player","The Servant 0.9.4","WarShipGirlsR/????R mod","Yakumo Yukari mod"],"gold_per_floor":[113,124,137,156,175,175,208,208,208,208,208,243,261,336,336,415,415,433,444,319,319,319,319,7,7,7,17,17,28,39,74,74,74,74],"floor_reached":33,"playtime":956,"items_purged":["Strike_G","Strike_G"],"score":554,"play_id":"d8729a55-b4a9-42eb-976b-fd6455988df3","local_time":"20201228174713","is_ascension_mode":true,"campfire_choices":[{"data":"All Out Attack","floor":6.0,"key":"SMITH"},{"floor":8.0,"key":"REST"},{"data":"Blade Dance","floor":10.0,"key":"SMITH"},{"floor":15.0,"key":"REST"},{"data":"Blade Dance","floor":23.0,"key":"SMITH"},{"data":"Cloak And Dagger","floor":28.0,"key":"SMITH"},{"data":"Accuracy","floor":32,"key":"SMITH"}],"circlet_count":0,"master_deck":["AscendersBane","Strike_G","Strike_G","Defend_G","Defend_G","Defend_G","Defend_G","Survivor","Neutralize+1","Storm of Steel","Blade Dance+1","Slice","All Out Attack+1","Finisher","Dagger Throw","After Image+1","Flying Knee","Tools of the Trade","Accuracy+1","Blade Dance+1","Cloak And Dagger+1"],"relics":["Ring of the Snake","Hammer of Thor","Seething Fire","Anvil of the Gods","Bag of Preparation","Pen Nib","Ornamental Fan","Hololive_Finger","Anchor","Ninja Scroll","Singing Bowl"],"acts_visited":["Exordium","TheCity"],"potions_floor_usage":[33],"damage_taken":[{"damage":1.0,"enemies":"Cultist","floor":1.0,"turns":4.0},{"damage":4.0,"enemies":"Small Slimes","floor":2.0,"turns":4.0},{"damage":0.0,"enemies":"Jaw Worm","floor":3.0,"turns":4.0},{"damage":3.0,"enemies":"Looter","floor":4.0,"turns":3.0},{"damage":15.0,"enemies":"Exordium Thugs","floor":5.0,"turns":4.0},{"damage":24.0,"enemies":"3 Sentries","floor":7.0,"turns":7.0},{"damage":18.0,"enemies":"Lagavulin","floor":12.0,"turns":4.0},{"damage":0.0,"enemies":"3 Louse","floor":13.0,"turns":2.0},{"damage":24.0,"enemies":"Hexaghost","floor":16.0,"turns":10.0},{"damage":4.0,"enemies":"2 Thieves","floor":18.0,"turns":3.0},{"damage":10.0,"enemies":"Shell Parasite","floor":19.0,"turns":4.0},{"damage":0.0,"enemies":"Cultist and Chosen","floor":27.0,"turns":4.0},{"damage":0.0,"enemies":"Shelled Parasite and Fungi","floor":29.0,"turns":2.0},{"damage":0.0,"enemies":"Centurion and Healer","floor":30.0,"turns":3.0},{"damage":4,"enemies":"Book of Stabbing","floor":31,"turns":3},{"damage":49,"enemies":"Automaton","floor":33,"turns":6}],"seed_played":"2780996526506022972","potions_obtained":[{"floor":4.0,"key":"Fruit Juice"},{"floor":7.0,"key":"AttackPotion"},{"floor":16.0,"key":"AttackPotion"},{"floor":18.0,"key":"FearPotion"},{"floor":31,"key":"Strength Potion"}],"is_trial":false,"path_per_floor":["M","M","M","M","M","R","E","R","T","R","?","E","M","?","R","B",null,"M","M","$","?","$","R","$","?","T","M","R","M","M","E","R","B"],"character_chosen":"THE_SILENT","items_purchased":["Blade Dance","Anchor","Cloak And Dagger"],"campfire_rested":2,"item_purchase_floors":[20,24,24],"current_hp_per_floor":[58,54,54,56,41,41,17,38,38,38,38,20,20,9,30,6,55,51,41,41,41,41,41,41,41,41,41,41,41,41,39,39,0,0],"gold":74,"neow_bonus":"ONE_RANDOM_RARE_CARD","is_daily":false,"chose_seed":false,"campfire_upgraded":5,"win_rate":0.0,"timestamp":1609195633,"path_taken":["M","M","?","M","M","R","E","R","T","R","?","E","?","?","R","BOSS","M","M","$","?","?","R","$","?","T","M","R","M","?","E","R","BOSS"],"items_purchased_type":["Card","Relic","Card"],"build_version":"2020-12-22","purchased_purges":2,"victory":false,"max_hp_per_floor":[66,66,66,71,71,71,71,71,71,71,71,71,71,71,71,71,71,71,71,71,71,71,71,71,71,71,71,71,71,71,73,73,73,73],"card_choices":[{"not_picked":["Sucker Punch","Slice"],"picked":"Blade Dance","floor":1.0},{"not_picked":["Well Laid Plans","Blade Dance"],"picked":"Slice","floor":2.0},{"not_picked":["Dodge and Roll","Slice"],"picked":"All Out Attack","floor":3.0},{"not_picked":["Blur","Flying Knee"],"picked":"Finisher","floor":4.0},{"not_picked":["Slice","Dodge and Roll"],"picked":"Dagger Throw","floor":5.0},{"not_picked":["Dagger Throw","Tactician","Choke"],"picked":"SKIP","floor":7.0},{"not_picked":["Acrobatics","Bouncing Flask"],"picked":"After Image","floor":12.0},{"not_picked":["Outmaneuver","Acrobatics"],"picked":"Flying Knee","floor":13.0},{"not_picked":["Wraith Form v2","Storm of Steel"],"picked":"Tools of the Trade","floor":16.0},{"not_picked":["Heel Hook","Choke","Flying Knee"],"picked":"SKIP","floor":18.0},{"not_picked":["Predator","Dagger Throw"],"picked":"Accuracy","floor":19.0},{"not_picked":["Prepared","Quick Slash","Choke"],"picked":"SKIP","floor":27.0},{"not_picked":["Slice","Deadly Poison","Reflex"],"picked":"SKIP","floor":29.0},{"not_picked":["All Out Attack+1","Quick Slash+1","Masterful Stab"],"picked":"SKIP","floor":30.0},{"not_picked":["Dagger Throw","All Out Attack","Dodge and Roll"],"picked":"Singing Bowl","floor":31}],"player_experience":1126810,"relics_obtained":[{"floor":7.0,"key":"Bag of Preparation"},{"floor":9.0,"key":"Pen Nib"},{"floor":26.0,"key":"Ninja Scroll"},{"floor":31,"key":"Singing Bowl"}],"event_choices":[{"damage_healed":0.0,"max_hp_gain":0.0,"max_hp_loss":0.0,"gold_gain":0.0,"event_name":"WeMeetAgain","player_choice":"Gave Potion","floor":11.0,"gold_loss":0.0,"damage_taken":0.0,"relics_obtained":["Ornamental Fan"]},{"damage_healed":0.0,"max_hp_gain":1.0,"max_hp_loss":0.0,"gold_gain":75.0,"event_name":"betterThird:BetterGoop","player_choice":"Gold","floor":14.0,"gold_loss":0.0,"damage_taken":11.0},{"damage_healed":0.0,"max_hp_gain":0.0,"max_hp_loss":0.0,"gold_gain":0.0,"event_name":"Upgrade Shrine","player_choice":"Upgraded","floor":21.0,"gold_loss":0.0,"damage_taken":0.0,"cards_upgraded":["After Image"]},{"damage_healed":0.0,"max_hp_gain":0.0,"max_hp_loss":0.0,"gold_gain":0.0,"event_name":"Lab","player_choice":"Got Potions","floor":25.0,"gold_loss":0.0,"damage_taken":0.0}],"is_beta":false,"boss_relics":[{"not_picked":["Ring of the Serpent","Black Star"],"picked":"Hololive_Finger"}],"items_purged_floors":[20,24],"is_endless":false,"potions_floor_spawned":[4,7,16,18,27,31],"killed_by":"Automaton","ascension_level":20}}