{"host":"sav7uxregyirlf69","time":1609142504,"event":{"mods":["AchievementEnabler","BaseMod","Colored Map","DeckTracker","Keyboard Shortcuts","Minty Spire (QoL Compilation)","READ ME - Guardian Mod","StSLib","SuperFastMode"],"gold_per_floor":[115,115,133,145,209,242,261,332,332,382,157,157,170,220,220,322,322,336,352,8,24,74,108,123,143,143,159,225,259,275,275,275],"floor_reached":31,"playtime":944,"items_purged":["Strike_G","Strike_G"],"score":297,"play_id":"5439d7e9-3f65-4bbf-a97b-4562efc906fc","local_time":"20201228170144","daily_mods":["Heirloom"],"is_ascension_mode":true,"campfire_choices":[{"data":"Cloak And Dagger","floor":12.0,"key":"SMITH"},{"data":"Blade Dance","floor":15.0,"key":"SMITH"}],"circlet_count":0,"master_deck":["Strike_G","Defend_G","Defend_G","Defend_G","Defend_G","Defend_G","Survivor","Neutralize","Poisoned Stab","Deadly Poison","Predator","Catalyst","Caltrops","Blade Dance+1","Backstab","After Image","Cloak And Dagger+1","Deflect","Envenom","Blade Dance","Cloak And Dagger","Footwork","Terror","Injury","Well Laid Plans","Distraction+1","Blur","Outmaneuver+1"],"relics":["Ring of the Snake","Gambling Chip","SsserpentHead","White Beast Statue","Odd Mushroom","Kunai","Orrery","Cursed Key","Pantograph","Ginger","Sundial"],"acts_visited":["Exordium","TheCity"],"potions_floor_usage":[27,29,29],"damage_taken":[{"damage":0.0,"enemies":"Jaw Worm","floor":1.0,"turns":6.0},{"damage":1.0,"enemies":"Cultist","floor":3.0,"turns":4.0},{"damage":0.0,"enemies":"2 Louse","floor":4.0,"turns":3.0},{"damage":0.0,"enemies":"2 Fungi Beasts","floor":5.0,"turns":4.0},{"damage":13.0,"enemies":"Lagavulin","floor":6.0,"turns":5.0},{"damage":8.0,"enemies":"Lots of Slimes","floor":7.0,"turns":6.0},{"damage":25.0,"enemies":"The Mushroom Lair","floor":8.0,"turns":5.0},{"damage":5.0,"enemies":"Large Slime","floor":13.0,"turns":5.0},{"damage":10.0,"enemies":"Hexaghost","floor":16.0,"turns":8.0},{"damage":3.0,"enemies":"2 Thieves","floor":18.0,"turns":5.0},{"damage":3.0,"enemies":"3 Byrds","floor":19.0,"turns":4.0},{"damage":0.0,"enemies":"Snecko","floor":21.0,"turns":4.0},{"damage":10.0,"enemies":"Slavers","floor":23.0,"turns":7.0},{"damage":8.0,"enemies":"Snake Plant","floor":24.0,"turns":3.0},{"damage":1.0,"enemies":"Centurion and Healer","floor":25.0,"turns":5.0},{"damage":3,"enemies":"Snecko","floor":27,"turns":3},{"damage":12,"enemies":"Cultist and Chosen","floor":28,"turns":7},{"damage":17,"enemies":"Gremlin Leader","floor":29,"turns":9},{"damage":0,"enemies":"Snake Plant","floor":30,"turns":4},{"damage":0,"enemies":"Centurion and Healer","floor":31,"turns":1}],"seed_played":"854481885225944987","potions_obtained":[{"floor":5.0,"key":"ColorlessPotion"},{"floor":6.0,"key":"LiquidBronze"},{"floor":7.0,"key":"LiquidBronze"},{"floor":8.0,"key":"Poison Potion"},{"floor":13.0,"key":"BlessingOfTheForge"},{"floor":16.0,"key":"Weak Potion"},{"floor":18.0,"key":"GhostInAJar"},{"floor":19.0,"key":"Strength Potion"},{"floor":21.0,"key":"GamblersBrew"},{"floor":23.0,"key":"SmokeBomb"},{"floor":24.0,"key":"Strength Potion"},{"floor":25.0,"key":"SkillPotion"},{"floor":27,"key":"FearPotion"},{"floor":28,"key":"SteroidPotion"},{"floor":29,"key":"Explosive Potion"},{"floor":30,"key":"SpeedPotion"}],"is_trial":true,"path_per_floor":["M","?","M","M","M","E","M","?","T","?","$","R","M","?","R","B",null,"M","M","$","M","?","E","M","M","T","M","M","E","M","M"],"character_chosen":"THE_SILENT","items_purchased":["Orrery","Pantograph"],"campfire_rested":0,"item_purchase_floors":[11,20],"current_hp_per_floor":[70,70,69,69,69,56,48,23,23,46,46,46,41,41,41,31,70,67,64,64,64,64,54,46,45,45,42,30,13,13,13,13],"gold":275,"neow_bonus":"","is_daily":false,"chose_seed":false,"campfire_upgraded":2,"win_rate":0.0,"timestamp":1609142504,"path_taken":["M","?","M","M","?","E","M","?","T","?","$","R","M","?","R","BOSS","M","M","$","M","?","E","M","M","T","M","?","E","M","M"],"items_purchased_type":["Relic","Relic"],"build_version":"2020-12-22","purchased_purges":2,"victory":false,"max_hp_per_floor":[70,70,70,70,70,70,70,70,70,70,70,70,70,70,70,70,70,70,70,70,70,70,70,70,70,70,70,70,70,70,70,70],"card_choices":[{"not_picked":["Sucker Punch","All Out Attack"],"picked":"Poisoned Stab","floor":1.0},{"not_picked":["All Out Attack","Dodge and Roll"],"picked":"Deadly Poison","floor":3.0},{"not_picked":["Flying Knee","Cloak And Dagger","Outmaneuver"],"picked":"SKIP","floor":4.0},{"not_picked":["Flying Knee","Acrobatics"],"picked":"Predator","floor":5.0},{"not_picked":["Bane","A Thousand Cuts","Slice"],"picked":"SKIP","floor":6.0},{"not_picked":["Bane","Catalyst","Setup"],"picked":"SKIP","floor":7.0},{"not_picked":["Bane","Setup"],"picked":"Catalyst","floor":7.0},{"not_picked":["Sucker Punch","Outmaneuver"],"picked":"Caltrops","floor":8.0},{"not_picked":["Crippling Poison","Dagger Spray"],"picked":"Blade Dance","floor":11.0},{"not_picked":["Prepared","Calculated Gamble"],"picked":"Backstab","floor":11.0},{"not_picked":["Acrobatics","Leg Sweep"],"picked":"After Image","floor":11.0},{"not_picked":["Accuracy","Heel Hook"],"picked":"Cloak And Dagger","floor":11.0},{"not_picked":["Acrobatics","Quick Slash"],"picked":"Deflect","floor":13.0},{"not_picked":["Tools of the Trade","Corpse Explosion"],"picked":"Envenom","floor":16.0},{"not_picked":["Poisoned Stab+1","Sucker Punch"],"picked":"Blade Dance","floor":18.0},{"not_picked":["Underhanded Strike+1","PiercingWail","Flying Knee+1"],"picked":"SKIP","floor":19.0},{"not_picked":["PiercingWail+1","Prepared"],"picked":"Cloak And Dagger","floor":21.0},{"not_picked":["Leg Sweep","Outmaneuver"],"picked":"Footwork","floor":23.0},{"not_picked":["Cloak And Dagger","Flying Knee+1","Crippling Poison"],"picked":"SKIP","floor":24.0},{"not_picked":["Bouncing Flask","Reflex"],"picked":"Terror","floor":25.0},{"not_picked":["Underhanded Strike","Deadly Poison+1"],"picked":"Well Laid Plans","floor":27},{"not_picked":["Caltrops","Catalyst"],"picked":"Distraction+1","floor":28},{"not_picked":["Predator","Glass Knife"],"picked":"Blur","floor":29},{"not_picked":["Acrobatics+1","Well Laid Plans+1"],"picked":"Outmaneuver+1","floor":30}],"player_experience":1026628,"relics_obtained":[{"floor":6.0,"key":"White Beast Statue"},{"floor":8.0,"key":"Odd Mushroom"},{"floor":9.0,"key":"Kunai"},{"floor":23.0,"key":"Ginger"},{"floor":29,"key":"Sundial"}],"event_choices":[{"damage_healed":0.0,"max_hp_gain":0.0,"max_hp_loss":0.0,"gold_gain":0.0,"event_name":"FaceTrader","player_choice":"Trade","floor":2.0,"gold_loss":0.0,"damage_taken":0.0,"relics_obtained":["SsserpentHead"]},{"damage_healed":0.0,"max_hp_gain":0.0,"max_hp_loss":0.0,"gold_gain":0.0,"event_name":"Mushrooms","player_choice":"Fought Mushrooms","floor":8.0,"gold_loss":0.0,"damage_taken":0.0},{"damage_healed":23.0,"max_hp_gain":0.0,"max_hp_loss":0.0,"gold_gain":0.0,"event_name":"Big Fish","player_choice":"Banana","floor":10.0,"gold_loss":0.0,"damage_taken":0.0},{"cards_removed":["Strike_G"],"damage_healed":0.0,"max_hp_gain":0.0,"max_hp_loss":0.0,"gold_gain":0.0,"event_name":"Living Wall","player_choice":"Forget","floor":14.0,"gold_loss":0.0,"damage_taken":0.0},{"cards_removed":["Strike_G"],"damage_healed":0.0,"max_hp_gain":0.0,"max_hp_loss":0.0,"gold_gain":0.0,"event_name":"Purifier","player_choice":"Purged","floor":22.0,"gold_loss":0.0,"damage_taken":0.0}],"is_beta":false,"boss_relics":[{"not_picked":["Ectoplasm","Calling Bell"],"picked":"Cursed Key"}],"items_purged_floors":[11,20],"is_endless":false,"potions_floor_spawned":[5,6,7,8,13,16,18,19,21,23,24,25,27,28,29,30],"killed_by":"Centurion and Healer","ascension_level":1}}