{"host":"j0vzbnzm6n2ctevn","time":1609156431,"event":{"mods":["AchievementEnabler","BaseMod","Minty Spire (QoL Compilation)","Shop Mod"],"gold_per_floor":[110,110,123,140,155,155,180,198,198,233,251,251,284,298,298,398,398,408,421,438,450,85,116,143,156,203,223,123,123,139,151,151,246,246,256,84,44,56,67,67,101,101,146,146,159,159,169,183,183,183],"floor_reached":51,"playtime":2997,"items_purged":["Defend_G","Defend_G","Neutralize"],"score":717,"play_id":"2ed730cb-acd4-4292-856f-2f199c57d34c","local_time":"20201228195351","is_ascension_mode":false,"campfire_choices":[{"floor":6,"key":"REST"},{"floor":12,"key":"REST"},{"floor":15,"key":"REST"},{"floor":29,"key":"REST"},{"floor":32,"key":"REST"},{"floor":40,"key":"REST"},{"floor":44,"key":"REST"},{"floor":46,"key":"REST"},{"floor":49,"key":"REST"}],"circlet_count":0,"master_deck":["Strike_G","Strike_G","Strike_G","Defend_G","Defend_G","Defend_G","Survivor+1","Terror","Well Laid Plans","Cloak And Dagger+1","Distraction+1","Die Die Die","Slice","Cloak And Dagger","Blade Dance","A Thousand Cuts","Footwork+1","Deadly Poison+1","Accuracy+1","Distraction+1","Quick Slash+1","Blade Dance","After Image","Cloak And Dagger","Burst","Blade Dance","Jack Of All Trades"],"relics":["Fusion Hammer","Odd Mushroom","Bottled Flame","Ninja Scroll","Omamori","Astrolabe","TheAbacus","Bottled Tornado","Red Mask","War Paint","Runic Pyramid","Smiling Mask","Blood Vial"],"acts_visited":["Exordium","TheCity","TheBeyond"],"potions_floor_usage":[13,13,16,20,33,41,47,50],"damage_taken":[{"damage":0,"enemies":"2 Louse","floor":1,"turns":3},{"damage":1,"enemies":"Cultist","floor":3,"turns":4},{"damage":0,"enemies":"Small Slimes","floor":4,"turns":3},{"damage":6,"enemies":"Exordium Wildlife","floor":5,"turns":4},{"damage":28,"enemies":"The Mushroom Lair","floor":7,"turns":5},{"damage":6,"enemies":"Red Slaver","floor":8,"turns":4},{"damage":16,"enemies":"Lagavulin","floor":10,"turns":6},{"damage":0,"enemies":"3 Louse","floor":11,"turns":2},{"damage":0,"enemies":"Gremlin Nob","floor":13,"turns":3},{"damage":12,"enemies":"Large Slime","floor":14,"turns":4},{"damage":26,"enemies":"The Guardian","floor":16,"turns":9},{"damage":14,"enemies":"2 Thieves","floor":18,"turns":4},{"damage":2,"enemies":"Spheric Guardian","floor":19,"turns":3},{"damage":1,"enemies":"3 Cultists","floor":20,"turns":5},{"damage":14,"enemies":"Centurion and Healer","floor":21,"turns":4},{"damage":18,"enemies":"Book of Stabbing","floor":23,"turns":4},{"damage":0,"enemies":"Masked Bandits","floor":24,"turns":2},{"damage":0,"enemies":"Cultist and Chosen","floor":25,"turns":3},{"damage":0,"enemies":"3 Cultists","floor":27,"turns":4},{"damage":12,"enemies":"Snecko","floor":30,"turns":4},{"damage":15,"enemies":"Snake Plant","floor":31,"turns":2},{"damage":31,"enemies":"Automaton","floor":33,"turns":9},{"damage":6,"enemies":"3 Darklings","floor":35,"turns":7},{"damage":6,"enemies":"3 Shapes","floor":38,"turns":2},{"damage":2,"enemies":"3 Darklings","floor":39,"turns":3},{"damage":29,"enemies":"Nemesis","floor":41,"turns":5},{"damage":23,"enemies":"4 Shapes","floor":45,"turns":3},{"damage":18,"enemies":"Writhing Mass","floor":47,"turns":5},{"damage":0,"enemies":"Jaw Worm Horde","floor":48,"turns":2},{"damage":84,"enemies":"Awakened One","floor":50,"turns":13}],"seed_played":"8394696947838025145","potions_obtained":[{"floor":1,"key":"DuplicationPotion"},{"floor":2,"key":"Weak Potion"},{"floor":2,"key":"FairyPotion"},{"floor":2,"key":"FairyPotion"},{"floor":10,"key":"EntropicBrew"},{"floor":13,"key":"SkillPotion"},{"floor":18,"key":"Strength Potion"},{"floor":21,"key":"Swift Potion"},{"floor":25,"key":"BlessingOfTheForge"},{"floor":31,"key":"LiquidMemories"},{"floor":33,"key":"GhostInAJar"},{"floor":45,"key":"ColorlessPotion"},{"floor":48,"key":"Fire Potion"}],"is_trial":false,"path_per_floor":["M","?","M","M","M","R","?","M","T","E","M","R","E","M","R","B",null,"M","M","M","M","$","E","?","M","T","M","$","R","M","M","R","B",null,"M","$","?","M","M","R","E","?","T","R","M","R","M","M","R","B",null],"character_chosen":"THE_SILENT","items_purchased":["After Image","TheAbacus","Blade Dance"],"campfire_rested":9,"item_purchase_floors":[22,22,36],"current_hp_per_floor":[70,70,69,69,63,70,42,36,36,20,20,41,41,29,50,24,70,56,54,53,39,39,21,21,21,21,21,21,42,30,15,36,5,70,64,64,64,58,56,70,41,41,41,62,41,62,46,48,69,8],"gold":183,"neow_bonus":"BOSS_RELIC","is_daily":false,"chose_seed":false,"campfire_upgraded":0,"win_rate":0.0,"timestamp":1609156431,"path_taken":["M","?","?","M","M","R","?","M","T","E","M","R","E","M","R","BOSS","M","M","M","M","$","E","?","M","T","M","$","R","M","M","R","BOSS","M","$","?","M","?","R","E","?","T","R","M","R","M","M","R","BOSS"],"items_purchased_type":["Card","Relic","Card"],"build_version":"2020-12-22","purchased_purges":3,"victory":true,"max_hp_per_floor":[70,70,70,70,70,70,70,70,70,70,70,70,70,70,70,70,70,70,70,70,70,70,70,70,70,70,70,70,70,70,70,70,70,70,70,70,70,70,70,70,70,70,70,70,70,70,70,70,70,70],"card_choices":[{"not_picked":["Quick Slash","Outmaneuver"],"picked":"Terror","floor":1},{"not_picked":["Sucker Punch","Flying Knee"],"picked":"Well Laid Plans","floor":3},{"not_picked":["Choke","Deadly Poison"],"picked":"Cloak And Dagger","floor":4},{"not_picked":["Backflip","Bane"],"picked":"Distraction","floor":5},{"not_picked":["All Out Attack","Blur"],"picked":"Die Die Die","floor":7},{"not_picked":["Noxious Fumes","Escape Plan"],"picked":"Crippling Poison","floor":8},{"not_picked":["Blur","Backflip"],"picked":"Slice","floor":10},{"not_picked":["Catalyst","Eviscerate"],"picked":"Cloak And Dagger","floor":11},{"not_picked":["Tactician","Backflip","Footwork"],"picked":"SKIP","floor":13},{"not_picked":["PiercingWail","Dagger Spray"],"picked":"Blade Dance","floor":14},{"not_picked":["Venomology","Adrenaline"],"picked":"A Thousand Cuts","floor":16},{"not_picked":["Sucker Punch","Acrobatics"],"picked":"Distraction+1","floor":18},{"not_picked":["Leg Sweep","Finisher"],"picked":"Quick Slash+1","floor":19},{"not_picked":["Bane","Flying Knee"],"picked":"Blade Dance","floor":20},{"not_picked":["Acrobatics","Prepared","Flying Knee"],"picked":"SKIP","floor":21},{"not_picked":["Backflip","All Out Attack+1","Unload"],"picked":"SKIP","floor":23},{"not_picked":["Distraction","Flying Knee"],"picked":"Cloak And Dagger","floor":25},{"not_picked":["Expertise","Bouncing Flask","Finisher"],"picked":"SKIP","floor":27},{"not_picked":["Quick Slash","Bane+1","Prepared"],"picked":"SKIP","floor":30},{"not_picked":["Catalyst","Quick Slash","Sucker Punch+1"],"picked":"SKIP","floor":31},{"not_picked":["A Thousand Cuts","Night Terror"],"picked":"Burst","floor":33},{"not_picked":["Well Laid Plans","Distraction+1","Dagger Spray"],"picked":"SKIP","floor":35},{"not_picked":["Caltrops+1","Catalyst","Terror+1"],"picked":"SKIP","floor":38},{"not_picked":["Terror","Footwork","Catalyst"],"picked":"SKIP","floor":39},{"not_picked":["Flechettes","Noxious Fumes+1","Slice"],"picked":"SKIP","floor":41},{"not_picked":["Finesse","Madness"],"picked":"Jack Of All Trades","floor":42},{"not_picked":["Masterful Stab+1","Sucker Punch+1","Dagger Spray+1"],"picked":"SKIP","floor":45},{"not_picked":["Deflect","Underhanded Strike+1","Acrobatics+1"],"picked":"SKIP","floor":47},{"not_picked":["Cloak And Dagger","Outmaneuver","Underhanded Strike+1"],"picked":"SKIP","floor":48}],"player_experience":46451,"relics_obtained":[{"floor":7,"key":"Odd Mushroom"},{"floor":9,"key":"Bottled Flame"},{"floor":10,"key":"Ninja Scroll"},{"floor":13,"key":"Omamori"},{"floor":23,"key":"Bottled Tornado"},{"floor":24,"key":"Red Mask"},{"floor":26,"key":"War Paint"},{"floor":41,"key":"Smiling Mask"},{"floor":43,"key":"Blood Vial"}],"event_choices":[{"damage_healed":0,"gold_gain":0,"player_choice":"Got Potions","damage_taken":0,"max_hp_gain":0,"max_hp_loss":0,"event_name":"Lab","floor":2,"gold_loss":0},{"damage_healed":0,"gold_gain":0,"player_choice":"Fought Mushrooms","damage_taken":0,"max_hp_gain":0,"max_hp_loss":0,"event_name":"Mushrooms","floor":7,"gold_loss":0},{"damage_healed":0,"gold_gain":0,"player_choice":"Fought Bandits","damage_taken":0,"max_hp_gain":0,"max_hp_loss":0,"event_name":"Masked Bandits","floor":24,"gold_loss":0},{"damage_healed":0,"gold_gain":0,"player_choice":"Upgrade","damage_taken":0,"max_hp_gain":0,"max_hp_loss":0,"event_name":"Designer","floor":37,"gold_loss":40,"cards_upgraded":["Cloak And Dagger"]},{"damage_healed":0,"gold_gain":0,"player_choice":"Memory 1","damage_taken":0,"max_hp_gain":0,"max_hp_loss":0,"event_name":"SensoryStone","floor":42,"gold_loss":0}],"is_beta":false,"boss_relics":[{"not_picked":["Velvet Choker","Tiny House"],"picked":"Astrolabe"},{"not_picked":["Pandora\u0027s Box","Snecko Eye"],"picked":"Runic Pyramid"}],"items_purged_floors":[22,28,36],"is_endless":false,"potions_floor_spawned":[1,10,13,14,18,21,23,25,27,31,33,39,45,48],"ascension_level":0}}