{"host":"0ueeacaatm8t6jyh","time":1609171513,"event":{"mods":["AchievementEnabler","BaseMod","Colored Powertips","Minty Spire (QoL Compilation)","Rare Cards Sparkle","StSLib"],"gold_per_floor":[14,14,14,33,33,33,52,65,118,149,99,24,24,35,35,138,138,150,168,267,285,210,210,229,229,229,5,95,95,115,66,66,171,171,185,203,59,71,85,85,85,85],"floor_reached":41,"playtime":1702,"items_purged":["Strike_B"],"score":556,"play_id":"a9cbfe43-2d56-483b-872a-5c24413cdead","local_time":"20201229000513","is_ascension_mode":true,"campfire_choices":[{"data":"Gash","floor":6.0,"key":"SMITH"},{"data":"White Noise","floor":13.0,"key":"SMITH"},{"floor":15.0,"key":"REST"},{"floor":23.0,"key":"REST"},{"data":"Gash","floor":25.0,"key":"SMITH"},{"floor":29.0,"key":"REST"},{"floor":32.0,"key":"REST"},{"data":"Apotheosis","floor":40,"key":"SMITH"}],"circlet_count":0,"master_deck":["Strike_B+1","Defend_B","Defend_B","Defend_B","Defend_B","Dualcast","Buffer+1","Gash+1","All For One+1","Scrape","White Noise+1","Melter","Core Surge","CurseOfTheBell","Gash+1","Double Energy+1","Gash","Apotheosis+1","Self Repair+1","Streamline","Biased Cognition","Chill","Gash+1","Go for the Eyes"],"relics":["Cracked Core","Nunchaku","Happy Flower","Calling Bell","Bronze Scales","Pear","TungstenRod","Meat on the Bone","Runic Dome","Membership Card"],"acts_visited":["Exordium","TheCity","TheBeyond"],"potions_floor_usage":[39,39],"damage_taken":[{"damage":0.0,"enemies":"Small Slimes","floor":1.0,"turns":2.0},{"damage":1.0,"enemies":"2 Louse","floor":4.0,"turns":2.0},{"damage":0.0,"enemies":"Cultist","floor":7.0,"turns":3.0},{"damage":0.0,"enemies":"Large Slime","floor":8.0,"turns":4.0},{"damage":15.0,"enemies":"3 Sentries","floor":10.0,"turns":6.0},{"damage":10.0,"enemies":"Exordium Wildlife","floor":14.0,"turns":4.0},{"damage":37.0,"enemies":"Hexaghost","floor":16.0,"turns":10.0},{"damage":11.0,"enemies":"Chosen","floor":18.0,"turns":4.0},{"damage":35.0,"enemies":"2 Thieves","floor":19.0,"turns":5.0},{"damage":18.0,"enemies":"3 Cultists","floor":21.0,"turns":5.0},{"damage":13.0,"enemies":"Centurion and Healer","floor":24.0,"turns":4.0},{"damage":23.0,"enemies":"Snake Plant","floor":30.0,"turns":4.0},{"damage":29.0,"enemies":"Champ","floor":33.0,"turns":10.0},{"damage":55.0,"enemies":"3 Darklings","floor":35.0,"turns":4.0},{"damage":23.0,"enemies":"Orb Walker","floor":36.0,"turns":3.0},{"damage":20,"enemies":"Sphere and 2 Shapes","floor":38,"turns":7},{"damage":26,"enemies":"Transient","floor":39,"turns":5},{"damage":40,"enemies":"Jaw Worm Horde","floor":41,"turns":1}],"seed_played":"3394480953920673027","potions_obtained":[{"floor":4.0,"key":"Block Potion"},{"floor":8.0,"key":"SpeedPotion"},{"floor":10.0,"key":"Ancient Potion"},{"floor":21.0,"key":"BlessingOfTheForge"},{"floor":30.0,"key":"SpeedPotion"},{"floor":35.0,"key":"FearPotion"}],"is_trial":false,"path_per_floor":["M","?","?","M","?","R","M","M","T","E","?","$","R","M","R","B",null,"M","M","?","M","?","R","M","R","T","$","?","R","M","$","R","B",null,"M","M","$","M","M","R","M"],"character_chosen":"DEFECT","items_purchased":["Gash","Apotheosis","Streamline","Membership Card"],"campfire_rested":4,"item_purchase_floors":[27,27,31,37],"current_hp_per_floor":[68,68,53,52,52,52,52,52,52,37,37,37,37,27,49,12,69,58,23,23,5,5,30,17,17,17,17,7,32,21,21,46,39,74,41,40,40,42,38,38,0,0],"gold":85,"neow_bonus":"THREE_RARE_CARDS","is_daily":false,"chose_seed":false,"campfire_upgraded":4,"win_rate":0.0,"timestamp":1609171513,"path_taken":["M","?","?","M","?","R","M","?","T","E","?","?","R","M","R","BOSS","M","M","?","M","?","R","M","R","T","$","?","R","?","$","R","BOSS","M","M","$","M","M","R","M"],"items_purchased_type":["Card","Card","Card","Relic"],"build_version":"2020-12-22","purchased_purges":1,"victory":false,"max_hp_per_floor":[75,75,75,75,75,75,75,75,75,75,75,75,75,75,75,75,85,85,85,85,85,85,85,85,85,85,85,85,85,85,85,85,85,85,85,85,85,85,85,85,85,85],"card_choices":[{"not_picked":["Fission","Reboot"],"picked":"Buffer","floor":0.0},{"not_picked":["Coolheaded","Ball Lightning"],"picked":"Gash","floor":1.0},{"not_picked":["Leap","Turbo","Darkness"],"picked":"SKIP","floor":4.0},{"not_picked":["Turbo","Barrage"],"picked":"Scrape","floor":7.0},{"not_picked":["Stack","Leap","Redo"],"picked":"SKIP","floor":8.0},{"not_picked":["Doom and Gloom","Conserve Battery"],"picked":"White Noise","floor":10.0},{"not_picked":["Turbo","Conserve Battery"],"picked":"Melter","floor":14.0},{"not_picked":["Rainbow","Electrodynamics"],"picked":"Core Surge","floor":16.0},{"not_picked":["Hello World","Compile Driver+1","Blizzard+1"],"picked":"SKIP","floor":18.0},{"not_picked":["Hologram","Steam"],"picked":"Gash","floor":19.0},{"not_picked":["White Noise","Sweeping Beam","Force Field"],"picked":"SKIP","floor":21.0},{"not_picked":["Redo","Stack"],"picked":"Double Energy+1","floor":24.0},{"not_picked":["Gash","Chaos"],"picked":"Self Repair+1","floor":30.0},{"not_picked":["Multi-Cast","Thunder Strike"],"picked":"Biased Cognition","floor":33.0},{"not_picked":["Capacitor+1","Rip and Tear","Coolheaded"],"picked":"SKIP","floor":35.0},{"not_picked":["Reinforced Body+1","Streamline"],"picked":"Chill","floor":36.0},{"not_picked":["Consume","Sweeping Beam+1"],"picked":"Gash+1","floor":38},{"not_picked":["Sweeping Beam","Ball Lightning+1"],"picked":"Go for the Eyes","floor":39}],"player_experience":323970,"relics_obtained":[{"floor":9.0,"key":"Nunchaku"},{"floor":10.0,"key":"Happy Flower"},{"floor":17.0,"key":"Bronze Scales"},{"floor":17.0,"key":"Pear"},{"floor":17.0,"key":"TungstenRod"},{"floor":26.0,"key":"Meat on the Bone"}],"event_choices":[{"damage_healed":0.0,"max_hp_gain":0.0,"max_hp_loss":0.0,"gold_gain":0.0,"cards_transformed":["Strike_B"],"event_name":"Living Wall","player_choice":"Change","floor":2.0,"gold_loss":0.0,"damage_taken":0.0,"cards_obtained":["All For One"]},{"damage_healed":0.0,"max_hp_gain":0.0,"max_hp_loss":0.0,"gold_gain":0.0,"event_name":"Shining Light","player_choice":"Entered Light","floor":3.0,"gold_loss":0.0,"damage_taken":15.0,"cards_upgraded":["Buffer","Strike_B"]},{"damage_healed":0.0,"max_hp_gain":0.0,"max_hp_loss":0.0,"gold_gain":0.0,"event_name":"Upgrade Shrine","player_choice":"Upgraded","floor":5.0,"gold_loss":0.0,"damage_taken":0.0,"cards_upgraded":["All For One"]},{"cards_removed":["Strike_B"],"damage_healed":0.0,"max_hp_gain":0.0,"max_hp_loss":0.0,"gold_gain":0.0,"event_name":"The Cleric","player_choice":"Card Removal","floor":11.0,"gold_loss":50.0,"damage_taken":0.0},{"damage_healed":0.0,"max_hp_gain":0.0,"max_hp_loss":0.0,"gold_gain":99.0,"event_name":"Nest","player_choice":"Stole From Cult","floor":20.0,"gold_loss":0.0,"damage_taken":0.0},{"cards_removed":["Zap"],"damage_healed":0.0,"max_hp_gain":0.0,"max_hp_loss":0.0,"gold_gain":0.0,"event_name":"Beggar","player_choice":"Gave Gold","floor":22.0,"gold_loss":75.0,"damage_taken":0.0},{"damage_healed":0.0,"max_hp_gain":0.0,"max_hp_loss":0.0,"gold_gain":90.0,"event_name":"Knowing Skull","player_choice":"GOLD ","floor":28.0,"potions_obtained":[],"gold_loss":0.0,"damage_taken":12.0,"cards_obtained":[]}],"is_beta":false,"boss_relics":[{"not_picked":["FrozenCore","Astrolabe"],"picked":"Calling Bell"},{"not_picked":["Cursed Key","Inserter"],"picked":"Runic Dome"}],"items_purged_floors":[12],"is_endless":false,"potions_floor_spawned":[4,8,10,21,30,35],"killed_by":"Jaw Worm Horde","ascension_level":7}}