{"host":"4id8injl4bo2b6ih","time":1609178748,"event":{"mods":["Act Like it!","BaseMod","Better Third Choice","Colored Map","Downfall","Friendly Minions","Highlight Path","Ironclad Rager","Minty Spire (QoL Compilation)","Robot Space Explorer","Shop Mod","Spicy Shops","StSLib","The Spell Scribe"],"gold_per_floor":[99,115,130,194,204,40,86,86,121,121,121,131,158,168,180,281,281,281,299,310,327,338,338,362,378,412,412,412,432,464,474,491,589,589,589,600,700,710,720,745,827,752,764,790,19,29,45,71,89,89],"floor_reached":51,"playtime":5316,"items_purged":["sneckomod:Strike"],"score":1092,"play_id":"30e49e5d-8622-4b71-94b6-3bfaad2c8e3d","local_time":"20201228190548","is_ascension_mode":true,"campfire_choices":[{"data":"sneckomod:MorePower","floor":1.0,"key":"SMITH"},{"data":"1","floor":8.0,"key":"LIFT"},{"data":"sneckomod:UnknownColorless","floor":10.0,"key":"SMITH"},{"data":"2","floor":18.0,"key":"LIFT"},{"data":"3","floor":23.0,"key":"LIFT"},{"data":"sneckomod:UnknownRareSkill","floor":28.0,"key":"SMITH"},{"floor":35.0,"key":"RECALL"},{"data":"sneckomod:Nope","floor":42.0,"key":"SMITH"}],"circlet_count":0,"master_deck":["sneckomod:Strike","sneckomod:Strike","sneckomod:Defend","sneckomod:Defend","sneckomod:Defend","sneckomod:TailWhip","sneckomod:SnekBite","sneckomod:Unknown","sneckomod:Unknown","sneckomod:MorePower+1","sneckomod:UnknownUncommonSkill","sneckomod:UnknownBlock+1","sneckomod:QuickMove","sneckomod:UnknownUncommonPower+1","sneckomod:UnknownRareSkill+1","sneckomod:SnakeSap","sneckomod:ImprovisedGuard","sneckomod:UnknownClassPURPLE+1","sneckomod:DiceBlock","sneckomod:Unknown3Cost+1","sneckomod:UnknownColorless+1","sneckomod:UnknownColorless+1","sneckomod:IronFang+1","sneckomod:Unknown0Cost+1","sneckomod:UnknownRareAttack+1","sneckomod:UnknownDexterity+1","sneckomod:UnknownClassSLIMEBOUND","sneckomod:UnknownClassSLIMEBOUND+1","sneckomod:DiceBlock","sneckomod:UnknownRareSkill+1","sneckomod:UnknownRareAttack+1","sneckomod:UnknownDexterity+1","sneckomod:Unknown0Cost","sneckomod:UnknownClassGUARDIAN+1","sneckomod:SnakeSap+1","sneckomod:UnknownClassTHE_CHAMP_GRAY+1","sneckomod:UnknownStrength+1","sneckomod:UnknownClassBLUE+1","sneckomod:Nope+1","sneckomod:UnknownRareSkill+1","sneckomod:UnknownStrength+1","sneckomod:UnknownClassTHE_CHAMP_GRAY+1","sneckomod:SoulRoll+1","sneckomod:UnknownBlock+1","sneckomod:UnknownClassGREEN","sneckomod:Unknown3Cost","sneckomod:UnknownClassGUARDIAN+1","sneckomod:UnknownRareAttack+1","sneckomod:SnekBeam+1","sneckomod:UnknownClassPURPLE+1","sneckomod:UnknownDexterity+1","sneckomod:UnknownClassGUARDIAN+1","sneckomod:UnknownRareAttack+1","sneckomod:SoulDraw+1","sneckomod:CheapStock","sneckomod:UnknownExhaust+1","sneckomod:SnakeSap+1","sneckomod:UnknownWeak","sneckomod:UnknownClassTHE_CHAMP_GRAY","sneckomod:UnknownRareAttack+1","sneckomod:Unknown3Cost+1","sneckomod:DiceBlock","sneckomod:UnknownExhaust","sneckomod:DiceCrush+1"],"relics":["sneckomod:SneckoSoul","Question Card","Girya","Orichalcum","Molten Egg 2","Calipers","Busted Crown","MealTicket","Regal Pillow","Eternal Feather","Omamori","Philosopher\u0027s Stone","Ornamental Fan","sneckomod:ConfusingCodex","downfall:HeartBlessingRed","Prayer Wheel","Mango","Thread and Needle","Lee\u0027s Waffle","OrangePellets","Lizard Tail"],"acts_visited":["Exordium","TheCity","TheBeyond"],"potions_floor_usage":[44],"damage_taken":[{"damage":1.0,"enemies":"2 Louse","floor":2.0,"turns":3.0},{"damage":8.0,"enemies":"Jaw Worm","floor":3.0,"turns":3.0},{"damage":17.0,"enemies":"Gremlin Nob","floor":4.0,"turns":4.0},{"damage":0.0,"enemies":"Cultist","floor":5.0,"turns":2.0},{"damage":0.0,"enemies":"downfall:FleeingMerchant","floor":6.0,"turns":4.0},{"damage":0.0,"enemies":"3 Sentries","floor":9.0,"turns":11.0},{"damage":1.0,"enemies":"Lots of Slimes","floor":12.0,"turns":4.0},{"damage":10.0,"enemies":"Lagavulin","floor":13.0,"turns":7.0},{"damage":0.0,"enemies":"2 Fungi Beasts","floor":14.0,"turns":3.0},{"damage":0.0,"enemies":"Blue Slaver","floor":15.0,"turns":5.0},{"damage":10.0,"enemies":"downfall:Silent","floor":16.0,"turns":8.0},{"damage":5.0,"enemies":"3 Byrds","floor":19.0,"turns":5.0},{"damage":0.0,"enemies":"Shell Parasite","floor":20.0,"turns":4.0},{"damage":2.0,"enemies":"Chosen and Byrds","floor":21.0,"turns":6.0},{"damage":0.0,"enemies":"Snake Plant","floor":22.0,"turns":1.0},{"damage":6.0,"enemies":"Centurion and Healer","floor":25.0,"turns":8.0},{"damage":17.0,"enemies":"Gremlin Leader","floor":26.0,"turns":3.0},{"damage":0.0,"enemies":"Snecko","floor":29.0,"turns":4.0},{"damage":15.0,"enemies":"Book of Stabbing","floor":30.0,"turns":6.0},{"damage":23.0,"enemies":"Snake Plant","floor":31.0,"turns":2.0},{"damage":2.0,"enemies":"Cultist and Chosen","floor":32.0,"turns":3.0},{"damage":5.0,"enemies":"downfall:Defect","floor":33.0,"turns":6.0},{"damage":13.0,"enemies":"3 Darklings","floor":36.0,"turns":4.0},{"damage":6.0,"enemies":"3 Darklings","floor":37.0,"turns":3.0},{"damage":10.0,"enemies":"3 Shapes","floor":38.0,"turns":8.0},{"damage":0.0,"enemies":"Sphere and 2 Shapes","floor":39.0,"turns":3.0},{"damage":3.0,"enemies":"Reptomancer","floor":40.0,"turns":6.0},{"damage":14.0,"enemies":"Writhing Mass","floor":43.0,"turns":7.0},{"damage":37,"enemies":"Nemesis","floor":44,"turns":5},{"damage":1,"enemies":"downfall:FleeingMerchant","floor":45,"turns":4},{"damage":3,"enemies":"3 Darklings","floor":46,"turns":5},{"damage":4,"enemies":"Maw","floor":47,"turns":8},{"damage":0,"enemies":"Giant Head","floor":48,"turns":7},{"damage":2,"enemies":"Transient","floor":49,"turns":5},{"damage":0,"enemies":"downfall:Ironclad","floor":50,"turns":11}],"seed_played":"1892108087581377065","potions_obtained":[{"floor":4.0,"key":"EssenceOfSteel"},{"floor":9.0,"key":"BlessingOfTheForge"},{"floor":14.0,"key":"EssenceOfSteel"},{"floor":15.0,"key":"Block Potion"},{"floor":21.0,"key":"DistilledChaos"},{"floor":22.0,"key":"sneckomod:OffclassReductionPotion"},{"floor":26.0,"key":"Explosive Potion"},{"floor":31.0,"key":"hexamod:EctoCoolerPotion"},{"floor":37.0,"key":"PowerPotion"},{"floor":47,"key":"Weak Potion"}],"is_trial":false,"path_per_floor":["R","M","M","?","M","$","T","R","E","R","?","M","E","M","M","B",null,"R","M","M","M","M","R","T","M","E","?","R","M","E","M","M","B",null,"R","M","?","M","M","E","T","R","M","E","$","M","M","E","M","B",null],"character_chosen":"THE_SNECKO","items_purchased":["Girya","Thread and Needle","Lee\u0027s Waffle","sneckomod:CheapStock","OrangePellets"],"campfire_rested":0,"item_purchase_floors":[6,45,45,45,45],"current_hp_per_floor":[90,91,84,68,68,69,69,69,71,71,76,86,78,80,81,73,110,110,106,107,106,106,106,106,101,103,103,115,116,115,101,101,97,122,122,111,107,97,114,112,112,126,113,91,149,151,149,154,153,153],"gold":89,"neow_bonus":"ONE_RANDOM_RARE_CARD","is_daily":false,"chose_seed":false,"campfire_upgraded":4,"win_rate":0.0,"timestamp":1609178748,"path_taken":["R","M","M","?","M","$","T","R","E","R","?","M","E","M","M","BOSS","R","M","M","M","M","R","T","M","E","?","R","M","E","M","M","BOSS","R","M","?","M","?","E","T","R","M","E","?","M","M","E","M","BOSS"],"items_purchased_type":["Relic","Relic","Relic","Card","Relic"],"build_version":"2020-12-22","purchased_purges":1,"victory":true,"max_hp_per_floor":[90,92,93,94,94,95,95,95,97,97,102,103,105,107,108,110,110,110,111,112,113,113,113,113,114,115,115,115,116,118,119,121,122,122,122,122,124,124,125,126,126,126,127,142,149,151,153,154,155,155],"card_choices":[{"not_picked":["sneckomod:UnknownClassHEXA_GHOST_PURPLE","sneckomod:UnknownClassGUARDIAN"],"picked":"sneckomod:UnknownUncommonSkill","floor":2.0},{"not_picked":["sneckomod:UnknownClassGREEN+1","sneckomod:Unknown+1"],"picked":"sneckomod:UnknownBlock+1","floor":2.0},{"not_picked":["sneckomod:WideSting","sneckomod:UnknownBlock"],"picked":"sneckomod:QuickMove","floor":3.0},{"not_picked":["sneckomod:UnknownCommonSkill+1","sneckomod:UnknownRareAttack+1"],"picked":"sneckomod:UnknownUncommonPower+1","floor":3.0},{"not_picked":["sneckomod:UnknownClassROBOT_ORANGE_COLOR+1","sneckomod:Unknown0Cost+1","sneckomod:UnknownDexterity+1"],"picked":"sneckomod:UnknownRareSkill+1","floor":4.0},{"not_picked":["sneckomod:SoulRoll","sneckomod:Nope","sneckomod:RainOfDice"],"picked":"sneckomod:SnakeSap","floor":4.0},{"not_picked":["sneckomod:DefensiveFlair","sneckomod:WideSting","sneckomod:UnknownBlock"],"picked":"sneckomod:ImprovisedGuard","floor":5.0},{"not_picked":["sneckomod:UnknownStrike+1","sneckomod:Unknown1Cost+1","sneckomod:UnknownX+1"],"picked":"sneckomod:UnknownClassPURPLE+1","floor":6.0},{"not_picked":["sneckomod:DiceCrush","sneckomod:WideSting","sneckomod:UnknownWeak"],"picked":"sneckomod:DiceBlock","floor":6.0},{"not_picked":["sneckomod:UnknownExhaust+1","sneckomod:UnknownClassGUARDIAN+1","sneckomod:UnknownCommonSkill+1"],"picked":"sneckomod:Unknown3Cost+1","floor":9.0},{"not_picked":["sneckomod:UnknownUncommonSkill","sneckomod:UnknownClassPURPLE","sneckomod:IronFang+1"],"picked":"sneckomod:UnknownColorless","floor":9.0},{"not_picked":["sneckomod:UnknownClassRED+1","sneckomod:UnknownStrike+1","sneckomod:UnknownClassGUARDIAN+1"],"picked":"sneckomod:UnknownColorless+1","floor":12.0},{"not_picked":["sneckomod:QuickBite+1","sneckomod:UnknownVulnerable","sneckomod:UnknownWeak"],"picked":"sneckomod:IronFang+1","floor":12.0},{"not_picked":["sneckomod:UnknownWeak+1","sneckomod:UnknownCommonAttack+1","sneckomod:UnknownClassHEXA_GHOST_PURPLE+1"],"picked":"sneckomod:Unknown0Cost+1","floor":13.0},{"not_picked":["sneckomod:UnknownClassTHE_CHAMP_GRAY+1","sneckomod:Unknown1Cost+1","sneckomod:UnknownEthereal+1"],"picked":"sneckomod:UnknownRareAttack+1","floor":13.0},{"not_picked":["sneckomod:IronFang+1","sneckomod:RainOfDice+1","sneckomod:UnknownStrike+1","sneckomod:UnknownClassSCRIBE_BLUE"],"picked":"SKIP","floor":13.0},{"not_picked":["sneckomod:UnknownClassSLIMEBOUND+1","sneckomod:Unknown2Cost+1","sneckomod:UnknownUncommonAttack+1"],"picked":"sneckomod:UnknownDexterity+1","floor":14.0},{"not_picked":["sneckomod:Unknown2Cost","sneckomod:UnknownCommonAttack+1","sneckomod:IronFang+1"],"picked":"sneckomod:UnknownClassSLIMEBOUND","floor":14.0},{"not_picked":["sneckomod:UnknownClassGUARDIAN+1","sneckomod:UnknownCommonAttack+1","sneckomod:UnknownClassTHE_CHAMP_GRAY+1"],"picked":"sneckomod:UnknownClassSLIMEBOUND+1","floor":15.0},{"not_picked":["sneckomod:UnknownUncommonAttack+1","sneckomod:UnknownCommonSkill","sneckomod:WideSting+1"],"picked":"sneckomod:DiceBlock","floor":15.0},{"not_picked":["sneckomod:Transmogrify","sneckomod:UnknownColorless","sneckomod:UnknownRareAttack+1"],"picked":"sneckomod:UnknownRareSkill","floor":16.0},{"not_picked":["sneckomod:UnknownVulnerable+1","sneckomod:Unknown0Cost+1","sneckomod:UnknownClassROBOT_ORANGE_COLOR+1"],"picked":"sneckomod:UnknownRareAttack+1","floor":16.0},{"not_picked":["sneckomod:UnknownExhaust+1"],"picked":"sneckomod:UnknownDexterity+1","floor":19.0},{"not_picked":["sneckomod:QuickBite+1","sneckomod:UnknownClassHEXA_GHOST_PURPLE"],"picked":"SKIP","floor":19.0},{"not_picked":["sneckomod:UnknownUncommonSkill"],"picked":"sneckomod:Unknown0Cost","floor":20.0},{"not_picked":["sneckomod:Unknown1Cost+1"],"picked":"sneckomod:UnknownClassGUARDIAN+1","floor":21.0},{"not_picked":["sneckomod:Rotation","sneckomod:Unknown2Cost"],"picked":"SKIP","floor":21.0},{"not_picked":["sneckomod:ImprovisedAttack+1"],"picked":"sneckomod:SnakeSap+1","floor":22.0},{"not_picked":["sneckomod:UnknownUncommonSkill+1"],"picked":"sneckomod:UnknownClassTHE_CHAMP_GRAY+1","floor":25.0},{"not_picked":["sneckomod:WideSting+1","sneckomod:DiceBlock"],"picked":"SKIP","floor":25.0},{"not_picked":["sneckomod:UnknownCommonSkill+1"],"picked":"sneckomod:UnknownStrength+1","floor":26.0},{"not_picked":["sneckomod:UnknownCommonAttack+1","sneckomod:Mudshield"],"picked":"SKIP","floor":26.0},{"not_picked":["sneckomod:UnknownClassGREEN+1"],"picked":"sneckomod:UnknownClassBLUE+1","floor":29.0},{"not_picked":["sneckomod:DiceBlock"],"picked":"sneckomod:Nope","floor":29.0},{"not_picked":["sneckomod:Unknown0Cost+1"],"picked":"sneckomod:UnknownRareSkill+1","floor":30.0},{"not_picked":["sneckomod:ImprovisedAttack+1"],"picked":"sneckomod:UnknownStrength+1","floor":30.0},{"not_picked":["sneckomod:Unknown0Cost+1"],"picked":"sneckomod:UnknownClassTHE_CHAMP_GRAY+1","floor":31.0},{"not_picked":["sneckomod:SoulDraw"],"picked":"sneckomod:SoulRoll+1","floor":31.0},{"not_picked":["sneckomod:Unknown2Cost+1"],"picked":"sneckomod:UnknownBlock+1","floor":32.0},{"not_picked":["sneckomod:UnknownCommonAttack+1"],"picked":"sneckomod:UnknownClassGREEN","floor":32.0},{"not_picked":["sneckomod:UnknownRareAttack+1"],"picked":"sneckomod:Unknown3Cost","floor":33.0},{"not_picked":["sneckomod:QuickBite+1","sneckomod:SoulRoll"],"picked":"SKIP","floor":36.0},{"not_picked":["sneckomod:UnknownClassHEXA_GHOST_PURPLE+1"],"picked":"sneckomod:UnknownClassGUARDIAN+1","floor":37.0},{"not_picked":["sneckomod:UnknownUncommonSkill+1"],"picked":"sneckomod:UnknownRareAttack+1","floor":37.0},{"not_picked":["sneckomod:UnknownCommonAttack+1"],"picked":"sneckomod:SnekBeam+1","floor":38.0},{"not_picked":["sneckomod:MasterEye+1"],"picked":"sneckomod:UnknownClassPURPLE+1","floor":39.0},{"not_picked":["sneckomod:UnknownClassSCRIBE_BLUE+1","sneckomod:UnknownUncommonAttack+1"],"picked":"SKIP","floor":39.0},{"not_picked":["sneckomod:UnknownX"],"picked":"sneckomod:UnknownDexterity+1","floor":40.0},{"not_picked":["sneckomod:UnknownWeak+1"],"picked":"sneckomod:UnknownClassGUARDIAN+1","floor":43.0},{"not_picked":["sneckomod:UnknownUncommonAttack+1","sneckomod:QuickBite+1"],"picked":"SKIP","floor":43.0},{"not_picked":["sneckomod:UnknownClassROBOT_ORANGE_COLOR+1"],"picked":"sneckomod:UnknownRareAttack+1","floor":44},{"not_picked":["sneckomod:MixItUp+1","sneckomod:RainOfDice+1"],"picked":"SKIP","floor":44},{"not_picked":["sneckomod:QuickMove"],"picked":"sneckomod:SoulDraw+1","floor":45},{"not_picked":["sneckomod:Unknown0Cost+1"],"picked":"sneckomod:UnknownExhaust+1","floor":46},{"not_picked":["sneckomod:DiceBoulder+1"],"picked":"sneckomod:SnakeSap+1","floor":46},{"not_picked":["sneckomod:UnknownVulnerable"],"picked":"sneckomod:UnknownWeak","floor":46},{"not_picked":["sneckomod:GlitteringGambit"],"picked":"sneckomod:UnknownClassTHE_CHAMP_GRAY","floor":47},{"not_picked":["sneckomod:UnknownStrike+1"],"picked":"sneckomod:UnknownRareAttack+1","floor":47},{"not_picked":["sneckomod:IronFang+1","sneckomod:UnknownStrike+1"],"picked":"SKIP","floor":47},{"not_picked":["sneckomod:UnknownClassROBOT_ORANGE_COLOR+1"],"picked":"sneckomod:Unknown3Cost+1","floor":48},{"not_picked":["sneckomod:Cheat"],"picked":"sneckomod:DiceBlock","floor":48},{"not_picked":["sneckomod:Unknown1Cost+1","sneckomod:UnknownCommonSkill+1"],"picked":"SKIP","floor":48},{"not_picked":["sneckomod:RainOfDice+1"],"picked":"sneckomod:UnknownExhaust","floor":49},{"not_picked":["sneckomod:WideSting+1"],"picked":"sneckomod:DiceCrush+1","floor":49}],"player_experience":388350,"relics_obtained":[{"floor":7.0,"key":"Orichalcum"},{"floor":9.0,"key":"Molten Egg 2"},{"floor":13.0,"key":"Calipers"},{"floor":24.0,"key":"MealTicket"},{"floor":26.0,"key":"Regal Pillow"},{"floor":30.0,"key":"Omamori"},{"floor":40.0,"key":"Ornamental Fan"},{"floor":41.0,"key":"sneckomod:ConfusingCodex"},{"floor":44,"key":"Prayer Wheel"},{"floor":44,"key":"Mango"},{"floor":48,"key":"Lizard Tail"}],"event_choices":[{"damage_healed":0.0,"max_hp_gain":5.0,"max_hp_loss":0.0,"gold_gain":0.0,"event_name":"Big Fish","player_choice":"Donut","floor":11.0,"gold_loss":0.0,"damage_taken":0.0}],"is_beta":false,"boss_relics":[{"not_picked":["sneckomod:SuperSneckoSoul","Snecko Eye"],"picked":"Busted Crown"},{"not_picked":["Empty Cage","Fusion Hammer"],"picked":"Philosopher\u0027s Stone"}],"items_purged_floors":[45],"is_endless":false,"potions_floor_spawned":[4,9,14,15,21,22,26,30,31,33,37,43,47,49],"ascension_level":1}}