{"host":"nak33n7iw6yqkk3u","time":1609156184,"event":{"mods":["AchievementEnabler","Act Like it!","BaseMod","BetterRewards","Colored Map","Colored Powertips","DeckTracker","Downfall","Friendly Minions","Gensokyo","Kiyohime£®«Âºß£©","Koishi","Marisa£®ÏF”Í°°ƒß¿Ì…≥£©","Minty Spire (QoL Compilation)","Quick Restart","Rare Cards Sparkle","Reimu£®≤©¿ˆ¡È√Œ£©","Remilia£®¿Ÿ√◊¿Ú—«£©","RumiaBox-¬∂√◊Ê´µƒ…Ò√ÿ∫–◊”","Shop Mod","StSLib","The Bug Knight","Waifu the Spire","Youmu£®ªÍ∆«—˝√Œ£©","Yuyuko","[IsaacMod]“‘»ˆº‚À˛","everything is the same but u backflip on backflip"],"gold_per_floor":[99,116,136,86,86,23,69,69,79,79,79,98,55,73,92,92,92,92],"floor_reached":16,"playtime":695,"items_purged":[],"score":117,"play_id":"613b1daf-956a-4861-a4e2-190373daf5e9","local_time":"20201228194944","is_ascension_mode":false,"campfire_choices":[{"floor":1,"key":"RECALL"}],"circlet_count":0,"master_deck":["hexamod:Strike","hexamod:Strike","hexamod:Strike","hexamod:Strike","hexamod:Defend","hexamod:Defend","hexamod:Defend","hexamod:Sear","hexamod:Float","BloodyBrimstone","hexamod:VolcanoVisage","hexamod:ExtraCrispy","hexamod:SearingWound","hexamod:ThermalTransfer","hexamod:FirstSeal","hexamod:FourthSeal","hexamod:FifthSeal","hexamod:RainOfEmbers","hexamod:SpectralAdrenaline","hexamod:SearingWound","hexamod:SoulSteal","hexamod:HeatMetal","hexamod:ExtraCrispy","hexamod:SixthSeal","hexamod:VolcanoVisage","hexamod:ThirdSeal","hexamod:GhostShield"],"relics":["hexamod:SpiritBrand","HushsDoor","DeadEye","SatanicBible","YumHeart"],"acts_visited":["Exordium"],"potions_floor_usage":[16,16],"damage_taken":[{"damage":1,"enemies":"Jaw Worm","floor":2,"turns":4},{"damage":10,"enemies":"Small Slimes","floor":3,"turns":4},{"damage":0,"enemies":"downfall:FleeingMerchant","floor":4,"turns":4},{"damage":15,"enemies":"downfall:FleeingMerchant","floor":6,"turns":4},{"damage":6,"enemies":"Cultist","floor":9,"turns":3},{"damage":5,"enemies":"Lots of Slimes","floor":12,"turns":4},{"damage":0,"enemies":"downfall:FleeingMerchant","floor":13,"turns":1},{"damage":10,"enemies":"Exordium Thugs","floor":14,"turns":5},{"damage":7,"enemies":"2 Fungi Beasts","floor":15,"turns":4},{"damage":35,"enemies":"downfall:Defect","floor":16,"turns":5}],"seed_played":"7961192589104134275","potions_obtained":[{"floor":3,"key":"Energy Potion"},{"floor":9,"key":"SneckoOil"},{"floor":9,"key":"Guardian:BlockOnCardUsePotion"},{"floor":12,"key":"GrandPatriotsElixir:ReiMu"}],"is_trial":false,"path_per_floor":["R","M","M","$","?","$","T","?","M","T","?","M","$","M","M","B"],"character_chosen":"THE_SPIRIT","items_purchased":["hexamod:FirstSeal","hexamod:RainOfEmbers","YumHeart","hexamod:ExtraCrispy"],"campfire_rested":0,"item_purchase_floors":[4,6,13,13],"current_hp_per_floor":[49,48,38,38,38,30,30,30,24,24,24,19,19,41,34,0,0,0],"gold":92,"neow_bonus":"THREE_RARE_CARDS","is_daily":false,"chose_seed":false,"campfire_upgraded":0,"win_rate":0.0,"timestamp":1609156184,"path_taken":["R","M","M","$","?","$","T","?","?","?","?","?","$","M","M","BOSS"],"items_purchased_type":["Card","Card","Relic","Card"],"build_version":"2020-12-22","purchased_purges":0,"victory":false,"max_hp_per_floor":[70,70,70,67,67,64,64,64,61,61,61,61,58,58,58,55,55,55],"card_choices":[{"not_picked":[],"picked":"BloodyBrimstone","floor":0},{"not_picked":["hexamod:TurnItUp","hexamod:Toasty"],"picked":"hexamod:VolcanoVisage","floor":0},{"not_picked":["hexamod:ThermalTransfer","hexamod:HauntingEcho"],"picked":"hexamod:ExtraCrispy","floor":2},{"not_picked":["hexamod:BacktrackSmack","hexamod:AdvancingGuard"],"picked":"hexamod:SearingWound","floor":3},{"not_picked":["hexamod:RecurringNightmare","hexamod:NightmareGuise"],"picked":"hexamod:ThermalTransfer","floor":4},{"not_picked":["hexamod:SwordOfDarkness","hexamod:GhostOfSpirePresent"],"picked":"hexamod:FifthSeal","floor":6},{"not_picked":["hexamod:SuperheatedStrike","hexamod:Hexaguard"],"picked":"hexamod:SpectralAdrenaline","floor":9},{"not_picked":["hexamod:BacktrackSmack","Bomb"],"picked":"hexamod:SoulSteal","floor":12},{"not_picked":["hexamod:FirstSeal","hexamod:ThermalTransfer"],"picked":"hexamod:HeatMetal","floor":13},{"not_picked":["hexamod:FourthSeal","hexamod:FirstSeal"],"picked":"hexamod:SixthSeal","floor":14},{"not_picked":["hexamod:ThirdSeal","hexamod:Firestarter"],"picked":"hexamod:VolcanoVisage","floor":14},{"not_picked":["hexamod:FourthSeal","hexamod:SecondSeal"],"picked":"hexamod:ThirdSeal","floor":15},{"not_picked":["hexamod:Again","hexamod:RainOfEmbers"],"picked":"hexamod:GhostShield","floor":15}],"player_experience":426208,"relics_obtained":[{"floor":10,"key":"SatanicBible"}],"event_choices":[{"damage_healed":0,"gold_gain":0,"cards_transformed":["hexamod:Defend"],"player_choice":"Transformed","damage_taken":0,"max_hp_gain":0,"max_hp_loss":0,"event_name":"Transmorgrifier","floor":11,"gold_loss":0,"cards_obtained":["hexamod:SearingWound"]}],"is_beta":false,"boss_relics":[],"items_purged_floors":[],"is_endless":false,"potions_floor_spawned":[3,9,12,14],"killed_by":"downfall:Defect","ascension_level":0}}