{"host":"x1qj4d8ympd5jdqh","time":1609162074,"event":{"mods":["AchievementEnabler","AlwaysNeverKeys","BaseMod","Colored Map","Custom Start","DeckTracker","Highlight Path","Minty Spire (QoL Compilation)","StSLib","SuperFastMode"],"gold_per_floor":[209,209,9,21,38,69,69,102,102,102,126,126,144,44,44,121,121,137,111,130,142,17,17,36,55,82,82,115,142,158,158,158,235,235,254,264,264,288,138,138,167,180,180,206,206,31,44,44,44,44,44],"floor_reached":52,"playtime":1911,"items_purged":["Strike_R","Strike_R","Strike_R","Strike_R","Strike_R"],"score":2416,"play_id":"64f62eaa-506b-4473-b874-6ef2ef9ea33e","local_time":"20201228222754","is_ascension_mode":true,"campfire_choices":[{"data":"Bludgeon","floor":7.0,"key":"SMITH"},{"data":"Uppercut","floor":10.0,"key":"SMITH"},{"floor":15.0,"key":"REST"},{"data":"Double Tap","floor":23.0,"key":"SMITH"},{"floor":27.0,"key":"REST"},{"data":"Offering","floor":32.0,"key":"SMITH"},{"data":"True Grit","floor":40.0,"key":"SMITH"},{"data":"Offering","floor":49,"key":"SMITH"}],"circlet_count":0,"master_deck":["AscendersBane","Defend_R","Defend_R","Defend_R","Defend_R","Bash","Carnage","Uppercut+1","Dropkick","Pommel Strike+1","Bludgeon+1","Second Wind","Double Tap+1","Shrug It Off","Shrug It Off+1","Offering+1","Offering+1","True Grit+1"],"relics":["Burning Blood","Question Card","WingedGreaves","Sundial","CaptainsWheel","Odd Mushroom","Runic Pyramid","Lantern","Darkstone Periapt","Tiny Chest","Sozu","Nunchaku","Oddly Smooth Stone","Gambling Chip","Ancient Tea Set"],"acts_visited":["Exordium","TheCity","TheBeyond"],"potions_floor_usage":[],"damage_taken":[{"damage":5.0,"enemies":"Small Slimes","floor":1.0,"turns":4.0},{"damage":7.0,"enemies":"Cultist","floor":4.0,"turns":4.0},{"damage":6.0,"enemies":"2 Louse","floor":5.0,"turns":3.0},{"damage":8.0,"enemies":"Gremlin Nob","floor":6.0,"turns":3.0},{"damage":35.0,"enemies":"3 Sentries","floor":8.0,"turns":10.0},{"damage":14.0,"enemies":"The Mushroom Lair","floor":11.0,"turns":5.0},{"damage":26.0,"enemies":"Lots of Slimes","floor":13.0,"turns":4.0},{"damage":21.0,"enemies":"Slime Boss","floor":16.0,"turns":7.0},{"damage":5.0,"enemies":"Spheric Guardian","floor":18.0,"turns":4.0},{"damage":0.0,"enemies":"Chosen","floor":20.0,"turns":2.0},{"damage":16.0,"enemies":"Snake Plant","floor":21.0,"turns":4.0},{"damage":19.0,"enemies":"Shelled Parasite and Fungi","floor":24.0,"turns":3.0},{"damage":19.0,"enemies":"Centurion and Healer","floor":25.0,"turns":4.0},{"damage":0.0,"enemies":"Book of Stabbing","floor":28.0,"turns":5.0},{"damage":17.0,"enemies":"Gremlin Leader","floor":29.0,"turns":5.0},{"damage":6.0,"enemies":"3 Cultists","floor":30.0,"turns":4.0},{"damage":6.0,"enemies":"Automaton","floor":33.0,"turns":3.0},{"damage":10.0,"enemies":"3 Darklings","floor":35.0,"turns":4.0},{"damage":12.0,"enemies":"Orb Walker","floor":36.0,"turns":4.0},{"damage":23.0,"enemies":"Nemesis","floor":41.0,"turns":3.0},{"damage":12.0,"enemies":"Transient","floor":42.0,"turns":6.0},{"damage":12,"enemies":"Reptomancer","floor":44,"turns":2},{"damage":12,"enemies":"Spire Growth","floor":47,"turns":2},{"damage":12,"enemies":"Donu and Deca","floor":50,"turns":2},{"damage":12,"enemies":"Awakened One","floor":51,"turns":3}],"seed_played":"4090966640723906421","potions_obtained":[{"floor":1.0,"key":"Fire Potion"},{"floor":4.0,"key":"Swift Potion"},{"floor":16.0,"key":"FearPotion"},{"floor":20.0,"key":"SkillPotion"},{"floor":24.0,"key":"LiquidBronze"},{"floor":25.0,"key":"LiquidMemories"}],"is_trial":false,"path_per_floor":["M","?","$","M","M","E","R","E","T","R","?","?","M","$","R","B",null,"M","$","M","M","$","R","M","M","T","R","E","E","M","?","R","B",null,"M","M","?","T","$","R","E","M","T","E","?","$","M","$","R","B","B",null],"character_chosen":"IRONCLAD","items_purchased":["Uppercut","Dropkick","Shrug It Off"],"campfire_rested":2,"item_purchase_floors":[3,3,19],"current_hp_per_floor":[69,69,69,68,68,66,66,37,37,37,29,29,9,9,31,16,60,61,61,67,57,57,57,44,31,31,53,59,48,48,48,48,48,68,64,58,75,75,75,75,58,52,52,46,46,46,40,40,40,34,28],"gold":44,"neow_bonus":"HUNDRED_GOLD","is_daily":false,"chose_seed":false,"campfire_upgraded":6,"win_rate":0.0,"timestamp":1609162074,"path_taken":["M","?","$","?","M","E","R","E","T","R","?","?","M","$","R","BOSS","M","?","M","M","$","R","M","?","T","R","E","E","?","?","R","BOSS","M","M","?","?","$","R","E","?","T","E","?","$","M","$","R","BOSS","BOSS"],"items_purchased_type":["Card","Card","Card"],"build_version":"2020-12-22","purchased_purges":5,"victory":true,"max_hp_per_floor":[75,75,75,75,75,75,75,75,75,75,75,75,75,75,75,75,75,75,75,75,75,75,75,75,75,75,75,75,75,75,75,75,75,75,75,75,75,75,75,75,75,75,75,75,71,71,71,71,71,71,71],"card_choices":[{"not_picked":["Disarm","Second Wind"],"picked":"Carnage","floor":1.0},{"not_picked":["Feel No Pain","Sword Boomerang","True Grit"],"picked":"Pommel Strike","floor":4.0},{"not_picked":["Headbutt","Shrug It Off","Perfected Strike"],"picked":"Bludgeon","floor":5.0},{"not_picked":["Dark Embrace","Seeing Red","Wild Strike"],"picked":"Second Wind","floor":6.0},{"not_picked":["Infernal Blade","Wild Strike","Sword Boomerang","Carnage"],"picked":"SKIP","floor":8.0},{"not_picked":["Flame Barrier","Disarm","Spot Weakness","Hemokinesis"],"picked":"SKIP","floor":13.0},{"not_picked":["Impervious","Demon Form","Exhume"],"picked":"Double Tap","floor":16.0},{"not_picked":["Havoc","Wild Strike","Body Slam+1","Disarm"],"picked":"SKIP","floor":18.0},{"not_picked":["Warcry","Dual Wield","Rupture+1","Wild Strike"],"picked":"SKIP","floor":20.0},{"not_picked":["Shockwave","Twin Strike","Flame Barrier","Heavy Blade"],"picked":"SKIP","floor":21.0},{"not_picked":["Metallicize+1","Uppercut","Anger","Sword Boomerang"],"picked":"SKIP","floor":24.0},{"not_picked":["Wild Strike","Perfected Strike","Clothesline"],"picked":"Shrug It Off+1","floor":25.0},{"not_picked":["Spot Weakness+1","Heavy Blade","Impervious","Sword Boomerang"],"picked":"SKIP","floor":28.0},{"not_picked":["Spot Weakness+1","Heavy Blade","Impervious","Sword Boomerang"],"picked":"SKIP","floor":28.0},{"not_picked":["Combust+1","Flex","Intimidate+1"],"picked":"Offering","floor":29.0},{"not_picked":["Fire Breathing","Clothesline","Iron Wave","Hemokinesis"],"picked":"SKIP","floor":30.0},{"not_picked":["Impervious","Immolate","Limit Break"],"picked":"Offering","floor":33.0},{"not_picked":["Sword Boomerang","Twin Strike","Armaments"],"picked":"True Grit","floor":35.0},{"not_picked":["Carnage","Whirlwind","Havoc","Pommel Strike"],"picked":"SKIP","floor":36.0},{"not_picked":["Pommel Strike","Clothesline+1","Spot Weakness","Juggernaut"],"picked":"SKIP","floor":41.0},{"not_picked":["Havoc","Cleave","Anger","Headbutt+1"],"picked":"SKIP","floor":42.0},{"not_picked":["Wild Strike","Intimidate","Clothesline+1","Twin Strike"],"picked":"SKIP","floor":44},{"not_picked":["Clothesline","Impervious","Wild Strike","Thunderclap+1"],"picked":"SKIP","floor":47}],"player_experience":1281269,"relics_obtained":[{"floor":6.0,"key":"WingedGreaves"},{"floor":8.0,"key":"Sundial"},{"floor":9.0,"key":"CaptainsWheel"},{"floor":11.0,"key":"Odd Mushroom"},{"floor":26.0,"key":"Lantern"},{"floor":28.0,"key":"Darkstone Periapt"},{"floor":29.0,"key":"Tiny Chest"},{"floor":38.0,"key":"Nunchaku"},{"floor":41.0,"key":"Oddly Smooth Stone"},{"floor":43.0,"key":"Gambling Chip"},{"floor":44,"key":"Ancient Tea Set"}],"event_choices":[{"damage_healed":0.0,"max_hp_gain":0.0,"max_hp_loss":0.0,"gold_gain":0.0,"event_name":"WeMeetAgain","player_choice":"Gave Potion","floor":2.0,"gold_loss":0.0,"damage_taken":0.0,"relics_obtained":["Question Card"]},{"damage_healed":0.0,"max_hp_gain":0.0,"max_hp_loss":0.0,"gold_gain":0.0,"event_name":"Mushrooms","player_choice":"Fought Mushrooms","floor":11.0,"gold_loss":0.0,"damage_taken":0.0},{"damage_healed":0.0,"max_hp_gain":0.0,"max_hp_loss":0.0,"gold_gain":0.0,"event_name":"Upgrade Shrine","player_choice":"Upgraded","floor":12.0,"gold_loss":0.0,"damage_taken":0.0,"cards_upgraded":["Pommel Strike"]},{"damage_healed":0.0,"max_hp_gain":0.0,"max_hp_loss":0.0,"gold_gain":0.0,"event_name":"Cursed Tome","player_choice":"Ignored","floor":31.0,"gold_loss":0.0,"damage_taken":0.0},{"damage_healed":17.0,"max_hp_gain":0.0,"max_hp_loss":0.0,"gold_gain":0.0,"event_name":"Wheel of Change","player_choice":"Full Heal","floor":37.0,"gold_loss":0.0,"damage_taken":0.0},{"damage_healed":0,"gold_gain":0,"player_choice":"Max HP","damage_taken":0,"max_hp_gain":0,"max_hp_loss":4,"event_name":"Winding Halls","floor":45,"gold_loss":0}],"is_beta":false,"boss_relics":[{"not_picked":["Cursed Key","Calling Bell"],"picked":"Runic Pyramid"},{"not_picked":["Runic Dome","SacredBark"],"picked":"Sozu"}],"items_purged_floors":[3,14,22,39,46],"is_endless":false,"potions_floor_spawned":[1,4,16,20,24,25,35,44],"ascension_level":20}}