{"host":"98zq812qbocdqs0d","time":1609169312,"event":{"mods":["BaseMod","GifTheSpireLib","Minty Spire (QoL Compilation)","Replay The Spire","StSLib","The Cursed","The Hierophant"],"gold_per_floor":[119,133,133,146,146,192,157,13,60,60,77,77,92,103,103,202,252,271,285,301,391,391,391],"floor_reached":22,"playtime":2093,"items_purged":[],"score":258,"play_id":"d44a1d84-5355-4361-a297-260d5b59b0f7","local_time":"20201228162832","is_ascension_mode":true,"campfire_choices":[{"data":"Heavy Blade","floor":12,"key":"SMITH"},{"data":"Spot Weakness","floor":15,"key":"SMITH"}],"circlet_count":0,"master_deck":["Strike_R","Strike_R","Strike_R","Strike_R","Strike_R+1","Defend_R","Defend_R","Defend_R","Defend_R","Bash+1","Spot Weakness","Spot Weakness+1","Cleave","Metallicize","Heavy Blade+1","Ghostly Armor","Impervious","Replay:Undeath\u0027s Touch"],"relics":["Burning Blood","Centennial Puzzle","Ancient Tea Set","Vajra","Lantern","Tiny House"],"acts_visited":["Exordium","TheCity"],"potions_floor_usage":[16,16,19],"damage_taken":[{"damage":9,"enemies":"Jaw Worm","floor":1,"turns":3},{"damage":6,"enemies":"Cultist","floor":2,"turns":4},{"damage":9,"enemies":"2 Louse","floor":4,"turns":2},{"damage":11,"enemies":"Lots of Slimes","floor":11,"turns":3},{"damage":5,"enemies":"Gremlin Gang","floor":13,"turns":2},{"damage":0,"enemies":"2 Fungi Beasts","floor":14,"turns":2},{"damage":13,"enemies":"Fading Forest","floor":16,"turns":11},{"damage":40,"enemies":"Shell Parasite","floor":18,"turns":5},{"damage":12,"enemies":"2 Thieves","floor":19,"turns":4},{"damage":29,"enemies":"Centurion and Healer","floor":20,"turns":7},{"damage":12,"enemies":"Shelled Parasite and Fungi","floor":22,"turns":1}],"seed_played":"-7005439916315739911","potions_obtained":[{"floor":4,"key":"ElixirPotion"},{"floor":13,"key":"AttackPotion"},{"floor":14,"key":"HeartOfIron"},{"floor":17,"key":"DuplicationPotion"},{"floor":18,"key":"SpeedPotion"}],"is_trial":false,"path_per_floor":["M","M","?","M","$","T","?","$","T","?","M","R","M","M","R","B",null,"M","M","M","?","M"],"character_chosen":"IRONCLAD","items_purchased":["Vajra"],"campfire_rested":0,"item_purchase_floors":[8],"current_hp_per_floor":[69,69,69,66,66,66,80,80,80,80,75,75,76,80,80,80,85,51,45,22,10,0,0],"gold":391,"neow_bonus":"UPGRADE_CARD","is_daily":false,"chose_seed":false,"campfire_upgraded":2,"win_rate":0.0,"timestamp":1609169312,"path_taken":["M","M","?","?","$","?","?","$","T","?","M","R","?","M","R","BOSS","M","?","M","?","M"],"items_purchased_type":["Relic"],"build_version":"2020-12-22","purchased_purges":0,"victory":false,"max_hp_per_floor":[80,80,80,80,80,80,80,80,80,80,80,80,80,80,80,80,85,85,85,85,85,85,85],"card_choices":[{"not_picked":["Shrug It Off","Hemokinesis"],"picked":"Spot Weakness","floor":1},{"not_picked":["ReplayReversal","Run Through"],"picked":"Warcry","floor":2},{"not_picked":["Thunderclap","Perfected Strike"],"picked":"Spot Weakness","floor":4},{"not_picked":["Immolate","Anger"],"picked":"Heavy Blade","floor":11},{"not_picked":["Combust","Rampage","Perfected Strike"],"picked":"SKIP","floor":13},{"not_picked":["Body Slam","Perfected Strike"],"picked":"Ghostly Armor","floor":14},{"not_picked":["Fiend Fire","Offering"],"picked":"Impervious","floor":16},{"not_picked":["Life Link","ReplayTheSpireMod:Muscle Training"],"picked":"Replay:Undeath\u0027s Touch","floor":17},{"not_picked":["ReplayTheSpireMod:Strike From Hell","Thunderclap","Bloodletting"],"picked":"SKIP","floor":18},{"not_picked":["Feel No Pain","Sentinel","ReplayTheSpireMod:Strike From Hell"],"picked":"SKIP","floor":19},{"not_picked":["Warcry","True Grit","Pommel Strike"],"picked":"SKIP","floor":20}],"player_experience":866776,"relics_obtained":[{"floor":6,"key":"Ancient Tea Set"},{"floor":9,"key":"Lantern"}],"event_choices":[{"cards_removed":["Warcry"],"damage_healed":0,"gold_gain":0,"player_choice":"Gave Card","damage_taken":0,"relics_obtained":["Centennial Puzzle"],"max_hp_gain":0,"max_hp_loss":0,"event_name":"WeMeetAgain","floor":3,"gold_loss":0},{"damage_healed":20,"gold_gain":0,"player_choice":"Healed","damage_taken":0,"max_hp_gain":0,"max_hp_loss":0,"event_name":"The Cleric","floor":7,"gold_loss":35},{"damage_healed":0,"gold_gain":0,"player_choice":"2 cards matched","damage_taken":0,"max_hp_gain":0,"max_hp_loss":0,"event_name":"Match and Keep!","floor":10,"gold_loss":0,"cards_obtained":["Cleave","Metallicize"]},{"damage_healed":0,"gold_gain":90,"player_choice":"GOLD ","damage_taken":12,"max_hp_gain":0,"max_hp_loss":0,"event_name":"Knowing Skull","floor":21,"potions_obtained":[],"gold_loss":0,"cards_obtained":[]}],"is_beta":false,"boss_relics":[{"not_picked":["Fusion Hammer","Replay:Wanted Poster"],"picked":"Tiny House"}],"items_purged_floors":[],"is_endless":false,"potions_floor_spawned":[4,13,14,18],"killed_by":"Shelled Parasite and Fungi","ascension_level":9}}