{"host":"xu4bnwtq7hv5gr1m","time":1609163949,"event":{"mods":["Act Like it!","Aspiration","BaseMod","Conspire","Hallownest","Hermit","Hubris","Lobotomy","LobotomyExtend","Marisa（F雨　魔理沙）","Marked Mod","Minty Spire (QoL Compilation)","Pale of the Ancients","Replay The Spire","StSLib","The Bug Knight","The Cursed","WarShipGirlsR/战舰少女R mod","vexMod","【遗物卡牌】REMEMod"],"gold_per_floor":[109,34,75,91,105,105,119,119,119,119,132,132,132,32,32,32,32],"floor_reached":16,"playtime":741,"items_purged":["Strike_B","Strike_B"],"score":90,"play_id":"168c8476-423e-4ece-b0cc-0c0c69976fbd","local_time":"20201228215909","is_ascension_mode":false,"campfire_choices":[{"data":"Chaos","floor":6.0,"key":"SMITH"},{"data":"Turbo","floor":8,"key":"SMITH"},{"data":"Coolheaded","floor":10,"key":"SMITH"},{"data":"White Noise","floor":13,"key":"SMITH"},{"data":"Creative AI","floor":15,"key":"SMITH"}],"circlet_count":0,"master_deck":["Strike_B","Strike_B","Defend_B","Defend_B","Defend_B","Defend_B","Zap","Dualcast","Creative AI+1","UniverseFragment","Cold Snap","Capacitor","Chaos+1","Buffer+1","PunishingBird","Coolheaded+1","Turbo+1","BigBird","White Noise+1"],"relics":["Cracked Core","REME_ComplimentaryCards","CogitoBucket","RabbitCall","LetterFromLob","Golden Egg","conspire:Flyswatter"],"acts_visited":["Hallownest:Greenpath"],"potions_floor_usage":[],"damage_taken":[{"damage":2.0,"enemies":"Hallownest:2_Baldur","floor":1.0,"turns":4.0},{"damage":10.0,"enemies":"2_ Uuma","floor":4.0,"turns":8.0},{"damage":9.0,"enemies":"Hallownest:2_Tiktiks_and_1_Crawlid","floor":5.0,"turns":4.0},{"damage":0,"enemies":"Hallownest:monsterAspidMother","floor":7,"turns":7},{"damage":16,"enemies":"Hallownest:1_Ooma_and_2_Uuma","floor":11,"turns":9},{"damage":47,"enemies":"Hallownest:BossFalseKnight","floor":16,"turns":6}],"seed_played":"-2036823696472798940","potions_obtained":[{"floor":5.0,"key":"PotionOfCapacity"},{"floor":7,"key":"Swift Potion"}],"is_trial":false,"path_per_floor":["M","$","?","M","M","R","M","R","T","R","M","M","R","$","R","B"],"character_chosen":"DEFECT","items_purchased":[],"campfire_rested":0,"item_purchase_floors":[],"current_hp_per_floor":[73,73,55,45,40,40,48,48,48,48,32,32,32,32,32,0,0],"gold":32,"neow_bonus":"","is_daily":false,"chose_seed":false,"campfire_upgraded":5,"win_rate":0.0,"timestamp":1609163949,"path_taken":["M","$","?","M","?","R","M","R","T","R","M","M","R","$","R","BOSS"],"items_purchased_type":[],"build_version":"2020-12-22","purchased_purges":2,"victory":false,"max_hp_per_floor":[75,75,75,75,75,75,75,75,75,75,75,75,75,75,75,75,75],"card_choices":[{"not_picked":["Freischutz","SpiderBud"],"picked":"UniverseFragment","floor":1.0},{"not_picked":["ReplaySolidLightProjector","Leap"],"picked":"Cold Snap","floor":1.0},{"not_picked":["Hologram","Conserve Battery"],"picked":"Capacitor","floor":3.0},{"not_picked":["REME_Whirling","Genetic Algorithm"],"picked":"Chaos","floor":3.0},{"not_picked":["Barrage","Beam Cell","Steam"],"picked":"Buffer","floor":4.0},{"not_picked":["OldLady","CrumblingArmor","FieryBird"],"picked":"Singing Bowl","floor":4.0},{"not_picked":["SpiderBud","VoidDream"],"picked":"PunishingBird","floor":4.0},{"not_picked":["Beam Cell","Auto Shields"],"picked":"Coolheaded","floor":5.0},{"not_picked":["Bloodbath","MHz","Porccubus"],"picked":"Singing Bowl","floor":5.0},{"not_picked":["Panic Button","Barrage"],"picked":"Turbo","floor":7},{"not_picked":["OldLady","SpiderBud"],"picked":"BigBird","floor":7},{"not_picked":["Steam","Storm"],"picked":"White Noise","floor":11},{"not_picked":["SnowQueen","VoidDream","Murderer"],"picked":"Singing Bowl","floor":11}],"player_experience":826437,"relics_obtained":[{"floor":1.0,"key":"LetterFromLob"},{"floor":3.0,"key":"Golden Egg"},{"floor":9,"key":"conspire:Flyswatter"}],"event_choices":[],"is_beta":false,"boss_relics":[],"items_purged_floors":[2,14],"is_endless":false,"potions_floor_spawned":[5,7],"killed_by":"Hallownest:BossFalseKnight","ascension_level":0}}