{"host":"k9ktbd3ums043v5c","time":1609144178,"event":{"mods":["BaseMod","GifTheSpireLib","Googly Eyes","KinomotoSakuraMod(木之本樱)","Lobotomy","LobotomyExtend","Luminous","Marisa（F雨　魔理沙）","Minty Spire (QoL Compilation)","SIMod","StSLib","SuperFastMode","The Gatherer","Yuyuko","【功能Mod】聪明的最终Boss"],"gold_per_floor":[117,132,132,206,218,218,218],"floor_reached":6,"playtime":674,"items_purged":[],"score":36,"play_id":"2b047c8c-5d32-4d63-9813-7efebcd68182","local_time":"20201228162938","is_ascension_mode":false,"campfire_choices":[],"circlet_count":0,"master_deck":["Strike_AJ","Strike_TS","Strike_RR","Strike_RD","Defend_TS","Defend_PP","Defend_FS","Defend_AJ","ConcertedEfforts","HarmonyShield","DespairKnight","Dear_Princess","GemstoneDetection","Porccubus","SwiftKick","Perfectionism+1","SpiderBud","FollowTherRainbow","TasteRainbow"],"relics":["The_element_of_harmony","CogitoBucket","LetterFromLob","Bottled Flame"],"acts_visited":["Exordium"],"potions_floor_usage":[],"damage_taken":[{"damage":0,"enemies":"Small Slimes","floor":1,"turns":7},{"damage":15,"enemies":"Jaw Worm","floor":2,"turns":5},{"damage":0,"enemies":"Cultist","floor":5,"turns":4},{"damage":70,"enemies":"3 Sentries","floor":6,"turns":7}],"seed_played":"-8496597456396729708","potions_obtained":[{"floor":1,"key":"SkillPotion"},{"floor":2,"key":"ColorlessPotion"}],"is_trial":false,"path_per_floor":["M","M","?","T","M","E"],"character_chosen":"TWI_CLASS","items_purchased":[],"campfire_rested":0,"item_purchase_floors":[],"current_hp_per_floor":[82,67,67,67,67,0,0],"gold":218,"neow_bonus":"","is_daily":false,"chose_seed":false,"campfire_upgraded":0,"win_rate":0.0,"timestamp":1609144178,"path_taken":["M","M","?","?","M","E"],"items_purchased_type":[],"build_version":"2020-12-22","purchased_purges":0,"victory":false,"max_hp_per_floor":[82,82,82,82,82,82,82],"card_choices":[{"not_picked":["WallGazer","MHz"],"picked":"DespairKnight","floor":1},{"not_picked":["CheerUp"],"picked":"Dear_Princess","floor":1},{"not_picked":["BigDeal"],"picked":"GemstoneDetection","floor":1},{"not_picked":["SnowQueen","OldLady","BeautyBeast"],"picked":"Singing Bowl","floor":2},{"not_picked":["VoidDream","BeautyBeast"],"picked":"Porccubus","floor":2},{"not_picked":["Laughter"],"picked":"SwiftKick","floor":2},{"not_picked":["HideCarefully"],"picked":"Perfectionism","floor":2},{"not_picked":["MeatLantern","UniverseFragment","VoidDream"],"picked":"Singing Bowl","floor":5},{"not_picked":["Scorched","OSAHOGD"],"picked":"SpiderBud","floor":5},{"not_picked":["AlloutStrike"],"picked":"FollowTherRainbow","floor":5},{"not_picked":["Anxiousness"],"picked":"TasteRainbow","floor":5}],"player_experience":11318,"relics_obtained":[{"floor":1,"key":"LetterFromLob"},{"floor":4,"key":"Bottled Flame"}],"event_choices":[{"damage_healed":0,"gold_gain":0,"player_choice":"Grow","damage_taken":0,"max_hp_gain":0,"max_hp_loss":0,"event_name":"Living Wall","floor":3,"gold_loss":0,"cards_upgraded":["Perfectionism"]}],"is_beta":false,"boss_relics":[],"items_purged_floors":[],"is_endless":false,"potions_floor_spawned":[1,2],"killed_by":"3 Sentries","ascension_level":0}}