{"host":"ow52dz0ufgwhhffk","time":1609174087,"event":{"mods":["Act Like it!","BaseMod","Conspire","Friendly Minions","Gensokyo","HololiveMod","Kiyohime£®«Âºß£©","Marisa£®ÏF”Í°°ƒß¿Ì…≥£©","Minty Spire (QoL Compilation)","MostiFishMod","Prisma Mod","Quick Restart","Reimu£®≤©¿ˆ¡È√Œ£©","Remilia£®¿Ÿ√◊¿Ú—«£©","StSLib","TestMod","The Servant 0.9.4","WarShipGirlsR/’ΩΩ¢…Ÿ≈ÆR mod","[IsaacMod]“‘»ˆº‚À˛","[JumpMod]ŒË∂Øº‚À˛"],"gold_per_floor":[129,129,147,161,174,208,208,208,289,337,337,363,60,85,85,445,445,456,472,472,472,484,510,510,545,595,613,629,644,686,486,486,589,589,601,601,601,614,614,645,645,645,645,645,645,645,658,658,658,658],"floor_reached":50,"playtime":4862,"items_purged":[],"score":1273,"play_id":"87cab22b-faa2-4303-9415-b1f4abe60fc5","local_time":"20201229004807","is_ascension_mode":false,"campfire_choices":[{"data":"PrismaMod:ChloeExhaustTwo","floor":8.0,"key":"SMITH"},{"data":"PrismaMod:ChloeCheapDefend","floor":11.0,"key":"SMITH"},{"data":"PrismaMod:ChloeAnySkillTrace","floor":15.0,"key":"SMITH"},{"floor":24.0,"key":"RECALL"},{"data":"PrismaMod:ChloeDoubleRelicSpeed","floor":32.0,"key":"SMITH"},{"data":"PrismaMod:ChloeGaeBolg","floor":41.0,"key":"SMITH"},{"data":"1","floor":45.0,"key":"LIFT"},{"data":"2","floor":47.0,"key":"LIFT"},{"data":"3","floor":49.0,"key":"LIFT"}],"circlet_count":0,"master_deck":["PrismaMod:ChloeCommonAttack","PrismaMod:ChloeCommonAttack","PrismaMod:ChloeCommonAttack","PrismaMod:ChloeCommonAttack","PrismaMod:ChloeCommonAttack","PrismaMod:ChloeCommonDefend","PrismaMod:ChloeCommonDefend","PrismaMod:ChloeCommonDefend","PrismaMod:ChloeCommonDefend","PrismaMod:ChloeCommonDefend","PrismaMod:ChloeCheapAttack+1","PrismaMod:ChloeCheapDefend+1","BettingIsNotGood","MostiFishMod:Neptune","MostiFishMod:TheEndOfMoonlight","MostiFishMod:SparklingWater+1","MostiFishMod:FantasySummer","MostiFishMod:NightSea","PrismaMod:ChloeCheapDefend","PrismaMod:ChloeExhaustTwo+1","PrismaMod:ChloeAnySkillTrace+1","PrismaMod:ChloeCheapAttack","PrismaMod:ChloeCheapDefend","PrismaMod:ChloeCheapAttackTwo","PrismaMod:ChloeCheapAttack","Gensokyo:SummonYinYangFox","PrismaMod:ChloeDoubleRelicSpeed+1","PrismaMod:ChloeRuleBreaker","PrismaMod:ChloeCheapDefend+1","Gensokyo:FourOfAKind","Gensokyo:FourOfAKind","Gensokyo:FourOfAKind","Gensokyo:FourOfAKind","PrismaMod:ChloeMaid","PrismaMod:ChloeReshuffleDiscard","PrismaMod:ChloeExcalibur+1","PrismaMod:ChloeAnyPowerTrace","PrismaMod:ChloeCheapDefendTwo+1","PrismaMod:ChloeAnyPowerTrace","PrismaMod:ChloeRuleBreaker","Gensokyo:Dawn+1","PrismaMod:ChloeGaeBolg+1","PrismaMod:ChloeRhongomyniad"],"relics":["PrismaMod:PrismaTraceOn","DaveBox","testmod-TestBox","HushsDoor","HowToJump","GuppysHead","testmod-ChristmasGift","MoonlightInvasionPlan","NeowsBlessing","SynthV:TestCard","testmod-Muramasa","Gensokyo:PortableGap","BionicSphere","HornCleat","Dodecahedron","ExusiaiGun","GuppysPaw","GuppysCollar","Gensokyo:Companionship","Pantograph","Oddly Smooth Stone","BookOfRevelations","InkBottle","Happy Flower","Unceasing Top","BirthdayGift-Tetrahedron","DiscerningMonocle","GuppysTail","testmod-ThousandKnives","BookofShadows","Lizard Tail","Girya","conspire:DeflatedDodgeball"],"acts_visited":["Gensokyo:Gensokyo","Gensokyo:Gensokyoer","Gensokyo:Gensokyoest"],"potions_floor_usage":[],"damage_taken":[{"damage":0.0,"enemies":"Gensokyo:Gryphon","floor":1.0,"turns":3.0},{"damage":0.0,"enemies":"Gensokyo:Python","floor":3.0,"turns":2.0},{"damage":0.0,"enemies":"Gensokyo:2_Kodama","floor":4.0,"turns":3.0},{"damage":0.0,"enemies":"Gensokyo:2_Rabbits","floor":5.0,"turns":3.0},{"damage":3.0,"enemies":"Gensokyo:Cirno","floor":6.0,"turns":7.0},{"damage":0.0,"enemies":"Gensokyo:Mamizou","floor":10.0,"turns":3.0},{"damage":0.0,"enemies":"Gensokyo:Cirno","floor":12.0,"turns":6.0},{"damage":0.0,"enemies":"Gensokyo:Kitsune","floor":14.0,"turns":3.0},{"damage":0.0,"enemies":"Gensokyo:Kokoro","floor":16.0,"turns":5.0},{"damage":0.0,"enemies":"Gensokyo:3_Dogs","floor":18.0,"turns":1.0},{"damage":0.0,"enemies":"Gensokyo:2_Gloops","floor":19.0,"turns":1.0},{"damage":0.0,"enemies":"Gensokyo:Monolith_and_Dog","floor":22.0,"turns":1.0},{"damage":0.0,"enemies":"Gensokyo:Koishi","floor":23.0,"turns":1.0},{"damage":0.0,"enemies":"Gensokyo:Tenshi","floor":25.0,"turns":1.0},{"damage":0.0,"enemies":"Gensokyo:3_Gloops","floor":27.0,"turns":2.0},{"damage":0.0,"enemies":"Gensokyo:Slime_Group","floor":28.0,"turns":2.0},{"damage":0.0,"enemies":"Gensokyo:Swordslinger","floor":29.0,"turns":1.0},{"damage":0.0,"enemies":"Gensokyo:Koishi","floor":30.0,"turns":1.0},{"damage":2.0,"enemies":"Gensokyo:Eiki","floor":33.0,"turns":2.0},{"damage":2.0,"enemies":"Gensokyo:3_Boulders","floor":35.0,"turns":2.0},{"damage":2.0,"enemies":"Gensokyo:AncientGuardian","floor":38.0,"turns":2.0},{"damage":0.0,"enemies":"Gensokyo:AncientGuardian","floor":39.0,"turns":1.0},{"damage":3.0,"enemies":"Gensokyo:Kasen","floor":40.0,"turns":2.0},{"damage":0.0,"enemies":"Gensokyo:Sharpion","floor":48.0,"turns":1.0},{"damage":4,"enemies":"Gensokyo:Scarlet_Devils","floor":50,"turns":3}],"seed_played":"8376541575188298217","potions_obtained":[{"floor":1.0,"key":"Fire Potion"},{"floor":5.0,"key":"ZuzhouPotion:ReiMu"},{"floor":6.0,"key":"BlessingOfTheForge"},{"floor":14.0,"key":"Weak Potion"},{"floor":25.0,"key":"BlessingOfTheForge"},{"floor":29.0,"key":"SpeedPotion"},{"floor":33.0,"key":"SkillPotion"},{"floor":40.0,"key":"GamblersBrew"}],"is_trial":false,"path_per_floor":["M","?","M","M","M","E","?","R","T","E","R","E","COS","M","R","B",null,"M","M","?","?","M","E","R","E","T","M","M","M","E","COS","R","B",null,"M","?","?","M","?","E","R","T","?","R","$","R","M","R","B"],"character_chosen":"CHLOE","items_purchased":["GuppysPaw","GuppysCollar","PrismaMod:ChloeRuleBreaker","GuppysTail","conspire:DeflatedDodgeball"],"campfire_rested":0,"item_purchase_floors":[17,17,17,34,46],"current_hp_per_floor":[75,75,75,75,75,75,68,68,68,68,65,63,63,63,63,63,37,37,37,26,24,24,24,24,24,24,24,24,21,18,18,18,18,8,8,5,5,7,7,8,8,5,5,5,5,5,5,5,4,4],"gold":658,"neow_bonus":"THREE_ENEMY_KILL","is_daily":false,"chose_seed":false,"campfire_upgraded":5,"win_rate":0.0,"timestamp":1609174087,"path_taken":["M","?","?","M","M","E","?","R","T","E","R","E","COS","?","R","BOSS","M","M","?","?","M","E","R","E","T","M","?","M","E","COS","R","BOSS","M","?","?","M","?","E","R","?","?","R","$","R","M","R","BOSS"],"items_purchased_type":["Relic","Relic","Card","Relic","Relic"],"build_version":"2020-12-22","purchased_purges":0,"victory":false,"max_hp_per_floor":[75,75,75,75,75,75,68,68,68,68,65,63,63,63,63,63,37,37,37,26,24,24,24,24,24,24,24,24,21,18,18,18,18,8,8,8,8,8,8,8,8,5,5,5,5,5,5,5,5,5],"card_choices":[{"not_picked":[],"picked":"BettingIsNotGood","floor":0.0},{"not_picked":["PrismaMod:ChloeCommonAOEAttack","PrismaMod:ChloeMaid","PrismaMod:ChloeCheapDefendTwo"],"picked":"SKIP","floor":1.0},{"not_picked":["PrismaMod:ChloeExhaustOne","PrismaMod:ChloeCheapDefendTwo","PrismaMod:ChloeCheapAttack","PrismaMod:ChloeCheapAttackTwo"],"picked":"PrismaMod:ChloeCheapDefend","floor":3.0},{"not_picked":["PrismaMod:ChloeCaladbolg","PrismaMod:ChloeCheapAttack","PrismaMod:ChloeMordred","PrismaMod:ChloeCommonAOEAttack"],"picked":"PrismaMod:ChloeExhaustTwo","floor":4.0},{"not_picked":["PrismaMod:ChloeRuleBreaker","PrismaMod:ChloeChristmas","PrismaMod:ChloeCheapDefendTwo","PrismaMod:ChloeRhongomyniad"],"picked":"PrismaMod:ChloeAnySkillTrace","floor":5.0},{"not_picked":["PrismaMod:ChloeCheapDefendTwo","PrismaMod:ChloeUncommonAOEAttack","PrismaMod:ChloeCheapDefend","PrismaMod:ChloeCaladbolg"],"picked":"PrismaMod:ChloeCheapAttack","floor":6.0},{"not_picked":["PrismaMod:ChloeUncommonAOEAttack","PrismaMod:ChloeCommonAOEAttack","PrismaMod:ChloeCheapAttackTwo","PrismaMod:ChloeBetterTracePools"],"picked":"PrismaMod:ChloeCheapDefend","floor":10.0},{"not_picked":["PrismaMod:ChloeDiscardRecovery","PrismaMod:ChloeDemonicTutor","PrismaMod:ChloeEyeOfTheEuryale","PrismaMod:ChloeMordred"],"picked":"PrismaMod:ChloeCheapAttackTwo","floor":12.0},{"not_picked":["PrismaMod:ChloeCarnivalAOEAttack","PrismaMod:ChloeUncommonAttack","PrismaMod:ChloeEyeOfTheEuryale","PrismaMod:ChloeDiscardRecovery"],"picked":"PrismaMod:ChloeCheapAttack","floor":14.0},{"not_picked":["PrismaMod:ChloeAnyUncommonTrace","PrismaMod:ChloeAnyRareTrace","PrismaMod:ChloeAnyPowerTrace","PrismaMod:ChloeAnyCommonTrace"],"picked":"PrismaMod:ChloeDoubleRelicSpeed","floor":16.0},{"not_picked":["PrismaMod:ChloeCheapAttackTwo","PrismaMod:ChloeCheapDefendTwo+1","PrismaMod:ChloeDiscardRecovery","PrismaMod:ChloeCheapAttack+1"],"picked":"PrismaMod:ChloeCheapDefend+1","floor":18.0},{"not_picked":["PrismaMod:ChloeCheapDefend","PrismaMod:ChloeDiscardRecovery+1","PrismaMod:ChloeCheapAttack","PrismaMod:ChloeCheapAttackTwo","PrismaMod:ChloeExhaustOne"],"picked":"SKIP","floor":19.0},{"not_picked":["PrismaMod:ChloeDemonicTutor","PrismaMod:ChloeCommonAOEAttack+1","PrismaMod:ChloeCheapAttack","PrismaMod:ChloeCheapAttackTwo"],"picked":"PrismaMod:ChloeMaid","floor":22.0},{"not_picked":["PrismaMod:ChloeCheapAttackTwo","PrismaMod:ChloeCommonAOEAttack","PrismaMod:ChloeCheapDefendTwo","PrismaMod:ChloeExhaustOne"],"picked":"PrismaMod:ChloeReshuffleDiscard","floor":23.0},{"not_picked":["PrismaMod:ChloeCheapAttack+1","PrismaMod:ChloeCheapAttackTwo","PrismaMod:ChloeCommonAOEAttack+1","PrismaMod:ChloeCheapDefend","PrismaMod:ChloeRitsuka+1"],"picked":"SKIP","floor":25.0},{"not_picked":["PrismaMod:ChloeCheapDefend","PrismaMod:ChloeCaladbolg","PrismaMod:ChloeCheapAttackTwo","PrismaMod:ChloeEyeOfTheEuryale+1"],"picked":"PrismaMod:ChloeExcalibur+1","floor":27.0},{"not_picked":["PrismaMod:ChloeDiscardRecovery","PrismaMod:ChloeChristmas","PrismaMod:ChloeCheapDefend","PrismaMod:ChloeCommonAOEAttack"],"picked":"PrismaMod:ChloeAnyPowerTrace","floor":28.0},{"not_picked":["PrismaMod:ChloeExhaustTwo+1","PrismaMod:ChloeCheapAttackTwo","PrismaMod:ChloeCarnivalAOEAttack","PrismaMod:ChloeMordred"],"picked":"PrismaMod:ChloeCheapDefendTwo+1","floor":29.0},{"not_picked":["PrismaMod:ChloeCheapDefendTwo","PrismaMod:ChloeRitsuka","PrismaMod:ChloeExhaustOne","PrismaMod:ChloeExcalibur","PrismaMod:ChloeUncommonDefend"],"picked":"SKIP","floor":30.0},{"not_picked":["PrismaMod:ChloeGreatTracePools","PrismaMod:ChloeHalloween","PrismaMod:ChloeAnySkillTrace","PrismaMod:ChloeCarnivalAOEAttack"],"picked":"PrismaMod:ChloeAnyPowerTrace","floor":33.0},{"not_picked":["PrismaMod:ChloeMordred","PrismaMod:ChloeDiscardRecovery","PrismaMod:ChloeCheapAttack","PrismaMod:ChloeCommonAOEAttack+1","PrismaMod:ChloeExhaustOne"],"picked":"SKIP","floor":35.0},{"not_picked":[],"picked":"PrismaMod:ChloeRuleBreaker","floor":37.0},{"not_picked":["PrismaMod:ChloeCheapAttackTwo+1","PrismaMod:ChloeExhaustOne","PrismaMod:ChloeCheapDefendTwo","PrismaMod:ChloeRitsuka","PrismaMod:ChloeRhongomyniad"],"picked":"SKIP","floor":38.0},{"not_picked":["Gensokyo:HouraiInAPot+1","Gensokyo:LifeSpringInfinity+1"],"picked":"Gensokyo:Dawn+1","floor":39.0},{"not_picked":["PrismaMod:ChloeCheapDefend","PrismaMod:ChloeRitsuka+1","PrismaMod:ChloeExhaustOne+1","PrismaMod:ChloeCommonAOEAttack"],"picked":"PrismaMod:ChloeGaeBolg","floor":40.0},{"not_picked":["PrismaMod:ChloeCheapDefendTwo","PrismaMod:ChloeEyeOfTheEuryale","PrismaMod:ChloeCheapAttackTwo+1","PrismaMod:ChloeUnlimitedBladeWorks"],"picked":"PrismaMod:ChloeRhongomyniad","floor":48.0}],"player_experience":536686,"relics_obtained":[{"floor":1.0,"key":"SynthV:TestCard"},{"floor":6.0,"key":"testmod-Muramasa"},{"floor":10.0,"key":"BionicSphere"},{"floor":12.0,"key":"HornCleat"},{"floor":23.0,"key":"BookOfRevelations"},{"floor":25.0,"key":"InkBottle"},{"floor":26.0,"key":"Happy Flower"},{"floor":30.0,"key":"Unceasing Top"},{"floor":40.0,"key":"Lizard Tail"},{"floor":42.0,"key":"Girya"}],"event_choices":[],"is_beta":false,"boss_relics":[{"not_picked":["testmod-StringDisintegrator","TakeMeEscape"],"picked":"ExusiaiGun"},{"not_picked":[]},{"not_picked":["testmod-BatchProcessingSystem","Hololive_TopUpMoneyS"],"picked":"DiscerningMonocle"},{"not_picked":[]}],"items_purged_floors":[],"is_endless":false,"potions_floor_spawned":[1,5,6,12,14,25,29,33,40],"killed_by":"Gensokyo:Scarlet_Devils","ascension_level":0}}