{"host":"grli52lbdph2722t","time":1609155068,"event":{"mods":["AchievementEnabler","BaseMod","Downfall","Minty Spire (QoL Compilation)","Quick Restart","StSLib"],"gold_per_floor":[0,18,18,31,16,16,16,36,69,20,20,20,20],"floor_reached":11,"playtime":562,"items_purged":[],"score":99,"play_id":"38f978cf-391d-4914-af29-057839c8fb31","local_time":"20201228123108","is_ascension_mode":true,"campfire_choices":[{"data":"champ:EnchantSword","floor":1.0,"key":"SMITH"},{"data":"champ:Taunt","floor":6.0,"key":"SMITH"}],"circlet_count":0,"master_deck":["champ:Strike","champ:Strike","champ:Defend","champ:Defend","champ:Defend","champ:Execute","champ:Taunt+1","champ:ShieldSigil","champ:EnchantSword+1","champ:FanOfKnives","champ:SwordSigil","champ:EnchantCrown","champ:RecklessLeap","champ:ShieldThrow","champ:Lariat","champ:EndlessRage"],"relics":["champ:ChampionCrown","Kunai"],"acts_visited":["Exordium"],"potions_floor_usage":[11],"damage_taken":[{"damage":5.0,"enemies":"2 Louse","floor":2.0,"turns":3.0},{"damage":16.0,"enemies":"Cultist","floor":4.0,"turns":3.0},{"damage":10.0,"enemies":"downfall:FleeingMerchant","floor":5.0,"turns":4.0},{"damage":4.0,"enemies":"Jaw Worm","floor":8.0,"turns":2.0},{"damage":62.0,"enemies":"Lagavulin","floor":9.0,"turns":6.0},{"damage":47.0,"enemies":"downfall:FleeingMerchant","floor":10.0,"turns":4.0},{"damage":69,"enemies":"Gremlin Nob","floor":11,"turns":4}],"seed_played":"8518093522468474467","potions_obtained":[{"floor":2.0,"key":"SteroidPotion"}],"is_trial":false,"path_per_floor":["R","M","?","M","$","R","T","M","E","$","E"],"character_chosen":"THE_CHAMP","items_purchased":["champ:EndlessRage"],"campfire_rested":0,"item_purchase_floors":[10],"current_hp_per_floor":[81,81,81,77,77,77,77,73,48,48,0,0,0],"gold":20,"neow_bonus":"TRANSFORM_TWO_CARDS","is_daily":false,"chose_seed":false,"campfire_upgraded":2,"win_rate":0.0,"timestamp":1609155068,"path_taken":["R","M","?","M","$","R","T","?","E","?","E"],"items_purchased_type":["Card"],"build_version":"2020-12-22","purchased_purges":0,"victory":false,"max_hp_per_floor":[90,90,90,90,90,90,90,90,90,90,90,90,90],"card_choices":[{"not_picked":["champ:BerserkersShout","champ:DefensiveShout"],"picked":"champ:FanOfKnives","floor":2.0},{"not_picked":["champ:PreciseThrust","champ:GutPunch","champ:PerfectedStrike"],"picked":"SKIP","floor":4.0},{"not_picked":["champ:Shatter","champ:SwordSigil"],"picked":"champ:EnchantCrown","floor":5.0},{"not_picked":["champ:FocusedDefense","champ:Circumvent"],"picked":"champ:RecklessLeap","floor":8.0},{"not_picked":["champ:FalseCounter","champ:EnGarde"],"picked":"champ:ShieldThrow","floor":9.0},{"not_picked":["champ:DefensiveStyle","champ:BladeFlurry"],"picked":"champ:Lariat","floor":10.0}],"player_experience":4875763,"relics_obtained":[{"floor":9.0,"key":"Kunai"}],"event_choices":[{"damage_healed":0.0,"max_hp_gain":0.0,"max_hp_loss":0.0,"gold_gain":0.0,"cards_transformed":["champ:Strike"],"event_name":"Transmorgrifier","player_choice":"Transformed","floor":3.0,"gold_loss":0.0,"damage_taken":0.0,"cards_obtained":["champ:SwordSigil"]}],"is_beta":false,"boss_relics":[],"items_purged_floors":[],"is_endless":false,"potions_floor_spawned":[2],"killed_by":"Gremlin Nob","ascension_level":8}}