{"host":"sav7uxregyirlf69","time":1609172074,"event":{"mods":["AchievementEnabler","BaseMod","Colored Map","DeckTracker","Keyboard Shortcuts","Minty Spire (QoL Compilation)","READ ME - Guardian Mod","StSLib","SuperFastMode"],"gold_per_floor":[116,116,128,35,54,54,71,88,88,7,7,23,23,42,42,144,144,160,179,36,135,135,135,135,151,151,164,164,180,180,198,198,293,293,308,321,371,182,182,182,195,214,260,279,291,291,291,92,92,92],"floor_reached":51,"playtime":1236,"items_purged":["Strike_R","Strike_R","Strike_R"],"score":718,"play_id":"f16b1846-c9c5-4258-a791-d0893e0219ee","local_time":"20201229011434","is_ascension_mode":false,"campfire_choices":[{"data":"Disarm","floor":6,"key":"SMITH"},{"data":"Evolve","floor":11,"key":"SMITH"},{"data":"Fire Breathing","floor":13,"key":"SMITH"},{"data":"Finesse","floor":15,"key":"SMITH"},{"floor":23,"key":"REST"},{"data":"Burning Pact","floor":28,"key":"SMITH"},{"floor":30,"key":"REST"},{"data":"Power Through","floor":32,"key":"SMITH"},{"data":"Body Slam","floor":40,"key":"SMITH"},{"data":"Seeing Red","floor":47,"key":"SMITH"},{"data":"Second Wind","floor":49,"key":"SMITH"}],"circlet_count":0,"master_deck":["Strike_R","Defend_R","Defend_R","Defend_R","Defend_R","Bash","Second Wind+1","Shrug It Off","Finesse+1","Disarm+1","Fire Breathing+1","Wild Strike","Evolve+1","Burning Pact+1","Power Through+1","Reckless Charge+1","Battle Trance","Seeing Red+1","Sentinel+1","Feel No Pain","Body Slam+1","Entrench+1","Feel No Pain+1","Power Through"],"relics":["Burning Blood"],"acts_visited":["Exordium","TheCity","TheBeyond"],"potions_floor_usage":[16,50,50,50],"damage_taken":[{"damage":0,"enemies":"Small Slimes","floor":1,"turns":5},{"damage":6,"enemies":"Cultist","floor":3,"turns":3},{"damage":0,"enemies":"2 Louse","floor":5,"turns":4},{"damage":11,"enemies":"Large Slime","floor":7,"turns":8},{"damage":18,"enemies":"Exordium Wildlife","floor":8,"turns":7},{"damage":16,"enemies":"Exordium Thugs","floor":12,"turns":4},{"damage":7,"enemies":"Blue Slaver","floor":14,"turns":4},{"damage":19,"enemies":"The Guardian","floor":16,"turns":10},{"damage":15,"enemies":"3 Byrds","floor":18,"turns":5},{"damage":33,"enemies":"Shell Parasite","floor":19,"turns":9},{"damage":13,"enemies":"Snecko","floor":25,"turns":6},{"damage":11,"enemies":"Shelled Parasite and Fungi","floor":27,"turns":8},{"damage":36,"enemies":"3 Cultists","floor":29,"turns":6},{"damage":9,"enemies":"Cultist and Chosen","floor":31,"turns":5},{"damage":1,"enemies":"Automaton","floor":33,"turns":12},{"damage":10,"enemies":"Orb Walker","floor":35,"turns":4},{"damage":0,"enemies":"3 Shapes","floor":36,"turns":3},{"damage":27,"enemies":"Mind Bloom Boss Battle","floor":37,"turns":5},{"damage":8,"enemies":"Writhing Mass","floor":41,"turns":6},{"damage":3,"enemies":"Spire Growth","floor":42,"turns":7},{"damage":7,"enemies":"4 Shapes","floor":44,"turns":4},{"damage":8,"enemies":"3 Darklings","floor":45,"turns":6},{"damage":5,"enemies":"Donu and Deca","floor":50,"turns":8}],"seed_played":"-3350979096973550309","potions_obtained":[{"floor":7,"key":"PowerPotion"},{"floor":8,"key":"SteroidPotion"},{"floor":19,"key":"Ancient Potion"},{"floor":29,"key":"GamblersBrew"},{"floor":33,"key":"Explosive Potion"},{"floor":36,"key":"LiquidBronze"},{"floor":42,"key":"Swift Potion"},{"floor":45,"key":"BlessingOfTheForge"}],"is_trial":false,"path_per_floor":["M","?","M","$","M","R","M","M","T","$","R","M","R","M","R","B",null,"M","M","$","?","?","R","?","M","T","M","R","M","R","M","R","B",null,"M","M","?","$","?","R","M","M","T","M","M","?","R","$","R","B",null],"character_chosen":"IRONCLAD","items_purchased":["Finesse","Evolve","Power Through","Feel No Pain","Body Slam","Power Through"],"campfire_rested":2,"item_purchase_floors":[4,10,20,38,38,48],"current_hp_per_floor":[80,80,80,80,80,80,75,63,63,63,63,53,53,52,52,39,80,71,44,44,44,29,54,54,47,47,42,42,12,37,34,34,39,85,81,85,64,64,64,64,62,65,65,64,62,62,62,62,62,63],"gold":92,"neow_bonus":"TRANSFORM_CARD","is_daily":false,"chose_seed":false,"campfire_upgraded":9,"win_rate":0.0,"timestamp":1609172074,"path_taken":["M","?","M","$","M","R","?","M","T","$","R","M","R","M","R","BOSS","M","M","$","?","?","R","?","M","T","M","R","M","R","M","R","BOSS","M","M","?","$","?","R","M","M","T","M","?","?","R","?","R","BOSS"],"items_purchased_type":["Card","Card","Card","Card","Card","Card"],"build_version":"2020-12-22","purchased_purges":3,"victory":true,"max_hp_per_floor":[80,80,80,80,80,80,80,80,80,80,80,80,80,80,80,80,80,80,80,80,80,85,85,85,85,85,85,85,85,85,85,85,85,85,85,85,85,85,85,85,85,85,85,85,85,81,81,81,81,81],"card_choices":[{"not_picked":["Twin Strike","Heavy Blade"],"picked":"Second Wind","floor":1},{"not_picked":["Second Wind","Sword Boomerang"],"picked":"Shrug It Off","floor":3},{"not_picked":["Flex","Warcry"],"picked":"Disarm","floor":5},{"not_picked":["Reaper","Searing Blow"],"picked":"Fire Breathing","floor":7},{"not_picked":["Battle Trance","Cleave"],"picked":"Wild Strike","floor":8},{"not_picked":["Clothesline","Warcry","Pummel"],"picked":"SKIP","floor":12},{"not_picked":["Rampage","Clash","Cleave"],"picked":"SKIP","floor":14},{"not_picked":["Bloodletting","Clothesline","Dropkick"],"picked":"SKIP","floor":18},{"not_picked":["Anger","Pummel+1"],"picked":"Burning Pact","floor":19},{"not_picked":["Sword Boomerang","Anger+1","Heavy Blade"],"picked":"SKIP","floor":25},{"not_picked":["Havoc","Headbutt"],"picked":"Reckless Charge+1","floor":27},{"not_picked":["Twin Strike","Sever Soul","Wild Strike"],"picked":"SKIP","floor":29},{"not_picked":["Havoc","Sever Soul+1"],"picked":"Battle Trance","floor":31},{"not_picked":["Headbutt+1","Clothesline+1","Iron Wave"],"picked":"SKIP","floor":35},{"not_picked":["Seeing Red","Bloodletting+1","Searing Blow"],"picked":"SKIP","floor":36},{"not_picked":["Bloodletting+1","Searing Blow"],"picked":"Seeing Red","floor":36},{"not_picked":["Headbutt","Cleave+1"],"picked":"Sentinel+1","floor":37},{"not_picked":["Thunderclap","Dual Wield"],"picked":"Entrench+1","floor":41},{"not_picked":["Reaper","Havoc","Disarm+1"],"picked":"SKIP","floor":42},{"not_picked":["Sword Boomerang+1","Bloodletting+1"],"picked":"Feel No Pain+1","floor":44},{"not_picked":["Shrug It Off","Rupture","Warcry"],"picked":"SKIP","floor":45}],"player_experience":1039020,"relics_obtained":[],"event_choices":[{"cards_removed":["Rupture"],"damage_healed":0,"gold_gain":0,"player_choice":"Purged","damage_taken":0,"max_hp_gain":0,"max_hp_loss":0,"event_name":"Purifier","floor":2,"gold_loss":0},{"damage_healed":0,"gold_gain":99,"player_choice":"Stole From Cult","damage_taken":0,"max_hp_gain":0,"max_hp_loss":0,"event_name":"Nest","floor":21,"gold_loss":0},{"damage_healed":0,"gold_gain":0,"player_choice":"Shed Blood","damage_taken":20,"max_hp_gain":5,"max_hp_loss":0,"event_name":"Forgotten Altar","floor":22,"gold_loss":0},{"damage_healed":0,"gold_gain":0,"player_choice":"Ignored","damage_taken":0,"max_hp_gain":0,"max_hp_loss":0,"event_name":"Cursed Tome","floor":24,"gold_loss":0},{"damage_healed":0,"gold_gain":0,"player_choice":"Fight","damage_taken":0,"max_hp_gain":0,"max_hp_loss":0,"event_name":"MindBloom","floor":37,"gold_loss":0},{"damage_healed":0,"gold_gain":0,"player_choice":"Ignored","damage_taken":0,"max_hp_gain":0,"max_hp_loss":0,"event_name":"Mysterious Sphere","floor":39,"gold_loss":0},{"damage_healed":0,"gold_gain":0,"player_choice":"Max HP","damage_taken":0,"max_hp_gain":0,"max_hp_loss":4,"event_name":"Winding Halls","floor":46,"gold_loss":0}],"is_beta":false,"boss_relics":[{"not_picked":["Runic Pyramid","Tiny House","Busted Crown"]},{"not_picked":["Sozu","Coffee Dripper","SacredBark"]}],"items_purged_floors":[20,38,48],"is_endless":false,"potions_floor_spawned":[7,8,19,29,31,33,36,41,42,44,45],"ascension_level":0}}