{"host":"zjxcc3u4aqpoowwq","time":1609187816,"event":{"mods":["2.2 Compatiblity","AchievementEnabler","Arknights The Spire","BaseMod","Better Third Choice","CapriCore","Colored Map","Keyboard Shortcuts","Minty Spire (QoL Compilation)","StSLib"],"gold_per_floor":[115,45,45,45,45,68,81,105,105,105,105],"floor_reached":10,"playtime":488,"items_purged":[],"score":58,"play_id":"1978bbd3-0fdd-4bb4-b20e-b867b611b3d9","local_time":"20201229053656","is_ascension_mode":false,"campfire_choices":[],"circlet_count":0,"master_deck":["ats:Strike C","ats:Strike G","ats:Armor Crushing Shot","ats:Defend","ats:Defend","ats:Defend","ats:Defend","ats:Emotion Absorption","ats:Charging Defense","ats:Thorns","ats:Assault Order","ats:Magnetic Hammer","ats:Beaten Up","ats:Spore Proliferation"],"relics":["ats:Sanity","NeowsBlessing","Golden Idol","Letter Opener"],"acts_visited":["Exordium"],"potions_floor_usage":[],"damage_taken":[{"damage":0.0,"enemies":"Small Slimes","floor":1.0,"turns":1.0},{"damage":0.0,"enemies":"2 Louse","floor":6.0,"turns":1.0},{"damage":0.0,"enemies":"Jaw Worm","floor":7.0,"turns":1.0},{"damage":28.0,"enemies":"Exordium Thugs","floor":8.0,"turns":6.0},{"damage":22,"enemies":"Lagavulin","floor":10,"turns":10}],"seed_played":"-4310177511806425674","potions_obtained":[{"floor":7.0,"key":"Swift Potion"},{"floor":8.0,"key":"SteroidPotion"}],"is_trial":false,"path_per_floor":["M","$","?","?","?","M","M","M","T","E"],"character_chosen":"DOCTOR_CLASS","items_purchased":["ats:Thorns"],"campfire_rested":0,"item_purchase_floors":[2],"current_hp_per_floor":[72,72,65,47,47,47,47,19,19,0,0],"gold":105,"neow_bonus":"THREE_ENEMY_KILL","is_daily":false,"chose_seed":false,"campfire_upgraded":0,"win_rate":0.0,"timestamp":1609187816,"path_taken":["M","$","?","?","?","M","?","M","T","E"],"items_purchased_type":["Card"],"build_version":"2020-12-22","purchased_purges":0,"victory":false,"max_hp_per_floor":[72,72,72,72,72,72,72,72,72,72,72],"card_choices":[{"not_picked":["ats:Curse Doll","ats:Ignite"],"picked":"ats:Charging Defense","floor":1.0},{"not_picked":["ats:Powerful Strike","ats:Curse Doll"],"picked":"ats:Magnetic Hammer","floor":6.0},{"not_picked":["ats:Assault Order","ats:Childhood Dance"],"picked":"ats:Beaten Up","floor":7.0},{"not_picked":["ats:Counter Healing Mode","ats:Flexible Camouflage"],"picked":"ats:Spore Proliferation","floor":8.0}],"player_experience":806831,"relics_obtained":[{"floor":9.0,"key":"Letter Opener"}],"event_choices":[{"cards_removed":["ats:Strike S"],"damage_healed":0.0,"max_hp_gain":0.0,"max_hp_loss":0.0,"gold_gain":0.0,"event_name":"Golden Wing","player_choice":"Card Removal","floor":3.0,"gold_loss":0.0,"damage_taken":7.0},{"damage_healed":0.0,"max_hp_gain":0.0,"max_hp_loss":0.0,"gold_gain":0.0,"event_name":"Golden Idol","player_choice":"Take Damage","floor":4.0,"gold_loss":0.0,"damage_taken":18.0,"relics_obtained":["Golden Idol"]},{"damage_healed":0.0,"max_hp_gain":0.0,"max_hp_loss":0.0,"gold_gain":0.0,"cards_transformed":["ats:Strike V"],"event_name":"Transmorgrifier","player_choice":"Transformed","floor":5.0,"gold_loss":0.0,"damage_taken":0.0,"cards_obtained":["ats:Assault Order"]}],"is_beta":false,"boss_relics":[],"items_purged_floors":[],"is_endless":false,"potions_floor_spawned":[7,8],"killed_by":"Lagavulin","ascension_level":0}}