{"host":"pynofkhbweftzsaw","time":1609170657,"event":{"mods":["BaseMod","Colored Map","Minty Spire (QoL Compilation)","StSLib"],"gold_per_floor":[112,112,124,100,100,143,155,65,65,85,96,96,107,7,7,104,104,123,123,29,48,61,89,89,105,105,140,150,180,180,209,209,304,304,322,322,333,380,392,392,392],"floor_reached":40,"playtime":3509,"items_purged":["Strike_R","Strike_R"],"score":541,"play_id":"37d9328e-c5a2-4876-ad54-de554a5310c5","local_time":"20201228235057","is_ascension_mode":false,"campfire_choices":[{"data":"Body Slam","floor":7,"key":"SMITH"},{"data":"Body Slam","floor":12,"key":"SMITH"},{"data":"Seeing Red","floor":15,"key":"SMITH"},{"data":"Rupture","floor":24,"key":"SMITH"},{"floor":32,"key":"REST"}],"circlet_count":0,"master_deck":["Strike_R+1","Defend_R+1","Defend_R+1","Defend_R+1","Defend_R+1","Bash","Body Slam+1","Iron Wave","Shrug It Off","Shrug It Off","Body Slam+1","Seeing Red+1","Flame Barrier","Brutality","Rupture+1","Battle Trance","Shrug It Off","Armaments","Ghostly Armor+1","Shrug It Off+1","Entrench","Metallicize+1","Warcry","Inflame+1","Juggernaut+1","Metallicize+1","Finesse","Good Instincts","Violence","Ghostly Armor+1","Body Slam+1","Body Slam+1"],"relics":["Empty Cage","MawBank","Torii","Black Star","Letter Opener","Sundial","Frozen Egg 2","Ornamental Fan","PreservedInsect","Bag of Preparation","Eternal Feather","Molten Egg 2","Mummified Hand","SlaversCollar","Pocketwatch"],"acts_visited":["Exordium","TheCity","TheBeyond"],"potions_floor_usage":[6,16,23,27,27,29,31,31,33],"damage_taken":[{"damage":20,"enemies":"Jaw Worm","floor":1,"turns":4},{"damage":7,"enemies":"Small Slimes","floor":3,"turns":5},{"damage":17,"enemies":"Gremlin Nob","floor":6,"turns":5},{"damage":1,"enemies":"2 Louse","floor":10,"turns":3},{"damage":0,"enemies":"Exordium Wildlife","floor":11,"turns":6},{"damage":0,"enemies":"2 Fungi Beasts","floor":13,"turns":2},{"damage":5,"enemies":"Hexaghost","floor":16,"turns":11},{"damage":4,"enemies":"Shell Parasite","floor":18,"turns":4},{"damage":13,"enemies":"2 Thieves","floor":21,"turns":5},{"damage":5,"enemies":"Snecko","floor":22,"turns":6},{"damage":5,"enemies":"Slavers","floor":23,"turns":6},{"damage":7,"enemies":"Snake Plant","floor":25,"turns":3},{"damage":17,"enemies":"Gremlin Leader","floor":27,"turns":5},{"damage":24,"enemies":"Centurion and Healer","floor":28,"turns":5},{"damage":10,"enemies":"Slavers","floor":29,"turns":5},{"damage":18,"enemies":"Gremlin Leader","floor":31,"turns":6},{"damage":8,"enemies":"Champ","floor":33,"turns":9},{"damage":7,"enemies":"3 Shapes","floor":35,"turns":3},{"damage":0,"enemies":"Orb Walker","floor":37,"turns":2},{"damage":31,"enemies":"2 Orb Walkers","floor":38,"turns":5},{"damage":0,"enemies":"Sphere and 2 Shapes","floor":39,"turns":3},{"damage":34,"enemies":"Reptomancer","floor":40,"turns":3}],"seed_played":"945251129892516459","potions_obtained":[{"floor":3,"key":"Dexterity Potion"},{"floor":11,"key":"AttackPotion"},{"floor":13,"key":"FairyPotion"},{"floor":21,"key":"PowerPotion"},{"floor":23,"key":"Block Potion"},{"floor":25,"key":"Fire Potion"},{"floor":28,"key":"EntropicBrew"},{"floor":31,"key":"Dexterity Potion"},{"floor":37,"key":"SmokeBomb"},{"floor":38,"key":"GamblersBrew"}],"is_trial":false,"path_per_floor":["M","?","M","$","?","E","R","$","T","M","M","R","M","$","R","B",null,"M","?","$","M","M","E","R","M","T","E","M","E","$","E","R","B",null,"M","?","M","?","M","E"],"character_chosen":"IRONCLAD","items_purchased":["Shrug It Off","Shrug It Off","Battle Trance","Shrug It Off"],"campfire_rested":1,"item_purchase_floors":[4,8,20,20],"current_hp_per_floor":[60,44,37,37,34,17,17,17,17,16,16,16,16,16,16,11,80,76,76,76,63,58,53,53,46,46,29,5,20,20,2,38,30,80,73,63,63,32,32,0,0],"gold":392,"neow_bonus":"BOSS_RELIC","is_daily":false,"chose_seed":false,"campfire_upgraded":4,"win_rate":0.0,"timestamp":1609170657,"path_taken":["M","?","M","$","?","E","R","$","T","M","M","R","M","?","R","BOSS","M","?","$","M","M","E","R","M","T","E","M","E","$","E","R","BOSS","M","?","M","?","M","E"],"items_purchased_type":["Card","Card","Card","Card"],"build_version":"2020-12-22","purchased_purges":2,"victory":false,"max_hp_per_floor":[80,80,80,80,80,80,80,80,80,80,80,80,80,80,80,80,80,80,80,80,80,80,80,80,80,80,80,80,80,80,80,80,80,80,80,80,80,80,80,80,80],"card_choices":[{"not_picked":["Perfected Strike","Evolve"],"picked":"Body Slam","floor":1},{"not_picked":["Perfected Strike","Dual Wield"],"picked":"Iron Wave","floor":3},{"not_picked":["Burning Pact","Dropkick","Wild Strike"],"picked":"SKIP","floor":6},{"not_picked":["Rage","Sword Boomerang"],"picked":"Body Slam","floor":10},{"not_picked":["Headbutt","Cleave"],"picked":"Seeing Red","floor":11},{"not_picked":["Flex","Heavy Blade"],"picked":"Flame Barrier","floor":13},{"not_picked":["Double Tap","Feed"],"picked":"Brutality","floor":16},{"not_picked":["Headbutt","Twin Strike+1"],"picked":"Rupture","floor":18},{"not_picked":["Infernal Blade","Anger"],"picked":"Armaments","floor":21},{"not_picked":["Metallicize","Armaments"],"picked":"Ghostly Armor+1","floor":22},{"not_picked":["Cleave","Entrench"],"picked":"Shrug It Off+1","floor":23},{"not_picked":["Perfected Strike","Armaments"],"picked":"Entrench","floor":25},{"not_picked":["Twin Strike","Perfected Strike"],"picked":"Metallicize+1","floor":27},{"not_picked":["Pommel Strike","Searing Blow+1"],"picked":"Warcry","floor":28},{"not_picked":["Clash","Whirlwind","Rage"],"picked":"SKIP","floor":29},{"not_picked":["Sword Boomerang+1","Warcry+1"],"picked":"Inflame+1","floor":31},{"not_picked":["Brutality+1","Offering"],"picked":"Juggernaut+1","floor":33},{"not_picked":["True Grit+1","Headbutt+1"],"picked":"Metallicize+1","floor":35},{"not_picked":["Magnetism+1","Deep Breath"],"picked":"Finesse","floor":36},{"not_picked":["Blind","Discovery"],"picked":"Good Instincts","floor":36},{"not_picked":["Madness","Mind Blast+1"],"picked":"Violence","floor":36},{"not_picked":["Cleave+1","Entrench"],"picked":"Ghostly Armor+1","floor":37},{"not_picked":["Intimidate","Pommel Strike+1"],"picked":"Body Slam+1","floor":38},{"not_picked":["Pommel Strike+1","Uppercut+1"],"picked":"Body Slam+1","floor":39}],"player_experience":38110,"relics_obtained":[{"floor":6,"key":"Torii"},{"floor":23,"key":"Letter Opener"},{"floor":23,"key":"Sundial"},{"floor":26,"key":"Frozen Egg 2"},{"floor":27,"key":"Ornamental Fan"},{"floor":27,"key":"PreservedInsect"},{"floor":29,"key":"Bag of Preparation"},{"floor":29,"key":"Eternal Feather"},{"floor":31,"key":"Molten Egg 2"},{"floor":31,"key":"Mummified Hand"},{"floor":38,"key":"Pocketwatch"}],"event_choices":[{"damage_healed":0,"gold_gain":0,"player_choice":"Entered Light","damage_taken":16,"max_hp_gain":0,"max_hp_loss":0,"event_name":"Shining Light","floor":2,"gold_loss":0,"cards_upgraded":["Defend_R","Strike_R"]},{"damage_healed":0,"gold_gain":0,"player_choice":"Success","damage_taken":3,"relics_obtained":["MawBank"],"max_hp_gain":0,"max_hp_loss":0,"event_name":"Scrap Ooze","floor":5,"gold_loss":0},{"damage_healed":0,"gold_gain":0,"player_choice":"Simplicity","damage_taken":0,"max_hp_gain":0,"max_hp_loss":0,"event_name":"Back to Basics","floor":19,"gold_loss":0,"cards_upgraded":["Defend_R","Defend_R","Defend_R"]},{"damage_healed":0,"gold_gain":0,"player_choice":"Memory 3","damage_taken":10,"max_hp_gain":0,"max_hp_loss":0,"event_name":"SensoryStone","floor":36,"gold_loss":0},{"damage_healed":0,"gold_gain":0,"player_choice":"Fight","damage_taken":0,"max_hp_gain":0,"max_hp_loss":0,"event_name":"Mysterious Sphere","floor":38,"gold_loss":0}],"is_beta":false,"boss_relics":[{"not_picked":["Runic Dome","Sozu"],"picked":"Black Star"},{"not_picked":["Astrolabe","SacredBark"],"picked":"SlaversCollar"}],"items_purged_floors":[8,14],"is_endless":false,"potions_floor_spawned":[3,11,13,21,23,25,28,31,37,38,39],"killed_by":"Reptomancer","ascension_level":0}}