{"host":"640uue19m79c7wbt","time":1609194294,"event":{"mods":["BaseMod","Colored Map","Googly Eyes","Highlight Path","Minty Spire (QoL Compilation)","Quick Restart","StSLib"],"gold_per_floor":[113,113,42,42,42,42,70,70,370,404,424,500,530,546,546,650,650,639,650,650,335,349,376,376,376,376,411,411,446,461,474,474,572,572,590,609,659,659,152,152,163,197,197,197,40,59,59,59,59,59,59],"floor_reached":50,"playtime":2828,"items_purged":["Strike_G","Strike_G"],"score":1003,"play_id":"b2f2f27e-ce66-456c-8090-deb3a745fb21","local_time":"20201228172454","is_ascension_mode":true,"campfire_choices":[{"data":"Envenom","floor":6.0,"key":"SMITH"},{"data":"Dagger Spray","floor":8.0,"key":"SMITH"},{"floor":15.0,"key":"REST"},{"floor":25.0,"key":"REST"},{"floor":32.0,"key":"REST"},{"floor":40.0,"key":"REST"},{"floor":44.0,"key":"RECALL"},{"floor":49,"key":"REST"}],"circlet_count":0,"master_deck":["AscendersBane","Strike_G","Strike_G","Defend_G","Defend_G","Defend_G","Defend_G","Defend_G","Survivor","Dagger Spray+1","Envenom+1","PiercingWail","Storm of Steel","Crippling Poison","Accuracy","Catalyst","Burst","Slice","Cloak And Dagger","Sadistic Nature","Well Laid Plans","Cloak And Dagger","Night Terror","Catalyst","Night Terror","Endless Agony+1","Accuracy","Infinite Blades+1","Backstab","Bouncing Flask"],"relics":["Ring of the Serpent","NeowsBlessing","Potion Belt","FossilizedHelix","Old Coin","Nunchaku","Meat on the Bone","Ancient Tea Set","WristBlade","MutagenicStrength","Bottled Tornado","Singing Bowl","The Courier","Dream Catcher","Red Mask","Lizard Tail","Blood Vial","Mango","Omamori","Torii"],"acts_visited":["Exordium","TheCity","TheBeyond"],"potions_floor_usage":[50,50],"damage_taken":[{"damage":0.0,"enemies":"2 Louse","floor":1.0,"turns":1.0},{"damage":0.0,"enemies":"Gremlin Nob","floor":7.0,"turns":1.0},{"damage":0.0,"enemies":"3 Sentries","floor":10.0,"turns":1.0},{"damage":0.0,"enemies":"Jaw Worm","floor":11.0,"turns":2.0},{"damage":6.0,"enemies":"Gremlin Nob","floor":13.0,"turns":4.0},{"damage":0.0,"enemies":"Cultist","floor":14.0,"turns":2.0},{"damage":44.0,"enemies":"Slime Boss","floor":16.0,"turns":10.0},{"damage":11.0,"enemies":"2 Thieves","floor":18.0,"turns":4.0},{"damage":24.0,"enemies":"Spheric Guardian","floor":19.0,"turns":5.0},{"damage":0.0,"enemies":"Snecko","floor":22.0,"turns":3.0},{"damage":36.0,"enemies":"Book of Stabbing","floor":23.0,"turns":6.0},{"damage":11.0,"enemies":"Slavers","floor":27.0,"turns":4.0},{"damage":4.0,"enemies":"Masked Bandits","floor":29.0,"turns":3.0},{"damage":12.0,"enemies":"Snake Plant","floor":30.0,"turns":4.0},{"damage":7.0,"enemies":"3 Cultists","floor":31.0,"turns":4.0},{"damage":3.0,"enemies":"Champ","floor":33.0,"turns":5.0},{"damage":0.0,"enemies":"3 Shapes","floor":35.0,"turns":4.0},{"damage":10.0,"enemies":"Orb Walker","floor":36.0,"turns":4.0},{"damage":24.0,"enemies":"Mind Bloom Boss Battle","floor":37.0,"turns":6.0},{"damage":12.0,"enemies":"Jaw Worm Horde","floor":41.0,"turns":2.0},{"damage":34.0,"enemies":"Reptomancer","floor":42.0,"turns":5.0},{"damage":18.0,"enemies":"3 Darklings","floor":46.0,"turns":4.0},{"damage":162,"enemies":"Awakened One","floor":50,"turns":9}],"seed_played":"-9060896750662823002","potions_obtained":[{"floor":1.0,"key":"LiquidBronze"},{"floor":5.0,"key":"Swift Potion"},{"floor":5.0,"key":"Poison Potion"},{"floor":5.0,"key":"LiquidBronze"},{"floor":7.0,"key":"Swift Potion"},{"floor":16.0,"key":"Fire Potion"},{"floor":23.0,"key":"EssenceOfSteel"},{"floor":29.0,"key":"SpeedPotion"},{"floor":31.0,"key":"Swift Potion"},{"floor":33.0,"key":"Dexterity Potion"},{"floor":36.0,"key":"Weak Potion"},{"floor":37.0,"key":"ColorlessPotion"},{"floor":42.0,"key":"Weak Potion"},{"floor":46.0,"key":"SmokeBomb"}],"is_trial":false,"path_per_floor":["M","?","$","?","?","R","E","R","T","E","M","T","E","M","R","B",null,"M","M","?","$","M","E","T","R","T","E","?","?","M","M","R","B",null,"M","M","?","?","$","R","M","E","T","R","$","M","?","$","R","B"],"character_chosen":"THE_SILENT","items_purchased":["Envenom","Sadistic Nature","Well Laid Plans","Accuracy","Blood Vial","Mango","Backstab","Bouncing Flask","PowerPotion"],"campfire_rested":5,"item_purchase_floors":[3,21,21,39,39,39,45,45,45],"current_hp_per_floor":[63,56,56,49,49,49,49,49,49,49,49,49,43,43,64,32,61,50,38,38,38,38,14,14,35,35,38,38,48,50,45,68,65,75,77,69,45,45,59,89,79,61,61,61,61,59,59,59,91,0,0],"gold":59,"neow_bonus":"THREE_ENEMY_KILL","is_daily":false,"chose_seed":false,"campfire_upgraded":2,"win_rate":0.0,"timestamp":1609194294,"path_taken":["M","?","$","?","?","R","E","R","T","E","?","?","E","M","R","BOSS","M","M","?","$","M","E","?","R","T","E","?","?","M","M","R","BOSS","M","M","?","?","$","R","?","E","T","R","$","M","?","?","R","BOSS"],"items_purchased_type":["Card","Card","Card","Card","Relic","Relic","Card","Card","Potion"],"build_version":"2020-12-22","purchased_purges":2,"victory":false,"max_hp_per_floor":[70,70,70,70,70,70,70,70,70,70,70,70,70,70,70,70,70,70,70,70,70,70,70,70,70,70,72,72,74,76,78,78,78,78,80,82,82,82,96,98,98,100,100,100,100,102,102,102,104,104,104],"card_choices":[{"not_picked":["Concentrate","Backflip"],"picked":"Dagger Spray","floor":1.0},{"not_picked":["Slice","Deadly Poison"],"picked":"PiercingWail","floor":7.0},{"not_picked":["Reflex","All Out Attack"],"picked":"Storm of Steel","floor":10.0},{"not_picked":["Flechettes","Outmaneuver"],"picked":"Crippling Poison","floor":11.0},{"not_picked":["Poisoned Stab","Envenom"],"picked":"Accuracy","floor":13.0},{"not_picked":["Slice","Eviscerate"],"picked":"Catalyst","floor":14.0},{"not_picked":["A Thousand Cuts","Storm of Steel"],"picked":"Burst","floor":16.0},{"not_picked":["Prepared","Calculated Gamble"],"picked":"Slice","floor":18.0},{"not_picked":["Bane","Accuracy"],"picked":"Cloak And Dagger","floor":19.0},{"not_picked":["PiercingWail","Riddle With Holes"],"picked":"Cloak And Dagger","floor":22.0},{"not_picked":["Crippling Poison+1","Sucker Punch"],"picked":"Night Terror","floor":23.0},{"not_picked":["Blur","Poisoned Stab","Distraction"],"picked":"Singing Bowl","floor":27.0},{"not_picked":["Bane","Reflex","Dodge and Roll"],"picked":"Singing Bowl","floor":29.0},{"not_picked":["Setup","Deflect","Prepared"],"picked":"Singing Bowl","floor":30.0},{"not_picked":["Deadly Poison","Storm of Steel","Sucker Punch"],"picked":"Singing Bowl","floor":31.0},{"not_picked":["Slice","Skewer"],"picked":"Catalyst","floor":32.0},{"not_picked":["Malaise","Doppelganger"],"picked":"Night Terror","floor":33.0},{"not_picked":["Quick Slash+1","All Out Attack","Slice"],"picked":"Singing Bowl","floor":35.0},{"not_picked":["Caltrops","Dagger Throw","Outmaneuver+1"],"picked":"Singing Bowl","floor":36.0},{"not_picked":["Poisoned Stab","Dodge and Roll"],"picked":"Endless Agony+1","floor":37.0},{"not_picked":["Catalyst","Dodge and Roll","Quick Slash"],"picked":"Singing Bowl","floor":40.0},{"not_picked":["Calculated Gamble","Tactician+1"],"picked":"Infinite Blades+1","floor":41.0},{"not_picked":["PiercingWail","Riddle With Holes+1","Bane+1"],"picked":"Singing Bowl","floor":42.0},{"not_picked":["Quick Slash","Predator","Masterful Stab+1"],"picked":"Singing Bowl","floor":46.0},{"not_picked":["Dash","Sucker Punch","PiercingWail"],"picked":"Singing Bowl","floor":49}],"player_experience":518293,"relics_obtained":[{"floor":7.0,"key":"FossilizedHelix"},{"floor":9.0,"key":"Old Coin"},{"floor":10.0,"key":"Nunchaku"},{"floor":12.0,"key":"Meat on the Bone"},{"floor":13.0,"key":"Ancient Tea Set"},{"floor":23.0,"key":"Bottled Tornado"},{"floor":24.0,"key":"Singing Bowl"},{"floor":26.0,"key":"The Courier"},{"floor":27.0,"key":"Dream Catcher"},{"floor":29.0,"key":"Red Mask"},{"floor":37.0,"key":"Lizard Tail"},{"floor":42.0,"key":"Omamori"},{"floor":43.0,"key":"Torii"}],"event_choices":[{"damage_healed":0.0,"max_hp_gain":0.0,"max_hp_loss":0.0,"gold_gain":0.0,"event_name":"Scrap Ooze","player_choice":"Success","floor":2.0,"gold_loss":0.0,"damage_taken":7.0,"relics_obtained":["Potion Belt"]},{"cards_removed":["Strike_G"],"damage_healed":0.0,"max_hp_gain":0.0,"max_hp_loss":0.0,"gold_gain":0.0,"event_name":"Golden Wing","player_choice":"Card Removal","floor":4.0,"gold_loss":0.0,"damage_taken":7.0},{"damage_healed":0.0,"max_hp_gain":0.0,"max_hp_loss":0.0,"gold_gain":0.0,"event_name":"Lab","player_choice":"Got Potions","floor":5.0,"gold_loss":0.0,"damage_taken":0.0},{"damage_healed":0.0,"max_hp_gain":0.0,"max_hp_loss":0.0,"gold_gain":0.0,"event_name":"Drug Dealer","player_choice":"Inject Mutagens","floor":20.0,"gold_loss":0.0,"damage_taken":0.0,"relics_obtained":["MutagenicStrength"]},{"damage_healed":0.0,"max_hp_gain":0.0,"max_hp_loss":0.0,"gold_gain":0.0,"event_name":"Ghosts","player_choice":"Ignored","floor":28.0,"gold_loss":0.0,"damage_taken":0.0},{"damage_healed":0.0,"max_hp_gain":0.0,"max_hp_loss":0.0,"gold_gain":0.0,"event_name":"Masked Bandits","player_choice":"Fought Bandits","floor":29.0,"gold_loss":0.0,"damage_taken":0.0},{"damage_healed":0.0,"max_hp_gain":0.0,"max_hp_loss":0.0,"gold_gain":0.0,"event_name":"MindBloom","player_choice":"Fight","floor":37.0,"gold_loss":0.0,"damage_taken":0.0},{"cards_removed":["Neutralize"],"damage_healed":0.0,"max_hp_gain":0.0,"max_hp_loss":0.0,"gold_gain":0.0,"event_name":"Falling","player_choice":"Removed Attack","floor":38.0,"gold_loss":0.0,"damage_taken":0.0},{"damage_healed":0,"gold_gain":0,"player_choice":"Ignored","damage_taken":0,"max_hp_gain":0,"max_hp_loss":0,"event_name":"Mysterious Sphere","floor":47,"gold_loss":0}],"is_beta":false,"boss_relics":[{"not_picked":["Runic Pyramid","Empty Cage"],"picked":"WristBlade"},{"not_picked":["Philosopher\u0027s Stone","Cursed Key"],"picked":"Ring of the Serpent"}],"items_purged_floors":[21,39],"is_endless":false,"potions_floor_spawned":[1,7,16,23,29,31,33,36,37,42,46],"killed_by":"Awakened One","ascension_level":11}}