{"host":"gttgmv2wah99hzdm","time":1609118768,"event":{"mods":["AchievementEnabler","BaseMod","Bestiary","Block Reminder","Filter the Spire","Highlight Path","Minty Spire (QoL Compilation)","Permanent Neow","Random Character Button","Relic Stats","StSLib","ojb\u0027s Info Mod"],"gold_per_floor":[110,129,143,143,161,161,161,86,86,117,117,156,177,177,177,270,270,294,30,30,30,48,48,62,93,93,128,43,43,60,75,75,151,151,163,180,192,203,219,219,219,244,244,244,244,244],"floor_reached":45,"playtime":3287,"items_purged":["Strike_R","Strike_R"],"score":990,"play_id":"5cb98326-bd32-4d39-9df9-822ffca718ef","local_time":"20201227192608","is_ascension_mode":true,"campfire_choices":[{"data":"Strike_R","floor":6.0,"key":"PURGE"},{"data":"Strike_R","floor":11.0,"key":"PURGE"},{"data":"Strike_R","floor":15.0,"key":"PURGE"},{"data":"Whirlwind","floor":23.0,"key":"SMITH"},{"floor":29.0,"key":"REST"},{"data":"Spot Weakness","floor":32.0,"key":"SMITH"},{"floor":40,"key":"REST"},{"floor":44,"key":"REST"}],"circlet_count":0,"master_deck":["AscendersBane","Defend_R","Defend_R","Defend_R","Bash","CurseOfTheBell","Twin Strike","Twin Strike","Carnage","Twin Strike","Uppercut","Armaments","Bludgeon","True Grit","Inflame","Whirlwind+1","Feel No Pain","Spot Weakness+1","Shrug It Off+1","Havoc+1","Feed","Shockwave","Shrug It Off","Spot Weakness","Master of Strategy","Secret Weapon","Dark Embrace+1","Writhe","Shockwave"],"relics":["Calling Bell","Akabeko","Gremlin Horn","Peace Pipe","Pantograph","Bloody Idol","Lizard Tail","White Beast Statue","Prayer Wheel","Champion Belt","Cursed Key","Happy Flower","Blood Vial","Dream Catcher","Matryoshka","Empty Cage","Question Card","Omamori"],"acts_visited":["Exordium","TheCity","TheBeyond"],"potions_floor_usage":[39,42,45],"damage_taken":[{"damage":2.0,"enemies":"Cultist","floor":1.0,"turns":4.0},{"damage":0.0,"enemies":"2 Louse","floor":2.0,"turns":2.0},{"damage":3.0,"enemies":"Small Slimes","floor":3.0,"turns":3.0},{"damage":2.0,"enemies":"3 Louse","floor":5.0,"turns":3.0},{"damage":10.0,"enemies":"Gremlin Nob","floor":10.0,"turns":3.0},{"damage":8.0,"enemies":"Lagavulin","floor":12.0,"turns":3.0},{"damage":6.0,"enemies":"Looter","floor":13.0,"turns":2.0},{"damage":52.0,"enemies":"The Guardian","floor":16.0,"turns":13.0},{"damage":8.0,"enemies":"3 Byrds","floor":18.0,"turns":6.0},{"damage":0.0,"enemies":"Chosen","floor":22.0,"turns":2.0},{"damage":22.0,"enemies":"Snake Plant","floor":24.0,"turns":4.0},{"damage":30.0,"enemies":"Slavers","floor":25.0,"turns":6.0},{"damage":30.0,"enemies":"Book of Stabbing","floor":27.0,"turns":3.0},{"damage":0.0,"enemies":"Snecko","floor":30.0,"turns":3.0},{"damage":0.0,"enemies":"Shelled Parasite and Fungi","floor":31.0,"turns":2.0},{"damage":54.0,"enemies":"Automaton","floor":33.0,"turns":7.0},{"damage":0.0,"enemies":"Orb Walker","floor":35.0,"turns":1.0},{"damage":17.0,"enemies":"3 Shapes","floor":36.0,"turns":8.0},{"damage":2.0,"enemies":"3 Darklings","floor":37.0,"turns":6.0},{"damage":40.0,"enemies":"Sphere and 2 Shapes","floor":38.0,"turns":15.0},{"damage":10,"enemies":"Transient","floor":39,"turns":6},{"damage":18,"enemies":"Reptomancer","floor":42,"turns":5},{"damage":66,"enemies":"Writhing Mass","floor":45,"turns":5}],"seed_played":"-2197602988786924059","potions_obtained":[{"floor":3.0,"key":"Block Potion"},{"floor":10.0,"key":"Strength Potion"},{"floor":12.0,"key":"Ancient Potion"},{"floor":13.0,"key":"ElixirPotion"},{"floor":16.0,"key":"Block Potion"},{"floor":18.0,"key":"LiquidMemories"},{"floor":22.0,"key":"Swift Potion"},{"floor":24.0,"key":"Regen Potion"},{"floor":25.0,"key":"SteroidPotion"},{"floor":27.0,"key":"Swift Potion"},{"floor":30.0,"key":"FairyPotion"},{"floor":31.0,"key":"Block Potion"},{"floor":33.0,"key":"Weak Potion"},{"floor":36.0,"key":"EssenceOfSteel"},{"floor":37.0,"key":"Swift Potion"},{"floor":38.0,"key":"DuplicationPotion"},{"floor":39,"key":"Swift Potion"},{"floor":42,"key":"Strength Potion"}],"is_trial":false,"path_per_floor":["M","M","M","T","M","R","?","$","T","E","R","E","M","?","R","B",null,"M","$","?","?","M","R","M","E","T","E","?","R","M","M","R","B",null,"M","M","M","M","M","R","?","E","T","R","M"],"character_chosen":"IRONCLAD","items_purchased":["Happy Flower"],"campfire_rested":3,"item_purchase_floors":[19],"current_hp_per_floor":[66,66,63,63,61,61,61,61,61,51,51,43,37,26,26,34,60,52,52,52,52,57,57,40,30,30,7,7,27,34,41,41,19,56,63,56,64,35,32,55,45,34,34,57,0,0],"gold":244,"neow_bonus":"BOSS_RELIC","is_daily":false,"chose_seed":false,"campfire_upgraded":2,"win_rate":0.0,"timestamp":1609118768,"path_taken":["M","M","?","?","M","R","?","$","T","E","R","E","M","?","R","BOSS","M","$","?","?","M","R","M","E","T","E","?","R","M","M","R","BOSS","M","M","M","M","M","R","?","E","T","R","M"],"items_purchased_type":["Relic"],"build_version":"2020-12-22","purchased_purges":2,"victory":false,"max_hp_per_floor":[75,75,75,75,75,75,68,68,68,68,68,68,68,68,68,68,68,68,68,68,68,68,68,68,68,68,68,68,68,68,68,68,68,68,68,71,74,78,78,78,78,78,78,78,78,78],"relic_stats":{"Gremlin Horn":[26,26],"Happy Flower":[24],"counters":[23,112],"Cursed Key":1,"Question Card":1,"Peace Pipe":3,"Blood Vial":22,"Lizard Tail":34,"Dream Catcher":3,"Pantograph":50,"Bloody Idol":65,"Prayer Wheel":11,"Champion Belt":[42],"obtain_stats":[{"Gremlin Horn":0,"Happy Flower":19,"Golden Idol":7,"Omamori":43,"Cursed Key":17,"Empty Cage":34,"Question Card":42,"Burning Blood":0,"Akabeko":0,"White Beast Statue":10,"Calling Bell":0,"Peace Pipe":0,"Blood Vial":25,"Lizard Tail":9,"Dream Catcher":27,"Matryoshka":28,"Pantograph":4,"Bloody Idol":21,"Prayer Wheel":12,"Champion Belt":14},{"Gremlin Horn":0,"Happy Flower":9,"Golden Idol":4,"Omamori":22,"Cursed Key":8,"Empty Cage":16,"Question Card":22,"Burning Blood":0,"Akabeko":0,"White Beast Statue":5,"Calling Bell":0,"Peace Pipe":0,"Blood Vial":12,"Lizard Tail":4,"Dream Catcher":13,"Matryoshka":13,"Pantograph":3,"Bloody Idol":9,"Prayer Wheel":6,"Champion Belt":7},{"Gremlin Horn":0,"Happy Flower":39,"Golden Idol":12,"Omamori":107,"Cursed Key":33,"Empty Cage":66,"Question Card":107,"Burning Blood":0,"Akabeko":0,"White Beast Statue":15,"Calling Bell":0,"Peace Pipe":0,"Blood Vial":51,"Lizard Tail":12,"Dream Catcher":54,"Matryoshka":54,"Pantograph":9,"Bloody Idol":39,"Prayer Wheel":18,"Champion Belt":20}]},"card_choices":[{"not_picked":["Intimidate","Thunderclap"],"picked":"Twin Strike","floor":1.0},{"not_picked":["Perfected Strike","Seeing Red"],"picked":"Anger","floor":2.0},{"not_picked":["Armaments","Thunderclap"],"picked":"Twin Strike","floor":3.0},{"not_picked":["Anger","Cleave"],"picked":"Carnage","floor":5.0},{"not_picked":["Heavy Blade","Berserk"],"picked":"Twin Strike","floor":10.0},{"not_picked":["Cleave","Carnage"],"picked":"Uppercut","floor":12.0},{"not_picked":["Searing Blow","Perfected Strike"],"picked":"Armaments","floor":13.0},{"not_picked":["Perfected Strike","Sword Boomerang","Pommel Strike"],"picked":"SKIP","floor":13.0},{"not_picked":["Berserk","Exhume"],"picked":"Bludgeon","floor":16.0},{"not_picked":["Rampage","Wild Strike"],"picked":"True Grit","floor":18.0},{"not_picked":["Clash","Warcry+1","Clothesline"],"picked":"SKIP","floor":18.0},{"not_picked":["True Grit","Cleave+1"],"picked":"Whirlwind","floor":22.0},{"not_picked":["Reckless Charge+1","Thunderclap","Dropkick"],"picked":"SKIP","floor":22.0},{"not_picked":["Pummel","Cleave"],"picked":"Feel No Pain","floor":24.0},{"not_picked":["Iron Wave","Hemokinesis","Perfected Strike"],"picked":"SKIP","floor":24.0},{"not_picked":["Rage","Rampage"],"picked":"Spot Weakness","floor":25.0},{"not_picked":["Bloodletting","Demon Form"],"picked":"Shrug It Off+1","floor":27.0},{"not_picked":["Thunderclap","Pommel Strike","Seeing Red"],"picked":"SKIP","floor":30.0},{"not_picked":["Anger","Headbutt","Twin Strike+1"],"picked":"SKIP","floor":30.0},{"not_picked":["Clothesline","Double Tap"],"picked":"Havoc+1","floor":31.0},{"not_picked":["Wild Strike","Intimidate","Body Slam"],"picked":"SKIP","floor":31.0},{"not_picked":["Exhume","Juggernaut"],"picked":"Feed","floor":33.0},{"not_picked":["Rampage","Anger"],"picked":"Shockwave","floor":35.0},{"not_picked":["Pommel Strike","Clash","Warcry"],"picked":"SKIP","floor":35.0},{"not_picked":["Clothesline","Ghostly Armor"],"picked":"Shrug It Off","floor":36.0},{"not_picked":["Clash","Thunderclap+1","Whirlwind"],"picked":"SKIP","floor":36.0},{"not_picked":["Body Slam","Whirlwind","Blood for Blood+1"],"picked":"SKIP","floor":37.0},{"not_picked":["Pommel Strike","Wild Strike","Perfected Strike"],"picked":"SKIP","floor":37.0},{"not_picked":["Entrench+1","Havoc"],"picked":"Spot Weakness","floor":38.0},{"not_picked":["Berserk","Twin Strike","Iron Wave"],"picked":"SKIP","floor":38.0},{"not_picked":["Uppercut","Armaments","Iron Wave"],"picked":"SKIP","floor":39},{"not_picked":["Clash","Anger","Headbutt"],"picked":"SKIP","floor":39},{"not_picked":["Violence","Mind Blast"],"picked":"Master of Strategy","floor":41},{"not_picked":["HandOfGreed","Forethought"],"picked":"Secret Weapon","floor":41},{"not_picked":["Whirlwind","Hemokinesis"],"picked":"Dark Embrace+1","floor":42},{"not_picked":["Warcry+1","Reckless Charge+1","Rage+1"],"picked":"Shockwave","floor":44}],"player_experience":1011282,"relics_obtained":[{"floor":0.0,"key":"Akabeko"},{"floor":0.0,"key":"Gremlin Horn"},{"floor":0.0,"key":"Peace Pipe"},{"floor":4.0,"key":"Pantograph"},{"floor":9.0,"key":"Lizard Tail"},{"floor":10.0,"key":"White Beast Statue"},{"floor":12.0,"key":"Prayer Wheel"},{"floor":25.0,"key":"Blood Vial"},{"floor":27.0,"key":"Dream Catcher"},{"floor":42,"key":"Question Card"},{"floor":43,"key":"Omamori"}],"event_choices":[{"damage_healed":0.0,"max_hp_gain":0.0,"max_hp_loss":7.0,"gold_gain":0.0,"event_name":"Golden Idol","player_choice":"Lose Max HP","floor":7.0,"gold_loss":0.0,"damage_taken":0.0,"relics_obtained":["Golden Idol"]},{"damage_healed":0.0,"max_hp_gain":0.0,"max_hp_loss":0.0,"gold_gain":0.0,"event_name":"Scrap Ooze","player_choice":"Success","floor":14.0,"gold_loss":0.0,"damage_taken":11.0,"relics_obtained":["Champion Belt"]},{"damage_healed":0.0,"max_hp_gain":0.0,"max_hp_loss":0.0,"gold_gain":0.0,"event_name":"The Library","player_choice":"Read","floor":20.0,"gold_loss":0.0,"damage_taken":0.0,"cards_obtained":["Inflame"]},{"damage_healed":0.0,"max_hp_gain":0.0,"max_hp_loss":0.0,"gold_gain":0.0,"event_name":"Forgotten Altar","player_choice":"Gave Idol","floor":21.0,"relics_lost":["Golden Idol"],"gold_loss":0.0,"damage_taken":0.0,"relics_obtained":["Bloody Idol"]},{"damage_healed":0.0,"max_hp_gain":0.0,"max_hp_loss":0.0,"gold_gain":0.0,"event_name":"Addict","player_choice":"Obtained Relic","floor":28.0,"gold_loss":85.0,"damage_taken":0.0,"relics_obtained":["Matryoshka"]},{"damage_healed":0,"gold_gain":0,"player_choice":"Memory 3","damage_taken":10,"max_hp_gain":0,"max_hp_loss":0,"event_name":"SensoryStone","floor":41,"gold_loss":0}],"is_beta":false,"boss_relics":[{"not_picked":["Astrolabe","Black Star"],"picked":"Cursed Key"},{"not_picked":["Runic Dome","Busted Crown"],"picked":"Empty Cage"}],"items_purged_floors":[8,19],"is_endless":false,"potions_floor_spawned":[3,10,12,13,16,18,22,24,25,27,30,31,33,35,36,37,38,39,42],"killed_by":"Writhing Mass","ascension_level":20}}