{"host":"ixbvfs3so5a39bhe","time":1609152959,"event":{"mods":["BaseMod","Minty Spire (QoL Compilation)","Quick Restart","StSLib"],"gold_per_floor":[114,114,126,145,159,189,203,203,203,203,216,230,241,271,271,271,271],"floor_reached":16,"playtime":894,"items_purged":[],"score":139,"play_id":"2c3a7735-2715-4f2c-972a-1b9cff11db0e","local_time":"20201228185559","is_ascension_mode":true,"campfire_choices":[{"data":"LikeWater","floor":8.0,"key":"SMITH"},{"floor":10.0,"key":"REST"},{"floor":15.0,"key":"REST"}],"circlet_count":0,"master_deck":["Strike_P","Strike_P","Strike_P","Strike_P","Defend_P","Defend_P","Defend_P","Defend_P","Eruption+1","Vigilance","CurseOfTheBell","LikeWater+1","EmptyBody"],"relics":["Calling Bell","Bronze Scales","Mummified Hand","Mango","HornCleat","Art of War","Omamori"],"acts_visited":[],"potions_floor_usage":[16,16],"damage_taken":[{"damage":12.0,"enemies":"Cultist","floor":1.0,"turns":3.0},{"damage":7.0,"enemies":"Jaw Worm","floor":3.0,"turns":3.0},{"damage":0.0,"enemies":"2 Louse","floor":4.0,"turns":2.0},{"damage":3.0,"enemies":"Looter","floor":5.0,"turns":2.0},{"damage":47.0,"enemies":"Lagavulin","floor":6.0,"turns":8.0},{"damage":0.0,"enemies":"Red Slaver","floor":7.0,"turns":3.0},{"damage":0.0,"enemies":"Large Slime","floor":11.0,"turns":6.0},{"damage":4.0,"enemies":"3 Louse","floor":12.0,"turns":3.0},{"damage":4.0,"enemies":"Blue Slaver","floor":13.0,"turns":5.0},{"damage":15.0,"enemies":"3 Sentries","floor":14.0,"turns":9.0},{"damage":47,"enemies":"Hexaghost","floor":16,"turns":15}],"seed_played":"-5615593594126779088","potions_obtained":[{"floor":1.0,"key":"Swift Potion"},{"floor":6.0,"key":"PowerPotion"},{"floor":12.0,"key":"Swift Potion"},{"floor":13.0,"key":"Dexterity Potion"}],"is_trial":false,"path_per_floor":["M","?","M","M","M","E","M","R","T","R","M","M","M","E","R","B"],"character_chosen":"WATCHER","items_purchased":[],"campfire_rested":2,"item_purchase_floors":[],"current_hp_per_floor":[74,74,67,67,64,17,17,17,17,42,42,38,34,19,44,0,0],"gold":271,"neow_bonus":"BOSS_RELIC","is_daily":false,"chose_seed":false,"campfire_upgraded":1,"win_rate":0.0,"timestamp":1609152959,"path_taken":["M","?","M","?","M","E","M","R","T","R","M","M","M","E","R","BOSS"],"items_purchased_type":[],"build_version":"2020-12-22","purchased_purges":0,"victory":false,"max_hp_per_floor":[86,86,86,86,86,86,86,86,86,86,86,86,86,86,86,86,86],"card_choices":[{"not_picked":["CrushJoints","BowlingBash","Prostrate"],"picked":"SKIP","floor":1.0},{"not_picked":["Crescendo","FlyingSleeves","Consecrate"],"picked":"SKIP","floor":3.0},{"not_picked":["Sanctity","WheelKick","Fasting2"],"picked":"SKIP","floor":4.0},{"not_picked":["ReachHeaven","CutThroughFate","Crescendo"],"picked":"SKIP","floor":5.0},{"not_picked":["Protect","Halt"],"picked":"LikeWater","floor":6.0},{"not_picked":["CutThroughFate","ForeignInfluence","Protect"],"picked":"SKIP","floor":7.0},{"not_picked":["Evaluate","CarveReality","Crescendo"],"picked":"SKIP","floor":11.0},{"not_picked":["FlyingSleeves","Scrawl"],"picked":"EmptyBody","floor":12.0},{"not_picked":["Crescendo","BowlingBash","JustLucky"],"picked":"SKIP","floor":13.0},{"not_picked":["Blasphemy","WindmillStrike","FlyingSleeves"],"picked":"SKIP","floor":14.0}],"player_experience":203068,"relics_obtained":[{"floor":0.0,"key":"Bronze Scales"},{"floor":0.0,"key":"Mummified Hand"},{"floor":0.0,"key":"Mango"},{"floor":6.0,"key":"HornCleat"},{"floor":9.0,"key":"Art of War"},{"floor":14.0,"key":"Omamori"}],"event_choices":[{"damage_healed":0.0,"max_hp_gain":0.0,"max_hp_loss":0.0,"gold_gain":0.0,"event_name":"Upgrade Shrine","player_choice":"Upgraded","floor":2.0,"gold_loss":0.0,"damage_taken":0.0,"cards_upgraded":["Eruption"]}],"is_beta":false,"boss_relics":[],"items_purged_floors":[],"is_endless":false,"potions_floor_spawned":[1,6,12,13],"killed_by":"Hexaghost","ascension_level":4}}