{"host":"raai0vtvcfkt8csp","time":1609196929,"event":{"mods":["2.2 Compatiblity","AchievementEnabler","BaseMod","Block Reminder","DeckTracker","Defective Defect","GifTheSpireLib","Minty Spire (QoL Compilation)","Quick Restart","Random Character Button","Rare Cards Sparkle","StSLib","Unceasing Turn Reminder"],"gold_per_floor":[115,133,144,144,162,197,197,228,228,228,258,281,307,338,338,338,338],"floor_reached":16,"playtime":839,"items_purged":[],"score":126,"play_id":"3c4c6832-41ec-48d3-9a3b-a1e698ce7f4e","local_time":"20201229000849","is_ascension_mode":true,"campfire_choices":[{"floor":7,"key":"REST"},{"data":"Armaments","floor":10,"key":"SMITH"},{"data":"Combust","floor":15,"key":"SMITH"}],"circlet_count":0,"master_deck":["Strike_R","Strike_R","Strike_R","Defend_R","Defend_R","Defend_R","Defend_R","Bash","Fiend Fire","Power Through","Anger","Iron Wave","Entrench","Armaments+1","Limit Break","Combust+1","Shockwave","Hemokinesis"],"relics":["Burning Blood","Golden Idol","The Courier","Regal Pillow","Gremlin Horn","Magic Flower","Smiling Mask"],"acts_visited":["Exordium"],"potions_floor_usage":[6,6,8,14],"damage_taken":[{"damage":1,"enemies":"Jaw Worm","floor":1,"turns":2},{"damage":2,"enemies":"2 Louse","floor":2,"turns":4},{"damage":2,"enemies":"Cultist","floor":3,"turns":5},{"damage":3,"enemies":"3 Louse","floor":5,"turns":5},{"damage":10,"enemies":"Lagavulin","floor":6,"turns":9},{"damage":19,"enemies":"3 Sentries","floor":8,"turns":11},{"damage":2,"enemies":"Blue Slaver","floor":12,"turns":4},{"damage":14,"enemies":"Lagavulin","floor":14,"turns":8},{"damage":64,"enemies":"The Guardian","floor":16,"turns":9}],"seed_played":"-7052125941574755174","potions_obtained":[{"floor":1,"key":"ColorlessPotion"},{"floor":2,"key":"DistilledChaos"},{"floor":3,"key":"FearPotion"},{"floor":12,"key":"Weak Potion"}],"is_trial":false,"path_per_floor":["M","M","M","?","M","E","R","E","T","R","?","M","T","E","R","B"],"character_chosen":"IRONCLAD","items_purchased":[],"campfire_rested":1,"item_purchase_floors":[],"current_hp_per_floor":[61,65,69,49,52,48,72,59,59,59,59,66,66,61,61,0,0],"gold":338,"neow_bonus":"TRANSFORM_TWO_CARDS","is_daily":false,"chose_seed":false,"campfire_upgraded":2,"win_rate":0.0,"timestamp":1609196929,"path_taken":["M","M","M","?","M","E","R","E","T","R","?","M","?","E","R","BOSS"],"items_purchased_type":[],"build_version":"2020-12-22","purchased_purges":0,"victory":false,"max_hp_per_floor":[80,80,80,80,80,80,80,80,80,80,80,80,80,80,80,80,80],"card_choices":[{"not_picked":["Warcry","Second Wind"],"picked":"Anger","floor":1},{"not_picked":["Searing Blow","Body Slam"],"picked":"Iron Wave","floor":2},{"not_picked":["Sever Soul","Headbutt"],"picked":"Entrench","floor":3},{"not_picked":["Searing Blow","Warcry"],"picked":"Armaments","floor":5},{"not_picked":["Fiend Fire","Perfected Strike"],"picked":"Limit Break","floor":6},{"not_picked":["Iron Wave","Twin Strike"],"picked":"Combust","floor":8},{"not_picked":["Anger","Whirlwind"],"picked":"Shockwave","floor":12},{"not_picked":["Anger","Twin Strike"],"picked":"Hemokinesis","floor":14}],"player_experience":475937,"relics_obtained":[{"floor":6,"key":"The Courier"},{"floor":8,"key":"Regal Pillow"},{"floor":9,"key":"Gremlin Horn"},{"floor":14,"key":"Smiling Mask"}],"event_choices":[{"damage_healed":0,"gold_gain":0,"player_choice":"Take Damage","damage_taken":20,"relics_obtained":["Golden Idol"],"max_hp_gain":0,"max_hp_loss":0,"event_name":"Golden Idol","floor":4,"gold_loss":0},{"damage_healed":0,"gold_gain":30,"player_choice":"Searched \u00273\u0027 times","damage_taken":0,"relics_obtained":["Magic Flower"],"max_hp_gain":0,"max_hp_loss":0,"event_name":"Dead Adventurer","floor":11,"gold_loss":0}],"is_beta":false,"boss_relics":[],"items_purged_floors":[],"is_endless":false,"potions_floor_spawned":[1,2,3,12],"killed_by":"The Guardian","ascension_level":1}}