{"host":"dhyczjm99amxd3qx","time":1609121653,"event":{"mods":["BaseMod","Colored Map","Googly Eyes","Highlight Path","Minty Spire (QoL Compilation)","Quick Restart","StSLib"],"gold_per_floor":[116,130,130,147,166,166,166,179,206,241,255,308,337,348,348,446,446,461,476,566,566,566,566,566],"floor_reached":23,"playtime":1649,"items_purged":[],"score":228,"play_id":"75a53cce-6cbb-4418-81a6-cc7c122cad8b","local_time":"20201227211413","is_ascension_mode":false,"campfire_choices":[{"data":"Bouncing Flask","floor":7,"key":"SMITH"},{"floor":15,"key":"REST"}],"circlet_count":0,"master_deck":["Defend_G","Defend_G+1","Defend_G","Defend_G+1","Defend_G","Survivor","Neutralize+1","Bouncing Flask+1","Poisoned Stab","Footwork","Adrenaline","Distraction","Distraction","Tools of the Trade","Bite","Bite","Bite","Bite","Bite"],"relics":["Ring of the Snake","Smiling Mask","Dream Catcher","Strawberry","Juzu Bracelet","HoveringKite"],"acts_visited":["Exordium","TheCity"],"potions_floor_usage":[8,10,13,16,19,23],"damage_taken":[{"damage":0.0,"enemies":"Jaw Worm","floor":1.0,"turns":6.0},{"damage":1.0,"enemies":"Cultist","floor":2.0,"turns":5.0},{"damage":0,"enemies":"Small Slimes","floor":4,"turns":3},{"damage":0,"enemies":"Exordium Wildlife","floor":5,"turns":2},{"damage":4,"enemies":"Gremlin Gang","floor":8,"turns":5},{"damage":24,"enemies":"Gremlin Nob","floor":10,"turns":5},{"damage":2,"enemies":"Blue Slaver","floor":11,"turns":4},{"damage":9,"enemies":"3 Sentries","floor":13,"turns":7},{"damage":0,"enemies":"2 Fungi Beasts","floor":14,"turns":3},{"damage":4,"enemies":"Slime Boss","floor":16,"turns":8},{"damage":13,"enemies":"3 Byrds","floor":18,"turns":7},{"damage":7,"enemies":"Spheric Guardian","floor":19,"turns":4},{"damage":54,"enemies":"Slavers","floor":23,"turns":7}],"seed_played":"6292177313793121739","potions_obtained":[{"floor":4,"key":"CultistPotion"},{"floor":5,"key":"LiquidBronze"},{"floor":11,"key":"Dexterity Potion"},{"floor":14,"key":"CunningPotion"},{"floor":18,"key":"Regen Potion"},{"floor":19,"key":"Fire Potion"}],"is_trial":false,"path_per_floor":["M","M","?","M","M","?","R","M","T","E","M","T","E","M","R","B",null,"M","M","?","?","?","E"],"character_chosen":"THE_SILENT","items_purchased":[],"campfire_rested":1,"item_purchase_floors":[],"current_hp_per_floor":[70,69,69,69,69,55,55,51,51,27,25,32,23,23,46,42,77,64,71,59,45,45,0,0],"gold":566,"neow_bonus":"UPGRADE_CARD","is_daily":false,"chose_seed":false,"campfire_upgraded":1,"win_rate":0.0,"timestamp":1609121653,"path_taken":["M","M","?","?","M","?","R","M","T","E","M","?","E","M","R","BOSS","M","M","?","?","?","E"],"items_purchased_type":[],"build_version":"2020-12-22","purchased_purges":0,"victory":false,"max_hp_per_floor":[70,70,70,70,70,70,70,70,70,70,70,77,77,77,77,77,77,77,77,77,82,57,57,57],"card_choices":[{"not_picked":["Flying Knee","Flechettes","Sucker Punch"],"picked":"SKIP","floor":1.0},{"not_picked":["Bane","Outmaneuver"],"picked":"Bouncing Flask","floor":2.0},{"not_picked":["Skewer","Reflex"],"picked":"Poisoned Stab","floor":4},{"not_picked":["Acrobatics","Blade Dance"],"picked":"Footwork","floor":5},{"not_picked":["Dash","Wraith Form v2","Terror"],"picked":"SKIP","floor":8},{"not_picked":["Dagger Throw","PiercingWail"],"picked":"Adrenaline","floor":10},{"not_picked":["Underhanded Strike","Tactician"],"picked":"Distraction","floor":11},{"not_picked":["Prepared","Masterful Stab","Caltrops"],"picked":"SKIP","floor":13},{"not_picked":["Dagger Throw","Acrobatics","Eviscerate"],"picked":"SKIP","floor":14},{"not_picked":["Blade Dance","Catalyst"],"picked":"Distraction","floor":15},{"not_picked":["Envenom","Night Terror"],"picked":"Tools of the Trade","floor":16},{"not_picked":["Underhanded Strike","PiercingWail","Well Laid Plans+1"],"picked":"SKIP","floor":18},{"not_picked":["Dagger Spray","Flechettes","Bane"],"picked":"SKIP","floor":19}],"player_experience":116987,"relics_obtained":[{"floor":9,"key":"Smiling Mask"},{"floor":10,"key":"Dream Catcher"},{"floor":12,"key":"Strawberry"},{"floor":13,"key":"Juzu Bracelet"}],"event_choices":[{"damage_healed":0.0,"max_hp_gain":0.0,"max_hp_loss":0.0,"gold_gain":0.0,"event_name":"NoteForYourself","player_choice":"Ignored","floor":3.0,"gold_loss":0.0,"damage_taken":0.0},{"damage_healed":0,"gold_gain":0,"player_choice":"Entered Light","damage_taken":14,"max_hp_gain":0,"max_hp_loss":0,"event_name":"Shining Light","floor":6,"gold_loss":0,"cards_upgraded":["Defend_G","Defend_G"]},{"damage_healed":0,"gold_gain":90,"player_choice":"GOLD ","damage_taken":12,"max_hp_gain":0,"max_hp_loss":0,"event_name":"Knowing Skull","floor":20,"potions_obtained":[],"gold_loss":0,"cards_obtained":[]},{"damage_healed":0,"gold_gain":0,"player_choice":"Shed Blood","damage_taken":19,"max_hp_gain":5,"max_hp_loss":0,"event_name":"Forgotten Altar","floor":21,"gold_loss":0},{"damage_healed":0,"gold_gain":0,"player_choice":"Became a vampire","damage_taken":0,"max_hp_gain":0,"max_hp_loss":25,"event_name":"Vampires","floor":22,"gold_loss":0,"cards_obtained":["Bite","Bite","Bite","Bite","Bite"]}],"is_beta":false,"boss_relics":[{"not_picked":["Ectoplasm","Tiny House"],"picked":"HoveringKite"}],"items_purged_floors":[],"is_endless":false,"potions_floor_spawned":[4,5,11,14,18,19],"killed_by":"Slavers","ascension_level":0}}