{"host":"74dd5wft8qrvuqwb","time":1609161519,"event":{"mods":["2.2 Compatiblity","Act Like it!","Ascension Reborn","Aspiration","BaseMod","Better Altar","Better Skull","Better Third Choice","Block Reminder","CapriCore","Colored Powertips","DeckTracker","Elementarium","Gensokyo","Hallownest","Hermit","Hubris","Infinite Spire","Marisa????????","Minty Spire (QoL Compilation)","Quick Restart","READ ME - Guardian Mod","Rare Cards Sparkle","Relic Stats","StSLib","The Bug Knight","The Cursed","The Disciple","The Elementalist","The Exalted","The Immortal","The Mystic","The Necromancer","The Runesmith","The Servant 0.9.4"],"gold_per_floor":[209,223,4,20,34,63,78,92,92,105,155,155,181,194,194,194,194],"floor_reached":16,"playtime":1063,"items_purged":[],"score":116,"play_id":"40c3fd20-df8b-42b3-93a2-dd2fbc845d90","local_time":"20201228141839","is_ascension_mode":true,"campfire_choices":[{"floor":12,"key":"REST"},{"floor":15,"key":"REST"}],"circlet_count":0,"master_deck":["hermit:Strike_Hermit","hermit:Strike_Hermit","hermit:Strike_Hermit","hermit:Strike_Hermit","hermit:Defend_Hermit","hermit:Defend_Hermit","hermit:Defend_Hermit+1","hermit:Defend_Hermit","hermit:Snapshot","hermit:Covet+1","hermit:ShadowCloak","hermit:Determination","hermit:EyeOfTheStorm","hermit:HoleUp","hermit:Brawl","hermit:Ricochet","hermit:TakeCover","hermit:Snipe","hermit:Virtue","hermit:TakeAim"],"relics":["hermit:Momento","hubris:EmptyBottle","War Paint","InkBottle","Pear"],"acts_visited":["Exordium"],"potions_floor_usage":[5,6,7,8,10,10,14,14],"damage_taken":[{"damage":0,"enemies":"infinitespire:Voidling","floor":1,"turns":4},{"damage":1,"enemies":"Cultist","floor":2,"turns":4},{"damage":5,"enemies":"Small Slimes","floor":4,"turns":5},{"damage":14,"enemies":"3 Louse","floor":5,"turns":5},{"damage":18,"enemies":"Lagavulin","floor":6,"turns":10},{"damage":17,"enemies":"Large Slime","floor":7,"turns":7},{"damage":7,"enemies":"Blue Slaver","floor":8,"turns":4},{"damage":7,"enemies":"Gremlin Gang","floor":10,"turns":5},{"damage":1,"enemies":"HollowMod:MossKnight","floor":13,"turns":10},{"damage":29,"enemies":"Exordium Thugs","floor":14,"turns":6},{"damage":38,"enemies":"The Guardian","floor":16,"turns":10}],"seed_played":"-6774177308190830348","potions_obtained":[{"floor":1,"key":"SkillPotion"},{"floor":5,"key":"PowerPotion"},{"floor":7,"key":"SpeedPotion"},{"floor":10,"key":"Strength Potion"}],"is_trial":false,"path_per_floor":["M","M","$","M","M","E","M","M","T","M","?","R","E","M","R","B"],"character_chosen":"HERMIT","items_purchased":["hermit:EyeOfTheStorm","hubris:EmptyBottle"],"campfire_rested":2,"item_purchase_floors":[3,3],"current_hp_per_floor":[75,74,74,69,55,37,20,13,13,6,6,28,37,8,33,0,0],"gold":194,"neow_bonus":"HUNDRED_GOLD","is_daily":false,"chose_seed":false,"campfire_upgraded":0,"win_rate":0.0,"timestamp":1609161519,"path_taken":["M","?","$","M","M","E","M","M","T","M","?","R","E","M","R","BOSS"],"items_purchased_type":["Card","Relic"],"build_version":"2020-12-22","purchased_purges":0,"victory":false,"max_hp_per_floor":[75,75,75,75,75,75,75,75,75,75,75,75,85,85,85,85,85],"relic_stats":{"counters":[11,70],"War Paint":["hermit:Covet","hermit:Defend_Hermit"],"obtain_stats":[{"Pear":13,"hubris:EmptyBottle":3,"War Paint":6,"hermit:Momento":0,"InkBottle":9},{"Pear":9,"hubris:EmptyBottle":2,"War Paint":5,"hermit:Momento":0,"InkBottle":7},{"Pear":54,"hubris:EmptyBottle":8,"War Paint":28,"hermit:Momento":0,"InkBottle":39}],"InkBottle":[9]},"card_choices":[{"not_picked":["hermit:Headshot","hermit:EyeOfTheStorm"],"picked":"hermit:ShadowCloak","floor":1},{"not_picked":["hermit:Headshot","hermit:Spite"],"picked":"hermit:Determination","floor":2},{"not_picked":["hermit:LowProfile","hermit:Coalescence"],"picked":"hermit:HoleUp","floor":4},{"not_picked":["hermit:FullyLoaded","hermit:LowProfile"],"picked":"hermit:Brawl","floor":5},{"not_picked":["hermit:SprayPray","hermit:Dive"],"picked":"hermit:Ricochet","floor":6},{"not_picked":["hermit:LowProfile","hermit:HighCaliber"],"picked":"hermit:TakeCover","floor":7},{"not_picked":["hermit:SprayPray","hermit:HoleUp"],"picked":"hermit:Snipe","floor":8},{"not_picked":["hermit:BodyArmor","hermit:HoleUp","hermit:HighCaliber"],"picked":"SKIP","floor":10},{"not_picked":["hermit:TrackingShot","hermit:NoHoldsBarred"],"picked":"hermit:Virtue","floor":13},{"not_picked":["hermit:Midnight","hermit:Quickdraw"],"picked":"hermit:TakeAim","floor":14}],"player_experience":432803,"relics_obtained":[{"floor":6,"key":"War Paint"},{"floor":9,"key":"InkBottle"},{"floor":13,"key":"Pear"}],"event_choices":[],"is_beta":false,"boss_relics":[],"items_purged_floors":[],"is_endless":false,"potions_floor_spawned":[1,5,7,10],"killed_by":"The Guardian","ascension_level":0}}