{"host":"jkgg7n5hn1slsm35","time":1609193218,"event":{"mods":["Aspiration","BaseMod","BetterRewards","Conspire","Googly Eyes","Gremlin Skip","Halation","Highlight Path","Hubris","Infinite Spire","Minty Spire (QoL Compilation)","Permanent Neow","StSLib","SuperFastMode","vexMod"],"gold_per_floor":[115,129,229,82,82,82,97,97,97,124,144,144,161,90,90,167,167,179,179,35,51,51,64,64,64,64,76,76,76],"floor_reached":28,"playtime":519,"items_purged":["Strike_B"],"score":360,"play_id":"c6ba76d8-21c6-42bc-b8aa-adb66b141428","local_time":"20201228230658","is_ascension_mode":true,"campfire_choices":[{"data":"Defragment","floor":6,"key":"SMITH"},{"data":"Zap","floor":8,"key":"SMITH"},{"floor":15,"key":"REST"},{"floor":24,"key":"REST"}],"circlet_count":0,"master_deck":["AscendersBane","Strike_B","Strike_B","Strike_B","Defend_B","Defend_B","Defend_B","Defend_B","Zap+1","Dualcast","Go for the Eyes","Ball Lightning","Defragment+1","Steam","White Noise","Capacitor","Machine Learning","Defragment","Sweeping Beam+1"],"relics":["Cracked Core","Oddly Smooth Stone","Bronze Scales","Mummified Hand","infinitespire:Cupcake","PreservedInsect","MutagenicStrength","hubris:DisguiseKit"],"acts_visited":["Exordium","TheCity"],"potions_floor_usage":[],"damage_taken":[{"damage":0,"enemies":"Small Slimes","floor":1,"turns":4},{"damage":1,"enemies":"Cultist","floor":2,"turns":4},{"damage":7,"enemies":"2 Louse","floor":7,"turns":2},{"damage":14,"enemies":"Lagavulin","floor":10,"turns":5},{"damage":9,"enemies":"2 Fungi Beasts","floor":11,"turns":3},{"damage":1,"enemies":"Exordium Thugs","floor":13,"turns":3},{"damage":25,"enemies":"The Guardian","floor":16,"turns":9},{"damage":12,"enemies":"Chosen","floor":18,"turns":4},{"damage":14,"enemies":"3 Byrds","floor":21,"turns":3},{"damage":30,"enemies":"Snake Plant","floor":23,"turns":3},{"damage":28,"enemies":"Snecko","floor":27,"turns":6},{"damage":4,"enemies":"Sentry and Sphere","floor":28,"turns":2}],"seed_played":"-8384158496475808710","potions_obtained":[{"floor":1,"key":"Explosive Potion"},{"floor":18,"key":"FocusPotion"},{"floor":21,"key":"Dexterity Potion"}],"is_trial":false,"path_per_floor":["M","M","?","$","?","R","M","R","T","E","M","?","M","$","R","B",null,"M","?","$","M","$","M","R","?","T","M","M"],"character_chosen":"DEFECT","items_purchased":["Defragment","Capacitor","PreservedInsect"],"campfire_rested":2,"item_purchase_floors":[4,14,20],"current_hp_per_floor":[68,67,67,67,74,74,67,67,67,53,44,44,43,43,65,40,66,54,54,54,40,40,10,32,32,32,4,0,0],"gold":76,"neow_bonus":"RANDOM_COMMON_RELIC","is_daily":false,"chose_seed":false,"campfire_upgraded":2,"win_rate":0.0,"timestamp":1609193218,"path_taken":["M","M","?","?","?","R","M","R","T","E","M","?","M","$","R","BOSS","M","?","$","M","$","M","R","?","T","M","M"],"items_purchased_type":["Card","Card","Relic"],"build_version":"2020-12-22","purchased_purges":1,"victory":false,"max_hp_per_floor":[75,75,75,75,75,75,75,75,75,75,75,75,75,75,75,75,75,75,75,75,75,75,75,75,75,75,75,75,75],"card_choices":[{"not_picked":["Cold Snap","Chill"],"picked":"Go for the Eyes","floor":1},{"not_picked":["Rainbow","Sweeping Beam"],"picked":"Ball Lightning","floor":2},{"not_picked":["Cold Snap","Leap","Hologram"],"picked":"SKIP","floor":7},{"not_picked":["Cold Snap","Fusion","conspire:SharedLibrary"],"picked":"SKIP","floor":10},{"not_picked":["Ball Lightning","Gash"],"picked":"Steam","floor":11},{"not_picked":["Sweeping Beam","Sunder"],"picked":"White Noise","floor":13},{"not_picked":["Echo Form","hubris:Prefetch"],"picked":"Machine Learning","floor":16},{"not_picked":["Scrape","Steam","Darkness"],"picked":"SKIP","floor":18},{"not_picked":["Fusion","Sweeping Beam"],"picked":"Defragment","floor":21},{"not_picked":["BootSequence","Scrape"],"picked":"Sweeping Beam+1","floor":23},{"not_picked":["Barrage","Turbo","Steam","Riddle With Holes"],"picked":"SKIP","floor":27}],"player_experience":1797853,"relics_obtained":[{"floor":9,"key":"Bronze Scales"},{"floor":10,"key":"Mummified Hand"},{"floor":26,"key":"hubris:DisguiseKit"}],"event_choices":[{"damage_healed":0,"gold_gain":100,"player_choice":"Pray","damage_taken":0,"max_hp_gain":0,"max_hp_loss":0,"event_name":"Golden Shrine","floor":3,"gold_loss":0},{"damage_healed":0,"gold_gain":0,"player_choice":"Bought 0 Potions","damage_taken":0,"max_hp_gain":0,"max_hp_loss":0,"event_name":"The Woman in Blue","floor":12,"gold_loss":0},{"damage_healed":0,"gold_gain":0,"player_choice":"Ignored","damage_taken":0,"max_hp_gain":0,"max_hp_loss":0,"event_name":"Cursed Tome","floor":19,"gold_loss":0},{"damage_healed":0,"gold_gain":0,"player_choice":"Inject Mutagens","damage_taken":0,"relics_obtained":["MutagenicStrength"],"max_hp_gain":0,"max_hp_loss":0,"event_name":"Drug Dealer","floor":25,"gold_loss":0}],"is_beta":false,"boss_relics":[{"not_picked":["hubris:Stopwatch","Ectoplasm"],"picked":"infinitespire:Cupcake"}],"items_purged_floors":[4],"is_endless":false,"potions_floor_spawned":[1,18,21,27],"killed_by":"Sentry and Sphere","ascension_level":13}}