{"host":"ofo1c8vhbvqfz1lu","time":1609178493,"event":{"mods":["BaseMod","Better Note","Colored Powertips","Energized Spire","Minty Spire (QoL Compilation)","SIMod","Shade Mod","StSLib","Starting Relic: Pandora\u0027s Box","The Runesmith"],"gold_per_floor":[114,189,364,391,411,411,411,430,455,455,755,53,74,87,87,217,217,241,241,241,256,177,177,177],"floor_reached":23,"playtime":880,"items_purged":["Doubt"],"score":179,"play_id":"f458a720-b17f-4f16-ac29-3a8ecd1671c0","local_time":"20201228190133","is_ascension_mode":false,"campfire_choices":[{"data":"Runesmith:HammerThrow","floor":6,"key":"SMITH"},{"floor":15,"key":"REST"}],"circlet_count":0,"master_deck":["Runesmith:CraftFirestone","Runesmith:Fortify","Runesmith:Grindstone","Runesmith:CraftObretio","Runesmith:HammerThrow+1","Runesmith:ShiftingStrike+1","Runesmith:Terraform","Runesmith:RunicBlueprint","Runesmith:OneForEveryone","Runesmith:RuneHurl","Runesmith:EnergizedChisel","Runesmith:LithiumIon","Runesmith:FissionHammer","Runesmith:EarthShield","Runesmith:LightningRod","Runesmith:HeatedChisel","Runesmith:Permafrost","Runesmith:Retool","Runesmith:GoWithTheFlow"],"relics":["Runesmith:CoreCrystal","NeowsBlessing","Nunchaku","Bronze Scales","Golden Idol","Old Coin","Bird Faced Urn","Runesmith:MiniCore"],"acts_visited":["Exordium","TheCity"],"potions_floor_usage":[],"damage_taken":[{"damage":0,"enemies":"Jaw Worm","floor":1,"turns":1},{"damage":0,"enemies":"Small Slimes","floor":5,"turns":1},{"damage":0,"enemies":"2 Louse","floor":8,"turns":1},{"damage":0,"enemies":"Exordium Wildlife","floor":13,"turns":4},{"damage":0,"enemies":"Looter","floor":14,"turns":1},{"damage":6,"enemies":"Slime Boss","floor":16,"turns":7},{"damage":2,"enemies":"Shell Parasite","floor":18,"turns":5},{"damage":8,"enemies":"Spheric Guardian","floor":21,"turns":4},{"damage":77,"enemies":"Slavers","floor":23,"turns":5}],"seed_played":"3670930731146332879","potions_obtained":[{"floor":5,"key":"SkillPotion"},{"floor":14,"key":"LiquidMemories"},{"floor":18,"key":"ColorlessPotion"}],"is_trial":false,"path_per_floor":["M","?","?","T","M","R","?","M","T","?","?","$","M","M","R","B",null,"M","?","?","M","$","E"],"character_chosen":"RUNESMITH_CLASS","items_purchased":["Bird Faced Urn","Runesmith:MiniCore","Runesmith:LithiumIon","Runesmith:FissionHammer","Runesmith:GoWithTheFlow"],"campfire_rested":1,"item_purchase_floors":[12,12,12,12,22],"current_hp_per_floor":[70,59,59,59,59,59,45,45,45,28,25,25,27,27,48,44,70,68,68,68,64,64,0,0],"gold":177,"neow_bonus":"THREE_ENEMY_KILL","is_daily":false,"chose_seed":false,"campfire_upgraded":1,"win_rate":0.0,"timestamp":1609178493,"path_taken":["M","?","?","?","M","R","?","M","T","?","?","$","M","M","R","BOSS","M","?","?","M","$","E"],"items_purchased_type":["Relic","Relic","Card","Card","Card"],"build_version":"2020-12-22","purchased_purges":1,"victory":false,"max_hp_per_floor":[70,70,70,70,70,70,70,70,70,70,70,70,70,70,70,70,70,70,70,70,70,70,70,70],"card_choices":[{"not_picked":["Runesmith:UnstableHammer","Runesmith:BackupBattery"],"picked":"Runesmith:OneForEveryone","floor":1},{"not_picked":["Runesmith:StaticCage","Runesmith:Attraction"],"picked":"Runesmith:RuneHurl","floor":5},{"not_picked":["Runesmith:RuneHurl","Runesmith:RunicBlueprint"],"picked":"Runesmith:EnergizedChisel","floor":8},{"not_picked":["Runesmith:ShiftingStrike","Runesmith:HeatExchange"],"picked":"Runesmith:EarthShield","floor":13},{"not_picked":["Runesmith:Attraction","Runesmith:Augment","Runesmith:Prism"],"picked":"SKIP","floor":14},{"not_picked":["Runesmith:CraftMedicinae","Runesmith:GrandSlam"],"picked":"Runesmith:LightningRod","floor":16},{"not_picked":["Runesmith:ChargedHammer","Runesmith:EnergizedChisel"],"picked":"Runesmith:HeatedChisel","floor":18},{"not_picked":["Runesmith:CraftProtectio","Runesmith:Permafrost","Runesmith:MakeshiftArmor"],"picked":"SKIP","floor":21}],"player_experience":474108,"relics_obtained":[{"floor":4,"key":"Nunchaku"},{"floor":9,"key":"Bronze Scales"}],"event_choices":[{"damage_healed":0,"gold_gain":75,"player_choice":"Gather Gold","damage_taken":11,"max_hp_gain":0,"max_hp_loss":0,"event_name":"World of Goop","floor":2,"gold_loss":0},{"damage_healed":0,"gold_gain":175,"player_choice":"AGREE","damage_taken":0,"max_hp_gain":0,"max_hp_loss":0,"event_name":"Liars Game","floor":3,"gold_loss":0,"cards_obtained":["Doubt"]},{"damage_healed":0,"gold_gain":0,"player_choice":"Entered Light","damage_taken":14,"max_hp_gain":0,"max_hp_loss":0,"event_name":"Shining Light","floor":7,"gold_loss":0,"cards_upgraded":["Runesmith:ShiftingStrike","Runesmith:Firewall"]},{"damage_healed":0,"gold_gain":0,"player_choice":"Take Damage","damage_taken":17,"relics_obtained":["Golden Idol"],"max_hp_gain":0,"max_hp_loss":0,"event_name":"Golden Idol","floor":10,"gold_loss":0},{"damage_healed":0,"gold_gain":0,"player_choice":"Success","damage_taken":3,"relics_obtained":["Old Coin"],"max_hp_gain":0,"max_hp_loss":0,"event_name":"Scrap Ooze","floor":11,"gold_loss":0},{"damage_healed":0,"gold_gain":0,"player_choice":"Ignored","damage_taken":0,"max_hp_gain":0,"max_hp_loss":0,"event_name":"betterNote:BetterNote","floor":19,"gold_loss":0,"cards_obtained":["Multi-Cast"]},{"damage_healed":0,"gold_gain":0,"cards_transformed":["Runesmith:Firewall","Runesmith:MakeshiftArmor"],"player_choice":"Became Test Subject","damage_taken":0,"max_hp_gain":0,"max_hp_loss":0,"event_name":"Drug Dealer","floor":20,"gold_loss":0,"cards_obtained":["Runesmith:Permafrost","Runesmith:Retool"]}],"is_beta":false,"boss_relics":[{"not_picked":["Calling Bell","energizedSpire:MagnifyingGlass"],"picked":"Runesmith:CoreCrystal"}],"items_purged_floors":[12],"is_endless":false,"potions_floor_spawned":[5,14,18],"killed_by":"Slavers","ascension_level":0}}