{"host":"t7pj92rmddqyxjfj","time":1609127047,"event":{"mods":["AchievementEnabler","Bard","BaseMod","Colored Map","Colored Powertips","Duelist Mod","Hermit","Minty Spire (QoL Compilation)","StSLib","SuperFastMode"],"gold_per_floor":[112,129,54,74,74,74,74,91,91,102,129,146,164,164,164,265,265,284,284,284,300,312,411,421,421,447,466,477,477,494,508,508,605,605,620,620,620,634,645,645,674,674,674,674,674],"floor_reached":44,"playtime":1311,"items_purged":["Strike_B"],"score":446,"play_id":"2fa9aa85-576c-4191-bf31-095f44724f46","local_time":"20201227204407","is_ascension_mode":false,"campfire_choices":[{"floor":6,"key":"RECALL"},{"data":"Consume","floor":15,"key":"SMITH"},{"floor":25,"key":"REST"},{"floor":29,"key":"REST"},{"floor":32,"key":"REST"},{"floor":40,"key":"REST"},{"floor":42,"key":"REST"}],"circlet_count":0,"master_deck":["Strike_B","Strike_B","Defend_B","Defend_B","Defend_B","Defend_B","Zap","Dualcast","Chill","Melter","Consume+1","Lockon","Blizzard","Chill","Cold Snap+1","Cold Snap+1","Glacier+1","Defragment","Rainbow"],"relics":["Cracked Core","NeowsBlessing","Mercury Hourglass","Shuriken","Vajra","SlaversCollar","Nilry\u0027s Codex","Fusion Hammer","Symbiotic Virus","Darkstone Periapt"],"acts_visited":["Exordium","TheCity","TheBeyond"],"potions_floor_usage":[11,13,21,22,27,33,33,38],"damage_taken":[{"damage":0,"enemies":"Jaw Worm","floor":1,"turns":1},{"damage":0,"enemies":"Cultist","floor":2,"turns":1},{"damage":0,"enemies":"Small Slimes","floor":4,"turns":1},{"damage":0,"enemies":"Looter","floor":8,"turns":3},{"damage":0,"enemies":"Large Slime","floor":10,"turns":5},{"damage":6,"enemies":"3 Sentries","floor":11,"turns":9},{"damage":0,"enemies":"2 Fungi Beasts","floor":12,"turns":2},{"damage":10,"enemies":"Lots of Slimes","floor":13,"turns":3},{"damage":28,"enemies":"The Guardian","floor":16,"turns":10},{"damage":0,"enemies":"Spheric Guardian","floor":18,"turns":1},{"damage":6,"enemies":"2 Thieves","floor":21,"turns":5},{"damage":20,"enemies":"Snecko","floor":22,"turns":5},{"damage":2,"enemies":"3 Cultists","floor":24,"turns":4},{"damage":13,"enemies":"Snake Plant","floor":27,"turns":5},{"damage":10,"enemies":"Chosen and Byrds","floor":28,"turns":4},{"damage":2,"enemies":"Snecko","floor":30,"turns":6},{"damage":2,"enemies":"Centurion and Healer","floor":31,"turns":6},{"damage":28,"enemies":"Champ","floor":33,"turns":15},{"damage":21,"enemies":"3 Shapes","floor":35,"turns":5},{"damage":15,"enemies":"3 Darklings","floor":38,"turns":6},{"damage":9,"enemies":"Spire Growth","floor":39,"turns":6},{"damage":26,"enemies":"Nemesis","floor":41,"turns":9},{"damage":79,"enemies":"Giant Head","floor":44,"turns":9}],"seed_played":"4007202391730611961","potions_obtained":[{"floor":2,"key":"Fire Potion"},{"floor":8,"key":"Regen Potion"},{"floor":10,"key":"DistilledChaos"},{"floor":16,"key":"SpeedPotion"},{"floor":18,"key":"Block Potion"},{"floor":21,"key":"Energy Potion"},{"floor":28,"key":"Ancient Potion"},{"floor":30,"key":"Regen Potion"},{"floor":31,"key":"Swift Potion"},{"floor":35,"key":"SpeedPotion"}],"is_trial":false,"path_per_floor":["M","M","$","M","$","R","?","M","T","M","E","M","M","$","R","B",null,"M","?","?","M","M","?","M","R","T","M","M","R","M","M","R","B",null,"M","?","?","M","M","R","E","R","T","E"],"character_chosen":"DEFECT","items_purchased":[],"campfire_rested":5,"item_purchase_floors":[],"current_hp_per_floor":[75,75,75,75,75,75,75,75,75,75,69,69,68,68,68,40,75,75,75,59,53,33,33,31,53,53,40,30,52,50,48,70,42,75,54,54,54,54,45,67,41,63,63,0,0],"gold":674,"neow_bonus":"THREE_ENEMY_KILL","is_daily":false,"chose_seed":false,"campfire_upgraded":1,"win_rate":0.0,"timestamp":1609127047,"path_taken":["M","M","$","M","$","R","?","M","T","M","E","?","?","?","R","BOSS","M","?","?","M","M","?","M","R","T","M","M","R","M","M","R","BOSS","M","?","?","?","M","R","E","R","T","E"],"items_purchased_type":[],"build_version":"2020-12-22","purchased_purges":1,"victory":false,"max_hp_per_floor":[75,75,75,75,75,75,75,75,75,75,75,75,75,75,75,75,75,75,75,75,75,75,75,75,75,75,75,75,75,75,75,75,75,75,75,75,75,75,75,75,75,75,75,75,75],"card_choices":[{"not_picked":["Streamline","Rip and Tear","Redo"],"picked":"SKIP","floor":1},{"not_picked":["Turbo","Blizzard"],"picked":"Chill","floor":2},{"not_picked":["Compile Driver","Steam","Auto Shields"],"picked":"SKIP","floor":4},{"not_picked":["Recycle","FTL"],"picked":"Melter","floor":8},{"not_picked":["Rebound","Turbo"],"picked":"Consume","floor":10},{"not_picked":["Skim","Streamline","Compile Driver"],"picked":"SKIP","floor":11},{"not_picked":["Compile Driver","Doom and Gloom"],"picked":"Lockon","floor":12},{"not_picked":["Compile Driver","Hologram","BootSequence"],"picked":"SKIP","floor":13},{"not_picked":["Rebound+1","Doom and Gloom","Sweeping Beam"],"picked":"SKIP","floor":18},{"not_picked":["Stack","Melter+1"],"picked":"Blizzard","floor":21},{"not_picked":["Chaos","Rebound"],"picked":"Chill","floor":22},{"not_picked":["Steam","Heatsinks"],"picked":"Cold Snap+1","floor":24},{"not_picked":["Go for the Eyes","Heatsinks"],"picked":"Cold Snap+1","floor":27},{"not_picked":["Lockon+1","Hologram+1"],"picked":"Glacier+1","floor":28},{"not_picked":["Rebound","Compile Driver"],"picked":"Defragment","floor":30},{"not_picked":["Reprogram","Leap","Cold Snap+1"],"picked":"SKIP","floor":31},{"not_picked":["Multi-Cast","Hyperbeam"],"picked":"Rainbow","floor":33},{"not_picked":["Streamline+1","Rip and Tear+1","Stack"],"picked":"SKIP","floor":35},{"not_picked":["Melter","Hologram","Rebound+1"],"picked":"SKIP","floor":38},{"not_picked":["Conserve Battery","Leap","Redo+1"],"picked":"SKIP","floor":39},{"not_picked":["Barrage","Hyperbeam","Redo"],"picked":"SKIP","floor":41}],"player_experience":509446,"relics_obtained":[{"floor":9,"key":"Shuriken"},{"floor":11,"key":"Vajra"},{"floor":20,"key":"Nilry\u0027s Codex"},{"floor":41,"key":"Symbiotic Virus"},{"floor":43,"key":"Darkstone Periapt"}],"event_choices":[{"damage_healed":0,"gold_gain":0,"player_choice":"Gave Potion","damage_taken":0,"relics_obtained":["Mercury Hourglass"],"max_hp_gain":0,"max_hp_loss":0,"event_name":"WeMeetAgain","floor":7,"gold_loss":0},{"damage_healed":0,"gold_gain":0,"player_choice":"Obtained Book","damage_taken":16,"max_hp_gain":0,"max_hp_loss":0,"event_name":"Cursed Tome","floor":20,"gold_loss":0},{"damage_healed":0,"gold_gain":99,"player_choice":"Stole From Cult","damage_taken":0,"max_hp_gain":0,"max_hp_loss":0,"event_name":"Nest","floor":23,"gold_loss":0},{"damage_healed":0,"gold_gain":0,"player_choice":"Ignored","damage_taken":0,"max_hp_gain":0,"max_hp_loss":0,"event_name":"Mysterious Sphere","floor":36,"gold_loss":0},{"cards_removed":["Strike_B"],"damage_healed":0,"gold_gain":0,"player_choice":"Offered Basic","damage_taken":0,"max_hp_gain":0,"max_hp_loss":0,"event_name":"Bonfire Elementals","floor":37,"gold_loss":0}],"is_beta":false,"boss_relics":[{"not_picked":["Cursed Key","Busted Crown"],"picked":"SlaversCollar"},{"not_picked":["Astrolabe","Sozu"],"picked":"Fusion Hammer"}],"items_purged_floors":[3],"is_endless":false,"potions_floor_spawned":[2,8,10,16,18,21,28,30,31,35],"killed_by":"Giant Head","ascension_level":0}}