{"host":"wbjiqg83duq292na","time":1609157776,"event":{"mods":["BaseMod","Minty Spire (QoL Compilation)"],"gold_per_floor":[113,63,63,63,80,113,113,125,125,125,143,143,68,243,243,347,347,358,358,368,387,387,387,412,429,511,610,240,240,240],"floor_reached":29,"playtime":1126,"items_purged":["Strike_G","Strike_G"],"score":304,"play_id":"201ee50e-8c42-4082-aa09-6fd576046e3e","local_time":"20201228101616","is_ascension_mode":true,"campfire_choices":[{"floor":7,"key":"RECALL"},{"data":"Poisoned Stab","floor":10,"key":"SMITH"},{"data":"Bane","floor":12,"key":"SMITH"},{"data":"Poisoned Stab","floor":15,"key":"SMITH"},{"floor":23,"key":"REST"}],"circlet_count":0,"master_deck":["Strike_G","Strike_G","Strike_G","Defend_G","Defend_G","Defend_G","Defend_G","Defend_G","Survivor","Neutralize","Poisoned Stab+1","Bane+1","Poisoned Stab+1","Doubt","Die Die Die","Quick Slash+1","Masterful Stab+1","Poisoned Stab+1","Footwork","Poisoned Stab"],"relics":["Ring of the Snake","HornCleat","Bottled Flame","SlaversCollar","The Specimen","Darkstone Periapt","CeramicFish"],"acts_visited":["Exordium","TheCity"],"potions_floor_usage":[6,25,25,29],"damage_taken":[{"damage":5,"enemies":"Cultist","floor":1,"turns":5},{"damage":0,"enemies":"2 Louse","floor":5,"turns":3},{"damage":0,"enemies":"Gremlin Nob","floor":6,"turns":3},{"damage":8,"enemies":"Jaw Worm","floor":8,"turns":2},{"damage":6,"enemies":"Gremlin Gang","floor":11,"turns":6},{"damage":27,"enemies":"Hexaghost","floor":16,"turns":10},{"damage":15,"enemies":"Shell Parasite","floor":18,"turns":6},{"damage":10,"enemies":"2 Thieves","floor":20,"turns":4},{"damage":11,"enemies":"3 Cultists","floor":21,"turns":5},{"damage":63,"enemies":"Book of Stabbing","floor":24,"turns":7},{"damage":0,"enemies":"Snecko","floor":25,"turns":3},{"damage":5,"enemies":"Sentry and Sphere","floor":29,"turns":3}],"seed_played":"-3295494742067391071","potions_obtained":[{"floor":5,"key":"AttackPotion"},{"floor":8,"key":"FearPotion"},{"floor":11,"key":"Explosive Potion"},{"floor":18,"key":"Swift Potion"},{"floor":21,"key":"Ancient Potion"}],"is_trial":false,"path_per_floor":["M","$","?","$","M","E","R","M","T","R","M","R","$","?","R","B",null,"M","?","M","M","?","R","E","M","T","?","$","M"],"character_chosen":"THE_SILENT","items_purchased":["Poisoned Stab","Footwork","CeramicFish","Poisoned Stab"],"campfire_rested":1,"item_purchase_floors":[2,28,28,28],"current_hp_per_floor":[72,72,69,69,69,69,69,61,61,61,55,55,55,55,55,28,77,62,62,52,41,41,64,1,1,1,1,1,0,0],"gold":240,"neow_bonus":"TEN_PERCENT_HP_BONUS","is_daily":false,"chose_seed":false,"campfire_upgraded":3,"win_rate":0.0,"timestamp":1609157776,"path_taken":["M","?","?","?","M","E","R","?","T","R","M","R","$","?","R","BOSS","M","?","M","M","?","R","E","?","T","?","$","M"],"items_purchased_type":["Card","Card","Relic","Card"],"build_version":"2020-12-22","purchased_purges":2,"victory":false,"max_hp_per_floor":[77,77,77,77,77,77,77,77,77,77,77,77,77,77,77,77,77,77,77,77,77,77,77,77,77,77,77,77,77,77],"card_choices":[{"not_picked":["Backflip","Escape Plan","Slice"],"picked":"SKIP","floor":1},{"not_picked":["Backflip","Outmaneuver"],"picked":"Bane","floor":5},{"not_picked":["Flechettes","Calculated Gamble","Tactician"],"picked":"SKIP","floor":6},{"not_picked":["Dagger Throw","Slice","Dagger Spray"],"picked":"SKIP","floor":8},{"not_picked":["Heel Hook","Expertise"],"picked":"Poisoned Stab","floor":11},{"not_picked":["Wraith Form v2","Grand Finale"],"picked":"Die Die Die","floor":16},{"not_picked":["PiercingWail","Backflip"],"picked":"Quick Slash+1","floor":18},{"not_picked":["Flying Knee+1","Outmaneuver"],"picked":"Masterful Stab+1","floor":20},{"not_picked":["Quick Slash","Reflex","Dash"],"picked":"SKIP","floor":21},{"not_picked":["Choke","Flying Knee+1","Underhanded Strike"],"picked":"SKIP","floor":24},{"not_picked":["Tactician","Endless Agony","Dodge and Roll"],"picked":"SKIP","floor":25}],"player_experience":242052,"relics_obtained":[{"floor":6,"key":"Bottled Flame"},{"floor":24,"key":"The Specimen"},{"floor":26,"key":"Darkstone Periapt"}],"event_choices":[{"damage_healed":0,"gold_gain":0,"player_choice":"Success","damage_taken":3,"relics_obtained":["HornCleat"],"max_hp_gain":0,"max_hp_loss":0,"event_name":"Scrap Ooze","floor":3,"gold_loss":0},{"damage_healed":0,"gold_gain":175,"player_choice":"AGREE","damage_taken":0,"max_hp_gain":0,"max_hp_loss":0,"event_name":"Liars Game","floor":14,"gold_loss":0,"cards_obtained":["Doubt"]},{"damage_healed":0,"gold_gain":0,"player_choice":"Ignored","damage_taken":0,"max_hp_gain":0,"max_hp_loss":0,"event_name":"Ghosts","floor":19,"gold_loss":0},{"damage_healed":0,"gold_gain":0,"player_choice":"Copied","damage_taken":0,"max_hp_gain":0,"max_hp_loss":0,"event_name":"Duplicator","floor":22,"gold_loss":0,"cards_obtained":["Poisoned Stab"]},{"damage_healed":0,"gold_gain":99,"player_choice":"Stole From Cult","damage_taken":0,"max_hp_gain":0,"max_hp_loss":0,"event_name":"Nest","floor":27,"gold_loss":0}],"is_beta":false,"boss_relics":[{"not_picked":["Runic Dome","Velvet Choker"],"picked":"SlaversCollar"}],"items_purged_floors":[13,28],"is_endless":false,"potions_floor_spawned":[5,8,11,18,21],"killed_by":"Sentry and Sphere","ascension_level":1}}