{"host":"f92cxfnb1r2wg3zj","time":1609168090,"event":{"mods":["AchievementEnabler","BaseMod","Better Skull","Challenge The Spire","Downfall","Minty Spire (QoL Compilation)","Replay The Spire","Spicy Shops","StSLib"],"gold_per_floor":[219,11,11,11,11,46,46,380,430,430,86,99,99,99,99,224,224,239,264,5,19,34,34,54,54,81,81,81,81,81],"floor_reached":29,"playtime":2043,"items_purged":["Strike_G","Strike_G","Strike_G"],"score":275,"play_id":"cd6b28bf-d94f-4115-bf65-8413ecef95a4","local_time":"20201229013810","is_ascension_mode":true,"campfire_choices":[{"data":"Replay:Poison Smokescreen","floor":7,"key":"SMITH"},{"floor":10,"key":"RECALL"},{"data":"Toxin Wave","floor":13,"key":"SMITH"},{"data":"Neutralize","floor":15,"key":"SMITH"},{"floor":23,"key":"REST"}],"circlet_count":0,"master_deck":["Strike_G","Strike_G","Defend_G","Defend_G","Defend_G","Defend_G","Defend_G","Survivor","Neutralize+1","Toxin Wave+1","Backflip+1","Heel Hook","Slice+1","Expertise","Replay:Poison Smokescreen+1","Deflect","After Image","Footwork","Replay:Poison Smokescreen+1","Replay:SS_hec_4","HandOfGreed","Impatience","Jack Of All Trades","Slice+1","Atom Bomb","Looming Evil"],"relics":["Ring of the Snake","BargainBundle","ReplayTheSpireMod:Ring of Challenge","ReplayTheSpireMod:Ring of Collecting","ReplayTheSpireMod:Ring of Addiction","Potion Belt","Toy Ornithopter","White Beast Statue","Pantograph","Old Coin","Ring of Greed","MealTicket","Smiling Mask","Replay:Baseball","Strange Spoon","Golden Idol","Philosopher\u0027s Stone","ReplayTheSpireMod:ShopPack","Ring of Panic","Gremlin Food"],"acts_visited":["Exordium","TheCity"],"potions_floor_usage":[6,6,6,6,8,16,18,19,21,22,22,24,29],"damage_taken":[{"damage":1,"enemies":"Cultist","floor":1,"turns":5},{"damage":20,"enemies":"Lagavulin","floor":6,"turns":7},{"damage":9,"enemies":"Replay:BlueRogue","floor":8,"turns":5},{"damage":0,"enemies":"Jaw Worm","floor":12,"turns":3},{"damage":13,"enemies":"The Guardian","floor":16,"turns":10},{"damage":12,"enemies":"Chosen","floor":18,"turns":7},{"damage":6,"enemies":"3 Byrds","floor":19,"turns":5},{"damage":5,"enemies":"Snake Plant","floor":21,"turns":4},{"damage":56,"enemies":"Cultist and Chosen","floor":22,"turns":6},{"damage":31,"enemies":"Snecko","floor":24,"turns":6},{"damage":13,"enemies":"Shelled Parasite and Fungi","floor":29,"turns":1}],"seed_played":"-5675349569439747683","potions_obtained":[{"floor":1,"key":"SteroidPotion"},{"floor":4,"key":"EssenceOfSteel"},{"floor":4,"key":"Poison Potion"},{"floor":4,"key":"Languid Potion"},{"floor":6,"key":"LiquidMemories"},{"floor":8,"key":"Death Potion"},{"floor":12,"key":"Swift Potion"},{"floor":16,"key":"PowerPotion"},{"floor":18,"key":"Languid Potion"},{"floor":19,"key":"ColorlessPotion"},{"floor":21,"key":"EssenceOfSteel"},{"floor":22,"key":"Fire Potion"},{"floor":24,"key":"SpeedPotion"}],"is_trial":false,"path_per_floor":["M","$","?","T","?","E","R","E","T","R","$","M","R","?","R","B",null,"M","M","$","M","M","R","M","?","T","?","?","M"],"character_chosen":"THE_SILENT","items_purchased":["BargainBundle","Backflip+1","Heel Hook","Slice","Expertise","Replay:Baseball","Strange Spoon","ReplayTheSpireMod:ShopPack","Replay:SS_hec_4"],"campfire_rested":1,"item_purchase_floors":[2,2,2,2,2,11,11,20,20],"current_hp_per_floor":[69,69,69,69,69,53,53,49,49,49,64,64,64,63,61,48,61,50,49,61,61,15,33,7,7,7,7,7,0,0],"gold":81,"neow_bonus":"HUNDRED_GOLD","is_daily":false,"chose_seed":false,"campfire_upgraded":3,"win_rate":0.0,"timestamp":1609168090,"path_taken":["M","$","?","?","?","E","R","E","T","R","$","M","R","?","R","BOSS","M","M","$","M","M","R","M","?","T","?","?","?"],"items_purchased_type":["Relic","Card","Card","Card","Card","Relic","Relic","Relic","Card"],"build_version":"2020-12-22","purchased_purges":3,"victory":false,"max_hp_per_floor":[70,70,70,70,70,70,70,70,70,70,70,68,68,63,61,61,61,61,61,61,61,61,61,61,61,61,61,59,59,59],"card_choices":[{"not_picked":["Dagger Throw","Cloak And Dagger"],"picked":"Toxin Wave","floor":1},{"not_picked":["Acrobatics","Underhanded Strike"],"picked":"Replay:Poison Smokescreen","floor":6},{"not_picked":["Prepared","Dagger Spray","Hidden Blade"],"picked":"SKIP","floor":8},{"not_picked":["Riddle With Holes","All Out Attack"],"picked":"Deflect","floor":12},{"not_picked":["Grand Finale","Wraith Form v2"],"picked":"After Image","floor":16},{"not_picked":["Tactician","Sucker Punch"],"picked":"Footwork","floor":18},{"not_picked":["Outmaneuver","PiercingWail"],"picked":"Replay:Poison Smokescreen+1","floor":19},{"not_picked":["ReplayUltimateDefense","Violence"],"picked":"HandOfGreed","floor":20},{"not_picked":["PanicButton","Panacea"],"picked":"Impatience","floor":20},{"not_picked":["Replay:Bootleg Shield Generator","expansioncontent:FaceSlap"],"picked":"Jack Of All Trades","floor":20},{"not_picked":["Cloak And Dagger","Riddle With Holes","Underhanded Strike"],"picked":"SKIP","floor":21},{"not_picked":["Calculated Gamble+1","Flying Knee"],"picked":"Slice+1","floor":22},{"not_picked":["Poisoned Stab","Tactician+1"],"picked":"Atom Bomb","floor":24}],"player_experience":862839,"relics_obtained":[{"floor":3,"key":"ReplayTheSpireMod:Ring of Challenge"},{"floor":3,"key":"ReplayTheSpireMod:Ring of Collecting"},{"floor":4,"key":"ReplayTheSpireMod:Ring of Addiction"},{"floor":4,"key":"Potion Belt"},{"floor":4,"key":"Toy Ornithopter"},{"floor":4,"key":"White Beast Statue"},{"floor":6,"key":"Pantograph"},{"floor":8,"key":"Old Coin"},{"floor":9,"key":"Ring of Greed"},{"floor":9,"key":"MealTicket"},{"floor":9,"key":"Smiling Mask"},{"floor":26,"key":"Ring of Panic"},{"floor":26,"key":"Gremlin Food"}],"event_choices":[{"damage_healed":0,"gold_gain":0,"player_choice":"Lose Max HP","damage_taken":0,"relics_obtained":["Golden Idol"],"max_hp_gain":0,"max_hp_loss":5,"event_name":"Golden Idol","floor":14,"gold_loss":0},{"cards_removed":["ReplayTheSpireMod:Splinters"],"damage_healed":0,"gold_gain":0,"player_choice":"Elegance","damage_taken":0,"max_hp_gain":0,"max_hp_loss":0,"event_name":"Back to Basics","floor":25,"gold_loss":0},{"damage_healed":0,"gold_gain":0,"player_choice":"Ignored","damage_taken":0,"max_hp_gain":0,"max_hp_loss":0,"event_name":"Cursed Tome","floor":27,"gold_loss":0}],"is_beta":false,"boss_relics":[{"not_picked":["Busted Crown","Cursed Key"],"picked":"Philosopher\u0027s Stone"}],"items_purged_floors":[2,11,20],"is_endless":false,"potions_floor_spawned":[1,6,8,12,16,18,19,21,22,24],"killed_by":"Shelled Parasite and Fungi","ascension_level":4}}