{"host":"hyrsuayny3efwwum","time":1609171322,"event":{"mods":["BaseMod","Bestiary","Colored Map","Highlight Path","Minty Spire (QoL Compilation)","Relic Stats","StSLib"],"gold_per_floor":[113,17,31,31,206,239,239,272,272,272,285,301,301,312,312,390,390,402,402,0,14,29,62,62,62,62,96,96,106,55,55,55,126,126,139,159,174,174,188,213,213,245,245,271,271,271,271],"floor_reached":46,"playtime":2153,"items_purged":["Doubt"],"score":1030,"play_id":"ccd54df4-ca6a-44e7-8c17-4a288e0f04f0","local_time":"20201228110202","is_ascension_mode":true,"campfire_choices":[{"data":"Coolheaded","floor":10.0,"key":"SMITH"},{"floor":13.0,"key":"REST"},{"data":"Static Discharge","floor":15,"key":"SMITH"},{"data":"Beam Cell","floor":25,"key":"SMITH"},{"floor":28,"key":"REST"},{"floor":32,"key":"REST"},{"floor":41,"key":"RECALL"},{"floor":45,"key":"DIG"}],"circlet_count":0,"master_deck":["AscendersBane","Strike_B+1","Strike_B+1","Strike_B+1","Strike_B+1","Defend_B+1","Defend_B+1","Defend_B+1","Defend_B+1","Zap","Dualcast","Hello World","Self Repair","Beam Cell+1","Coolheaded+1","Reboot","Static Discharge+1","Biased Cognition","Compile Driver","Static Discharge+1","Storm","Leap","Auto Shields","Double Energy","Creative AI","Storm","Force Field","Force Field+1","Core Surge","Seek"],"relics":["FrozenCore","NeowsBlessing","Mummified Hand","Bag of Marbles","Bronze Scales","Anchor","Letter Opener","Peace Pipe","Shuriken","Pantograph","Nilry\u0027s Codex","Fusion Hammer","Mercury Hourglass","Shovel","Kunai","Blood Vial","Toxic Egg 2"],"acts_visited":["Exordium","TheCity","TheBeyond"],"potions_floor_usage":[16,23,27,33,33,39,40,44],"damage_taken":[{"damage":0.0,"enemies":"2 Louse","floor":1.0,"turns":1.0},{"damage":0.0,"enemies":"Small Slimes","floor":3.0,"turns":1.0},{"damage":0.0,"enemies":"3 Sentries","floor":6.0,"turns":1.0},{"damage":34.0,"enemies":"Lagavulin","floor":8.0,"turns":11.0},{"damage":0.0,"enemies":"Jaw Worm","floor":11.0,"turns":3.0},{"damage":17.0,"enemies":"Exordium Thugs","floor":12.0,"turns":4.0},{"damage":0,"enemies":"Red Slaver","floor":14,"turns":3},{"damage":16,"enemies":"Hexaghost","floor":16,"turns":9},{"damage":0,"enemies":"3 Byrds","floor":18,"turns":4},{"damage":0,"enemies":"Chosen","floor":21,"turns":4},{"damage":7,"enemies":"Snake Plant","floor":22,"turns":3},{"damage":44,"enemies":"Gremlin Leader","floor":23,"turns":5},{"damage":14,"enemies":"Slavers","floor":27,"turns":5},{"damage":25,"enemies":"Centurion and Healer","floor":29,"turns":8},{"damage":47,"enemies":"Automaton","floor":33,"turns":8},{"damage":39,"enemies":"3 Darklings","floor":35,"turns":4},{"damage":2,"enemies":"Orb Walker","floor":36,"turns":3},{"damage":21,"enemies":"Jaw Worm Horde","floor":37,"turns":5},{"damage":20,"enemies":"Spire Growth","floor":39,"turns":3},{"damage":0,"enemies":"Giant Head","floor":40,"turns":4},{"damage":16,"enemies":"Nemesis","floor":42,"turns":5},{"damage":2,"enemies":"Reptomancer","floor":44,"turns":5},{"damage":40,"enemies":"Giant Head","floor":46,"turns":5}],"seed_played":"-8445231513441810021","potions_obtained":[{"floor":1.0,"key":"Strength Potion"},{"floor":8.0,"key":"Weak Potion"},{"floor":12.0,"key":"CultistPotion"},{"floor":29,"key":"Weak Potion"},{"floor":33,"key":"Swift Potion"},{"floor":35,"key":"Dexterity Potion"},{"floor":39,"key":"PowerPotion"},{"floor":42,"key":"BlessingOfTheForge"}],"is_trial":false,"path_per_floor":["M","$","M","?","?","E","?","E","T","R","M","M","R","M","R","B",null,"M","?","$","M","M","E","?","R","T","E","R","M","$","?","R","B",null,"M","M","M","?","M","E","R","E","T","E","R","E"],"character_chosen":"DEFECT","items_purchased":["Self Repair","Beam Cell","Storm","PowerPotion","Letter Opener","PowerPotion"],"campfire_rested":3,"item_purchase_floors":[2,2,20,20,20,30],"current_hp_per_floor":[64,64,64,64,64,64,57,30,30,30,37,27,48,55,55,46,65,71,71,71,71,64,27,27,27,27,20,41,23,23,7,28,20,58,26,31,17,62,42,42,42,33,33,38,38,0,0],"gold":271,"neow_bonus":"THREE_ENEMY_KILL","is_daily":false,"chose_seed":false,"campfire_upgraded":3,"win_rate":0.0,"timestamp":1609171322,"path_taken":["M","$","M","?","?","E","?","E","T","R","M","M","R","?","R","BOSS","M","?","$","?","M","E","?","R","T","E","R","M","$","?","R","BOSS","M","M","M","?","M","E","R","E","T","E","R","E"],"items_purchased_type":["Card","Card","Card","Potion","Relic","Potion"],"build_version":"2020-12-22","purchased_purges":1,"victory":false,"max_hp_per_floor":[71,71,71,71,71,71,71,71,71,71,71,71,71,71,71,71,71,71,71,71,71,71,71,71,71,71,71,71,71,71,71,71,71,71,71,71,71,62,62,62,62,62,62,62,62,62,62],"relic_stats":{"counters":[23,104],"Letter Opener":[171],"FrozenCore":[20],"Mercury Hourglass":[59],"Peace Pipe":0,"Blood Vial":2,"Shovel":1,"Mummified Hand":[129],"Shuriken":[6],"Bronze Scales":[344],"Pantograph":25,"Kunai":[1],"obtain_stats":[{"NeowsBlessing":0,"Nilry\u0027s Codex":31,"Letter Opener":20,"FrozenCore":17,"Mercury Hourglass":40,"Peace Pipe":23,"Blood Vial":44,"Anchor":9,"Shovel":42,"Mummified Hand":4,"Shuriken":26,"Bronze Scales":8,"Pantograph":27,"Fusion Hammer":34,"Bag of Marbles":6,"Kunai":43,"Toxic Egg 2":45,"Cracked Core":0},{"NeowsBlessing":0,"Nilry\u0027s Codex":14,"Letter Opener":9,"FrozenCore":8,"Mercury Hourglass":20,"Peace Pipe":12,"Blood Vial":22,"Anchor":4,"Shovel":21,"Mummified Hand":2,"Shuriken":12,"Bronze Scales":4,"Pantograph":13,"Fusion Hammer":15,"Bag of Marbles":3,"Kunai":21,"Toxic Egg 2":22,"Cracked Core":0},{"NeowsBlessing":0,"Nilry\u0027s Codex":62,"Letter Opener":37,"FrozenCore":33,"Mercury Hourglass":89,"Peace Pipe":49,"Blood Vial":99,"Anchor":14,"Shovel":94,"Mummified Hand":2,"Shuriken":49,"Bronze Scales":14,"Pantograph":54,"Fusion Hammer":70,"Bag of Marbles":3,"Kunai":94,"Toxic Egg 2":99,"Cracked Core":0}]},"card_choices":[{"not_picked":["Rebound","Redo"],"picked":"Hello World","floor":1.0},{"not_picked":["Barrage","Consume"],"picked":"Coolheaded","floor":3.0},{"not_picked":["Streamline","Rip and Tear","Go for the Eyes"],"picked":"SKIP","floor":6.0},{"not_picked":["Rebound","Fusion","Turbo"],"picked":"SKIP","floor":8.0},{"not_picked":["Lockon","Gash","Barrage"],"picked":"SKIP","floor":11.0},{"not_picked":["Coolheaded","Barrage"],"picked":"Reboot","floor":12.0},{"not_picked":["Cold Snap","Streamline"],"picked":"Static Discharge","floor":14},{"not_picked":["Rainbow","Machine Learning"],"picked":"Biased Cognition","floor":16},{"not_picked":["Barrage","Go for the Eyes"],"picked":"Compile Driver","floor":18},{"not_picked":["Sweeping Beam","Reprogram+1","Rebound"],"picked":"SKIP","floor":21},{"not_picked":["Redo","Ball Lightning","Barrage"],"picked":"SKIP","floor":22},{"not_picked":["Meteor Strike","Ball Lightning"],"picked":"Leap","floor":23},{"not_picked":["Sweeping Beam","Barrage"],"picked":"Auto Shields","floor":27},{"not_picked":["Go for the Eyes","Coolheaded"],"picked":"Double Energy","floor":29},{"not_picked":["Rainbow","All For One"],"picked":"Creative AI","floor":33},{"not_picked":["Tempest","Sweeping Beam","FTL"],"picked":"SKIP","floor":35},{"not_picked":["Stack+1","Leap"],"picked":"Storm","floor":36},{"not_picked":["Conserve Battery+1","Beam Cell"],"picked":"Force Field","floor":37},{"not_picked":["Darkness","Rebound","FTL"],"picked":"SKIP","floor":39},{"not_picked":["Hyperbeam","Glacier"],"picked":"Force Field+1","floor":40},{"not_picked":["Cold Snap","Hologram"],"picked":"Core Surge","floor":42},{"not_picked":["Barrage","Force Field"],"picked":"Seek","floor":44}],"player_experience":752961,"relics_obtained":[{"floor":6.0,"key":"Bag of Marbles"},{"floor":8.0,"key":"Bronze Scales"},{"floor":9.0,"key":"Anchor"},{"floor":23,"key":"Peace Pipe"},{"floor":26,"key":"Shuriken"},{"floor":27,"key":"Pantograph"},{"floor":31,"key":"Nilry\u0027s Codex"},{"floor":40,"key":"Mercury Hourglass"},{"floor":42,"key":"Shovel"},{"floor":43,"key":"Kunai"},{"floor":44,"key":"Blood Vial"},{"floor":45,"key":"Toxic Egg 2"}],"event_choices":[{"damage_healed":0.0,"max_hp_gain":0.0,"max_hp_loss":0.0,"gold_gain":0.0,"event_name":"Big Fish","player_choice":"Box","floor":4.0,"gold_loss":0.0,"damage_taken":0.0,"relics_obtained":["Mummified Hand"],"cards_obtained":["Regret"]},{"damage_healed":0.0,"max_hp_gain":0.0,"max_hp_loss":0.0,"gold_gain":175.0,"event_name":"Liars Game","player_choice":"AGREE","floor":5.0,"gold_loss":0.0,"damage_taken":0.0,"cards_obtained":["Doubt"]},{"cards_removed":["Regret"],"damage_healed":0.0,"max_hp_gain":0.0,"max_hp_loss":0.0,"gold_gain":0.0,"event_name":"Golden Wing","player_choice":"Card Removal","floor":7.0,"gold_loss":0.0,"damage_taken":7.0},{"damage_healed":0,"gold_gain":0,"player_choice":"Copied","damage_taken":0,"max_hp_gain":0,"max_hp_loss":0,"event_name":"Duplicator","floor":19,"gold_loss":0,"cards_obtained":["Static Discharge"]},{"damage_healed":0,"gold_gain":0,"player_choice":"Simplicity","damage_taken":0,"max_hp_gain":0,"max_hp_loss":0,"event_name":"Back to Basics","floor":24,"gold_loss":0,"cards_upgraded":["Strike_B","Strike_B","Strike_B","Strike_B","Defend_B","Defend_B","Defend_B","Defend_B"]},{"damage_healed":0,"gold_gain":0,"player_choice":"Obtained Book","damage_taken":16,"max_hp_gain":0,"max_hp_loss":0,"event_name":"Cursed Tome","floor":31,"gold_loss":0},{"damage_healed":62,"gold_gain":0,"player_choice":"Heal","damage_taken":0,"max_hp_gain":0,"max_hp_loss":9,"event_name":"The Moai Head","floor":38,"gold_loss":0}],"is_beta":false,"boss_relics":[{"not_picked":["Philosopher\u0027s Stone","Snecko Eye"],"picked":"FrozenCore"},{"not_picked":["SlaversCollar","Sozu"],"picked":"Fusion Hammer"}],"items_purged_floors":[20],"is_endless":false,"potions_floor_spawned":[1,8,12,14,22,29,33,35,39,42],"killed_by":"Giant Head","ascension_level":14}}