{"host":"2se5dq1do2gp0x9k","time":1609192884,"event":{"mods":["BaseMod","Block Reminder","Colored Map","Colored Powertips","Minty Spire (QoL Compilation)","Relic Stats","StSLib","SuperFastMode","Synergy Search"],"gold_per_floor":[116,131,281,88,99,99,47,64,64,76,76,76],"floor_reached":11,"playtime":334,"items_purged":["Doubt"],"score":155,"play_id":"03966f53-0266-4ecf-b071-0bb523b52568","local_time":"20201228140124","is_ascension_mode":true,"campfire_choices":[{"data":"Zap","floor":6,"key":"SMITH"}],"circlet_count":0,"master_deck":["AscendersBane","Strike_B","Strike_B","Strike_B","Strike_B","Defend_B","Defend_B","Defend_B","Defend_B","Zap+1","Dualcast","Gash","Gash","Gash","Go for the Eyes","Gash","Steam"],"relics":["Sozu","Dead Branch","Kunai"],"acts_visited":["Exordium"],"potions_floor_usage":[],"damage_taken":[{"damage":16,"enemies":"Small Slimes","floor":1,"turns":4},{"damage":2,"enemies":"Cultist","floor":2,"turns":4},{"damage":0,"enemies":"2 Louse","floor":5,"turns":3},{"damage":16,"enemies":"2 Fungi Beasts","floor":8,"turns":3},{"damage":15,"enemies":"Red Slaver","floor":10,"turns":5},{"damage":33,"enemies":"Gremlin Nob","floor":11,"turns":3}],"seed_played":"2683856855371312135","potions_obtained":[],"is_trial":false,"path_per_floor":["M","M","?","$","M","R","?","M","T","M","E"],"character_chosen":"DEFECT","items_purchased":["Gash","Go for the Eyes"],"campfire_rested":0,"item_purchase_floors":[4,4],"current_hp_per_floor":[48,46,46,46,46,46,46,30,30,15,0,0],"gold":76,"neow_bonus":"BOSS_RELIC","is_daily":false,"chose_seed":false,"campfire_upgraded":1,"win_rate":0.0,"timestamp":1609192884,"path_taken":["M","M","?","$","M","R","?","M","T","?","E"],"items_purchased_type":["Card","Card"],"build_version":"2020-12-22","purchased_purges":1,"victory":false,"max_hp_per_floor":[71,71,71,71,71,71,71,71,71,71,71,71],"relic_stats":{"Sozu":2,"counters":[6,22],"Dead Branch":[5],"Kunai":[3],"obtain_stats":[{"Sozu":0,"Dead Branch":7,"Kunai":9,"Cracked Core":0},{"Sozu":0,"Dead Branch":3,"Kunai":4,"Cracked Core":0},{"Sozu":0,"Dead Branch":11,"Kunai":14,"Cracked Core":0}]},"card_choices":[{"not_picked":["Turbo","Steam Power"],"picked":"Gash","floor":1},{"not_picked":["Conserve Battery","Darkness"],"picked":"Gash","floor":2},{"not_picked":["Redo","Go for the Eyes","Compile Driver"],"picked":"SKIP","floor":5},{"not_picked":["Hologram","Hello World"],"picked":"Gash","floor":8},{"not_picked":["Stack","Rip and Tear"],"picked":"Steam","floor":10}],"player_experience":3635047,"relics_obtained":[{"floor":9,"key":"Kunai"}],"event_choices":[{"damage_healed":0,"gold_gain":150,"player_choice":"AGREE","damage_taken":0,"max_hp_gain":0,"max_hp_loss":0,"event_name":"Liars Game","floor":3,"gold_loss":0,"cards_obtained":["Doubt"]},{"damage_healed":0,"gold_gain":0,"player_choice":"Paid Gold","damage_taken":0,"relics_obtained":["Dead Branch"],"max_hp_gain":0,"max_hp_loss":0,"event_name":"WeMeetAgain","floor":7,"gold_loss":52}],"is_beta":false,"boss_relics":[],"items_purged_floors":[4],"is_endless":false,"potions_floor_spawned":[2,10],"killed_by":"Gremlin Nob","ascension_level":20}}