{"host":"1jyvlwrg3lqf29t2","time":1609195339,"event":{"mods":["BaseMod","Colored Powertips","Downfall","Hermit","Minty Spire (QoL Compilation)","StSLib","The Blackbeard","The Cursed","The Poker Player","TheBandit"],"gold_per_floor":[118,132,132,132,132,132,145,145,221,237,265,280,280,152,152,249,249,259,259,279,307,257,257,267,267,267,284,141,141,158,178,178,276,326,340,360,360,360,373,373,393,393,420,434,239,253,268,288,288,288,288],"floor_reached":50,"playtime":1989,"items_purged":["Strike_P","Strike_P","Strike_P","expansioncontent:FaceSlap+1"],"score":448,"play_id":"4a07a062-72c5-43e1-850a-ed6019ec31cb","local_time":"20201228164219","is_ascension_mode":false,"campfire_choices":[{"data":"Alpha","floor":6,"key":"SMITH"},{"data":"Vigilance","floor":8,"key":"SMITH"},{"floor":15,"key":"REST"},{"floor":23,"key":"REST"},{"floor":25,"key":"REST"},{"data":"LikeWater","floor":29,"key":"SMITH"},{"data":"Protect","floor":32,"key":"SMITH"},{"data":"Fasting2","floor":40,"key":"SMITH"},{"data":"Establishment","floor":42,"key":"SMITH"},{"floor":49,"key":"REST"}],"circlet_count":0,"master_deck":["Strike_P+1","Defend_P+1","Defend_P","Defend_P+1","Vigilance+1","Alpha+1","Protect+1","LikeWater+1","Evaluate","Establishment+1","Protect+1","Fasting2+1","Vault","ThirdEye+1","Evaluate+1"],"relics":["PureWater","Blue Candle","Smiling Mask","Happy Flower","Busted Crown","Red Mask","Bottled Lightning","Tiny House","Whetstone"],"acts_visited":["Exordium","TheCity","TheBeyond"],"potions_floor_usage":[41,48],"damage_taken":[{"damage":0,"enemies":"Jaw Worm","floor":1,"turns":4},{"damage":10,"enemies":"Small Slimes","floor":2,"turns":3},{"damage":3,"enemies":"2 Louse","floor":7,"turns":3},{"damage":2,"enemies":"Looter","floor":10,"turns":3},{"damage":9,"enemies":"3 Sentries","floor":11,"turns":3},{"damage":0,"enemies":"2 Fungi Beasts","floor":12,"turns":3},{"damage":12,"enemies":"Hexaghost","floor":16,"turns":7},{"damage":3,"enemies":"2 Thieves","floor":18,"turns":5},{"damage":10,"enemies":"3 Byrds","floor":20,"turns":3},{"damage":31,"enemies":"Masked Bandits","floor":21,"turns":4},{"damage":9,"enemies":"Snake Plant","floor":24,"turns":5},{"damage":4,"enemies":"Centurion and Healer","floor":27,"turns":5},{"damage":0,"enemies":"Cultist and Chosen","floor":30,"turns":4},{"damage":0,"enemies":"Chosen and Byrds","floor":31,"turns":4},{"damage":28,"enemies":"Champ","floor":33,"turns":10},{"damage":2,"enemies":"3 Shapes","floor":35,"turns":3},{"damage":12,"enemies":"Orb Walker","floor":36,"turns":5},{"damage":16,"enemies":"Jaw Worm Horde","floor":39,"turns":5},{"damage":7,"enemies":"3 Darklings","floor":41,"turns":5},{"damage":11,"enemies":"Transient","floor":44,"turns":5},{"damage":8,"enemies":"Jaw Worm Horde","floor":46,"turns":3},{"damage":0,"enemies":"Sphere and 2 Shapes","floor":47,"turns":4},{"damage":3,"enemies":"Spire Growth","floor":48,"turns":6},{"damage":44,"enemies":"Awakened One","floor":50,"turns":4}],"seed_played":"-1300803052580228148","potions_obtained":[{"floor":11,"key":"SkillPotion"},{"floor":12,"key":"Ancient Potion"},{"floor":16,"key":"Explosive Potion"},{"floor":18,"key":"Fire Potion"},{"floor":27,"key":"Block Potion"},{"floor":47,"key":"Weak Potion"}],"is_trial":false,"path_per_floor":["M","M","?","?","?","R","M","R","T","M","E","M","?","$","R","B",null,"M","?","M","?","$","R","M","R","T","M","$","R","M","M","R","B",null,"M","M","?","?","M","R","M","R","T","M","$","M","M","M","R","B"],"character_chosen":"WATCHER","items_purchased":["LikeWater","expansioncontent:FaceSlap","Vault"],"campfire_rested":4,"item_purchase_floors":[14,28,45],"current_hp_per_floor":[65,55,48,35,40,40,37,37,37,35,26,26,23,23,44,32,70,67,67,57,26,26,47,38,59,59,55,55,55,55,55,55,27,75,73,61,61,61,45,45,38,38,38,27,27,19,19,16,38,0,0],"gold":288,"neow_bonus":"THREE_RARE_CARDS","is_daily":false,"chose_seed":false,"campfire_upgraded":6,"win_rate":0.0,"timestamp":1609195339,"path_taken":["M","M","?","?","?","R","?","R","T","M","E","M","?","$","R","BOSS","M","?","M","?","$","R","M","R","T","M","$","R","M","M","R","BOSS","M","M","?","?","M","R","M","R","T","M","$","M","?","M","R","BOSS"],"items_purchased_type":["Card","Card","Card"],"build_version":"2020-12-22","purchased_purges":4,"victory":false,"max_hp_per_floor":[65,65,65,65,70,70,70,70,70,70,70,70,70,70,70,70,70,70,70,70,70,70,70,70,70,70,70,70,70,70,70,70,70,75,75,75,75,75,75,75,75,75,75,75,75,75,75,75,75,75,75],"card_choices":[{"not_picked":["Vault","ConjureBlade"],"picked":"Alpha","floor":0},{"not_picked":["CutThroughFate","FlyingSleeves","Halt"],"picked":"SKIP","floor":1},{"not_picked":["Pray","Vengeance","ForeignInfluence"],"picked":"SKIP","floor":2},{"not_picked":["EmptyFist","Halt","JustLucky"],"picked":"SKIP","floor":7},{"not_picked":["ReachHeaven","Vault"],"picked":"Protect","floor":10},{"not_picked":["Ragnarok","CutThroughFate","InnerPeace"],"picked":"SKIP","floor":11},{"not_picked":["Evaluate","WaveOfTheHand","Crescendo"],"picked":"SKIP","floor":12},{"not_picked":["BowlingBash"],"picked":"SKIP","floor":18},{"not_picked":["CutThroughFate"],"picked":"SKIP","floor":20},{"not_picked":[],"picked":"Evaluate","floor":21},{"not_picked":["CutThroughFate"],"picked":"SKIP","floor":24},{"not_picked":["ClearTheMind"],"picked":"SKIP","floor":27},{"not_picked":["SashWhip"],"picked":"SKIP","floor":30},{"not_picked":["Crescendo"],"picked":"SKIP","floor":31},{"not_picked":[],"picked":"Establishment","floor":33},{"not_picked":["BowlingBash+1"],"picked":"SKIP","floor":35},{"not_picked":[],"picked":"Protect+1","floor":36},{"not_picked":["FearNoEvil+1"],"picked":"SKIP","floor":39},{"not_picked":["EmptyFist"],"picked":"SKIP","floor":41},{"not_picked":["Crescendo+1"],"picked":"SKIP","floor":44},{"not_picked":[],"picked":"ThirdEye+1","floor":46},{"not_picked":[],"picked":"Evaluate+1","floor":47},{"not_picked":["Crescendo+1"],"picked":"SKIP","floor":48}],"player_experience":382920,"relics_obtained":[{"floor":9,"key":"Blue Candle"},{"floor":11,"key":"Smiling Mask"},{"floor":21,"key":"Red Mask"},{"floor":26,"key":"Bottled Lightning"},{"floor":43,"key":"Whetstone"}],"event_choices":[{"cards_removed":["Eruption"],"damage_healed":0,"gold_gain":0,"player_choice":"Card Removal","damage_taken":7,"max_hp_gain":0,"max_hp_loss":0,"event_name":"Golden Wing","floor":3,"gold_loss":0},{"damage_healed":0,"gold_gain":0,"player_choice":"Entered Light","damage_taken":13,"max_hp_gain":0,"max_hp_loss":0,"event_name":"Shining Light","floor":4,"gold_loss":0,"cards_upgraded":["Strike_P","Defend_P"]},{"damage_healed":0,"gold_gain":0,"player_choice":"Donut","damage_taken":0,"max_hp_gain":5,"max_hp_loss":0,"event_name":"Big Fish","floor":5,"gold_loss":0},{"damage_healed":0,"gold_gain":0,"player_choice":"Success","damage_taken":3,"relics_obtained":["Happy Flower"],"max_hp_gain":0,"max_hp_loss":0,"event_name":"Scrap Ooze","floor":13,"gold_loss":0},{"damage_healed":0,"gold_gain":0,"player_choice":"Ignored","damage_taken":0,"max_hp_gain":0,"max_hp_loss":0,"event_name":"Ghosts","floor":19,"gold_loss":0},{"damage_healed":0,"gold_gain":0,"player_choice":"Fought Bandits","damage_taken":0,"max_hp_gain":0,"max_hp_loss":0,"event_name":"Masked Bandits","floor":21,"gold_loss":0},{"damage_healed":0,"gold_gain":0,"player_choice":"Ignored","damage_taken":0,"max_hp_gain":0,"max_hp_loss":0,"event_name":"Mysterious Sphere","floor":37,"gold_loss":0},{"damage_healed":0,"gold_gain":0,"cards_transformed":["Defend_P"],"player_choice":"Transformed","damage_taken":0,"max_hp_gain":0,"max_hp_loss":0,"event_name":"Transmorgrifier","floor":38,"gold_loss":0,"cards_obtained":["Fasting2"]}],"is_beta":false,"boss_relics":[{"not_picked":["SlaversCollar","Black Star"],"picked":"Busted Crown"},{"not_picked":["SacredBark","Astrolabe"],"picked":"Tiny House"}],"items_purged_floors":[14,22,28,45],"is_endless":false,"potions_floor_spawned":[11,12,16,18,21,27,35,47],"killed_by":"Awakened One","ascension_level":0}}