{"host":"gsp4qlltb0c3ynci","time":1609151645,"event":{"mods":["Abigail Mod","Ascension Reborn","BaseMod","Friendly Minions","Minty Spire (QoL Compilation)","Prisma Mod","Replay The Spire","Say the Spire","StSLib"],"gold_per_floor":[141,164,194,245,275,371,482,566,566,671,76,175,57,171,171,468,468,501,33,33,33,69,171,279,366,366,444,282,26,119,197,197,506,506,566,602,51,0,18,108,26,134,134,224,320,425,512,191,191,191],"floor_reached":51,"playtime":1867,"items_purged":["Strike_B+1","Strike_B+1","Strike_B+2"],"score":1879,"play_id":"ab7da2d0-6297-46bd-9c14-0ebb2b0c674e","local_time":"20201228193405","daily_mods":["Vintage","Heirloom","Time Dilation","Flight","DeadlyEvents","Elite Swarm","Midas"],"is_ascension_mode":true,"campfire_choices":[{"floor":15,"key":"DIG"},{"floor":49,"key":"REST"}],"circlet_count":0,"master_deck":["Strike_B+3","Defend_B+1","Defend_B+2","Defend_B+1","Defend_B+1","Zap+1","Dualcast+1","Seek","Mirror Shield","Reboot","Biased Cognition+1","Conserve Battery","Streamline+1","Pot Of Greed","Pot Of Greed","PrismaMod:IllyaInstallAlterEgo","Limit Break","Apotheosis","Midas Touch","Core Surge+1","Devotion","Capacitor","Loop","PrismaMod:MiyuCarnivalDefend","Pot Of Greed","Core Surge+1","Madness","Madness","Creative AI","Envenom","Skim"],"relics":["Cracked Core","Lizard Tail","Singing Bowl","Art of War","Strawberry","CeramicFish","Potion Belt","Cables","ReplayFunnel","Counterbalance","Molten Egg 2","MawBank","Geode","Lee\u0027s Waffle","Grinning Jar","The Courier","PrismaticShard","Replay:WaspNest","Letter Opener","Pantograph","Replay:Antivirus Software","Carrot","ReplayTheSpireMod:Ring of Collecting","FossilizedHelix","Pear","Regal Pillow","Calipers","Simple Rune","Whetstone","Membership Card","Mummified Hand","Boot","Replay:Ringing Soul","Prayer Wheel","Replay:Wax Seal","Blue Doll","Gremlin Horn","TheAbacus","ReplayTheSpireMod:Ninjato","Omamori","Vajra","Garlic","Oddly Smooth Stone","Red Mask","Blood Vial","Replay:Baseball","Lantern","ReplayTheSpireMod:Ring of Exchange","Bottled Lightning","Ice Cream","Meat on the Bone","Pocketwatch","ReplayTheSpireMod:Lightbulb","Bottled Tornado","Thread and Needle"],"acts_visited":["Exordium","TheCity","TheBeyond"],"potions_floor_usage":[6,12,16,16,16,18,23,27,31,33,33,50,50,50,50,50],"damage_taken":[{"damage":0,"enemies":"Cultist","floor":1,"turns":2},{"damage":0,"enemies":"Jaw Worm","floor":3,"turns":2},{"damage":0,"enemies":"2 Louse","floor":5,"turns":2},{"damage":10,"enemies":"Lagavulin","floor":6,"turns":4},{"damage":10,"enemies":"Gremlin Nob","floor":7,"turns":3},{"damage":0,"enemies":"Replay:BlueRogue","floor":8,"turns":5},{"damage":0,"enemies":"3 Sentries","floor":10,"turns":6},{"damage":0,"enemies":"Gremlin Nob","floor":12,"turns":3},{"damage":0,"enemies":"Lagavulin","floor":14,"turns":5},{"damage":0,"enemies":"Fading Forest","floor":16,"turns":11},{"damage":1,"enemies":"3 Byrds","floor":18,"turns":1},{"damage":0,"enemies":"Chosen","floor":22,"turns":3},{"damage":6,"enemies":"Slavers","floor":23,"turns":2},{"damage":0,"enemies":"Book of Stabbing","floor":24,"turns":4},{"damage":3,"enemies":"Replay:Snechameleon","floor":25,"turns":5},{"damage":30,"enemies":"Slavers","floor":27,"turns":3},{"damage":0,"enemies":"Replay:Snechameleon","floor":30,"turns":3},{"damage":0,"enemies":"Slavers","floor":31,"turns":3},{"damage":0,"enemies":"Pondfish","floor":33,"turns":6},{"damage":0,"enemies":"3 Darklings","floor":35,"turns":3},{"damage":0,"enemies":"Orb Walker","floor":36,"turns":1},{"damage":0,"enemies":"R_Hoarder","floor":40,"turns":6},{"damage":0,"enemies":"Nemesis","floor":42,"turns":5},{"damage":0,"enemies":"R_Hoarder","floor":44,"turns":5},{"damage":0,"enemies":"Nemesis","floor":45,"turns":3},{"damage":0,"enemies":"Giant Head","floor":46,"turns":6},{"damage":4,"enemies":"Nemesis","floor":47,"turns":5},{"damage":0,"enemies":"Awakened One","floor":50,"turns":5}],"seed_played":"-7875754196087926005","potions_obtained":[{"floor":1,"key":"BlessingOfTheForge"},{"floor":3,"key":"Strength Potion"},{"floor":6,"key":"Elixir"},{"floor":14,"key":"BlessingOfTheForge"},{"floor":16,"key":"AttackPotion"},{"floor":22,"key":"Adrenaline Potion"},{"floor":25,"key":"ColorlessPotion"},{"floor":30,"key":"Strength Potion"},{"floor":33,"key":"SpeedPotion"},{"floor":44,"key":"GamblersBrew"},{"floor":45,"key":"PotionOfCapacity"},{"floor":46,"key":"EssenceOfDarkness"}],"is_trial":true,"path_per_floor":["M","T","M","T","M","E","E","E","T","E","$","E","$","E","R","B",null,"M","$","?","?","M","E","E","E","T","E","$","$","E","E","R","B",null,"M","M","$","?","?","E","$","E","T","E","E","E","E","$","R","B",null],"character_chosen":"DEFECT","items_purchased":["Conserve Battery","Geode","Block Potion","Streamline+1","Lee\u0027s Waffle","Grinning Jar","PrismaticShard","Apotheosis","Replay:Antivirus Software","Carrot","PowerPotion","FocusPotion","Membership Card","Mummified Hand","Capacitor","Loop","Gremlin Horn","TheAbacus","ReplayTheSpireMod:Ninjato","Omamori","Vajra","Garlic","Oddly Smooth Stone","Replay:Baseball","PowerPotion","Bottled Tornado","Thread and Needle","Swift Potion","Skim"],"campfire_rested":1,"item_purchase_floors":[11,11,11,11,11,11,13,19,19,19,28,28,29,29,29,29,37,37,37,37,37,37,37,41,41,48,48,48,48],"current_hp_per_floor":[75,75,82,82,82,72,62,62,62,62,89,91,91,91,91,91,91,90,90,90,90,90,94,94,91,91,63,63,63,63,65,105,110,110,110,110,110,110,99,101,101,106,106,114,118,123,123,126,130,130],"gold":191,"neow_bonus":"","is_daily":false,"chose_seed":false,"campfire_upgraded":0,"win_rate":0.0,"timestamp":1609151645,"path_taken":["M","?","?","?","?","E","?","E","T","E","$","E","?","E","R","BOSS","M","$","?","?","?","E","E","E","T","E","$","$","E","E","R","BOSS","M","?","$","?","?","E","$","E","T","E","E","?","E","?","R","BOSS"],"items_purchased_type":["Card","Relic","Potion","Card","Relic","Relic","Relic","Card","Relic","Relic","Potion","Potion","Relic","Relic","Card","Card","Relic","Relic","Relic","Relic","Relic","Relic","Relic","Relic","Potion","Relic","Relic","Potion","Card"],"build_version":"2020-12-22","purchased_purges":3,"victory":true,"max_hp_per_floor":[75,75,82,82,82,82,82,82,82,82,89,91,91,91,91,91,91,91,91,91,91,91,101,101,101,101,103,103,103,103,105,105,110,110,110,110,110,110,113,115,115,118,118,120,122,125,127,130,130,130],"card_choices":[{"not_picked":["ReplayRNGCard","Fission"],"picked":"Seek","floor":6},{"not_picked":["Hyperbeam","Machine Learning"],"picked":"Mirror Shield","floor":7},{"not_picked":["Machine Learning","Thunder Strike"],"picked":"Reboot","floor":8},{"not_picked":["Machine Learning","Echo Form"],"picked":"Biased Cognition","floor":10},{"not_picked":["Electrodynamics","Mirror Shield","Creative AI"],"picked":"Singing Bowl","floor":12},{"not_picked":["AbbyMod:EquivalentExchange","PrismaMod:IllyaUberPoisonChannel"],"picked":"PrismaMod:IllyaInstallAlterEgo","floor":14},{"not_picked":["Establishment","Meteor Strike+1"],"picked":"Limit Break","floor":16},{"not_picked":["Sadistic Nature","PrismaMod:ChloeAnyRareTrace"],"picked":"Midas Touch","floor":23},{"not_picked":["Limit Break","Reaper+1"],"picked":"Core Surge+1","floor":24},{"not_picked":["Limit Break","Thunder Strike+1"],"picked":"Devotion","floor":25},{"not_picked":["Brutality","Brilliance+1","PrismaMod:ChloeAnyRareTrace"],"picked":"Singing Bowl","floor":27},{"not_picked":["AbbyMod:BlackKey+1","Demon Form"],"picked":"PrismaMod:MiyuCarnivalDefend","floor":30},{"not_picked":["ReplayTheSpireMod:Omega Cannon+1","Corruption","HandOfGreed+1"],"picked":"Singing Bowl","floor":31},{"not_picked":["Limit Break","PrismaMod:IllyaInstallRuler","PrismaMod:IllyaInstallSaber"],"picked":"Singing Bowl","floor":33},{"not_picked":["Wish","Storm of Steel","Unload+1"],"picked":"Singing Bowl","floor":40},{"not_picked":["PrismaMod:MiyuDefendChannelDefend","PrismaMod:ChloeGreatTracePools"],"picked":"Creative AI","floor":42},{"not_picked":["PrismaMod:MiyuCarnivalDefend","Night Terror","ReplayRNGCard"],"picked":"Singing Bowl","floor":44},{"not_picked":["Magnetism","Hemogenesis+1","Double Tap"],"picked":"Singing Bowl","floor":45},{"not_picked":["Double Tap","Limit Break"],"picked":"Envenom","floor":46},{"not_picked":["Apotheosis","Magnetism","PrismaMod:IllyaInstallMoonCancer"],"picked":"Singing Bowl","floor":47}],"player_experience":489013,"relics_obtained":[{"floor":1,"key":"Singing Bowl"},{"floor":2,"key":"Art of War"},{"floor":3,"key":"Strawberry"},{"floor":4,"key":"CeramicFish"},{"floor":5,"key":"Potion Belt"},{"floor":6,"key":"Cables"},{"floor":7,"key":"ReplayFunnel"},{"floor":8,"key":"Counterbalance"},{"floor":9,"key":"Molten Egg 2"},{"floor":10,"key":"MawBank"},{"floor":12,"key":"The Courier"},{"floor":14,"key":"Replay:WaspNest"},{"floor":15,"key":"Letter Opener"},{"floor":18,"key":"Pantograph"},{"floor":20,"key":"ReplayTheSpireMod:Ring of Collecting"},{"floor":22,"key":"FossilizedHelix"},{"floor":23,"key":"Pear"},{"floor":24,"key":"Regal Pillow"},{"floor":25,"key":"Calipers"},{"floor":26,"key":"Simple Rune"},{"floor":27,"key":"Whetstone"},{"floor":30,"key":"Boot"},{"floor":31,"key":"Replay:Ringing Soul"},{"floor":35,"key":"Replay:Wax Seal"},{"floor":36,"key":"Blue Doll"},{"floor":40,"key":"Blood Vial"},{"floor":42,"key":"Lantern"},{"floor":43,"key":"ReplayTheSpireMod:Ring of Exchange"},{"floor":43,"key":"Bottled Lightning"},{"floor":44,"key":"Ice Cream"},{"floor":45,"key":"Meat on the Bone"},{"floor":46,"key":"Pocketwatch"},{"floor":47,"key":"ReplayTheSpireMod:Lightbulb"}],"event_choices":[{"damage_healed":0,"gold_gain":0,"player_choice":"Ignored","damage_taken":0,"max_hp_gain":0,"max_hp_loss":0,"event_name":"Vampires","floor":21,"gold_loss":0},{"damage_healed":0,"gold_gain":0,"player_choice":"Paid","damage_taken":0,"relics_obtained":["Red Mask"],"max_hp_gain":0,"max_hp_loss":0,"event_name":"Tomb of Lord Red Mask","floor":38,"gold_loss":51},{"damage_healed":0,"gold_gain":0,"player_choice":"Embrace Madness","damage_taken":14,"max_hp_gain":0,"max_hp_loss":0,"event_name":"Winding Halls","floor":39,"gold_loss":0,"cards_obtained":["Madness","Madness"]}],"is_beta":false,"boss_relics":[{"not_picked":["Runic Pyramid","Snecko Heart","Kintsugi"]},{"not_picked":["FrozenCore","ChewingGum","Abe\u0027s Treasure"]}],"items_purged_floors":[11,28,48],"is_endless":false,"potions_floor_spawned":[1,3,6,14,16,22,25,30,33,44,45,46],"ascension_level":0}}