{"host":"q9718omregw4er46","time":1609186430,"event":{"mods":["BaseMod","Bestiary","Colored Powertips","Minty Spire (QoL Compilation)","Quick Restart","Relic Stats"],"gold_per_floor":[112,61,74,74,87,87,122,122,197,226,226,226,226,261,261,357,357,370,128,128,147,196,196,236,249,249,249,289,289,324,149,149,242,242,290,290,370,370,439,520,520,576,576,394,409,447,447,527,527,557,557,557,557,19,63,63],"floor_reached":57,"playtime":3161,"items_purged":["Strike_P","Strike_P+1","Regret"],"score":3270,"play_id":"537056fc-fa8d-4bdb-aef9-7902a6ad42bb","local_time":"20201229011350","is_ascension_mode":true,"campfire_choices":[{"data":"BattleHymn","floor":6.0,"key":"SMITH"},{"data":"FollowUp","floor":8.0,"key":"SMITH"},{"data":"CutThroughFate","floor":15.0,"key":"SMITH"},{"data":"MentalFortress","floor":23.0,"key":"SMITH"},{"data":"Ghostly","floor":29,"key":"SMITH"},{"data":"Ghostly","floor":32,"key":"SMITH"},{"floor":41,"key":"RECALL"},{"data":"Wallop","floor":47,"key":"SMITH"},{"data":"Thinking Ahead","floor":49,"key":"SMITH"},{"floor":53,"key":"REST"}],"circlet_count":0,"master_deck":["AscendersBane","Strike_P+1","Strike_P+1","Defend_P+1","Defend_P+1","Defend_P+1","Defend_P+1","Eruption+1","Vigilance+1","FollowUp+1","FlyingSleeves+1","CutThroughFate+1","BattleHymn+1","Wireheading+1","LessonLearned+1","Omniscience+1","Tantrum+1","MentalFortress+1","Decay","Wallop+1","Ghostly+1","Ghostly+1","Ghostly+1","MasterReality+1","InnerPeace+1","Wish+1","Thinking Ahead+1","Injury","EmptyMind+1","FearNoEvil","Scrawl"],"relics":["HolyWater","Akabeko","Singing Bowl","Potion Belt","Golden Idol","TungstenRod","Mango","Cursed Key","Bag of Preparation","Dead Branch","Thread and Needle","Bottled Flame","Bottled Tornado","Bronze Scales","Gremlin Horn","Mercury Hourglass","Centennial Puzzle","Art of War","Orichalcum"],"acts_visited":["Exordium","TheCity","TheBeyond","TheEnding"],"potions_floor_usage":[25,28,33,42,50,50,51,56],"damage_taken":[{"damage":0.0,"enemies":"Cultist","floor":1.0,"turns":4.0},{"damage":0.0,"enemies":"2 Louse","floor":3.0,"turns":3.0},{"damage":3.0,"enemies":"Small Slimes","floor":5.0,"turns":3.0},{"damage":0.0,"enemies":"Lagavulin","floor":7.0,"turns":4.0},{"damage":16.0,"enemies":"Gremlin Nob","floor":10.0,"turns":3.0},{"damage":19.0,"enemies":"3 Sentries","floor":14.0,"turns":4.0},{"damage":0.0,"enemies":"Slime Boss","floor":16.0,"turns":3.0},{"damage":9.0,"enemies":"3 Byrds","floor":18.0,"turns":7.0},{"damage":12.0,"enemies":"2 Thieves","floor":21.0,"turns":3.0},{"damage":0,"enemies":"Gremlin Leader","floor":24,"turns":4},{"damage":15,"enemies":"Snake Plant","floor":25,"turns":3},{"damage":0,"enemies":"Slavers","floor":28,"turns":3},{"damage":0,"enemies":"Book of Stabbing","floor":30,"turns":5},{"damage":11,"enemies":"Automaton","floor":33,"turns":9},{"damage":0,"enemies":"Orb Walker","floor":35,"turns":5},{"damage":0,"enemies":"3 Shapes","floor":39,"turns":4},{"damage":0,"enemies":"Reptomancer","floor":40,"turns":6},{"damage":0,"enemies":"Giant Head","floor":42,"turns":6},{"damage":0,"enemies":"Jaw Worm Horde","floor":45,"turns":3},{"damage":0,"enemies":"Reptomancer","floor":46,"turns":3},{"damage":0,"enemies":"Maw","floor":48,"turns":7},{"damage":39,"enemies":"Awakened One","floor":50,"turns":13},{"damage":7,"enemies":"Donu and Deca","floor":51,"turns":4},{"damage":0,"enemies":"Shield and Spear","floor":55,"turns":9},{"damage":29,"enemies":"The Heart","floor":56,"turns":8}],"seed_played":"8356239049897885973","potions_obtained":[{"floor":5.0,"key":"Energy Potion"},{"floor":7.0,"key":"Ambrosia"},{"floor":14.0,"key":"BlessingOfTheForge"},{"floor":16.0,"key":"ColorlessPotion"},{"floor":24,"key":"AttackPotion"},{"floor":25,"key":"DistilledChaos"},{"floor":28,"key":"LiquidMemories"},{"floor":35,"key":"PowerPotion"}],"is_trial":false,"path_per_floor":["M","$","M","?","M","R","E","R","T","E","?","?","?","E","R","B",null,"M","$","?","M","T","R","E","M","T","?","E","R","E","$","R","B",null,"M","?","T","?","M","E","R","E","T","$","M","E","R","M","R","B","B",null,"R","$","E","B",null],"character_chosen":"WATCHER","items_purchased":["FlyingSleeves","Omniscience","Tantrum","InnerPeace","PowerPotion","DuplicationPotion","DistilledChaos","Centennial Puzzle","Art of War","Explosive Potion"],"campfire_rested":1,"item_purchase_floors":[2,19,19,31,44,54,54,54,54,54],"current_hp_per_floor":[67,67,67,72,69,69,69,69,69,55,55,37,37,32,32,32,73,66,66,66,54,54,54,56,41,41,41,43,43,43,43,43,32,43,45,43,43,43,45,47,47,49,49,49,49,51,51,51,51,12,5,46,59,59,59,30],"gold":63,"neow_bonus":"TEN_PERCENT_HP_BONUS","is_daily":false,"chose_seed":false,"campfire_upgraded":8,"win_rate":0.0,"timestamp":1609186430,"path_taken":["M","$","M","?","M","R","E","R","T","E","?","?","?","E","R","BOSS","M","$","?","M","?","R","E","M","T","?","E","R","E","?","R","BOSS","M","?","?","?","?","E","R","E","T","?","M","E","R","M","R","BOSS","BOSS","R","$","E","BOSS"],"items_purchased_type":["Card","Card","Card","Card","Potion","Potion","Potion","Relic","Relic","Potion"],"build_version":"2020-12-22","purchased_purges":3,"victory":true,"max_hp_per_floor":[74,74,74,79,79,79,79,79,79,81,73,73,73,87,87,87,87,89,89,89,89,89,89,91,91,91,45,47,47,47,47,47,47,47,49,51,51,51,53,55,55,57,57,57,57,59,59,59,59,59,59,59,59,59,59,59],"relic_stats":{"Singing Bowl":20,"Gremlin Horn":[9,9],"counters":[25,126],"Golden Idol":180,"Dead Branch":[173],"Bag of Preparation":[32],"Orichalcum":[0],"Cursed Key":3,"Mercury Hourglass":[137],"Centennial Puzzle":[3],"Bronze Scales":[258],"Art of War":[1],"obtain_stats":[{"Potion Belt":10,"Singing Bowl":9,"Gremlin Horn":42,"Golden Idol":11,"Dead Branch":24,"Mango":14,"Thread and Needle":28,"Bag of Preparation":22,"Bottled Tornado":37,"Orichalcum":55,"Cursed Key":17,"Akabeko":7,"Mercury Hourglass":46,"Bottled Flame":30,"Centennial Puzzle":54,"Bronze Scales":40,"HolyWater":34,"Art of War":54,"PureWater":0,"TungstenRod":12},{"Potion Belt":5,"Singing Bowl":4,"Gremlin Horn":18,"Golden Idol":5,"Dead Branch":10,"Mango":6,"Thread and Needle":12,"Bag of Preparation":9,"Bottled Tornado":15,"Orichalcum":24,"Cursed Key":7,"Akabeko":4,"Mercury Hourglass":20,"Bottled Flame":13,"Centennial Puzzle":23,"Bronze Scales":17,"HolyWater":14,"Art of War":23,"PureWater":0,"TungstenRod":5},{"Potion Belt":17,"Singing Bowl":14,"Gremlin Horn":79,"Golden Idol":17,"Dead Branch":38,"Mango":21,"Thread and Needle":44,"Bag of Preparation":34,"Bottled Tornado":63,"Orichalcum":118,"Cursed Key":24,"Akabeko":14,"Mercury Hourglass":85,"Bottled Flame":49,"Centennial Puzzle":109,"Bronze Scales":73,"HolyWater":58,"Art of War":109,"PureWater":0,"TungstenRod":17}],"TungstenRod":55},"card_choices":[{"not_picked":["BowlingBash","CutThroughFate"],"picked":"FollowUp","floor":1.0},{"not_picked":["FollowUp","Devotion"],"picked":"CutThroughFate","floor":3.0},{"not_picked":["Halt","Crescendo"],"picked":"BattleHymn","floor":5.0},{"not_picked":["Pray","Fasting2","Protect"],"picked":"SKIP","floor":7.0},{"not_picked":["SandsOfTime","LikeWater","PathToVictory"],"picked":"Singing Bowl","floor":10.0},{"not_picked":["ClearTheMind","DeceiveReality"],"picked":"Wireheading","floor":14.0},{"not_picked":["SpiritShield","ConjureBlade"],"picked":"LessonLearned","floor":16.0},{"not_picked":["Adaptation","InnerPeace","Pray"],"picked":"Singing Bowl","floor":18.0},{"not_picked":["Tantrum","Protect"],"picked":"MentalFortress","floor":21.0},{"not_picked":["InnerPeace","CrushJoints","Nirvana"],"picked":"Singing Bowl","floor":24},{"not_picked":["CrushJoints+1","Swivel"],"picked":"Wallop","floor":25},{"not_picked":["FlurryOfBlows","Halt+1","JustLucky"],"picked":"Singing Bowl","floor":28},{"not_picked":["MasterReality","JustLucky","SashWhip"],"picked":"SKIP","floor":30},{"not_picked":["JustLucky","SashWhip"],"picked":"MasterReality","floor":30},{"not_picked":["Judgement","MasterReality"],"picked":"Wish","floor":33},{"not_picked":["Halt","CutThroughFate","Prostrate"],"picked":"Singing Bowl","floor":35},{"not_picked":["Good Instincts","Bandage Up"],"picked":"Thinking Ahead","floor":36},{"not_picked":["Transmutation","Magnetism","Trip"],"picked":"Singing Bowl","floor":36},{"not_picked":["Fasting2+1","WheelKick","ClearTheMind"],"picked":"Singing Bowl","floor":39},{"not_picked":["PathToVictory","InnerPeace","Halt"],"picked":"Singing Bowl","floor":40},{"not_picked":["EmptyFist+1","Study","Protect"],"picked":"Singing Bowl","floor":42},{"not_picked":["SignatureMove+1","FollowUp"],"picked":"EmptyMind+1","floor":45},{"not_picked":["Prostrate","Indignation+1","FlyingSleeves"],"picked":"Singing Bowl","floor":46},{"not_picked":["JustLucky","ThirdEye+1"],"picked":"FearNoEvil","floor":48},{"not_picked":["FlyingSleeves","EmptyFist+1"],"picked":"Scrawl","floor":55}],"player_experience":1138111,"relics_obtained":[{"floor":7.0,"key":"Akabeko"},{"floor":9.0,"key":"Singing Bowl"},{"floor":10.0,"key":"Potion Belt"},{"floor":14.0,"key":"Mango"},{"floor":22.0,"key":"Bag of Preparation"},{"floor":24,"key":"Dead Branch"},{"floor":28,"key":"Thread and Needle"},{"floor":30,"key":"Bottled Flame"},{"floor":37,"key":"Bottled Tornado"},{"floor":40,"key":"Bronze Scales"},{"floor":42,"key":"Gremlin Horn"},{"floor":46,"key":"Mercury Hourglass"},{"floor":55,"key":"Orichalcum"}],"event_choices":[{"damage_healed":0.0,"max_hp_gain":5.0,"max_hp_loss":0.0,"gold_gain":0.0,"event_name":"Big Fish","player_choice":"Donut","floor":4.0,"gold_loss":0.0,"damage_taken":0.0},{"damage_healed":0.0,"max_hp_gain":0.0,"max_hp_loss":8.0,"gold_gain":0.0,"event_name":"Golden Idol","player_choice":"Lose Max HP","floor":11.0,"gold_loss":0.0,"damage_taken":0.0,"relics_obtained":["Golden Idol"]},{"damage_healed":0.0,"max_hp_gain":0.0,"max_hp_loss":0.0,"gold_gain":0.0,"event_name":"Scrap Ooze","player_choice":"Success","floor":12.0,"gold_loss":0.0,"damage_taken":18.0,"relics_obtained":["TungstenRod"]},{"damage_healed":0.0,"max_hp_gain":0.0,"max_hp_loss":0.0,"gold_gain":0.0,"event_name":"Living Wall","player_choice":"Grow","floor":13.0,"gold_loss":0.0,"damage_taken":0.0,"cards_upgraded":["FlyingSleeves"]},{"damage_healed":0.0,"max_hp_gain":0.0,"max_hp_loss":0.0,"gold_gain":0.0,"event_name":"Back to Basics","player_choice":"Simplicity","floor":20.0,"gold_loss":0.0,"damage_taken":0.0,"cards_upgraded":["Strike_P","Strike_P","Strike_P","Defend_P","Defend_P","Defend_P","Defend_P"]},{"damage_healed":0,"gold_gain":0,"player_choice":"Became a Ghost","damage_taken":0,"max_hp_gain":0,"max_hp_loss":46,"event_name":"Ghosts","floor":27,"gold_loss":0,"cards_obtained":["Ghostly","Ghostly","Ghostly"]},{"damage_healed":0,"gold_gain":0,"player_choice":"Memory 2","damage_taken":5,"max_hp_gain":0,"max_hp_loss":0,"event_name":"SensoryStone","floor":36,"gold_loss":0},{"damage_healed":0,"gold_gain":0,"player_choice":"Ignored","damage_taken":0,"max_hp_gain":0,"max_hp_loss":0,"event_name":"SecretPortal","floor":38,"gold_loss":0}],"is_beta":false,"boss_relics":[{"not_picked":["Runic Pyramid","VioletLotus"],"picked":"Cursed Key"},{"not_picked":["Snecko Eye","Tiny House"],"picked":"HolyWater"}],"items_purged_floors":[19,31,44],"is_endless":false,"potions_floor_spawned":[5,7,14,16,24,25,28,35,45,46],"ascension_level":20}}