{"host":"8u7tvcybuv0u72fd","time":1609128717,"event":{"mods":["BaseMod","BetterRewards","Colored Map","Colored Powertips","Minty Spire (QoL Compilation)","Quick Restart","Shop Mod"],"gold_per_floor":[112,132,146,146,221,221,245,245,245,245,265,299,299,5,5,124,124,140,160,179,179,195,195,234,234,234,234,234],"floor_reached":27,"playtime":1182,"items_purged":["Strike_R"],"score":333,"play_id":"69b20b47-3b08-4221-bad3-83a1bbfbaf2d","local_time":"20201227231157","is_ascension_mode":false,"campfire_choices":[{"data":"Bash","floor":6.0,"key":"SMITH"},{"data":"Body Slam","floor":8.0,"key":"SMITH"},{"data":"Rage","floor":10.0,"key":"SMITH"},{"data":"Barricade","floor":15.0,"key":"SMITH"},{"floor":23.0,"key":"REST"}],"circlet_count":0,"master_deck":["Strike_R","Strike_R+1","Strike_R+1","Strike_R","Defend_R","Defend_R","Defend_R","Defend_R","Bash+1","Dramatic Entrance","Rage+1","Clash","Body Slam+1","Barricade+1","Exhume","CurseOfTheBell","Fire Breathing+1","Shrug It Off"],"relics":["Burning Blood","Boot","Golden Idol","Pear","Bronze Scales","Happy Flower","Calling Bell","Tiny Chest","Shuriken","Peace Pipe","MealTicket","White Beast Statue","Whetstone"],"acts_visited":["Exordium","TheCity"],"potions_floor_usage":[24,24,24],"damage_taken":[{"damage":1.0,"enemies":"Jaw Worm","floor":1.0,"turns":3.0},{"damage":0.0,"enemies":"Small Slimes","floor":2.0,"turns":2.0},{"damage":0.0,"enemies":"2 Louse","floor":3.0,"turns":2.0},{"damage":0.0,"enemies":"Lots of Slimes","floor":7.0,"turns":2.0},{"damage":10.0,"enemies":"Looter","floor":11.0,"turns":2.0},{"damage":14.0,"enemies":"Gremlin Nob","floor":12.0,"turns":3.0},{"damage":15.0,"enemies":"Hexaghost","floor":16.0,"turns":9.0},{"damage":23.0,"enemies":"Shell Parasite","floor":18.0,"turns":4.0},{"damage":20.0,"enemies":"2 Thieves","floor":19.0,"turns":3.0},{"damage":20.0,"enemies":"Cultist and Chosen","floor":20.0,"turns":5.0},{"damage":36.0,"enemies":"Shelled Parasite and Fungi","floor":22.0,"turns":6.0},{"damage":34,"enemies":"Book of Stabbing","floor":24,"turns":5},{"damage":30,"enemies":"Snecko","floor":27,"turns":4}],"seed_played":"-360618758689875390","potions_obtained":[{"floor":1.0,"key":"FearPotion"},{"floor":3.0,"key":"BlessingOfTheForge"},{"floor":12.0,"key":"SpeedPotion"},{"floor":16.0,"key":"Explosive Potion"},{"floor":22.0,"key":"Swift Potion"}],"is_trial":false,"path_per_floor":["M","M","M","?","?","R","M","R","T","R","M","E","?","$","R","B",null,"M","M","M","?","M","R","E","?","T","M"],"character_chosen":"IRONCLAD","items_purchased":["Dramatic Entrance","Boot","Rage","Clash","LiquidMemories","Bronze Scales","Happy Flower"],"campfire_rested":1,"item_purchase_floors":[0,0,0,0,0,14,14],"current_hp_per_floor":[62,68,74,54,43,43,49,49,49,49,45,47,47,47,47,38,90,73,59,45,45,15,42,14,14,14,0,0],"gold":234,"neow_bonus":"","is_daily":false,"chose_seed":false,"campfire_upgraded":4,"win_rate":0.0,"timestamp":1609128717,"path_taken":["M","M","M","?","?","R","M","R","T","R","M","E","?","$","R","BOSS","M","M","M","?","M","R","E","?","T","M"],"items_purchased_type":["Card","Relic","Card","Card","Potion","Relic","Relic"],"build_version":"2020-12-22","purchased_purges":1,"victory":false,"max_hp_per_floor":[80,80,80,80,80,80,80,80,80,80,80,90,90,90,90,90,90,90,90,90,90,90,90,90,90,90,90,90],"card_choices":[{"not_picked":["Flex","Feel No Pain","Spot Weakness"],"picked":"SKIP","floor":1.0},{"not_picked":["Seeing Red","Armaments"],"picked":"Body Slam","floor":2.0},{"not_picked":["Iron Wave","Body Slam","Pommel Strike"],"picked":"SKIP","floor":3.0},{"not_picked":["Thunderclap","Iron Wave","Armaments"],"picked":"SKIP","floor":7.0},{"not_picked":["Wild Strike","Iron Wave"],"picked":"Barricade","floor":11.0},{"not_picked":["Anger","Combust","Flex"],"picked":"SKIP","floor":12.0},{"not_picked":["Immolate","Barricade"],"picked":"Exhume","floor":16.0},{"not_picked":["Warcry+1","Body Slam","Fire Breathing+1"],"picked":"SKIP","floor":18.0},{"not_picked":["Warcry+1","Body Slam"],"picked":"Fire Breathing+1","floor":18.0},{"not_picked":["Clothesline","Havoc+1","Body Slam+1"],"picked":"SKIP","floor":19.0},{"not_picked":["Twin Strike","Fire Breathing"],"picked":"Shrug It Off","floor":20.0},{"not_picked":["Rupture","Wild Strike","Double Tap"],"picked":"SKIP","floor":22.0},{"not_picked":["Clothesline","Armaments","Burning Pact"],"picked":"SKIP","floor":24}],"player_experience":1230166,"relics_obtained":[{"floor":12.0,"key":"Pear"},{"floor":17.0,"key":"Tiny Chest"},{"floor":17.0,"key":"Shuriken"},{"floor":17.0,"key":"Peace Pipe"},{"floor":24,"key":"MealTicket"},{"floor":25,"key":"White Beast Statue"},{"floor":26,"key":"Whetstone"}],"event_choices":[{"damage_healed":0.0,"max_hp_gain":0.0,"max_hp_loss":0.0,"gold_gain":0.0,"event_name":"Golden Idol","player_choice":"Take Damage","floor":4.0,"gold_loss":0.0,"damage_taken":20.0,"relics_obtained":["Golden Idol"]},{"damage_healed":0.0,"max_hp_gain":0.0,"max_hp_loss":0.0,"gold_gain":75.0,"event_name":"World of Goop","player_choice":"Gather Gold","floor":5.0,"gold_loss":0.0,"damage_taken":11.0},{"damage_healed":0.0,"max_hp_gain":0.0,"max_hp_loss":0.0,"gold_gain":0.0,"event_name":"Shining Light","player_choice":"Ignored","floor":13.0,"gold_loss":0.0,"damage_taken":0.0},{"damage_healed":0.0,"max_hp_gain":0.0,"max_hp_loss":0.0,"gold_gain":0.0,"event_name":"Ghosts","player_choice":"Ignored","floor":21.0,"gold_loss":0.0,"damage_taken":0.0},{"damage_healed":0,"gold_gain":0,"player_choice":"Relic","damage_taken":0,"max_hp_gain":0,"max_hp_loss":0,"event_name":"Wheel of Change","floor":25,"gold_loss":0}],"is_beta":false,"boss_relics":[{"not_picked":["Black Star","Snecko Eye"],"picked":"Calling Bell"}],"items_purged_floors":[0],"is_endless":false,"potions_floor_spawned":[1,3,12,16,22],"killed_by":"Snecko","ascension_level":0}}