{"host":"r3d3rfw8zyydmocx","time":1609115368,"event":{"mods":["Aspiration","BaseMod","Better Third Choice","Colored Powertips","Conspire","Downfall","Hermit","Highlight Path","Hubris","Minty Spire (QoL Compilation)","StSLib","The Hierophant","The Servant 0.9.4"],"gold_per_floor":[115,115,134,134,145,145,160,160,229,229,240,240,57,57,57,57,57],"floor_reached":16,"playtime":430,"items_purged":[],"score":90,"play_id":"47b100db-cb44-487b-bfc3-f5211bdd7387","local_time":"20201227162928","is_ascension_mode":false,"campfire_choices":[{"data":"TheWorld","floor":6.0,"key":"SMITH"},{"data":"KidneyShot","floor":8.0,"key":"SMITH"},{"floor":10.0,"key":"REST"},{"floor":12.0,"key":"RECALL"},{"data":"Potential","floor":15.0,"key":"SMITH"}],"circlet_count":0,"master_deck":["Strike_S","Strike_S","Strike_S","Strike_S","Defend_S","Defend_S","Defend_S","Defend_S","KidneyShot+1","Exchange","TheWorld+1","ShiftingGears","Potential+1","Deny+1"],"relics":["Uniform","conspire:GiftBox","hubris:TinFlute"],"acts_visited":["Exordium"],"potions_floor_usage":[],"damage_taken":[{"damage":0.0,"enemies":"Cultist","floor":1.0,"turns":3.0},{"damage":6.0,"enemies":"Jaw Worm","floor":3.0,"turns":3.0},{"damage":2.0,"enemies":"2 Louse","floor":5.0,"turns":3.0},{"damage":31.0,"enemies":"Large Slime","floor":7.0,"turns":9.0},{"damage":9.0,"enemies":"3 Louse","floor":11.0,"turns":4.0},{"damage":0,"enemies":"The Guardian","floor":16,"turns":1}],"seed_played":"-2521774485283954469","potions_obtained":[{"floor":3.0,"key":"champ:CounterPotion"},{"floor":4.0,"key":"Dexterity Potion"},{"floor":4.0,"key":"Fruit Juice"},{"floor":4.0,"key":"Fruit Juice"},{"floor":7.0,"key":"champ:CounterPotion"},{"floor":11.0,"key":"BlessingOfTheForge"}],"is_trial":false,"path_per_floor":["M","T","M","?","M","R","M","R","T","R","M","R","$","?","R","B"],"character_chosen":"THE_SERVANT","items_purchased":["Potential","Deny"],"campfire_rested":1,"item_purchase_floors":[13,13],"current_hp_per_floor":[47,47,41,51,49,49,18,18,18,40,31,31,31,31,31,31,31],"gold":57,"neow_bonus":"ONE_RARE_RELIC","is_daily":false,"chose_seed":false,"campfire_upgraded":3,"win_rate":0.0,"timestamp":1609115368,"path_taken":["M","?","M","?","?","R","M","R","T","R","M","R","$","?","R","BOSS"],"items_purchased_type":["Card","Card"],"build_version":"2020-12-22","purchased_purges":0,"victory":false,"max_hp_per_floor":[65,65,65,75,75,75,75,75,75,75,75,75,75,75,75,75,75],"card_choices":[{"not_picked":["ForgedInTime","PendulumOfEternity"],"picked":"TheWorld","floor":0.0},{"not_picked":["Revamp","TimeWarp","WasteNot"],"picked":"SKIP","floor":1.0},{"not_picked":["Rewind","Collapse"],"picked":"ShiftingGears","floor":3.0},{"not_picked":["Alleviate","TimeWarp","FastForward"],"picked":"SKIP","floor":5.0},{"not_picked":["Rewind","BestPractice","Comet"],"picked":"SKIP","floor":7.0},{"not_picked":["Spin","Alleviate","Ricochet"],"picked":"SKIP","floor":11.0}],"player_experience":544100,"relics_obtained":[{"floor":9.0,"key":"hubris:TinFlute"}],"event_choices":[{"damage_healed":0.0,"max_hp_gain":0.0,"max_hp_loss":0.0,"gold_gain":0.0,"event_name":"Lab","player_choice":"Got Potions","floor":4.0,"gold_loss":0.0,"damage_taken":0.0},{"damage_healed":0.0,"max_hp_gain":0.0,"max_hp_loss":0.0,"gold_gain":0.0,"event_name":"Living Wall","player_choice":"Grow","floor":14.0,"gold_loss":0.0,"damage_taken":0.0,"cards_upgraded":["Deny"]}],"is_beta":false,"boss_relics":[],"items_purged_floors":[],"is_endless":false,"potions_floor_spawned":[3,7,11],"killed_by":"The Guardian","ascension_level":0}}