{"host":"lonmk01vm2mxu21j","time":1609147249,"event":{"mods":["BaseMod","Colored Map","Downfall","Infinite Spire","Marisa£®ÏF”Í°°ƒß¿Ì…≥£©","Minty Spire (QoL Compilation)","Remilia£®¿Ÿ√◊¿Ú—«£©","Replay The Spire","StSLib","SuperFastMode","The Bug Knight","The Cursed","The Hierophant","The Poker Player","The Runesmith","Youmu£®ªÍ∆«—˝√Œ£©","[IsaacMod]“‘»ˆº‚À˛"],"gold_per_floor":[113,288,316,394,319,350,381,396,423,423,1,28,28,62,62,216,216,252,252,292,292,48,48,48,61,61,61,61,61],"floor_reached":28,"playtime":1799,"items_purged":["Doubt","Strike_MRS"],"score":243,"play_id":"5af9feea-80f5-4102-95ae-2716bf241cbc","local_time":"20201228172049","is_ascension_mode":false,"campfire_choices":[{"floor":13,"key":"REST"},{"data":"WitchOfGreed","floor":15,"key":"SMITH"},{"data":"MasterSpark","floor":23,"key":"SMITH"}],"circlet_count":0,"master_deck":["Strike_MRS","Strike_MRS","Strike_MRS","Defend_MRS","Defend_MRS","Defend_MRS","MasterSpark+1","UpSweep","BettingIsNotGood+1","GrandCross+1","MilkyWay","IllusionStar","WitchOfGreed+1","DC+1","TreasureHunter+1"],"relics":["MiniHakkero","HushsDoor","KeepersGift","NeowsBlessing","Replay:Rubber Ducky","Oddly Smooth Stone","Molten Egg 2","Guide Book","Black Star","Centennial Puzzle","Sling","Sundial"],"acts_visited":["Exordium","TheCity"],"potions_floor_usage":[12,16,16,16,18,20,20,25],"damage_taken":[{"damage":3,"enemies":"Small Slimes","floor":1,"turns":2},{"damage":0,"enemies":"2 Louse","floor":3,"turns":1},{"damage":3,"enemies":"HollowMod:MossKnight","floor":6,"turns":1},{"damage":21,"enemies":"infinitespire:Voidling","floor":7,"turns":3},{"damage":12,"enemies":"Looter","floor":8,"turns":4},{"damage":9,"enemies":"Red Slaver","floor":12,"turns":4},{"damage":6,"enemies":"Large Slime","floor":14,"turns":3},{"damage":32,"enemies":"Fading Forest","floor":16,"turns":11},{"damage":24,"enemies":"2 Thieves","floor":18,"turns":3},{"damage":24,"enemies":"Snake Plant","floor":20,"turns":3},{"damage":9,"enemies":"Snecko","floor":25,"turns":3},{"damage":39,"enemies":"Book of Stabbing","floor":28,"turns":3}],"seed_played":"-4558806764319973565","potions_obtained":[{"floor":7,"key":"ShroomBrew"},{"floor":8,"key":"AttackPotion"},{"floor":12,"key":"DistilledChaos"},{"floor":14,"key":"DuplicationPotion"},{"floor":16,"key":"LiquidBronze"},{"floor":18,"key":"Weak Potion"},{"floor":20,"key":"BlessingOfTheForge"}],"is_trial":false,"path_per_floor":["M","?","M","?","$","E","M","M","T","?","$","M","R","M","R","B",null,"M","?","M","?","$","R","?","M","T","?","E"],"character_chosen":"MARISA","items_purchased":["Molten Egg 2","WitchOfGreed","Guide Book","Sling"],"campfire_rested":1,"item_purchase_floors":[11,11,11,22],"current_hp_per_floor":[72,72,72,57,57,54,33,26,26,26,26,17,39,33,33,11,75,51,51,27,52,52,52,38,29,29,29,0,0],"gold":61,"neow_bonus":"THREE_ENEMY_KILL","is_daily":false,"chose_seed":false,"campfire_upgraded":2,"win_rate":0.0,"timestamp":1609147249,"path_taken":["M","?","?","?","?","E","?","M","T","?","$","M","R","M","R","BOSS","M","?","M","?","$","R","?","?","T","?","E"],"items_purchased_type":["Relic","Card","Relic","Relic"],"build_version":"2020-12-22","purchased_purges":2,"victory":false,"max_hp_per_floor":[75,75,75,75,75,75,75,75,75,75,75,75,75,75,75,75,75,75,75,75,75,75,75,80,80,80,80,80,80],"card_choices":[{"not_picked":[],"picked":"BettingIsNotGood","floor":0},{"not_picked":["Acceleration","DoubleSpark","SporeBomb"],"picked":"SKIP","floor":1},{"not_picked":["6A","MagicChant"],"picked":"GrandCross","floor":3},{"not_picked":["ChargingUp","StarBarrage"],"picked":"MilkyWay","floor":6},{"not_picked":["OpenUniverse","GalacticHalo"],"picked":"IllusionStar","floor":7},{"not_picked":["GalacticHalo","EventHorizon","Acceleration"],"picked":"SKIP","floor":8},{"not_picked":["SprinkleStarSeal","DarkMatter","Occultation"],"picked":"SKIP","floor":12},{"not_picked":["WitchLeyline+1","OneTimeOff"],"picked":"DC+1","floor":14},{"not_picked":["ManaRampage","AbsoluteMagnitude+1"],"picked":"TreasureHunter+1","floor":16},{"not_picked":["PowerUp","IllusionStar","WitchOfGreed"],"picked":"SKIP","floor":18},{"not_picked":["LuminesStrike+1","NonDirectionalLaser+1","IllusionStar+1"],"picked":"SKIP","floor":20},{"not_picked":["SporeBomb","ShootingEcho+1","BinaryStars"],"picked":"SKIP","floor":25}],"player_experience":394734,"relics_obtained":[{"floor":6,"key":"Replay:Rubber Ducky"},{"floor":9,"key":"Oddly Smooth Stone"},{"floor":26,"key":"Sundial"}],"event_choices":[{"damage_healed":0,"gold_gain":175,"player_choice":"AGREE","damage_taken":0,"max_hp_gain":0,"max_hp_loss":0,"event_name":"Liars Game","floor":2,"gold_loss":0,"cards_obtained":["Doubt"]},{"cards_removed":["Defend_MRS"],"damage_healed":0,"gold_gain":0,"player_choice":"Forget","damage_taken":0,"max_hp_gain":0,"max_hp_loss":0,"event_name":"Living Wall","floor":10,"gold_loss":0},{"damage_healed":25,"gold_gain":0,"player_choice":"Heal","damage_taken":0,"max_hp_gain":0,"max_hp_loss":0,"event_name":"The Library","floor":21,"gold_loss":0},{"damage_healed":0,"gold_gain":0,"player_choice":"Shed Blood","damage_taken":19,"max_hp_gain":5,"max_hp_loss":0,"event_name":"Forgotten Altar","floor":24,"gold_loss":0}],"is_beta":false,"boss_relics":[{"not_picked":["Ectoplasm","Replay:Wanted Poster"],"picked":"Black Star"},{"not_picked":[]}],"items_purged_floors":[5,22],"is_endless":false,"potions_floor_spawned":[7,8,14],"killed_by":"Book of Stabbing","ascension_level":0}}