{"host":"wfy07lporsqrbz3r","time":1609148561,"event":{"mods":["BaseMod","Minty Spire (QoL Compilation)","Replay The Spire","StSLib"],"gold_per_floor":[110,125,125,138,55,55,82,82,108,139,154,154,185,196,196,301,301,321,341,440,455,85,117,131,131,131,131,131,131,147,173,173,272,272,286,286,140,153,50,81,81,114,114,114,134,180,180,208,208,306,306,324,57,57,77,3,38,38,69,95,95,95,121,140,159,159,264,264,278,143,161,39,39,72,72,106,131,145,145,178,178,253,253,351,351,369,369,279,279,279],"floor_reached":89,"playtime":3094,"items_purged":["Regret","Demonic Infusion","Battle Trance+1","Injury"],"score":2988,"play_id":"a86827e9-0f88-4b30-96db-07ca2f4bae0b","local_time":"20201228174241","daily_mods":["SealedDeck","Heirloom","Elite Swarm","Lethality"],"is_ascension_mode":true,"campfire_choices":[{"data":"Burning Pact","floor":6,"key":"SMITH"},{"data":"Limit Break","floor":12,"key":"SMITH"},{"data":"Hemogenesis","floor":25,"key":"SMITH"},{"data":"Seeing Red","floor":27,"key":"SMITH"},{"floor":32,"key":"REST"},{"data":"1","floor":44,"key":"LIFT"},{"data":"2","floor":49,"key":"LIFT"},{"data":"3","floor":61,"key":"LIFT"},{"data":"Master of Strategy","floor":66,"key":"SMITH"},{"data":"Feed","floor":75,"key":"SMITH"},{"data":"Offering","floor":79,"key":"SMITH"},{"data":"Spot Weakness","floor":81,"key":"SMITH"},{"data":"Omniscience","floor":83,"key":"SMITH"}],"circlet_count":0,"master_deck":["Shrug It Off","Cleave+1","Thunderclap","Burning Pact+1","ReplayTheSpireMod:Limb From Limb","Sentinel","Replay:Undeath\u0027s Touch","Limit Break+1","Spot Weakness+1","Seeing Red+1","Hemogenesis+1","Feed+1","Offering+1","Limit Break+1","Feed","Feed","Master of Strategy+1","Omniscience+1","Blasphemy"],"relics":["Burning Blood","Calipers","Replay:Wax Seal","King of Hearts","FaceOfCleric","Tiny Chest","Potion Belt","Meat on the Bone","Charon\u0027s Ashes","Electric Blood","Juzu Bracelet","Brimstone","Champion Belt","Chameleon Ring","Self Forming Clay","Girya","Empty Cage","Membership Card","Bag of Preparation","Replay:Mystery Machine","Happy Flower","HornCleat","Ginger","ReplayTheSpireMod:Spearhead","Akabeko","Philosopher\u0027s Stone","Thread and Needle","Lee\u0027s Waffle","Ring of Fury","PrismaticShard","Sozu","Medical Kit","Pear","MutagenicStrength","ReplayTheSpireMod:CursedCoin","Runic Pyramid","StrikeDummy"],"acts_visited":["Exordium","TheCity","TheBeyond","Exordium","TheCity","TheBeyond"],"potions_floor_usage":[19,19,30],"damage_taken":[{"damage":2,"enemies":"Cultist","floor":1,"turns":2},{"damage":1,"enemies":"2 Louse","floor":2,"turns":1},{"damage":11,"enemies":"Small Slimes","floor":4,"turns":2},{"damage":2,"enemies":"Lagavulin","floor":7,"turns":4},{"damage":18,"enemies":"3 Sentries","floor":10,"turns":3},{"damage":1,"enemies":"Exordium Wildlife","floor":11,"turns":1},{"damage":1,"enemies":"Gremlin Nob","floor":13,"turns":2},{"damage":2,"enemies":"2 Fungi Beasts","floor":14,"turns":2},{"damage":33,"enemies":"The Guardian","floor":16,"turns":5},{"damage":25,"enemies":"3 Byrds","floor":18,"turns":3},{"damage":11,"enemies":"2 Thieves","floor":19,"turns":2},{"damage":9,"enemies":"Centurion and Healer","floor":21,"turns":3},{"damage":9,"enemies":"Gremlin Leader","floor":23,"turns":3},{"damage":9,"enemies":"3 Cultists","floor":24,"turns":2},{"damage":11,"enemies":"Snake Plant","floor":30,"turns":2},{"damage":25,"enemies":"Book of Stabbing","floor":31,"turns":3},{"damage":34,"enemies":"Pondfish","floor":33,"turns":3},{"damage":7,"enemies":"3 Shapes","floor":35,"turns":1},{"damage":17,"enemies":"3 Darklings","floor":38,"turns":2},{"damage":17,"enemies":"Reptomancer","floor":40,"turns":1},{"damage":13,"enemies":"Nemesis","floor":42,"turns":1},{"damage":7,"enemies":"4 Shapes","floor":45,"turns":1},{"damage":9,"enemies":"2 Orb Walkers","floor":46,"turns":2},{"damage":14,"enemies":"Giant Head","floor":48,"turns":1},{"damage":38,"enemies":"Replay:Hell Engine","floor":50,"turns":3},{"damage":5,"enemies":"Jaw Worm","floor":52,"turns":1},{"damage":0,"enemies":"Cultist","floor":55,"turns":1},{"damage":15,"enemies":"Lagavulin","floor":57,"turns":1},{"damage":8,"enemies":"3 Sentries","floor":59,"turns":1},{"damage":7,"enemies":"Gremlin Nob","floor":63,"turns":1},{"damage":2,"enemies":"Small Slimes","floor":64,"turns":1},{"damage":4,"enemies":"Exordium Wildlife","floor":65,"turns":1},{"damage":19,"enemies":"Fading Forest","floor":67,"turns":2},{"damage":3,"enemies":"2 Thieves","floor":69,"turns":1},{"damage":11,"enemies":"Shell Parasite","floor":71,"turns":1},{"damage":8,"enemies":"Book of Stabbing","floor":74,"turns":1},{"damage":13,"enemies":"Gremlin Leader","floor":76,"turns":1},{"damage":21,"enemies":"Book of Stabbing","floor":77,"turns":1},{"damage":21,"enemies":"Snecko","floor":78,"turns":1},{"damage":11,"enemies":"Slavers","floor":80,"turns":1},{"damage":25,"enemies":"Automaton","floor":84,"turns":3},{"damage":15,"enemies":"3 Darklings","floor":86,"turns":1},{"damage":100003,"enemies":"3 Shapes","floor":89,"turns":2}],"seed_played":"-3680037859037391291","potions_obtained":[{"floor":4,"key":"SkillPotion"},{"floor":10,"key":"SpeedPotion"},{"floor":11,"key":"SpeedPotion"},{"floor":14,"key":"AttackPotion"},{"floor":19,"key":"BloodPotion"},{"floor":21,"key":"LifebloodPotion"},{"floor":33,"key":"GamblersBrew"},{"floor":35,"key":"LifebloodPotion"}],"is_trial":true,"path_per_floor":["M","M","$","M","$","R","E","?","T","E","M","R","E","M","R","B",null,"M","M","?","M","$","E","M","R","T","R","?","T","M","E","R","B",null,"M","?","$","M","$","E","?","E","T","R","M","?","T","E","R","B",null,"M","$","?","M","$","E","?","E","T","R","$","E","M","M","R","B",null,"M","$","M","$","?","E","R","E","E","M","R","E","R","$","R","B",null,"M","?","?","M"],"character_chosen":"IRONCLAD","items_purchased":["Replay:Wax Seal","Juzu Bracelet","Brimstone","Membership Card","Bag of Preparation","Battle Trance+1","Thread and Needle","Lee\u0027s Waffle","PrismaticShard","Medical Kit","Pear","ReplayTheSpireMod:CursedCoin"],"campfire_rested":1,"item_purchase_floors":[5,22,22,37,39,39,53,53,56,70,72,82],"current_hp_per_floor":[76,80,80,75,75,75,79,79,79,68,74,74,80,84,84,58,78,60,56,56,54,54,52,62,62,62,62,62,62,66,65,93,99,99,102,102,102,92,92,105,105,102,102,102,105,109,109,102,102,77,115,120,139,139,143,143,139,139,147,147,147,147,150,161,170,170,161,175,185,185,184,194,194,196,196,193,182,171,171,177,177,177,177,167,213,208,208,208,0,0],"gold":279,"neow_bonus":"","is_daily":false,"chose_seed":false,"campfire_upgraded":9,"win_rate":0.0,"timestamp":1609148561,"path_taken":["M","M","$","M","$","R","E","?","T","E","?","R","E","M","R","BOSS","M","M","?","M","$","E","M","R","T","R","?","?","M","E","R","BOSS","M","?","$","M","$","E","?","E","T","R","M","?","?","E","R","BOSS","M","?","?","M","$","E","?","E","T","R","$","E","M","M","R","BOSS","M","$","M","$","?","E","R","E","E","M","R","E","R","$","R","BOSS","M","?","?","M"],"items_purchased_type":["Relic","Relic","Relic","Relic","Relic","Card","Relic","Relic","Relic","Relic","Relic","Relic"],"build_version":"2020-12-22","purchased_purges":4,"victory":false,"max_hp_per_floor":[80,80,80,80,80,80,80,80,80,81,82,82,83,84,84,85,85,86,87,87,88,88,89,90,90,90,90,90,90,91,95,95,99,99,103,103,103,104,104,105,105,109,109,109,113,120,120,121,121,128,128,132,139,139,143,143,147,147,157,157,157,157,161,168,175,175,179,179,186,186,190,200,200,204,204,208,212,216,216,227,227,227,227,228,228,232,232,232,240,240],"card_choices":[{"not_picked":["Metallicize","Entrench","Blood for Blood"],"picked":"SKIP","floor":1},{"not_picked":["True Grit","Headbutt","Perfected Strike"],"picked":"SKIP","floor":2},{"not_picked":["Uppercut","Iron Wave"],"picked":"Replay:Undeath\u0027s Touch","floor":4},{"not_picked":["Replay:Many Hands","Demon Form","Bludgeon"],"picked":"SKIP","floor":7},{"not_picked":["Offering","Exhume"],"picked":"Limit Break","floor":10},{"not_picked":["ReplayTheSpireMod:Strike From Hell","Cleave"],"picked":"Spot Weakness","floor":11},{"not_picked":["Berserk","Exhume"],"picked":"Demonic Infusion","floor":13},{"not_picked":["Uppercut","Anger","Armaments"],"picked":"SKIP","floor":14},{"not_picked":["Wild Strike","Burning Pact"],"picked":"Seeing Red","floor":18},{"not_picked":["Replay:Undeath\u0027s Touch","Havoc","Disarm"],"picked":"SKIP","floor":19},{"not_picked":["Heavy Blade+1","Eclipse","Havoc"],"picked":"SKIP","floor":21},{"not_picked":["Barricade","Eclipse"],"picked":"Hemogenesis","floor":23},{"not_picked":["Replay:Undeath\u0027s Touch","Flex","Warcry+1"],"picked":"SKIP","floor":24},{"not_picked":["Run Through+1","Armaments+1"],"picked":"Feed","floor":30},{"not_picked":["Berserk","Immolate"],"picked":"Offering","floor":31},{"not_picked":["Hemogenesis","Berserk"],"picked":"Limit Break","floor":33},{"not_picked":["Cleave","Fire Breathing","Rage+1"],"picked":"SKIP","floor":35},{"not_picked":["Flame Barrier","Twin Strike+1","Body Slam"],"picked":"SKIP","floor":38},{"not_picked":["Immolate","Impervious"],"picked":"Feed","floor":40},{"not_picked":["Exhume","Bludgeon","Corruption"],"picked":"SKIP","floor":42},{"not_picked":["Body Slam","Reckless Charge","Sever Soul"],"picked":"SKIP","floor":45},{"not_picked":["Impervious","Fiend Fire"],"picked":"Feed","floor":48},{"not_picked":["Pummel","Combust","Anger"],"picked":"SKIP","floor":52},{"not_picked":["Cleave","Replay:Undeath\u0027s Touch","True Grit"],"picked":"SKIP","floor":55},{"not_picked":["Apotheosis","Corpse Explosion","Rainbow"],"picked":"SKIP","floor":57},{"not_picked":["ReplayTheSpireMod:Necrogeddon","Feed","Replay:Many Hands"],"picked":"SKIP","floor":59},{"not_picked":["Rainbow","Secret Weapon"],"picked":"Master of Strategy","floor":63},{"not_picked":["Quick Slash","Heatsinks","Outmaneuver"],"picked":"SKIP","floor":64},{"not_picked":["Replay:Undeath\u0027s Touch","CrushJoints","Outmaneuver"],"picked":"SKIP","floor":65},{"not_picked":["EmptyBody","FlurryOfBlows","Catalyst"],"picked":"SKIP","floor":69},{"not_picked":["EmptyFist","Disarm","ReplayTheSpireMod:System Scan"],"picked":"SKIP","floor":71},{"not_picked":["Creative AI","Poisoned Strike","MasterReality"],"picked":"SKIP","floor":74},{"not_picked":["Feed","Establishment"],"picked":"Omniscience","floor":76},{"not_picked":["Metamorphosis","DevaForm","Machine Learning"],"picked":"SKIP","floor":77},{"not_picked":["Warcry","Havoc","Sword Boomerang+1"],"picked":"SKIP","floor":78},{"not_picked":["Replay:LoomingThreat","Mayhem","Secret Weapon"],"picked":"SKIP","floor":80},{"not_picked":["ReplayTheSpireMod:Necrogeddon","Glass Knife"],"picked":"Blasphemy","floor":84},{"not_picked":["Flex+1","Panic Button+1","Wild Strike"],"picked":"SKIP","floor":86}],"player_experience":740988,"relics_obtained":[{"floor":7,"key":"King of Hearts"},{"floor":9,"key":"Tiny Chest"},{"floor":10,"key":"Potion Belt"},{"floor":13,"key":"Meat on the Bone"},{"floor":23,"key":"Champion Belt"},{"floor":26,"key":"Chameleon Ring"},{"floor":29,"key":"Self Forming Clay"},{"floor":31,"key":"Girya"},{"floor":40,"key":"Replay:Mystery Machine"},{"floor":42,"key":"Happy Flower"},{"floor":43,"key":"HornCleat"},{"floor":46,"key":"Ginger"},{"floor":47,"key":"ReplayTheSpireMod:Spearhead"},{"floor":48,"key":"Akabeko"},{"floor":54,"key":"Ring of Fury"}],"event_choices":[{"damage_healed":0,"gold_gain":0,"player_choice":"Trade","damage_taken":0,"relics_obtained":["FaceOfCleric"],"max_hp_gain":0,"max_hp_loss":0,"event_name":"FaceTrader","floor":8,"gold_loss":0},{"damage_healed":0,"gold_gain":0,"player_choice":"Box","damage_taken":0,"relics_obtained":["Charon\u0027s Ashes"],"max_hp_gain":0,"max_hp_loss":0,"event_name":"Big Fish","floor":15,"gold_loss":0,"cards_obtained":["Regret"]},{"damage_healed":0,"gold_gain":99,"player_choice":"Stole From Cult","damage_taken":0,"max_hp_gain":0,"max_hp_loss":0,"event_name":"Nest","floor":20,"gold_loss":0},{"damage_healed":0,"gold_gain":0,"player_choice":"Ignored","damage_taken":0,"max_hp_gain":0,"max_hp_loss":0,"event_name":"Vampires","floor":28,"gold_loss":0},{"cards_removed":["ReplayTheSpireMod:Muscle Training"],"damage_healed":0,"gold_gain":0,"player_choice":"Removed Skill","damage_taken":0,"max_hp_gain":0,"max_hp_loss":0,"event_name":"Falling","floor":36,"gold_loss":0},{"damage_healed":0,"gold_gain":0,"player_choice":"Memory 1","damage_taken":0,"max_hp_gain":0,"max_hp_loss":0,"event_name":"SensoryStone","floor":41,"gold_loss":0},{"damage_healed":0,"gold_gain":0,"player_choice":"Fight","damage_taken":0,"max_hp_gain":0,"max_hp_loss":0,"event_name":"Mysterious Sphere","floor":46,"gold_loss":0},{"damage_healed":0,"gold_gain":0,"player_choice":"Grow","damage_taken":0,"max_hp_gain":0,"max_hp_loss":0,"event_name":"Living Wall","floor":58,"gold_loss":0,"cards_upgraded":["Limit Break"]},{"damage_healed":0,"gold_gain":0,"player_choice":"Inject Mutagens","damage_taken":0,"relics_obtained":["MutagenicStrength"],"max_hp_gain":0,"max_hp_loss":0,"event_name":"Drug Dealer","floor":73,"gold_loss":0},{"damage_healed":0,"gold_gain":0,"player_choice":"Gave Potion","damage_taken":0,"relics_obtained":["StrikeDummy"],"max_hp_gain":0,"max_hp_loss":0,"event_name":"WeMeetAgain","floor":87,"gold_loss":0},{"cards_removed":["Twin Strike"],"damage_healed":0,"gold_gain":0,"player_choice":"Upgrade and Remove","damage_taken":0,"max_hp_gain":0,"max_hp_loss":0,"event_name":"Designer","floor":88,"gold_loss":90,"cards_upgraded":["Cleave"]}],"is_beta":false,"boss_relics":[{"not_picked":["SacredBark","Coffee Dripper"],"picked":"Electric Blood"},{"not_picked":["Replay:Bronze Core","Honey Jar"],"picked":"Empty Cage"},{"not_picked":["Replay:Ancient Bell","ReplayTheSpireMod:DimensionalGlitch"],"picked":"Philosopher\u0027s Stone"},{"not_picked":["Ring of Chaos","Snecko Heart"],"picked":"Sozu"},{"not_picked":["Calling Bell","SlaversCollar"],"picked":"Runic Pyramid"}],"items_purged_floors":[22,53,70,82],"is_endless":true,"potions_floor_spawned":[4,10,11,14,19,21,33,35,45,50,52,67,76,77,80,84],"killed_by":"3 Shapes","ascension_level":9}}