{"host":"xcuflocadasoaqda","time":1609118123,"event":{"mods":["BaseMod","Bestiary","Filter the Spire","Minty Spire (QoL Compilation)","Relic Stats"],"gold_per_floor":[117,130,130,143,161,190,264,264,264],"floor_reached":8,"playtime":279,"items_purged":[],"score":116,"play_id":"fff3bae1-3e07-463f-a5f7-e5acb310e90d","local_time":"20201227191523","is_ascension_mode":true,"campfire_choices":[],"circlet_count":0,"master_deck":["AscendersBane","Strike_G","Strike_G","Strike_G","Strike_G","Strike_G","Defend_G","Defend_G","Defend_G","Defend_G","Defend_G","Survivor","Neutralize","PiercingWail","Blade Dance","Backstab","Flying Knee","After Image"],"relics":["WristBlade","Snake Skull","Art of War"],"acts_visited":["Exordium"],"potions_floor_usage":[6],"damage_taken":[{"damage":12.0,"enemies":"Cultist","floor":1.0,"turns":5.0},{"damage":1.0,"enemies":"2 Louse","floor":2.0,"turns":4.0},{"damage":0.0,"enemies":"Small Slimes","floor":4.0,"turns":3.0},{"damage":2.0,"enemies":"Exordium Thugs","floor":5.0,"turns":5.0},{"damage":22,"enemies":"Gremlin Nob","floor":6,"turns":4},{"damage":11,"enemies":"3 Sentries","floor":8,"turns":4}],"seed_played":"1979553773691033239","potions_obtained":[{"floor":1.0,"key":"PowerPotion"},{"floor":2.0,"key":"Block Potion"}],"is_trial":false,"path_per_floor":["M","M","?","M","M","E","?","E"],"character_chosen":"THE_SILENT","items_purchased":[],"campfire_rested":0,"item_purchase_floors":[],"current_hp_per_floor":[47,46,28,28,26,4,4,0,0],"gold":264,"neow_bonus":"BOSS_RELIC","is_daily":false,"chose_seed":false,"campfire_upgraded":0,"win_rate":0.0,"timestamp":1609118123,"path_taken":["M","?","?","M","M","E","?","E"],"items_purchased_type":[],"build_version":"2020-12-22","purchased_purges":0,"victory":false,"max_hp_per_floor":[66,66,66,66,66,66,66,66,66],"relic_stats":{"counters":[6,25],"Snake Skull":[0],"Art of War":[0],"obtain_stats":[{"WristBlade":0,"Snake Skull":3,"Art of War":6,"Ring of the Snake":0},{"WristBlade":0,"Snake Skull":2,"Art of War":5,"Ring of the Snake":0},{"WristBlade":0,"Snake Skull":9,"Art of War":21,"Ring of the Snake":0}]},"card_choices":[{"not_picked":["Tactician","Outmaneuver"],"picked":"PiercingWail","floor":1.0},{"not_picked":["Concentrate","Setup"],"picked":"Blade Dance","floor":2.0},{"not_picked":["Flying Knee","Choke"],"picked":"Backstab","floor":4.0},{"not_picked":["Quick Slash","Outmaneuver"],"picked":"Flying Knee","floor":5.0},{"not_picked":["Flying Knee","Expertise"],"picked":"After Image","floor":6}],"player_experience":1798262,"relics_obtained":[{"floor":6,"key":"Art of War"}],"event_choices":[{"damage_healed":0.0,"max_hp_gain":0.0,"max_hp_loss":0.0,"gold_gain":0.0,"event_name":"Scrap Ooze","player_choice":"Success","floor":3.0,"gold_loss":0.0,"damage_taken":18.0,"relics_obtained":["Snake Skull"]},{"damage_healed":0,"gold_gain":74,"player_choice":"Gained Gold","damage_taken":0,"max_hp_gain":0,"max_hp_loss":0,"event_name":"Golden Wing","floor":7,"gold_loss":0}],"is_beta":false,"boss_relics":[],"items_purged_floors":[],"is_endless":false,"potions_floor_spawned":[1,2],"killed_by":"3 Sentries","ascension_level":20}}