{"host":"4cz9gr89nglr7k8k","time":1609196210,"event":{"mods":["BaseMod","Minty Spire (QoL Compilation)","Relic Stats","Slay-I"],"gold_per_floor":[214,289,222,236,27,27,61,80,80,91,91,91,91],"floor_reached":12,"playtime":3469,"items_purged":[],"score":152,"play_id":"1620ca5a-3551-438e-b948-15fe0a1e19d3","local_time":"20201228235650","is_ascension_mode":true,"campfire_choices":[{"floor":6,"key":"REST"},{"floor":11,"key":"REST"}],"circlet_count":0,"master_deck":["AscendersBane","Strike_B","Strike_B","Strike_B","Strike_B","Defend_B","Defend_B","Defend_B","Defend_B","Zap","Dualcast","Ball Lightning","Doom and Gloom","Panache+1","Coolheaded","Loop+1","Gash","Storm+1"],"relics":["Cracked Core","Frozen Egg 2","Happy Flower","Blood Vial"],"acts_visited":["Exordium"],"potions_floor_usage":[12],"damage_taken":[{"damage":0,"enemies":"2 Louse","floor":1,"turns":2},{"damage":7,"enemies":"Jaw Worm","floor":4,"turns":2},{"damage":47,"enemies":"Gremlin Nob","floor":7,"turns":4},{"damage":0,"enemies":"Cultist","floor":8,"turns":3},{"damage":15,"enemies":"Exordium Wildlife","floor":10,"turns":3},{"damage":35,"enemies":"Lagavulin","floor":12,"turns":3}],"seed_played":"8129067231454620720","potions_obtained":[{"floor":10,"key":"GamblersBrew"}],"is_trial":false,"path_per_floor":["M","?","?","M","$","R","E","M","T","M","R","E"],"character_chosen":"DEFECT","items_purchased":["Panache+1","Coolheaded"],"campfire_rested":2,"item_purchase_floors":[5,5],"current_hp_per_floor":[64,53,53,46,46,67,20,20,20,7,28,0,0],"gold":91,"neow_bonus":"HUNDRED_GOLD","is_daily":false,"chose_seed":false,"campfire_upgraded":0,"win_rate":0.0,"timestamp":1609196210,"path_taken":["M","?","?","M","$","R","E","?","T","M","R","E"],"items_purchased_type":["Card","Card"],"build_version":"2020-12-22","purchased_purges":0,"victory":false,"max_hp_per_floor":[71,71,71,71,71,71,71,71,71,71,71,71,71],"relic_stats":{"Blood Vial":4,"Happy Flower":[3],"counters":[6,17],"obtain_stats":[{"Blood Vial":9,"Happy Flower":7,"Frozen Egg 2":3,"Cracked Core":0},{"Blood Vial":4,"Happy Flower":3,"Frozen Egg 2":1,"Cracked Core":0},{"Blood Vial":11,"Happy Flower":8,"Frozen Egg 2":2,"Cracked Core":0}]},"card_choices":[{"not_picked":["Compile Driver","Hello World"],"picked":"Ball Lightning","floor":1},{"not_picked":["Sweeping Beam","Multi-Cast"],"picked":"Doom and Gloom","floor":4},{"not_picked":["Compile Driver","Chaos"],"picked":"Loop+1","floor":7},{"not_picked":["Stack","Redo"],"picked":"Gash","floor":8},{"not_picked":["Barrage","Force Field"],"picked":"Storm+1","floor":10}],"player_experience":1457385,"relics_obtained":[{"floor":7,"key":"Happy Flower"},{"floor":9,"key":"Blood Vial"}],"event_choices":[{"damage_healed":0,"gold_gain":75,"player_choice":"Gather Gold","damage_taken":11,"max_hp_gain":0,"max_hp_loss":0,"event_name":"World of Goop","floor":2,"gold_loss":0},{"damage_healed":0,"gold_gain":0,"player_choice":"Paid Gold","damage_taken":0,"relics_obtained":["Frozen Egg 2"],"max_hp_gain":0,"max_hp_loss":0,"event_name":"WeMeetAgain","floor":3,"gold_loss":67}],"is_beta":false,"boss_relics":[],"items_purged_floors":[],"is_endless":false,"potions_floor_spawned":[10],"killed_by":"Lagavulin","ascension_level":19}}