{"host":"qjr2x8lg4bxz99yh","time":1609133793,"event":{"mods":["Act Like it!","BaseMod","Colored Powertips","Downfall","Friendly Minions","Hallownest","Hermit","Minty Spire (QoL Compilation)","Replay The Spire","StSLib","The Bug Knight","The Cursed","The Disciple","The Hierophant","The Jungle","The Necromancer","The Runesmith","everything is the same but u backflip on backflip"],"gold_per_floor":[109,123,133,64,14,44,44,84,84,105,137,161,436,456,456,561,561,582,610,634,667,667,362,381,407,431,431,478,507,507,537,537,656,656,689,734,783,806,828,875,906,929,929,929,978,978,1006,1033,1033,1043],"floor_reached":51,"playtime":5682,"items_purged":["Regret"],"score":622,"play_id":"e95745a2-93d4-4d73-a592-8c19df95ec5c","local_time":"20201227233633","is_ascension_mode":false,"campfire_choices":[{"floor":15,"key":"DIG"},{"floor":27,"key":"REST"},{"floor":32,"key":"REST"},{"floor":44,"key":"REST"},{"floor":46,"key":"REST"},{"floor":49,"key":"REST"}],"circlet_count":0,"master_deck":["Strike_R","Strike_R","Strike_R","Strike_R","Defend_R","Defend_R","Defend_R","Defend_R","Bash","Metallicize","Shrug It Off","ReplayTheSpireMod:Muscle Training","Metallicize","Carnage","Anger","Iron Wave","Shockwave","Hemokinesis","Juggernaut","Twin Strike","ReplayTheSpireMod:Strike From Hell+1","Inflame","Perfected Strike","Shrug It Off","Apotheosis","Specialist","Armaments","Run Through+1","Burning Pact+1","Infernal Blade+1","Clash","Demon Form","Enlightenment+1","ReplayTheSpireMod:Strike From Hell+1","Seeing Red+1","Wild Strike+1","Headbutt","ReplayTheSpireMod:Limb From Limb+1","Entrench+1","Disarm+1","Power Through+1","Flex+1","Thunderclap","Clothesline+1"],"relics":["Burning Blood","Replay:Bandana","Letter Opener","ReplayTheSpireMod:TigerMarble","HollowMod:PaleOreRelic","Painkiller Herb","Potion Belt","Ginger","ReplayTheSpireMod:ShopPack","Replay:Mystery Machine","Toxic Egg 2","Astrolabe","Replay:Baseball","ReplayFunnel","Darkstone Periapt","Chameleon Ring","Pocketwatch"],"acts_visited":["Exordium","TheCity","TheBeyond"],"potions_floor_usage":[16,33,33,35,45,45,50,50],"damage_taken":[{"damage":7,"enemies":"Small Slimes","floor":1,"turns":4},{"damage":4,"enemies":"2 Louse","floor":2,"turns":4},{"damage":3,"enemies":"Cultist","floor":3,"turns":5},{"damage":19,"enemies":"3 Sentries","floor":6,"turns":12},{"damage":13,"enemies":"HollowMod:MossKnight","floor":8,"turns":7},{"damage":3,"enemies":"2 Fungi Beasts","floor":10,"turns":4},{"damage":6,"enemies":"Lots of Slimes","floor":11,"turns":5},{"damage":8,"enemies":"Looter","floor":12,"turns":3},{"damage":7,"enemies":"Exordium Wildlife","floor":14,"turns":4},{"damage":52,"enemies":"The Guardian","floor":16,"turns":9},{"damage":11,"enemies":"3 Byrds","floor":18,"turns":5},{"damage":4,"enemies":"Chosen","floor":19,"turns":4},{"damage":37,"enemies":"Shelled Parasite and Fungi","floor":21,"turns":5},{"damage":3,"enemies":"Cultist and Chosen","floor":24,"turns":5},{"damage":17,"enemies":"3 Cultists","floor":25,"turns":4},{"damage":59,"enemies":"Gremlin Leader","floor":28,"turns":7},{"damage":11,"enemies":"Centurion and Healer","floor":29,"turns":4},{"damage":19,"enemies":"Snake Plant","floor":31,"turns":3},{"damage":23,"enemies":"Champ","floor":33,"turns":8},{"damage":30,"enemies":"3 Darklings","floor":35,"turns":5},{"damage":2,"enemies":"Orb Walker","floor":38,"turns":3},{"damage":29,"enemies":"3 Darklings","floor":39,"turns":4},{"damage":25,"enemies":"HollowMod:StalkingDevout","floor":40,"turns":7},{"damage":13,"enemies":"Spire Growth","floor":41,"turns":3},{"damage":1,"enemies":"Transient","floor":42,"turns":5},{"damage":31,"enemies":"Nemesis","floor":45,"turns":3},{"damage":28,"enemies":"Maw","floor":47,"turns":5},{"damage":25,"enemies":"Jaw Worm Horde","floor":48,"turns":4},{"damage":31,"enemies":"Replay:Hell Engine","floor":50,"turns":10}],"seed_played":"-2087414383885735454","potions_obtained":[{"floor":6,"key":"Regen Potion"},{"floor":8,"key":"Swift Potion"},{"floor":11,"key":"Slimebound:ThreeZeroPotion"},{"floor":28,"key":"Explosive Potion"},{"floor":31,"key":"AttackPotion"},{"floor":33,"key":"LiquidMemories"},{"floor":39,"key":"SmokeBomb"},{"floor":42,"key":"Strength Potion"},{"floor":45,"key":"champ:CounterPotion"},{"floor":48,"key":"AttackPotion"}],"is_trial":false,"path_per_floor":["M","M","M","$","?","E","?","E","T","M","M","M","?","M","R","B",null,"?","?","T","?","?","T","?","?","T","T","E","?","?","?","T","B",null,"?","T","T","?","?","E","?","?","T","T","E","T","?","?","T","B",null],"character_chosen":"IRONCLAD","items_purchased":["Metallicize","ReplayTheSpireMod:ShopPack","Perfected Strike","Shrug It Off"],"campfire_rested":5,"item_purchase_floors":[4,23,23,23],"current_hp_per_floor":[95,96,96,96,96,83,83,76,76,79,79,77,77,76,76,30,96,91,93,93,62,62,62,65,54,54,82,29,24,24,11,39,22,96,72,72,72,76,53,34,27,32,32,60,35,63,41,22,50,25],"gold":1043,"neow_bonus":"TWENTY_PERCENT_HP_BONUS","is_daily":false,"chose_seed":false,"campfire_upgraded":0,"win_rate":0.0,"timestamp":1609133793,"path_taken":["M","M","M","$","?","E","?","E","T","M","?","M","?","M","R","BOSS","?","?","?","?","?","T","?","?","T","T","E","?","?","?","T","BOSS","?","?","?","?","?","E","?","?","T","T","E","T","?","?","T","BOSS"],"items_purchased_type":["Card","Relic","Card","Card"],"build_version":"2020-12-22","purchased_purges":1,"victory":true,"max_hp_per_floor":[96,96,96,96,96,96,96,96,96,96,96,96,96,96,96,96,96,96,96,96,96,96,96,96,96,96,96,96,96,96,96,96,96,96,96,96,96,96,96,96,96,96,96,96,96,96,96,96,96,96],"card_choices":[{"not_picked":["Replay:Undeath\u0027s Touch","Inflame"],"picked":"Metallicize","floor":1},{"not_picked":["Warcry","Defy Death"],"picked":"Shrug It Off","floor":2},{"not_picked":["Dropkick","Pommel Strike"],"picked":"ReplayTheSpireMod:Muscle Training","floor":3},{"not_picked":["Life Link","Cleave"],"picked":"Carnage","floor":6},{"not_picked":["Wild Strike","Replay:Undeath\u0027s Touch"],"picked":"Anger","floor":8},{"not_picked":["Warcry","Corruption"],"picked":"Iron Wave","floor":10},{"not_picked":["Wild Strike","Pommel Strike"],"picked":"Cleave","floor":11},{"not_picked":["Pommel Strike","Defy Death"],"picked":"Shockwave","floor":12},{"not_picked":["ReplayTheSpireMod:Corrosion Curse","Reckless Charge"],"picked":"Hemokinesis","floor":14},{"not_picked":["Impervious","Double Tap"],"picked":"Juggernaut","floor":16},{"not_picked":["Heavy Blade","Bloodletting"],"picked":"Twin Strike","floor":18},{"not_picked":["Burning Pact","ReplayTheSpireMod:Stacked"],"picked":"ReplayTheSpireMod:Strike From Hell+1","floor":19},{"not_picked":["Twin Strike+1","Dropkick"],"picked":"Inflame","floor":21},{"not_picked":["Master of Strategy","Secret Technique"],"picked":"Panache","floor":23},{"not_picked":["Swift Strike","expansioncontent:DefensiveStance"],"picked":"Apotheosis","floor":23},{"not_picked":["Purity","Replay:SS_forest_6"],"picked":"Specialist","floor":23},{"not_picked":["Body Slam","Uppercut"],"picked":"Armaments","floor":24},{"not_picked":["Dropkick","Warcry"],"picked":"Run Through+1","floor":25},{"not_picked":["Uppercut","Armaments+1"],"picked":"Burning Pact+1","floor":28},{"not_picked":["Brutality","Feel No Pain"],"picked":"Infernal Blade+1","floor":29},{"not_picked":["Armaments+1","Dark Embrace"],"picked":"Clash","floor":31},{"not_picked":["Corruption","Berserk"],"picked":"Demon Form","floor":33},{"not_picked":["Iron Wave+1","Armaments+1"],"picked":"Wild Strike+1","floor":35},{"not_picked":["Sever Soul+1","Seeing Red+1"],"picked":"Headbutt","floor":38},{"not_picked":["Entrench+1","Headbutt"],"picked":"ReplayTheSpireMod:Limb From Limb+1","floor":39},{"not_picked":["Second Wind+1","Warcry+1"],"picked":"Entrench+1","floor":40},{"not_picked":["Twin Strike+1","Dark Embrace"],"picked":"Disarm+1","floor":41},{"not_picked":["Iron Wave","Corruption"],"picked":"Power Through+1","floor":42},{"not_picked":["Massacre","Carnage"],"picked":"Flex+1","floor":45},{"not_picked":["Uppercut","Cleave"],"picked":"Thunderclap","floor":47},{"not_picked":["Armaments+1","Clash+1"],"picked":"Clothesline+1","floor":48}],"player_experience":66768,"relics_obtained":[{"floor":6,"key":"Replay:Bandana"},{"floor":8,"key":"ReplayTheSpireMod:TigerMarble"},{"floor":15,"key":"HollowMod:PaleOreRelic"},{"floor":20,"key":"Potion Belt"},{"floor":26,"key":"Replay:Mystery Machine"},{"floor":28,"key":"Toxic Egg 2"},{"floor":36,"key":"Replay:Baseball"},{"floor":37,"key":"ReplayFunnel"},{"floor":40,"key":"Darkstone Periapt"},{"floor":43,"key":"Chameleon Ring"},{"floor":45,"key":"Pocketwatch"}],"event_choices":[{"cards_removed":["Hallownest:curseDreamersLament"],"damage_healed":0,"gold_gain":0,"player_choice":"Card Removal","damage_taken":0,"max_hp_gain":0,"max_hp_loss":0,"event_name":"The Cleric","floor":5,"gold_loss":50},{"damage_healed":0,"gold_gain":0,"player_choice":"Gave Potion","damage_taken":0,"relics_obtained":["Letter Opener"],"max_hp_gain":0,"max_hp_loss":0,"event_name":"WeMeetAgain","floor":7,"gold_loss":0},{"damage_healed":0,"gold_gain":275,"player_choice":"Desecrate","damage_taken":0,"max_hp_gain":0,"max_hp_loss":0,"event_name":"Golden Shrine","floor":13,"gold_loss":0,"cards_obtained":["Regret"]},{"damage_healed":0,"gold_gain":0,"player_choice":"Opened","damage_taken":0,"relics_obtained":["Ginger"],"max_hp_gain":0,"max_hp_loss":0,"event_name":"The Mausoleum","floor":22,"gold_loss":0,"cards_obtained":["Writhe"]},{"cards_removed":["Writhe"],"damage_healed":0,"gold_gain":0,"player_choice":"Card Removal","damage_taken":0,"max_hp_gain":0,"max_hp_loss":0,"event_name":"Wheel of Change","floor":30,"gold_loss":0}],"is_beta":false,"boss_relics":[{"not_picked":["Runesmith:UraniumAnvil","Mark of Pain"],"picked":"Painkiller Herb"},{"not_picked":["Fusion Hammer","Cursed Key"],"picked":"Astrolabe"}],"items_purged_floors":[23],"is_endless":false,"potions_floor_spawned":[6,8,11,28,31,33,39,42,45,48],"ascension_level":0}}