{"host":"3t6uby4o5waaq95r","time":1609131828,"event":{"mods":["AchievementEnabler","BaseMod","Bestiary","Colored Map","Highlight Path","Minty Spire (QoL Compilation)","Permanent Neow","Quick Restart","Random Character Button","SuperFastMode"],"gold_per_floor":[112,112,112,40,40,68,68,87,158,83,97,176,190,203,203,303,303,322,71,86,86,98,98,98,98,98],"floor_reached":25,"playtime":616,"items_purged":["Strike_B"],"score":346,"play_id":"ff03f0f5-ad9e-49fc-b3ab-ea3449b5eafc","local_time":"20201227230348","is_ascension_mode":false,"campfire_choices":[{"data":"Zap","floor":7,"key":"SMITH"},{"data":"FTL","floor":15,"key":"SMITH"},{"floor":24,"key":"REST"}],"circlet_count":0,"master_deck":["Defend_B","Defend_B","Defend_B","Zap+1","Dualcast","Gash","FTL+1","Loop+1","Steam","Chaos","Rip and Tear","Consume","Creative AI+1","Conserve Battery","BootSequence+1","Aggregate+1"],"relics":["Cracked Core","NeowsBlessing","Frozen Egg 2","Cables","Darkstone Periapt","Empty Cage","Pear"],"acts_visited":["Exordium","TheCity"],"potions_floor_usage":[16,23,23],"damage_taken":[{"damage":0,"enemies":"Jaw Worm","floor":1,"turns":1},{"damage":0,"enemies":"Lagavulin","floor":6,"turns":1},{"damage":0,"enemies":"Small Slimes","floor":8,"turns":1},{"damage":0,"enemies":"Cultist","floor":11,"turns":3},{"damage":5,"enemies":"Exordium Thugs","floor":13,"turns":3},{"damage":3,"enemies":"Red Slaver","floor":14,"turns":3},{"damage":0,"enemies":"Slime Boss","floor":16,"turns":7},{"damage":19,"enemies":"3 Byrds","floor":18,"turns":3},{"damage":38,"enemies":"2 Thieves","floor":20,"turns":5},{"damage":12,"enemies":"Snecko","floor":22,"turns":7},{"damage":16,"enemies":"Gremlin Leader","floor":23,"turns":4},{"damage":34,"enemies":"3 Cultists","floor":25,"turns":3}],"seed_played":"-4609555201358817553","potions_obtained":[{"floor":8,"key":"DistilledChaos"},{"floor":14,"key":"FocusPotion"},{"floor":16,"key":"SmokeBomb"},{"floor":20,"key":"FocusPotion"}],"is_trial":false,"path_per_floor":["M","?","?","$","?","E","R","M","T","$","M","T","M","M","R","B",null,"M","$","M","?","M","E","R","M"],"character_chosen":"DEFECT","items_purchased":["FTL","Pear"],"campfire_rested":1,"item_purchase_floors":[4,19],"current_hp_per_floor":[75,75,80,80,80,80,80,80,80,80,80,80,75,72,72,72,80,61,71,33,33,21,5,32,0,0],"gold":98,"neow_bonus":"THREE_ENEMY_KILL","is_daily":false,"chose_seed":false,"campfire_upgraded":2,"win_rate":0.0,"timestamp":1609131828,"path_taken":["M","?","?","$","?","E","R","M","T","?","?","?","?","M","R","BOSS","M","$","M","?","M","E","R","M"],"items_purchased_type":["Card","Relic"],"build_version":"2020-12-22","purchased_purges":1,"victory":false,"max_hp_per_floor":[75,75,80,80,80,80,80,80,80,80,80,80,80,80,80,80,80,80,90,90,90,90,90,90,90,90],"card_choices":[{"not_picked":["Cold Snap","Blizzard"],"picked":"Gash","floor":1},{"not_picked":["Heatsinks+1","Defragment+1"],"picked":"Loop+1","floor":6},{"not_picked":["Beam Cell","Doom and Gloom"],"picked":"Steam","floor":8},{"not_picked":["Blizzard","Leap"],"picked":"Chaos","floor":11},{"not_picked":["Cold Snap","Turbo"],"picked":"Rip and Tear","floor":13},{"not_picked":["Coolheaded","Conserve Battery"],"picked":"Consume","floor":14},{"not_picked":["Multi-Cast","Thunder Strike"],"picked":"Creative AI+1","floor":16},{"not_picked":["Leap","Hologram"],"picked":"Conserve Battery","floor":18},{"not_picked":["Rip and Tear","Rebound"],"picked":"BootSequence+1","floor":20},{"not_picked":["Chill","Cold Snap+1"],"picked":"Aggregate+1","floor":22}],"player_experience":796455,"relics_obtained":[{"floor":6,"key":"Frozen Egg 2"},{"floor":9,"key":"Cables"},{"floor":12,"key":"Darkstone Periapt"}],"event_choices":[{"cards_removed":["Strike_B"],"damage_healed":0,"gold_gain":0,"player_choice":"Forget","damage_taken":0,"max_hp_gain":0,"max_hp_loss":0,"event_name":"Living Wall","floor":2,"gold_loss":0},{"damage_healed":0,"gold_gain":0,"player_choice":"Donut","damage_taken":0,"max_hp_gain":5,"max_hp_loss":0,"event_name":"Big Fish","floor":3,"gold_loss":0},{"damage_healed":0,"gold_gain":0,"player_choice":"Leave","damage_taken":0,"max_hp_gain":0,"max_hp_loss":0,"event_name":"The Cleric","floor":5,"gold_loss":0},{"cards_removed":["Strike_B"],"damage_healed":0,"gold_gain":0,"player_choice":"Elegance","damage_taken":0,"max_hp_gain":0,"max_hp_loss":0,"event_name":"Back to Basics","floor":21,"gold_loss":0}],"is_beta":false,"boss_relics":[{"not_picked":["Nuclear Battery","Philosopher\u0027s Stone"],"picked":"Empty Cage"}],"items_purged_floors":[10],"is_endless":false,"potions_floor_spawned":[8,14,16,20],"killed_by":"3 Cultists","ascension_level":0}}