{"host":"jewdtr7eremy7cl3","time":1609156937,"event":{"mods":["ATMod(阿瑾Mod)","Act Like it!","Arknights The Spire","BaseMod","Dota2Spire","Gensokyo","Lobotomy","LobotomyExtend","Minty Spire (QoL Compilation)","Remilia（蕾米莉亚）","Spicy Shops","StSLib","The Alterego","The Forsaken","The Servant 0.9.4","TheWitcher","WarShipGirlsR/战舰少女R mod","Yakumo Yukari mod","残留之物"],"gold_per_floor":[279,26,26,38,38,38,63,76,126,191,31,87,136,136,136,136,136],"floor_reached":16,"playtime":1137,"items_purged":[],"score":143,"play_id":"98b3b61f-625c-4f10-bb2e-98536c7126ed","local_time":"20201228200217","is_ascension_mode":false,"campfire_choices":[{"floor":6,"key":"REST"},{"floor":15,"key":"REST"}],"circlet_count":0,"master_deck":["Strike_S","Strike_S","Strike_S","Strike_S","Defend_S","Defend_S","Defend_S","Defend_S","KidneyShot","Exchange","BlackSwan","TimeWarp","Clumsy","UniverseFragment","Potential","OldLady","Wellcheers","Ricochet","OSAHOGD","WallGazer","WasteNot","Potential"],"relics":["Uniform","AT_ATBox","CogitoBucket","LetterFromLob","Dota2Spire:Dagon","Gensokyo:NagashiBinaDoll","Pear","ats:Originium","Nunchaku","Dota2Spire:HandOfMidas","ats:Originium","Darkstone Periapt","Nilry\u0027s Codex","ats:Originium","Dota2Spire:EchoSabre","AspirationHeart","Happy Flower"],"acts_visited":["Gensokyo:Gensokyo"],"potions_floor_usage":[10,16],"damage_taken":[{"damage":5,"enemies":"Gensokyo:2_Kodama","floor":1,"turns":4},{"damage":4,"enemies":"Gensokyo:Python","floor":4,"turns":3},{"damage":15,"enemies":"Gensokyo:Mamizou","floor":7,"turns":7},{"damage":1,"enemies":"Gensokyo:Gryphon","floor":8,"turns":3},{"damage":8,"enemies":"Gensokyo:Aya","floor":10,"turns":5},{"damage":13,"enemies":"Gensokyo:Mamizou","floor":12,"turns":5},{"damage":30,"enemies":"Gensokyo:LivingMonolith","floor":13,"turns":5},{"damage":62,"enemies":"Gensokyo:Yukari","floor":16,"turns":8}],"seed_played":"9190466497580595695","potions_obtained":[{"floor":4,"key":"Fire Potion"},{"floor":8,"key":"Weak Potion"}],"is_trial":false,"path_per_floor":["M","$","?","M","?","R","E","M","T","E","?","E","M","?","R","B"],"character_chosen":"THE_SERVANT","items_purchased":["Dota2Spire:Dagon"],"campfire_rested":2,"item_purchase_floors":[2],"current_hp_per_floor":[60,60,60,56,51,73,58,57,57,52,52,39,22,22,47,0,0],"gold":136,"neow_bonus":"","is_daily":false,"chose_seed":false,"campfire_upgraded":0,"win_rate":0.0,"timestamp":1609156937,"path_taken":["M","$","?","M","?","R","E","M","T","E","?","E","M","?","R","BOSS"],"items_purchased_type":["Relic"],"build_version":"2020-12-22","purchased_purges":0,"victory":false,"max_hp_per_floor":[65,65,65,65,75,75,75,75,75,75,75,75,85,85,85,85,85],"card_choices":[{"not_picked":["Murderer","LittleHelper"],"picked":"BlackSwan","floor":1},{"not_picked":["Revamp","Defy"],"picked":"TimeWarp","floor":1},{"not_picked":["ShyLook","Murderer"],"picked":"UniverseFragment","floor":4},{"not_picked":["Unruled","Ricochet"],"picked":"Potential","floor":4},{"not_picked":["MeatLantern","ShyLook"],"picked":"OldLady","floor":7},{"not_picked":["Spin","Replace"],"picked":"Desolation","floor":7},{"not_picked":["BeautyBeast","Scarecrow","FairyFestival"],"picked":"Singing Bowl","floor":8},{"not_picked":["MHz","Bloodbath"],"picked":"Wellcheers","floor":8},{"not_picked":["Starlight","TimeTheft"],"picked":"Ricochet","floor":8},{"not_picked":["Funeral","BigBadWolf","SpiderBud"],"picked":"Singing Bowl","floor":10},{"not_picked":["CrumblingArmor","Murderer"],"picked":"OSAHOGD","floor":10},{"not_picked":["Sabotage","Revamp"],"picked":"FloweringNight","floor":10},{"not_picked":["CherryBlossoms","MHz"],"picked":"WallGazer","floor":12},{"not_picked":["Ricochet","Sabotage"],"picked":"WasteNot","floor":12},{"not_picked":["Murderer","MeatLantern","VoidDream"],"picked":"Singing Bowl","floor":13},{"not_picked":["CherryBlossoms","CrumblingArmor"],"picked":"Woodsman","floor":13},{"not_picked":["Rewind","Defy"],"picked":"Potential","floor":13}],"player_experience":136808,"relics_obtained":[{"floor":1,"key":"LetterFromLob"},{"floor":7,"key":"ats:Originium"},{"floor":7,"key":"Nunchaku"},{"floor":9,"key":"Dota2Spire:HandOfMidas"},{"floor":10,"key":"ats:Originium"},{"floor":10,"key":"Darkstone Periapt"},{"floor":12,"key":"ats:Originium"},{"floor":12,"key":"Dota2Spire:EchoSabre"}],"event_choices":[],"is_beta":false,"boss_relics":[],"items_purged_floors":[],"is_endless":false,"potions_floor_spawned":[4,8],"killed_by":"Gensokyo:Yukari","ascension_level":0}}