{"host":"6pgtslebjnyv5xmi","time":1609151895,"event":{"mods":["AchievementEnabler","BaseMod","Colored Map","Minty Spire (QoL Compilation)","Rare Cards Sparkle","StSLib","SuperFastMode","everything is the same but u backflip on backflip"],"gold_per_floor":[119,132,57,57,57,92,160,172,184,208,233,245,267,299,311,323,323],"floor_reached":16,"playtime":585,"items_purged":["Strike_B"],"score":128,"play_id":"20906d93-bd00-4ee5-ada2-3837b6bd4635","local_time":"20201228193815","is_ascension_mode":true,"campfire_choices":[{"floor":8,"key":"REST"},{"floor":15,"key":"REST"}],"circlet_count":0,"master_deck":["Strike_B+1","Defend_B","Defend_B","Defend_B","Defend_B","Zap","Dualcast","Defragment+1","Ball Lightning","Multi-Cast","Double Energy","Ball Lightning","Consume","Reprogram"],"relics":["Cracked Core","MawBank","Centennial Puzzle","Gremlin Horn"],"acts_visited":["Exordium"],"potions_floor_usage":[7,7,16],"damage_taken":[{"damage":0,"enemies":"Cultist","floor":1,"turns":4},{"damage":4,"enemies":"2 Louse","floor":2,"turns":4},{"damage":30,"enemies":"Lagavulin","floor":6,"turns":5},{"damage":10,"enemies":"Gremlin Nob","floor":7,"turns":3},{"damage":12,"enemies":"Jaw Worm","floor":10,"turns":2},{"damage":0,"enemies":"Exordium Wildlife","floor":11,"turns":2},{"damage":3,"enemies":"Blue Slaver","floor":13,"turns":3},{"damage":12,"enemies":"Lots of Slimes","floor":14,"turns":2},{"damage":35,"enemies":"Hexaghost","floor":16,"turns":9}],"seed_played":"-8771214004173880863","potions_obtained":[{"floor":2,"key":"GamblersBrew"},{"floor":6,"key":"AttackPotion"},{"floor":11,"key":"EssenceOfSteel"}],"is_trial":false,"path_per_floor":["M","M","$","?","$","E","?","R","T","M","M","?","M","M","R","B"],"character_chosen":"DEFECT","items_purchased":[],"campfire_rested":2,"item_purchase_floors":[],"current_hp_per_floor":[75,71,71,56,56,26,16,38,38,26,26,26,23,11,33,0,0],"gold":323,"neow_bonus":"TRANSFORM_CARD","is_daily":false,"chose_seed":false,"campfire_upgraded":0,"win_rate":0.0,"timestamp":1609151895,"path_taken":["M","M","?","?","$","E","?","R","T","M","?","?","M","M","R","BOSS"],"items_purchased_type":[],"build_version":"2020-12-22","purchased_purges":1,"victory":false,"max_hp_per_floor":[75,75,75,75,75,75,75,75,75,75,75,75,75,75,75,75,75],"card_choices":[{"not_picked":["Compile Driver","Gash"],"picked":"Ball Lightning","floor":1},{"not_picked":["Streamline","Stack"],"picked":"Multi-Cast","floor":2},{"not_picked":["Streamline","Recycle","Go for the Eyes"],"picked":"SKIP","floor":6},{"not_picked":["Turbo","Beam Cell"],"picked":"Double Energy","floor":7},{"not_picked":["White Noise","Go for the Eyes"],"picked":"Ball Lightning","floor":10},{"not_picked":["Hologram","Hello World"],"picked":"Consume","floor":11},{"not_picked":["Compile Driver","Gash","Sweeping Beam"],"picked":"SKIP","floor":13},{"not_picked":["Barrage","Cold Snap","Redo"],"picked":"SKIP","floor":14}],"player_experience":552182,"relics_obtained":[{"floor":6,"key":"MawBank"},{"floor":7,"key":"Centennial Puzzle"},{"floor":9,"key":"Gremlin Horn"}],"event_choices":[{"damage_healed":0,"gold_gain":0,"player_choice":"Entered Light","damage_taken":15,"max_hp_gain":0,"max_hp_loss":0,"event_name":"Shining Light","floor":4,"gold_loss":0,"cards_upgraded":["Defragment","Strike_B"]},{"damage_healed":0,"gold_gain":0,"player_choice":"Searched \u00271\u0027 times","damage_taken":0,"max_hp_gain":0,"max_hp_loss":0,"event_name":"Dead Adventurer","floor":7,"gold_loss":0},{"damage_healed":0,"gold_gain":0,"cards_transformed":["Strike_B"],"player_choice":"Transformed","damage_taken":0,"max_hp_gain":0,"max_hp_loss":0,"event_name":"Transmorgrifier","floor":12,"gold_loss":0,"cards_obtained":["Reprogram"]}],"is_beta":false,"boss_relics":[],"items_purged_floors":[3],"is_endless":false,"potions_floor_spawned":[2,6,11],"killed_by":"Hexaghost","ascension_level":5}}