{"host":"l66odvkqh04jpxx0","time":1609143606,"event":{"mods":["BaseMod","Colored Powertips","Conspire","Hermit","Luminous","Minty Spire (QoL Compilation)","Quick Restart","Replay The Spire","StSLib","The Construct","The Cursed","The Mystic","The Servant 0.9.4"],"gold_per_floor":[118,129,129,167,185,185,218,39,118,118,118,149,170,184,184,304,304,328,342,87,87,87,87,27,45,45,45,85,110,134,82,82,211,211,226,284,300,300,321,321,321],"floor_reached":40,"playtime":6007,"items_purged":[],"score":615,"play_id":"df0e7c89-183c-415e-a006-1e905e954960","local_time":"20201228162006","is_ascension_mode":false,"campfire_choices":[{"data":"mysticmod:Grapple","floor":6,"key":"SMITH"},{"data":"mysticmod:ObscuringMist","floor":10,"key":"SMITH"},{"floor":15,"key":"REST"},{"data":"mysticmod:MysticalShield","floor":23,"key":"SMITH"},{"floor":32,"key":"REST"}],"circlet_count":0,"master_deck":["mysticmod:ArcaneDodge","mysticmod:ShockingGrasp","mysticmod:ObscuringMist+1","mysticmod:MagicWeapon","mysticmod:DiviningBlow","mysticmod:Grapple+1","mysticmod:PowerAttack","mysticmod:Grease","mysticmod:PowerSlash","mysticmod:ComboCaster","Iron Wave","mysticmod:ComboCaster","mysticmod:ComponentsPouch","mysticmod:StyleChange","mysticmod:MysticalShield+1","mysticmod:PunishingArmor","mysticmod:VorpalThrust","mysticmod:Shield","mysticmod:LightningBolt","mysticmod:Daze","mysticmod:TomeOfSpells+1","mysticmod:PunishingArmor","mysticmod:ComponentsPouch+1","mysticmod:RapidCaster+1","mysticmod:HunkerDown","mysticmod:HunkerDown","mysticmod:Momentum+1","TheCursedMod:Dregs","Shame","Clumsy","mysticmod:MirrorEntity+1","mysticmod:HeavyStrike+1"],"relics":["mysticmod:SpellBook","Golden Idol","Unceasing Top","Replay:Baseball","Strange Spoon","Replay:Bottled Snecko","Bronze Scales","Pandora\u0027s Box","Shuriken","Ring of Peace","Frozen Egg 2","Spirit Poop","Ornamental Fan","Replay:Ancient Bell","Pen Nib","Letter Opener","Replay:Multitool","mysticmod:Kama"],"acts_visited":["Exordium","TheCity","TheBeyond"],"potions_floor_usage":[7,16,28,28,33,37],"damage_taken":[{"damage":4,"enemies":"2 Louse","floor":1,"turns":3},{"damage":3,"enemies":"Small Slimes","floor":2,"turns":3},{"damage":0,"enemies":"Cultist","floor":5,"turns":3},{"damage":30,"enemies":"3 Sentries","floor":7,"turns":10},{"damage":27,"enemies":"Replay:BlueRogue","floor":12,"turns":5},{"damage":1,"enemies":"Exordium Thugs","floor":13,"turns":4},{"damage":1,"enemies":"3 Louse","floor":14,"turns":3},{"damage":0,"enemies":"Hexaghost","floor":16,"turns":9},{"damage":10,"enemies":"Chosen","floor":18,"turns":5},{"damage":4,"enemies":"3 Byrds","floor":19,"turns":3},{"damage":7,"enemies":"Snake Plant","floor":25,"turns":5},{"damage":9,"enemies":"Slavers","floor":28,"turns":5},{"damage":0,"enemies":"conspire:HollyBat","floor":29,"turns":8},{"damage":16,"enemies":"Cultist and Chosen","floor":30,"turns":7},{"damage":26,"enemies":"Pondfish","floor":33,"turns":9},{"damage":6,"enemies":"Orb Walker","floor":35,"turns":4},{"damage":43,"enemies":"2 Orb Walkers","floor":36,"turns":7},{"damage":8,"enemies":"3 Darklings","floor":37,"turns":6},{"damage":3,"enemies":"Transient","floor":39,"turns":5},{"damage":6,"enemies":"Writhing Mass","floor":40,"turns":3}],"seed_played":"670189270254593094","potions_obtained":[{"floor":1,"key":"SmokeBomb"},{"floor":5,"key":"ColorlessPotion"},{"floor":12,"key":"SteroidPotion"},{"floor":14,"key":"FearPotion"},{"floor":19,"key":"Fire Potion"},{"floor":25,"key":"FearPotion"},{"floor":28,"key":"SteroidPotion"},{"floor":36,"key":"Swift Potion"}],"is_trial":false,"path_per_floor":["M","M","?","?","M","R","E","$","T","R","?","E","M","M","R","B",null,"M","M","$","?","?","R","?","M","T","?","E","M","M","$","R","B",null,"M","?","M","?","M","M"],"character_chosen":"MYSTIC_CLASS","items_purchased":["mysticmod:ComboCaster","Strange Spoon","Shuriken","mysticmod:HunkerDown"],"campfire_rested":2,"item_purchase_floors":[8,8,20,31],"current_hp_per_floor":[66,63,63,63,63,63,33,33,33,33,33,6,5,4,23,23,65,55,51,51,51,51,51,51,44,44,44,35,35,19,19,38,12,65,59,16,8,8,5,0,0],"gold":321,"neow_bonus":"TRANSFORM_TWO_CARDS","is_daily":false,"chose_seed":false,"campfire_upgraded":3,"win_rate":0.0,"timestamp":1609143606,"path_taken":["M","M","?","?","M","R","E","$","T","R","?","E","M","M","R","BOSS","M","?","$","?","?","R","?","?","T","?","E","M","?","$","R","BOSS","M","?","M","?","?","M"],"items_purchased_type":["Card","Relic","Relic","Card"],"build_version":"2020-12-22","purchased_purges":0,"victory":false,"max_hp_per_floor":[70,70,65,65,65,65,65,65,65,65,65,65,65,65,65,65,65,65,65,65,65,65,65,65,65,65,65,65,65,65,65,65,65,65,65,65,65,65,65,65,65],"card_choices":[{"not_picked":["mysticmod:IllusionOfCalm","mysticmod:Flurry"],"picked":"mysticmod:DiviningBlow","floor":1},{"not_picked":["mysticmod:FiveFootStep","mysticmod:TomeOfSpells"],"picked":"mysticmod:Grapple","floor":2},{"not_picked":["mysticmod:Sideswipe","mysticmod:SpellCombat"],"picked":"mysticmod:PowerAttack","floor":4},{"not_picked":["mysticmod:Fireball","mysticmod:VorpalThrust"],"picked":"mysticmod:Grease","floor":5},{"not_picked":["mysticmod:DiviningBlow","mysticmod:Snowball"],"picked":"mysticmod:PowerSlash","floor":7},{"not_picked":["mysticmod:CorrosiveTouch","mysticmod:TomeOfSpells"],"picked":"mysticmod:ComboCaster","floor":12},{"not_picked":["mysticmod:Sideswipe","mysticmod:AllIn"],"picked":"mysticmod:ComponentsPouch","floor":13},{"not_picked":["mysticmod:Daze","mysticmod:PunishingArmor"],"picked":"mysticmod:StyleChange","floor":14},{"not_picked":["mysticmod:ObscuringMist","mysticmod:SpellRecall"],"picked":"mysticmod:MysticalShield","floor":16},{"not_picked":["mysticmod:Fireball","mysticmod:Riposte+1","mysticmod:Daze"],"picked":"SKIP","floor":18},{"not_picked":["mysticmod:Fly+1","mysticmod:SuddenClarity+1"],"picked":"mysticmod:TomeOfSpells+1","floor":19},{"not_picked":["mysticmod:Grease","mysticmod:AllIn+1"],"picked":"mysticmod:PunishingArmor","floor":25},{"not_picked":["mysticmod:KeenEdge+1","mysticmod:AllIn"],"picked":"mysticmod:ComponentsPouch+1","floor":28},{"not_picked":["mysticmod:IllusionOfCalm","mysticmod:Shield","mysticmod:Daze+1"],"picked":"SKIP","floor":29},{"not_picked":["mysticmod:Daze","mysticmod:HeavyStrike"],"picked":"mysticmod:RapidCaster+1","floor":30},{"not_picked":["mysticmod:MirrorEntity+1","mysticmod:Disintegrate"],"picked":"mysticmod:Momentum+1","floor":33},{"not_picked":["ReplayTheSpireMod:Splinters","Shame"],"picked":"TheCursedMod:Dregs","floor":34},{"not_picked":["ReplayTheSpireMod:Splinters","conspire:Blindness"],"picked":"Shame","floor":34},{"not_picked":["Pain","Amnesia"],"picked":"Clumsy","floor":34},{"not_picked":["mysticmod:CorrosiveTouch","mysticmod:Riposte"],"picked":"mysticmod:MirrorEntity+1","floor":35},{"not_picked":["mysticmod:PowerSlash","mysticmod:LightningBolt"],"picked":"mysticmod:HeavyStrike","floor":36},{"not_picked":["mysticmod:MirrorStrike","mysticmod:Shield+1","mysticmod:Sideswipe+1"],"picked":"SKIP","floor":37},{"not_picked":["mysticmod:Alacrity","mysticmod:Snowball","mysticmod:Disengage"],"picked":"SKIP","floor":39}],"player_experience":78300,"relics_obtained":[{"floor":4,"key":"Unceasing Top"},{"floor":7,"key":"Replay:Baseball"},{"floor":9,"key":"Replay:Bottled Snecko"},{"floor":12,"key":"Bronze Scales"},{"floor":21,"key":"Ring of Peace"},{"floor":26,"key":"Frozen Egg 2"},{"floor":28,"key":"Ornamental Fan"},{"floor":36,"key":"mysticmod:Kama"}],"event_choices":[{"damage_healed":0,"gold_gain":0,"player_choice":"Lose Max HP","damage_taken":0,"relics_obtained":["Golden Idol"],"max_hp_gain":0,"max_hp_loss":5,"event_name":"Golden Idol","floor":3,"gold_loss":0},{"cards_removed":["mysticmod:Strike_Mystic"],"damage_healed":0,"gold_gain":0,"player_choice":"Took Card","damage_taken":0,"max_hp_gain":0,"max_hp_loss":0,"event_name":"NoteForYourself","floor":11,"gold_loss":0,"cards_obtained":["Iron Wave"]},{"damage_healed":0,"gold_gain":0,"player_choice":"Ignored","damage_taken":0,"max_hp_gain":0,"max_hp_loss":0,"event_name":"Ghosts","floor":22,"gold_loss":0},{"cards_removed":["Voices"],"damage_healed":0,"gold_gain":0,"player_choice":"Offered Curse","damage_taken":0,"relics_obtained":["Spirit Poop"],"max_hp_gain":0,"max_hp_loss":0,"event_name":"Bonfire Elementals","floor":27,"gold_loss":0},{"damage_healed":0,"gold_gain":0,"player_choice":"Fight","damage_taken":0,"max_hp_gain":0,"max_hp_loss":0,"event_name":"Mysterious Sphere","floor":36,"gold_loss":0},{"damage_healed":0,"gold_gain":0,"player_choice":"Upgraded","damage_taken":0,"max_hp_gain":0,"max_hp_loss":0,"event_name":"Upgrade Shrine","floor":38,"gold_loss":0,"cards_upgraded":["mysticmod:HeavyStrike"]}],"is_beta":false,"boss_relics":[{"not_picked":["ChewingGum","SlaversCollar"],"picked":"Pandora\u0027s Box"},{"not_picked":["conspire:SeveredTorchhead","Philosopher\u0027s Stone"],"picked":"Replay:Ancient Bell"},{"not_picked":["Smiling Mask","Tiny Chest"],"picked":"Pen Nib"},{"not_picked":["Golden Egg","Garlic"],"picked":"Letter Opener"},{"not_picked":["WingedGreaves","Torii"],"picked":"Replay:Multitool"}],"items_purged_floors":[],"is_endless":false,"potions_floor_spawned":[1,5,12,14,19,25,28,36],"killed_by":"Writhing Mass","ascension_level":0}}