{"host":"19tvufa8xx4wr4o1","time":1609123399,"event":{"mods":["AchievementEnabler","BaseMod","Better Sensory Stone","Better Third Choice","Highlight Path","Minty Spire (QoL Compilation)","Relic Stats","StSLib"],"gold_per_floor":[109,69,22,32,32,32,57,57,130,130,142,193,224,101,101,101,101],"floor_reached":16,"playtime":541,"items_purged":["Strike_G"],"score":186,"play_id":"9d805294-8f35-4189-a918-2f303abd1903","local_time":"20201227204319","is_ascension_mode":true,"campfire_choices":[{"data":"Poisoned Stab","floor":6.0,"key":"SMITH"},{"floor":8.0,"key":"REST"},{"data":"Choke","floor":10.0,"key":"SMITH"},{"data":"Accuracy","floor":15.0,"key":"SMITH"}],"circlet_count":0,"master_deck":["AscendersBane","Strike_G","Strike_G","Strike_G","Strike_G","Defend_G","Defend_G","Defend_G","Defend_G","Defend_G","Survivor","Neutralize","Choke+1","Poisoned Stab+1","Riddle With Holes","Blade Dance","Accuracy+1"],"relics":["SacredBark","Smiling Mask","Meat on the Bone","InkBottle"],"acts_visited":["Exordium"],"potions_floor_usage":[16],"damage_taken":[{"damage":2.0,"enemies":"Small Slimes","floor":1.0,"turns":5.0},{"damage":0.0,"enemies":"Cultist","floor":4.0,"turns":4.0},{"damage":29.0,"enemies":"3 Sentries","floor":7.0,"turns":9.0},{"damage":4.0,"enemies":"Jaw Worm","floor":11.0,"turns":3.0},{"damage":17.0,"enemies":"Lagavulin","floor":13.0,"turns":5.0},{"damage":41,"enemies":"The Guardian","floor":16,"turns":12}],"seed_played":"1970714576966337955","potions_obtained":[{"floor":2.0,"key":"FearPotion"},{"floor":2.0,"key":"Poison Potion"},{"floor":4.0,"key":"Fire Potion"},{"floor":5.0,"key":"Strength Potion"},{"floor":13.0,"key":"SmokeBomb"}],"is_trial":false,"path_per_floor":["M","?","$","M","?","R","E","R","T","R","M","?","E","$","R","B"],"character_chosen":"THE_SILENT","items_purchased":["Poisoned Stab","Accuracy"],"campfire_rested":1,"item_purchase_floors":[3,14],"current_hp_per_floor":[57,57,57,57,57,57,28,47,47,47,43,43,38,38,38,0,0],"gold":101,"neow_bonus":"BOSS_RELIC","is_daily":false,"chose_seed":false,"campfire_upgraded":3,"win_rate":0.0,"timestamp":1609123399,"path_taken":["M","?","?","M","?","R","E","R","T","R","?","?","E","$","R","BOSS"],"items_purchased_type":["Card","Card"],"build_version":"2020-12-22","purchased_purges":1,"victory":false,"max_hp_per_floor":[66,66,66,66,66,66,66,66,66,66,66,66,66,66,66,66,66],"relic_stats":{"counters":[6,38],"Smiling Mask":25,"obtain_stats":[{"SacredBark":0,"Smiling Mask":7,"InkBottle":13,"Ring of the Snake":0,"Meat on the Bone":9},{"SacredBark":0,"Smiling Mask":3,"InkBottle":5,"Ring of the Snake":0,"Meat on the Bone":3},{"SacredBark":0,"Smiling Mask":18,"InkBottle":26,"Ring of the Snake":0,"Meat on the Bone":18}],"InkBottle":[4],"Meat on the Bone":12},"card_choices":[{"not_picked":["Dodge and Roll","Dagger Throw"],"picked":"Choke","floor":1.0},{"not_picked":["Endless Agony","Underhanded Strike"],"picked":"Riddle With Holes","floor":4.0},{"not_picked":["Sucker Punch","Deflect","Well Laid Plans"],"picked":"SKIP","floor":7.0},{"not_picked":["Outmaneuver","Dodge and Roll"],"picked":"Blade Dance","floor":11.0},{"not_picked":["Masterful Stab","All Out Attack","Outmaneuver"],"picked":"SKIP","floor":13.0}],"player_experience":541578,"relics_obtained":[{"floor":7.0,"key":"Smiling Mask"},{"floor":9.0,"key":"Meat on the Bone"},{"floor":13.0,"key":"InkBottle"}],"event_choices":[{"damage_healed":0.0,"max_hp_gain":0.0,"max_hp_loss":0.0,"gold_gain":0.0,"event_name":"The Woman in Blue","player_choice":"Bought 3 Potions","floor":2.0,"gold_loss":0.0,"damage_taken":0.0},{"damage_healed":0.0,"max_hp_gain":0.0,"max_hp_loss":0.0,"gold_gain":0.0,"event_name":"Lab","player_choice":"Got Potions","floor":5.0,"gold_loss":0.0,"damage_taken":0.0},{"damage_healed":0.0,"max_hp_gain":0.0,"max_hp_loss":0.0,"gold_gain":51.0,"event_name":"Golden Wing","player_choice":"Gained Gold","floor":12.0,"gold_loss":0.0,"damage_taken":0.0}],"is_beta":false,"boss_relics":[],"items_purged_floors":[14],"is_endless":false,"potions_floor_spawned":[4,13],"killed_by":"The Guardian","ascension_level":15}}