{"host":"hqvh779b89tfrjxy","time":1609181107,"event":{"mods":["Act Like it!","BaseMod","Better Third Choice","Downfall","Elementarium","Filter the Spire","GifTheSpireLib","Minty Spire (QoL Compilation)","Replay The Spire","Spicy Shops","StSLib"],"gold_per_floor":[116,132,149,2,2,2,12,46,71,71,88,88,120,132,132,228,228,247,247,31,51,70,95,95,124,136,168,180,205,217,255,267,379,391,418,447,459,490,502,502],"floor_reached":39,"playtime":1786,"items_purged":["Strike_R"],"score":739,"play_id":"9da67210-9ca5-4a3b-b656-86c335136546","local_time":"20201228194507","is_ascension_mode":true,"campfire_choices":[{"data":"ReplayTheSpireMod:Limb From Limb","floor":6.0,"key":"SMITH"},{"data":"Flame Barrier","floor":12.0,"key":"SMITH"},{"data":"Eclipse","floor":15,"key":"SMITH"},{"floor":24,"key":"REST"},{"floor":30,"key":"REST"},{"data":"Whirlwind","floor":32,"key":"SMITH"}],"circlet_count":0,"master_deck":["Bash","Sever Soul","ReplayTheSpireMod:Limb From Limb+1","Flame Barrier+1","Heavy Blade","Eclipse+1","Juggernaut","Seeing Red","Clash","Flex","Sword Boomerang","Cleave","Pommel Strike","Fire Breathing","Flex","ReplayTheSpireMod:Limb From Limb","Whirlwind+1","Flame Barrier","Corruption","Elementarium:StickyTar","Reaper","Inflame","Spot Weakness"],"relics":["Snecko Eye","Toolbox","Tiny Chest","Nunchaku","Red Skull","Pandora\u0027s Box","Blue Doll","Vajra","Mirror","MawBank","Self Forming Clay","Eternal Feather","Elementarium:ElementariumTrophy","Replay:Bronze Core","Gremlin Food"],"acts_visited":["Exordium","Elementarium:Elementarium","TheBeyond"],"potions_floor_usage":[23],"damage_taken":[{"damage":1.0,"enemies":"Cultist","floor":1.0,"turns":3.0},{"damage":2.0,"enemies":"Jaw Worm","floor":2.0,"turns":2.0},{"damage":3.0,"enemies":"Small Slimes","floor":3.0,"turns":2.0},{"damage":0.0,"enemies":"Red Slaver","floor":7.0,"turns":2.0},{"damage":13.0,"enemies":"Gremlin Nob","floor":8.0,"turns":4.0},{"damage":0.0,"enemies":"2 Fungi Beasts","floor":11.0,"turns":2.0},{"damage":0,"enemies":"Lagavulin","floor":13,"turns":4},{"damage":0,"enemies":"Large Slime","floor":14,"turns":3},{"damage":0,"enemies":"Slime Boss","floor":16,"turns":3},{"damage":8,"enemies":"Elementarium:MUD_AND_TAR_GOLEMS","floor":18,"turns":2},{"damage":11,"enemies":"Elementarium:VoidCorruption","floor":21,"turns":3},{"damage":22,"enemies":"Elementarium:CYCLONE_AND_ORB_OF_FIRE","floor":22,"turns":4},{"damage":13,"enemies":"Elementarium:FIRE_NOBILITY","floor":23,"turns":6},{"damage":27,"enemies":"Elementarium:ElementalPortal","floor":25,"turns":4},{"damage":5,"enemies":"Elementarium:VoidBeast","floor":27,"turns":3},{"damage":0,"enemies":"Elementarium:STONE_GOLEMS","floor":29,"turns":3},{"damage":6,"enemies":"Elementarium:WarGolem","floor":31,"turns":2},{"damage":15,"enemies":"Elementarium:GolemEmperor","floor":33,"turns":7},{"damage":16,"enemies":"Orb Walker","floor":35,"turns":2},{"damage":19,"enemies":"3 Shapes","floor":36,"turns":2},{"damage":40,"enemies":"Maw","floor":38,"turns":5},{"damage":0,"enemies":"Writhing Mass","floor":39,"turns":1}],"seed_played":"918525220632745818","potions_obtained":[{"floor":1.0,"key":"FairyPotion"},{"floor":3.0,"key":"PowerPotion"},{"floor":7.0,"key":"Ancient Potion"},{"floor":23,"key":"Reflective Coating"},{"floor":33,"key":"sneckomod:MuddlingPotion"}],"is_trial":false,"path_per_floor":["M","M","M","$","?","R","M","E","T","?","M","R","E","M","R","B",null,"M","?","$","M","M","E","R","E","T","M","?","M","R","E","R","B",null,"M","M","T","M","M"],"character_chosen":"IRONCLAD","items_purchased":["Toolbox","Vajra","ReplayTheSpireMod:Limb From Limb"],"campfire_rested":2,"item_purchase_floors":[4,20,20],"current_hp_per_floor":[71,69,66,66,66,66,66,53,53,53,53,53,53,53,53,53,73,65,65,65,54,32,27,51,24,24,19,19,19,43,37,46,31,68,52,33,33,5,5,5],"gold":502,"neow_bonus":"BOSS_RELIC","is_daily":false,"chose_seed":false,"campfire_upgraded":4,"win_rate":0.0,"timestamp":1609181107,"path_taken":["M","?","M","$","?","R","M","E","T","?","M","R","E","M","R","BOSS","M","?","$","M","M","E","R","E","T","M","?","M","R","E","R","BOSS","M","M","?","M","M"],"items_purchased_type":["Relic","Relic","Card"],"build_version":"2020-12-22","purchased_purges":1,"victory":false,"max_hp_per_floor":[80,80,80,80,80,80,80,80,80,80,80,80,80,80,80,80,80,80,80,80,80,80,80,80,80,80,80,80,80,80,80,80,80,80,80,80,80,80,80,80],"card_choices":[{"not_picked":["Rampage","Headbutt"],"picked":"Sever Soul","floor":1.0},{"not_picked":["Shrug It Off","Warcry"],"picked":"ReplayTheSpireMod:Limb From Limb","floor":2.0},{"not_picked":["Ghostly Armor","Twin Strike"],"picked":"Flame Barrier","floor":3.0},{"not_picked":["ReplayTheSpireMod:Stacked","True Grit","ReplayTheSpireMod:Strike From Hell"],"picked":"SKIP","floor":7.0},{"not_picked":["Blood for Blood","Sentinel","Wild Strike"],"picked":"SKIP","floor":8.0},{"not_picked":["Dual Wield","ReplayTheSpireMod:Stacked","Body Slam"],"picked":"SKIP","floor":11.0},{"not_picked":["Clothesline","Dropkick"],"picked":"Heavy Blade","floor":13},{"not_picked":["Wild Strike","Armaments"],"picked":"Eclipse","floor":14},{"not_picked":["Immolate","Feed"],"picked":"Juggernaut","floor":16},{"not_picked":["Pommel Strike","Twin Strike","Rampage"],"picked":"SKIP","floor":18},{"not_picked":["Body Slam","Burning Pact","Defy Death"],"picked":"SKIP","floor":21},{"not_picked":["Thunderclap+1","Run Through","True Grit"],"picked":"SKIP","floor":22},{"not_picked":["Replay:Undeath\u0027s Touch","Wild Strike"],"picked":"Whirlwind","floor":23},{"not_picked":["Clash","Intimidate"],"picked":"Flame Barrier","floor":25},{"not_picked":["Clash+1","Body Slam","Warcry"],"picked":"SKIP","floor":27},{"not_picked":["Flex+1","Evolve"],"picked":"Corruption","floor":29},{"not_picked":["Shrug It Off+1","Heavy Blade","Blood for Blood"],"picked":"SKIP","floor":31},{"not_picked":["Offering","Exhume"],"picked":"Reaper","floor":33},{"not_picked":["ReplayTheSpireMod:Limb From Limb","Perfected Strike+1"],"picked":"Inflame","floor":35},{"not_picked":["Sword Boomerang+1","Pommel Strike+1","Cleave+1"],"picked":"SKIP","floor":36},{"not_picked":["ReplayTheSpireMod:LeadingStrike","Infernal Blade"],"picked":"Spot Weakness","floor":38}],"player_experience":190595,"relics_obtained":[{"floor":8.0,"key":"Tiny Chest"},{"floor":9.0,"key":"Nunchaku"},{"floor":13,"key":"Red Skull"},{"floor":23,"key":"Mirror"},{"floor":25,"key":"MawBank"},{"floor":26,"key":"Self Forming Clay"},{"floor":31,"key":"Eternal Feather"},{"floor":37,"key":"Gremlin Food"}],"event_choices":[{"damage_healed":0.0,"max_hp_gain":0.0,"max_hp_loss":0.0,"gold_gain":0.0,"event_name":"betterThird:BetterSerpent","player_choice":"Ignored","floor":5.0,"gold_loss":0.0,"damage_taken":2.0},{"damage_healed":0.0,"max_hp_gain":0.0,"max_hp_loss":0.0,"gold_gain":0.0,"event_name":"The Woman in Blue","player_choice":"Bought 0 Potions","floor":10.0,"gold_loss":0.0,"damage_taken":0.0},{"damage_healed":0,"gold_gain":0,"player_choice":"Open","damage_taken":0,"relics_obtained":["Blue Doll"],"max_hp_gain":0,"max_hp_loss":0,"event_name":"Elementarium:TarCoveredCasket","floor":19,"gold_loss":0,"cards_obtained":["Elementarium:StickyTar"]},{"damage_healed":0,"gold_gain":0,"player_choice":"Machinery","damage_taken":0,"max_hp_gain":0,"max_hp_loss":0,"event_name":"Elementarium:IncubationChamber","floor":28,"gold_loss":0}],"is_beta":false,"boss_relics":[{"not_picked":["Calling Bell","Fusion Hammer"],"picked":"Pandora\u0027s Box"},{"not_picked":["Replay:Ancient Bell","Ooze Armor"],"picked":"Replay:Bronze Core"}],"items_purged_floors":[4],"is_endless":false,"potions_floor_spawned":[1,3,7,11,14,21,23,29,33],"killed_by":"Writhing Mass","ascension_level":9}}