{"host":"rvgqag7mtxu5qaaz","time":1609179296,"event":{"mods":["AchievementEnabler","BaseMod","Downfall","Hermit","Hubris","Minty Spire (QoL Compilation)","Replay The Spire","StSLib","SuperFastMode","The Animator","The Construct","The Cursed","The Disciple","The Necromancer"],"gold_per_floor":[115,132,57,73,91,119,119,139,187,54,69,88,107,126,126,228,228,247,247,257,268,143,175,175,192,219,235,235,235],"floor_reached":28,"playtime":1782,"items_purged":["hubris:Gluttony"],"score":248,"play_id":"396e3559-3702-4497-b6b7-4a6e53ce2a11","local_time":"20201228131456","is_ascension_mode":false,"campfire_choices":[{"floor":7,"key":"REST"},{"floor":15,"key":"REST"},{"floor":24,"key":"REST"}],"circlet_count":0,"master_deck":["Strike_P","Strike_P","Strike_P","Strike_P","Defend_P","Defend_P","Defend_P","Defend_P","Eruption","Vigilance","CutThroughFate","ThirdEye","Adaptation","JustLucky","DeceiveReality","expansioncontent:FaceSlap","expansioncontent:FaceSlap","Study","InnerPeace","Judgement","Replay:ManipulateFuture","FlurryOfBlows","DevaForm","CutThroughFate","CutThroughFate+1","Indignation","Wireheading+1","ThirdEye"],"relics":["PureWater","Replay:Towering Pillar of Hats","Bag of Marbles","Blue Doll","SacredBark","ReplayTheSpireMod:Lightbulb","Bronze Scales"],"acts_visited":["Exordium","TheCity"],"potions_floor_usage":[6,12,16,18,20,21,23,23,27,28,28],"damage_taken":[{"damage":2.0,"enemies":"Cultist","floor":1.0,"turns":3.0},{"damage":12.0,"enemies":"Small Slimes","floor":2.0,"turns":4.0},{"damage":0,"enemies":"Jaw Worm","floor":4,"turns":2},{"damage":11,"enemies":"3 Louse","floor":5,"turns":3},{"damage":24,"enemies":"Gremlin Nob","floor":6,"turns":4},{"damage":0,"enemies":"2 Fungi Beasts","floor":8,"turns":4},{"damage":8,"enemies":"Exordium Wildlife","floor":11,"turns":4},{"damage":0,"enemies":"Large Slime","floor":12,"turns":3},{"damage":0,"enemies":"Exordium Thugs","floor":13,"turns":2},{"damage":0,"enemies":"3 Louse","floor":14,"turns":1},{"damage":24,"enemies":"Hexaghost","floor":16,"turns":7},{"damage":10,"enemies":"2 Thieves","floor":18,"turns":3},{"damage":19,"enemies":"Shell Parasite","floor":20,"turns":5},{"damage":0,"enemies":"Snake Plant","floor":21,"turns":3},{"damage":34,"enemies":"Book of Stabbing","floor":23,"turns":5},{"damage":31,"enemies":"3 Cultists","floor":25,"turns":5},{"damage":2,"enemies":"Sentry and Sphere","floor":27,"turns":3},{"damage":7,"enemies":"Snake Plant","floor":28,"turns":2}],"seed_played":"2521557420591546032","potions_obtained":[{"floor":4,"key":"FearPotion"},{"floor":6,"key":"Weak Potion"},{"floor":8,"key":"BlessingOfTheForge"},{"floor":11,"key":"Block Potion"},{"floor":12,"key":"Fruit Juice"},{"floor":13,"key":"Slimebound:ThreeZeroPotion"},{"floor":16,"key":"Explosive Potion"},{"floor":21,"key":"EssenceOfSteel"},{"floor":23,"key":"Swift Potion"},{"floor":27,"key":"BlessingOfTheForge"}],"is_trial":false,"path_per_floor":["M","M","$","M","M","E","R","M","T","$","M","M","M","M","R","B",null,"M","?","M","M","$","E","R","M","T","M","M"],"character_chosen":"WATCHER","items_purchased":["expansioncontent:FaceSlap","Study","Energy Potion","Toxic Potion"],"campfire_rested":3,"item_purchase_floors":[10,10,22,22],"current_hp_per_floor":[70,58,58,58,47,23,44,44,44,44,36,41,41,41,64,40,77,67,67,48,48,48,14,37,6,6,4,0,0],"gold":235,"neow_bonus":"ONE_RARE_RELIC","is_daily":false,"chose_seed":false,"campfire_upgraded":0,"win_rate":0.0,"timestamp":1609179296,"path_taken":["M","M","$","M","M","E","R","M","T","$","M","M","?","M","R","BOSS","M","?","M","?","$","E","R","M","T","M","M"],"items_purchased_type":["Card","Card","Potion","Potion"],"build_version":"2020-12-22","purchased_purges":1,"victory":false,"max_hp_per_floor":[72,72,72,72,72,72,72,72,72,72,72,77,77,77,77,77,77,77,77,77,77,77,77,77,77,77,77,77,77],"card_choices":[{"not_picked":["Replay:ManipulateFuture","ClearTheMind"],"picked":"CutThroughFate","floor":1.0},{"not_picked":["SashWhip","Vengeance"],"picked":"ThirdEye","floor":2.0},{"not_picked":["Prostrate","PathToVictory"],"picked":"Adaptation","floor":4},{"not_picked":["Adaptation","Meditate"],"picked":"JustLucky","floor":5},{"not_picked":["CrushJoints","WheelKick"],"picked":"DeceiveReality","floor":6},{"not_picked":["WheelKick","Consecrate","FlyingSleeves"],"picked":"SKIP","floor":8},{"not_picked":["Conclude","CrushJoints"],"picked":"InnerPeace","floor":11},{"not_picked":["JustLucky","CrushJoints"],"picked":"Judgement","floor":12},{"not_picked":["Fasting2","Tantrum"],"picked":"Replay:ManipulateFuture","floor":13},{"not_picked":["ReachHeaven","FlyingSleeves"],"picked":"FlurryOfBlows","floor":14},{"not_picked":["Omniscience","Replay:AllIn"],"picked":"DevaForm","floor":16},{"not_picked":["PathToVictory","CrushJoints"],"picked":"CutThroughFate","floor":18},{"not_picked":["Halt","Vengeance"],"picked":"CutThroughFate+1","floor":20},{"not_picked":["CrushJoints","PathToVictory"],"picked":"Indignation","floor":21},{"not_picked":["Replay:Vibes","DevaForm"],"picked":"Wireheading+1","floor":23},{"not_picked":["Prostrate","Replay:AtTheReady"],"picked":"ThirdEye","floor":25},{"not_picked":["Replay:ManipulateFuture","FollowUp","FlyingSleeves"],"picked":"SKIP","floor":27}],"player_experience":326425,"relics_obtained":[{"floor":6,"key":"Bag of Marbles"},{"floor":9,"key":"Blue Doll"},{"floor":23,"key":"ReplayTheSpireMod:Lightbulb"},{"floor":26,"key":"Bronze Scales"}],"event_choices":[{"damage_healed":0,"gold_gain":0,"player_choice":"Ignored","damage_taken":0,"max_hp_gain":0,"max_hp_loss":0,"event_name":"N\u0027loth","floor":19,"gold_loss":0}],"is_beta":false,"boss_relics":[{"not_picked":["Velvet Choker","Ring of Chaos"],"picked":"SacredBark"}],"items_purged_floors":[3],"is_endless":false,"potions_floor_spawned":[4,6,8,11,12,13,16,21,23,27],"killed_by":"Snake Plant","ascension_level":0}}