{"host":"eav5i5w47nlnv2l1","time":1609175160,"event":{"mods":["BaseMod","Minty Spire (QoL Compilation)"],"gold_per_floor":[114,126,143,163,174,209,209,242,242,167,167,210,15,25,25,147,147,142,42,81,100,125,125],"floor_reached":22,"playtime":1780,"items_purged":["Strike_P","Strike_P"],"score":225,"play_id":"2f7a6fc7-93ac-486a-af64-6bdc8211e5e3","local_time":"20201228120600","is_ascension_mode":false,"campfire_choices":[{"data":"Eruption","floor":11.0,"key":"SMITH"},{"floor":15.0,"key":"REST"}],"circlet_count":0,"master_deck":["Defend_P","Defend_P","Defend_P","Defend_P","Eruption+1","Vigilance","Metamorphosis","EmptyBody","Perseverance","Indignation","Wish","Prostrate","ClearTheMind","Judgement","TalkToTheHand","DeusExMachina","Evaluate","Wallop"],"relics":["PureWater","Dream Catcher","InkBottle","HornCleat","Membership Card","Empty Cage","CeramicFish"],"acts_visited":["Exordium","TheCity"],"potions_floor_usage":[],"damage_taken":[{"damage":10.0,"enemies":"2 Louse","floor":1.0,"turns":3.0},{"damage":0.0,"enemies":"Cultist","floor":2.0,"turns":2.0},{"damage":0.0,"enemies":"Jaw Worm","floor":3.0,"turns":6.0},{"damage":0.0,"enemies":"3 Louse","floor":4.0,"turns":4.0},{"damage":0.0,"enemies":"Exordium Wildlife","floor":5.0,"turns":1.0},{"damage":13.0,"enemies":"3 Sentries","floor":6.0,"turns":11.0},{"damage":0.0,"enemies":"Lagavulin","floor":8.0,"turns":4.0},{"damage":8.0,"enemies":"Exordium Thugs","floor":12.0,"turns":5.0},{"damage":0.0,"enemies":"Looter","floor":14.0,"turns":3.0},{"damage":22.0,"enemies":"Slime Boss","floor":16.0,"turns":7.0},{"damage":17.0,"enemies":"2 Thieves","floor":18.0,"turns":5.0},{"damage":7.0,"enemies":"Chosen","floor":20.0,"turns":7.0},{"damage":11.0,"enemies":"Shelled Parasite and Fungi","floor":21.0,"turns":6.0},{"damage":39,"enemies":"Snecko","floor":22,"turns":8}],"seed_played":"3362182837522417615","potions_obtained":[{"floor":1.0,"key":"BlessingOfTheForge"},{"floor":2.0,"key":"Energy Potion"},{"floor":8.0,"key":"Explosive Potion"},{"floor":16.0,"key":"BlessingOfTheForge"},{"floor":20.0,"key":"AttackPotion"}],"is_trial":false,"path_per_floor":["M","M","M","M","M","E","?","E","T","$","R","M","$","M","R","B",null,"M","$","M","M","M"],"character_chosen":"WATCHER","items_purchased":["Membership Card","CeramicFish","Wallop"],"campfire_rested":1,"item_purchase_floors":[13,19,19],"current_hp_per_floor":[55,55,55,55,55,42,42,42,42,42,42,34,34,34,53,31,65,48,48,41,30,0,0],"gold":125,"neow_bonus":"RANDOM_COLORLESS_2","is_daily":false,"chose_seed":false,"campfire_upgraded":1,"win_rate":0.0,"timestamp":1609175160,"path_taken":["M","M","M","M","M","E","?","E","T","?","R","M","$","M","R","BOSS","M","$","M","M","M"],"items_purchased_type":["Relic","Relic","Card"],"build_version":"2020-12-22","purchased_purges":2,"victory":false,"max_hp_per_floor":[65,65,65,65,65,65,65,65,65,65,65,65,65,65,65,65,65,65,65,65,65,65,65],"card_choices":[{"not_picked":["Mayhem","Magnetism"],"picked":"Metamorphosis","floor":0.0},{"not_picked":["PathToVictory","FollowUp"],"picked":"EmptyBody","floor":1.0},{"not_picked":["SashWhip","FlyingSleeves"],"picked":"Perseverance","floor":2.0},{"not_picked":["Consecrate","WheelKick"],"picked":"Indignation","floor":3.0},{"not_picked":["Sanctity","Meditate"],"picked":"Wish","floor":4.0},{"not_picked":["CutThroughFate","FlurryOfBlows"],"picked":"Prostrate","floor":5.0},{"not_picked":["ThirdEye","EmptyMind","Collect"],"picked":"SKIP","floor":6.0},{"not_picked":["Prostrate","FollowUp"],"picked":"ClearTheMind","floor":8.0},{"not_picked":["CarveReality","SignatureMove","Consecrate"],"picked":"SKIP","floor":12.0},{"not_picked":["Consecrate","CutThroughFate"],"picked":"Judgement","floor":14.0},{"not_picked":["CarveReality","Protect"],"picked":"TalkToTheHand","floor":15.0},{"not_picked":["Brilliance","LessonLearned"],"picked":"DeusExMachina","floor":16.0},{"not_picked":["Wireheading","SashWhip"],"picked":"Evaluate","floor":18.0},{"not_picked":["ClearTheMind","Conclude","Collect"],"picked":"SKIP","floor":20.0},{"not_picked":["Wallop","ThirdEye","FollowUp"],"picked":"SKIP","floor":21.0}],"player_experience":1409368,"relics_obtained":[{"floor":6.0,"key":"Dream Catcher"},{"floor":8.0,"key":"InkBottle"},{"floor":9.0,"key":"HornCleat"}],"event_choices":[{"damage_healed":0.0,"max_hp_gain":0.0,"max_hp_loss":0.0,"gold_gain":0.0,"event_name":"NoteForYourself","player_choice":"Ignored","floor":7.0,"gold_loss":0.0,"damage_taken":0.0}],"is_beta":false,"boss_relics":[{"not_picked":["Pandora\u0027s Box","Busted Crown"],"picked":"Empty Cage"}],"items_purged_floors":[10,13],"is_endless":false,"potions_floor_spawned":[1,2,8,12,16,20],"killed_by":"Snecko","ascension_level":0}}