{"host":"02w9hl92h62kgkzk","time":1609189711,"event":{"mods":["2.2 Compatiblity","AchievementEnabler","Act Like it!","AlwaysNeverKeys","Aspiration","BaseMod","Better Altar","Better Match","Better Note","Better Sensory Stone","Better Skull","Better Third Choice","Better Vampires","BetterRewards","Block Reminder","CCEM","ChefMod","Colored Map","Colored Powertips","Conspire","Downfall","Ekko","Elementarium","Emptier Cage","Energized Spire","Friendly Minions","FruityMod","Gensokyo","GifTheSpireLib","Halation","Hallownest","Hermit","Hubris","Jorbs\u0027s Wanderer Trilogy","Magitek Elite","Marisa????????","Marked Mod","Minty Spire (QoL Compilation)","Permanent Neow","QueenMod","Quick Restart","Random Character Mod","Rare Cards Sparkle","Replay The Spire","Retaliation","Reworked Bosses","Robot Space Explorer","Shade Mod","Shop Mod","Spicy Shops","Spikes Relics","StSLib","Stuff the Spire","Synergy Search","The Administrix","The Animator","The Blackbeard","The Blue Laboratory","The Bug Knight","The Construct","The Death Knight","The Factory","The Florist","The Forsaken","The Gatherer","The Hayseed","The Hierophant","The Jungle","The Marked","The Runesmith","The Valiant","The Wild Card","TheHero","TheVacant","Trackpad","Transform Curses","Unceasing Turn Reminder","Wandering Minibosses","vexMod"],"gold_per_floor":[124,144,172,194,194,232,232,251,325,345,384,406,406,23,23,121,121,121,121,121],"floor_reached":18,"playtime":2622,"items_purged":["Shame","hexamod:ShieldOfDarkness"],"score":199,"play_id":"77e470b6-7d6d-4521-b8be-589b83caa1ec","local_time":"20201228150831","daily_mods":["Draft","Heirloom"],"is_ascension_mode":false,"campfire_choices":[{"floor":7,"key":"RECALL"},{"data":"hexamod:StepThrough","floor":15,"key":"PURGE"}],"circlet_count":0,"master_deck":["hexamod:NecessarySacrifice","hexamod:SpectersWail","hexamod:FirstSeal","hexamod:GhostLash","hexamod:FirstSeal","hexamod:GhostLash","hexamod:SecondSeal","hexamod:GhostLash","hexamod:Hexaguard","hexamod:ThermalTransfer","hexamod:EtherealExpedition","hexamod:NecessarySacrifice","hexamod:GhostLash","expansioncontent:GoopSpray","hexamod:SixthSeal"],"relics":["hexamod:SpiritBrand","Ring of Chaos","Ice Cream","Hallownest:DreamNailRelic","Torii","trackpad:BottledTsunami","Peace Pipe","Hallownest:TeacherSealRelic","MerchantsRug","Membership Card","Lantern","energizedSpire:CursedPentagram"],"acts_visited":["Hallownest:Greenpath","TheCity"],"potions_floor_usage":[],"damage_taken":[{"damage":0,"enemies":"Hallownest:2_Baldur","floor":1,"turns":3},{"damage":7,"enemies":"Hallownest:monsterHuskGuard","floor":2,"turns":3},{"damage":6,"enemies":"2_ Uuma","floor":3,"turns":3},{"damage":31,"enemies":"Hallownest:Guard_and_Warrior","floor":4,"turns":4},{"damage":8,"enemies":"Hallownest:eliteVengeflyKing","floor":6,"turns":4},{"damage":4,"enemies":"Hallownest:2_Tiktiks_1_Baldur_1_Crawlid","floor":8,"turns":3},{"damage":1,"enemies":"Hallownest:monsterAspidMother","floor":10,"turns":3},{"damage":17,"enemies":"Hallownest:eliteCrystalGuardian","floor":11,"turns":4},{"damage":0,"enemies":"Hallownest:monsterFoolEater","floor":12,"turns":3},{"damage":1,"enemies":"Hallownest:BossFalseKnight","floor":16,"turns":5},{"damage":71,"enemies":"3 Byrds","floor":18,"turns":6}],"seed_played":"1281532237133264604","potions_obtained":[{"floor":1,"key":"blueLaboratory:LouseDecoction"},{"floor":3,"key":"hexamod:EctoCoolerPotion"},{"floor":4,"key":"blueLaboratory:HeartbeatPotion"}],"is_trial":true,"path_per_floor":["M","M","M","M","?","E","R","M","T","M","E","M","?","$","R_BF","B",null,"M"],"character_chosen":"THE_SPIRIT","items_purchased":["MerchantsRug","Membership Card","Lantern","expansioncontent:GoopSpray"],"campfire_rested":0,"item_purchase_floors":[14,14,14,14],"current_hp_per_floor":[70,70,70,46,46,52,52,55,55,54,51,65,65,65,65,70,70,0,0,0],"gold":121,"neow_bonus":"","is_daily":false,"chose_seed":false,"campfire_upgraded":0,"win_rate":0.0,"timestamp":1609189711,"path_taken":["M","M","M","?","?","E","R","M","T","?","E","?","?","$","R_BF","BOSS","M"],"items_purchased_type":["Relic","Relic","Relic","Card"],"build_version":"2020-12-22","purchased_purges":2,"victory":false,"max_hp_per_floor":[70,70,70,70,70,70,70,70,70,70,70,70,70,70,70,70,70,70,70,70],"card_choices":[{"not_picked":["hexamod:Hexaguard","hexamod:RainOfEmbers"],"picked":"hexamod:NecessarySacrifice","floor":0},{"not_picked":["hexamod:BacktrackSmack","hexamod:FastForward"],"picked":"hexamod:StepThrough","floor":0},{"not_picked":["hexamod:GhostflameBarrier","hexamod:NightmareGuise"],"picked":"hexamod:SpectersWail","floor":0},{"not_picked":["hexamod:HauntingEcho","hexamod:Hexaguard"],"picked":"hexamod:FirstSeal","floor":0},{"not_picked":["hexamod:GhostShield","hexamod:Rewind"],"picked":"hexamod:GhostLash","floor":0},{"not_picked":["hexamod:AdvancingGuard","hexamod:SoulSteal"],"picked":"hexamod:FirstSeal","floor":0},{"not_picked":["hexamod:Firestarter","hexamod:GhostOfSpirePresent"],"picked":"hexamod:GhostLash","floor":0},{"not_picked":["hexamod:GhostOfSpirePast","hexamod:SwordOfDarkness"],"picked":"hexamod:SecondSeal","floor":0},{"not_picked":["hexamod:AdvancingGuard","hexamod:GhostOfSpirePast"],"picked":"hexamod:GhostLash","floor":0},{"not_picked":["hexamod:InspiringFlames","hexamod:Rewind"],"picked":"hexamod:Hexaguard","floor":0},{"not_picked":["hexamod:GhostLash","hexamod:BurningTouch"],"picked":"hexamod:ThermalTransfer","floor":0},{"not_picked":["hexamod:NightmareGuise","hexamod:FastForward"],"picked":"hexamod:ShieldOfDarkness","floor":0},{"not_picked":["hexamod:NightmareGuise","hexamod:InspiringFlames"],"picked":"hexamod:EtherealExpedition","floor":0},{"not_picked":["hexamod:GhostShield","hexamod:NightmareGuise"],"picked":"hexamod:NecessarySacrifice","floor":0},{"not_picked":["hexamod:BurningTouch","hexamod:GhostflameBarrier"],"picked":"hexamod:GhostLash","floor":0},{"not_picked":["hexamod:SoulSteal","hexamod:GhostLash","hexamod:BacktrackSmack"],"picked":"SKIP","floor":1},{"not_picked":["hexamod:GhostLash","hexamod:ThermalTransfer","hexamod:BurningTouch"],"picked":"SKIP","floor":2},{"not_picked":["hexamod:ThirdSeal","hexamod:CatchUp","hexamod:FirstSeal"],"picked":"SKIP","floor":3},{"not_picked":["hexamod:NightmareGuise","hexamod:Firestarter","hexamod:UnleashSpirits"],"picked":"SKIP","floor":4},{"not_picked":["hexamod:NightmareGuise","hexamod:FirstSeal","hexamod:Hexaguard"],"picked":"SKIP","floor":6},{"not_picked":["hexamod:ThirdSeal","hexamod:Incineration","hexamod:AdvancingGuard"],"picked":"SKIP","floor":8},{"not_picked":["hexamod:AdvancingGuard","hexamod:RainOfEmbers","hexamod:SoulSteal"],"picked":"SKIP","floor":10},{"not_picked":["hexamod:FastForward","hexamod:Rewind","hexamod:BacktrackSmack"],"picked":"SKIP","floor":11},{"not_picked":["hexamod:InspiringFlames","hexamod:AdvancingGuard","hexamod:GhostOfSpirePast"],"picked":"SKIP","floor":12},{"not_picked":["hexamod:HexaLevel","hexamod:CrushingStance"],"picked":"hexamod:SixthSeal","floor":16}],"player_experience":940232,"relics_obtained":[{"floor":6,"key":"Torii"},{"floor":9,"key":"trackpad:BottledTsunami"},{"floor":11,"key":"Peace Pipe"}],"event_choices":[],"is_beta":false,"boss_relics":[{"not_picked":["energizedSpire:RedRose","Philosopher\u0027s Stone"],"picked":"energizedSpire:CursedPentagram"}],"items_purged_floors":[14,14],"is_endless":false,"potions_floor_spawned":[1,3,4,6,8],"killed_by":"3 Byrds","ascension_level":0}}