{"host":"5gs251imfkyqlzrh","time":1609181451,"event":{"mods":["BaseMod","Downfall","Hermit","Jorbs\u0027s Wanderer Trilogy","Marisa????????","Minty Spire (QoL Compilation)","Replay The Spire","StSLib","The Bladedancer","The Bug Knight","The Construct","The Cursed","The Disciple","The Hierophant","The Mystic","The Necromancer","The Runesmith","The Servant 0.9.4"],"gold_per_floor":[214,89,89,149,165,165,44,44,126,140,190,216,216,235,235,335,335,350,2,18,68,128,128,145,145,145,172,172,207,218,367,367,469,469,483,500,50,62,78,78,112,112,112],"floor_reached":42,"playtime":2246,"items_purged":["Strike_S","Defend_S","Strike_S"],"score":516,"play_id":"0f47335e-b849-4dbb-b3c5-d5213e656934","local_time":"20201228185051","is_ascension_mode":true,"campfire_choices":[{"data":"SilverBlades","floor":6,"key":"SMITH"},{"data":"GearUp","floor":8,"key":"SMITH"},{"data":"Ricochet","floor":13,"key":"SMITH"},{"data":"Starlight","floor":15,"key":"SMITH"},{"data":"KidneyShot","floor":23,"key":"SMITH"},{"floor":25,"key":"REST"},{"data":"Exchange","floor":28,"key":"SMITH"},{"floor":32,"key":"REST"},{"data":"Defend_S","floor":40,"key":"SMITH"}],"circlet_count":0,"master_deck":["Strike_S","Defend_S+1","Defend_S","Defend_S","KidneyShot+1","Exchange+1","Ricochet+1","Rearm","SilverBlades+1","Starlight+1","GearUp+1","Ricochet+1","Initiator+1","Replay:Hysterical Blindness","InstantArmor+1","Dilation+1","Snipe+1","FanOfKnives+1","Rearm+1","Luminosity+1"],"relics":["Uniform","SsserpentHead","Molten Egg 2","Bag of Preparation","Cursed Key","Toxic Egg 2","Bottled Lightning","Ancient Tea Set","Boot","StoneMask","Eternal Feather","ReplayTheSpireMod:Shallot"],"acts_visited":["Exordium","TheCity","TheBeyond"],"potions_floor_usage":[12,12,27,29,36,39,41,42],"damage_taken":[{"damage":0,"enemies":"Small Slimes","floor":1,"turns":4},{"damage":2,"enemies":"Cultist","floor":4,"turns":4},{"damage":3,"enemies":"Jaw Worm","floor":5,"turns":6},{"damage":3,"enemies":"Looter","floor":10,"turns":3},{"damage":5,"enemies":"Replay:BlueRogue","floor":12,"turns":7},{"damage":0,"enemies":"Lots of Slimes","floor":14,"turns":1},{"damage":14,"enemies":"Slime Boss","floor":16,"turns":6},{"damage":0,"enemies":"Spheric Guardian","floor":18,"turns":3},{"damage":4,"enemies":"Shell Parasite","floor":20,"turns":5},{"damage":8,"enemies":"Shelled Parasite and Fungi","floor":22,"turns":5},{"damage":6,"enemies":"Snake Plant","floor":24,"turns":4},{"damage":9,"enemies":"Gremlin Leader","floor":27,"turns":5},{"damage":13,"enemies":"Slavers","floor":29,"turns":2},{"damage":23,"enemies":"Snecko","floor":30,"turns":6},{"damage":37,"enemies":"Automaton","floor":33,"turns":8},{"damage":0,"enemies":"Orb Walker","floor":35,"turns":2},{"damage":4,"enemies":"3 Darklings","floor":36,"turns":4},{"damage":3,"enemies":"Spire Growth","floor":38,"turns":4},{"damage":0,"enemies":"Sphere and 2 Shapes","floor":39,"turns":3},{"damage":30,"enemies":"Giant Head","floor":41,"turns":8},{"damage":17,"enemies":"Jaw Worm Horde","floor":42,"turns":3}],"seed_played":"2450769490569898458","potions_obtained":[{"floor":4,"key":"LifebloodPotion"},{"floor":5,"key":"Elixir"},{"floor":10,"key":"Fruit Juice"},{"floor":22,"key":"EssenceOfSteel"},{"floor":24,"key":"DuplicationPotion"},{"floor":33,"key":"EssenceOfSteel"},{"floor":35,"key":"DistilledChaos"},{"floor":36,"key":"Regen Potion"}],"is_trial":false,"path_per_floor":["M","$","?","M","M","R","$","R","T","M","?","E","R","M","R","B",null,"M","$","M","?","M","R","M","R","T","E","R","E","M","?","R","B",null,"M","M","$","M","M","R","E","M"],"character_chosen":"THE_SERVANT","items_purchased":["Rearm","Starlight","GearUp","Toxic Egg 2","FanOfKnives+1","Eternal Feather"],"campfire_rested":2,"item_purchase_floors":[2,7,7,19,37,37],"current_hp_per_floor":[65,65,65,63,60,60,60,60,60,57,65,65,65,65,65,51,70,70,70,66,66,58,58,52,70,70,61,61,48,25,25,46,9,70,71,70,70,70,76,76,54,37,37],"gold":112,"neow_bonus":"HUNDRED_GOLD","is_daily":false,"chose_seed":false,"campfire_upgraded":7,"win_rate":0.0,"timestamp":1609181451,"path_taken":["M","$","?","?","M","R","$","R","T","M","?","E","R","M","R","BOSS","M","$","M","?","?","R","M","R","T","E","R","E","M","?","R","BOSS","M","M","$","M","M","R","E","M"],"items_purchased_type":["Card","Card","Card","Relic","Card","Relic"],"build_version":"2020-12-22","purchased_purges":3,"victory":false,"max_hp_per_floor":[65,65,65,65,65,65,65,65,65,65,65,70,70,70,70,70,70,70,70,70,70,70,70,70,70,70,70,70,70,70,70,70,70,70,71,72,72,73,76,76,77,77,77],"card_choices":[{"not_picked":["DoubleEdge","Unruled"],"picked":"Ricochet","floor":1},{"not_picked":["SpecialFormula","Sabotage","Alleviate"],"picked":"SKIP","floor":4},{"not_picked":["Potential","Rearm"],"picked":"SilverBlades","floor":5},{"not_picked":["Read","TimeWarp+1","FastForward"],"picked":"SKIP","floor":10},{"not_picked":["TheWorld","Potential+1"],"picked":"Ricochet+1","floor":12},{"not_picked":["FastForward","MoonPhase","Gouge+1"],"picked":"SKIP","floor":14},{"not_picked":["SoulSculpture+1","Embodiment"],"picked":"Initiator+1","floor":16},{"not_picked":["BestPractice","Misdirection","Alleviate+1"],"picked":"SKIP","floor":18},{"not_picked":["BestPractice","Spin+1","FastForward+1"],"picked":"SKIP","floor":20},{"not_picked":["Rewind+1","Replace+1","Potential+1"],"picked":"SKIP","floor":22},{"not_picked":["BottledTime+1","Foresight","SoulSculpture+1"],"picked":"SKIP","floor":24},{"not_picked":["Spin+1","WasteNot+1","ShatteredReality+1"],"picked":"SKIP","floor":27},{"not_picked":["MoonPhase","TimeWarp+1","Luminosity"],"picked":"SKIP","floor":29},{"not_picked":["TimeWarp+1","FastForward+1"],"picked":"InstantArmor+1","floor":30},{"not_picked":["Initiator+1","PendulumOfEternity+1"],"picked":"Dilation+1","floor":33},{"not_picked":["Spin+1","BottledTime+1","Potential+1"],"picked":"SKIP","floor":35},{"not_picked":["BottledTime+1","DoubleEdge+1"],"picked":"Snipe+1","floor":36},{"not_picked":["Misdirection+1","Defy+1"],"picked":"Rearm+1","floor":38},{"not_picked":["BestPractice","Desolation+1"],"picked":"Luminosity+1","floor":39},{"not_picked":["Replace+1","Rewind+1","Duplication+1"],"picked":"SKIP","floor":41}],"player_experience":192189,"relics_obtained":[{"floor":9,"key":"Molten Egg 2"},{"floor":12,"key":"Bag of Preparation"},{"floor":26,"key":"Bottled Lightning"},{"floor":27,"key":"Ancient Tea Set"},{"floor":29,"key":"Boot"},{"floor":41,"key":"ReplayTheSpireMod:Shallot"}],"event_choices":[{"damage_healed":0,"gold_gain":0,"player_choice":"Trade","damage_taken":0,"relics_obtained":["SsserpentHead"],"max_hp_gain":0,"max_hp_loss":0,"event_name":"FaceTrader","floor":3,"gold_loss":0},{"damage_healed":21,"gold_gain":0,"player_choice":"Banana","damage_taken":0,"max_hp_gain":0,"max_hp_loss":0,"event_name":"Big Fish","floor":11,"gold_loss":0},{"cards_removed":["Strike_S"],"damage_healed":0,"gold_gain":0,"player_choice":"Purged","damage_taken":0,"max_hp_gain":0,"max_hp_loss":0,"event_name":"Purifier","floor":21,"gold_loss":0},{"damage_healed":0,"gold_gain":99,"player_choice":"Stole From Cult","damage_taken":0,"max_hp_gain":0,"max_hp_loss":0,"event_name":"Nest","floor":31,"gold_loss":0}],"is_beta":false,"boss_relics":[{"not_picked":["Painkiller Herb","Honey Jar"],"picked":"Cursed Key"},{"not_picked":["Replay:Wanted Poster","Replay:Drink Me"],"picked":"StoneMask"}],"items_purged_floors":[2,19,37],"is_endless":false,"potions_floor_spawned":[4,5,10,22,24,33,35,36],"killed_by":"Jaw Worm Horde","ascension_level":1}}