{"host":"91blwi3hgehj6ch9","time":1609185348,"event":{"mods":["2.2 Compatiblity","AchievementEnabler","BaseMod","Colored Map","DeckTracker","Keyboard Shortcuts","Minty Spire (QoL Compilation)","Permanent Neow","Quick Restart","StSLib","SuperFastMode"],"gold_per_floor":[112,112,30,42,61,87,87,119,142,142,142,152,152,170,170,268,268,288,288,308,319,319,319,319,319],"floor_reached":24,"playtime":807,"items_purged":[],"score":216,"play_id":"8adbbfe3-f377-4a3f-99d8-cc1bd81574c2","local_time":"20201229045548","is_ascension_mode":true,"campfire_choices":[{"floor":7,"key":"REST"},{"data":"Self Repair","floor":10,"key":"SMITH"},{"data":"Dualcast","floor":13,"key":"SMITH"},{"data":"Redo","floor":15,"key":"SMITH"},{"data":"Zap","floor":23,"key":"SMITH"}],"circlet_count":0,"master_deck":["Strike_B","Strike_B","Defend_B","Defend_B","Defend_B","Defend_B","Zap+1","Dualcast+1","Doom and Gloom","Self Repair+1","Steam","Conserve Battery","Reboot","Redo+1","Echo Form","Barrage","Turbo+1"],"relics":["Cracked Core","Ginger","Regal Pillow","Happy Flower","Oddly Smooth Stone","Inserter","Pear"],"acts_visited":["Exordium","TheCity"],"potions_floor_usage":[],"damage_taken":[{"damage":5,"enemies":"Small Slimes","floor":1,"turns":3},{"damage":1,"enemies":"Jaw Worm","floor":4,"turns":4},{"damage":5,"enemies":"Cultist","floor":5,"turns":4},{"damage":39,"enemies":"Gremlin Nob","floor":6,"turns":5},{"damage":21,"enemies":"3 Sentries","floor":8,"turns":6},{"damage":5,"enemies":"Exordium Wildlife","floor":12,"turns":4},{"damage":1,"enemies":"2 Fungi Beasts","floor":14,"turns":3},{"damage":42,"enemies":"Slime Boss","floor":16,"turns":9},{"damage":15,"enemies":"Shell Parasite","floor":18,"turns":6},{"damage":31,"enemies":"3 Byrds","floor":20,"turns":5},{"damage":43,"enemies":"Shelled Parasite and Fungi","floor":21,"turns":6},{"damage":30,"enemies":"Snake Plant","floor":24,"turns":4}],"seed_played":"8493915483875206090","potions_obtained":[{"floor":6,"key":"EssenceOfSteel"},{"floor":8,"key":"Strength Potion"},{"floor":16,"key":"FearPotion"}],"is_trial":false,"path_per_floor":["M","?","$","M","M","E","R","E","T","R","?","M","R","M","R","B",null,"M","?","M","M","?","R","M"],"character_chosen":"DEFECT","items_purchased":["Self Repair"],"campfire_rested":1,"item_purchase_floors":[3],"current_hp_per_floor":[49,42,42,48,50,18,55,41,41,41,41,46,46,55,55,23,75,75,75,54,31,41,41,11,11],"gold":319,"neow_bonus":"ONE_RARE_RELIC","is_daily":false,"chose_seed":false,"campfire_upgraded":4,"win_rate":0.0,"timestamp":1609185348,"path_taken":["M","?","$","M","M","E","R","E","T","R","?","?","R","M","R","BOSS","M","?","M","M","?","R","M"],"items_purchased_type":["Card"],"build_version":"2020-12-22","purchased_purges":0,"victory":false,"max_hp_per_floor":[75,75,75,75,75,75,75,75,75,75,75,75,75,75,75,75,75,75,75,75,75,85,85,85,85],"card_choices":[{"not_picked":["Go for the Eyes","Ball Lightning"],"picked":"Doom and Gloom","floor":1},{"not_picked":["Barrage","Sweeping Beam"],"picked":"Steam","floor":4},{"not_picked":["Glacier","Rebound"],"picked":"Conserve Battery","floor":5},{"not_picked":["Hello World","Rebound"],"picked":"Reboot","floor":6},{"not_picked":["Reboot","Doom and Gloom","Heatsinks"],"picked":"SKIP","floor":8},{"not_picked":["Stack","Leap"],"picked":"Redo","floor":12},{"not_picked":["Rebound","Storm","Conserve Battery"],"picked":"SKIP","floor":14},{"not_picked":["Hyperbeam","Electrodynamics"],"picked":"Echo Form","floor":16},{"not_picked":["Auto Shields","Stack"],"picked":"Barrage","floor":18},{"not_picked":["Lockon","Ball Lightning","Darkness"],"picked":"SKIP","floor":20},{"not_picked":["Leap+1","Beam Cell+1"],"picked":"Turbo+1","floor":21}],"player_experience":121353,"relics_obtained":[{"floor":6,"key":"Regal Pillow"},{"floor":8,"key":"Happy Flower"},{"floor":9,"key":"Oddly Smooth Stone"}],"event_choices":[{"cards_removed":["Strike_B"],"damage_healed":0,"gold_gain":0,"player_choice":"Card Removal","damage_taken":7,"max_hp_gain":0,"max_hp_loss":0,"event_name":"Golden Wing","floor":2,"gold_loss":0},{"damage_healed":0,"gold_gain":0,"player_choice":"Bought 0 Potions","damage_taken":0,"max_hp_gain":0,"max_hp_loss":0,"event_name":"The Woman in Blue","floor":11,"gold_loss":0},{"cards_removed":["Strike_B"],"damage_healed":0,"gold_gain":0,"player_choice":"Elegance","damage_taken":0,"max_hp_gain":0,"max_hp_loss":0,"event_name":"Back to Basics","floor":19,"gold_loss":0},{"damage_healed":0,"gold_gain":0,"player_choice":"Opened","damage_taken":0,"relics_obtained":["Pear"],"max_hp_gain":0,"max_hp_loss":0,"event_name":"The Mausoleum","floor":22,"gold_loss":0}],"is_beta":false,"boss_relics":[{"not_picked":["Coffee Dripper","Calling Bell"],"picked":"Inserter"}],"items_purged_floors":[],"is_endless":false,"potions_floor_spawned":[6,8,16,20,21],"killed_by":"Snake Plant","ascension_level":1}}