{"host":"avq773cl9g5msfol","time":1609150957,"event":{"mods":["AchievementEnabler","Act Like it!","Ascension Unlocker","Aspiration","Astrologer","Bard","Bartender","BaseMod","Better Altar","Better Match","Better Note","Better Sensory Stone","Better Skull","Better Third Choice","BetterRewards","CapriCore","ChefMod","Colored Map","Colored Powertips","Conspire","Dio Mod","Downfall","Elementarium","Energized Spire","Gensokyo","GifTheSpireLib","GungeonMod","Hallownest","Hermit","Highlight Path","Hubris","Humility","Infinite Spire","Jorbs\u0027s Wanderer Trilogy","Koishi","Lobotomy","LobotomyExtend","Magitek Elite","Marisa????????","Marked Mod","Menagerie","Minty Spire (QoL Compilation)","Potionbrewer","Quarter Circle Forward PUNCH!","Rare Cards Sparkle","Reimu??????","Relic Stats","Remilia??????","Replay The Spire","SacredBarkPlus","Shade Mod","Somnambulant","Spicy Shops","StSLib","Synergy Search","The Administrix","The Blue Laboratory","The Bug Knight","The Construct","The Cursed","The Exalted","The Hayseed","The Hierophant","The Immortal","The Judge","The Marked","The Mystic","The Problem Sleuth","The Runesmith","The Senshi","The Vixen","The Wild Card","TheArtist","TheFirefly","Wandering Minibosses","vexMod"],"gold_per_floor":[118,131,131,131,131,162,162,181,181,215,82,107,131,131,131,131,160,188,188,223,223,223],"floor_reached":9,"playtime":1492,"items_purged":["ReplayGash+1","hubris:InfiniteBlow+131"],"score":449,"play_id":"e57311e1-ddf3-4e4b-86e6-72fddeffeba6","local_time":"20201228172237","is_ascension_mode":true,"campfire_choices":[{"data":"Zap","floor":7,"key":"SMITH"},{"data":"infinitespire:TheBestDefense","floor":7,"key":"SMITH"}],"circlet_count":0,"master_deck":["AscendersBane","Zap+1","Dualcast","Multi-Cast+1","Hyperbeam+1","Doom and Gloom+1","Chaos+1","ReplayTheSpireMod:Omega Cannon+1","Blizzard+1","Turbo+1","Storm+1","Storm+1","Thunder Strike+1","Conserve Battery+1","Hologram+1","Cold Snap+1","Defragment+1","Defragment+1","Redo+1","FIFO Queue+1","Coolheaded+1","infinitespire:Collect","expansioncontent:BronzeBeam+1","Coolheaded","Hologram","hubris:Fate","infinitespire:TheBestDefense+1","Rainbow+1","Glacier"],"relics":["Cracked Core","Golden Egg","Quantum Egg","Lee\u0027s Waffle","ClockworkSouvenir","Guardian:GemstoneGun","Potion Belt","DemoMod:GreenGuonStone","aspiration:FrozenJewel","DemoMod:GnawedKey","Lantern","White_Cape","hubris:CrystalStatue","DemoMod:GlassGuonStoneRelic","Juzu Bracelet","Menagerie:HuntersKnife","infinitespire:WardingShard","LetterFromLob","conspire:SpecialSausage","ReplayTheSpireMod:Ninjato","infinitespire:Lucky Rock","hubris:64BitClover"],"acts_visited":["Menagerie:Menagerie"],"potions_floor_usage":[6],"damage_taken":[{"damage":0,"enemies":"Menagerie:WhisperingWraith","floor":1,"turns":3},{"damage":0,"enemies":"Menagerie:StygianBoar","floor":2,"turns":2},{"damage":0,"enemies":"Menagerie:MaskedSummoner","floor":6,"turns":5},{"damage":1,"enemies":"Menagerie:MonstrousExperiment","floor":8,"turns":2},{"damage":0,"enemies":"Menagerie:Hydra","floor":10,"turns":4},{"damage":0,"enemies":"Menagerie:RedMage","floor":12,"turns":2},{"damage":0,"enemies":"Jaw Worm","floor":1,"turns":2},{"damage":0,"enemies":"Small Slimes","floor":5,"turns":1},{"damage":0,"enemies":"3 Sentries","floor":6,"turns":1},{"damage":0,"enemies":"Gremlin Nob","floor":8,"turns":2}],"seed_played":"-3612977942701243498","potions_obtained":[{"floor":2,"key":"FocusPotion"}],"is_trial":false,"path_per_floor":["M","M","?","?","?","E","R","M","T","E","$","M","E","M","?","AVR","?","M","E","R","E","T"],"character_chosen":"DEFECT","items_purchased":["Lee\u0027s Waffle","ClockworkSouvenir","Guardian:GemstoneGun","Storm","Thunder Strike","Conserve Battery","Hologram","Cold Snap","Potion Belt","DemoMod:GreenGuonStone","blueLaboratory:RelayPotion","aspiration:FrozenJewel","DemoMod:GnawedKey","blueLaboratory:BubblePotion","blueLaboratory:SystemWipe","Lantern","White_Cape","hubris:CrystalStatue","Defragment","Redo","FIFO Queue","Coolheaded","expansioncontent:BronzeBeam"],"campfire_rested":0,"item_purchase_floors":[0,0,0,0,0,0,0,0,0,0,0,0,0,0,0,0,0,0,0,0,0,0,11],"current_hp_per_floor":[78,78,78,59,59,59,59,58,58,58,58,58,71,76,76,76,76,76,76,76,76,76],"gold":223,"neow_bonus":"","is_daily":false,"chose_seed":false,"campfire_upgraded":2,"win_rate":0.0,"timestamp":1609150957,"path_taken":["M","M","?","?","?","E","R","M","T","E","?","M","E","M","?","AVR","?","M","E","R","E","T"],"items_purchased_type":["Relic","Relic","Relic","Card","Card","Card","Card","Card","Relic","Relic","Potion","Relic","Relic","Potion","Potion","Card","Relic","Relic","Card","Card","Card","Card","Card"],"build_version":"2020-12-22","purchased_purges":2,"victory":false,"max_hp_per_floor":[78,78,78,78,71,71,71,71,71,71,71,71,71,76,76,76,76,76,76,76,76,76],"relic_stats":{"Lee\u0027s Waffle":14,"counters":[53,171],"Juzu Bracelet":4,"obtain_stats":[{"DemoMod:GreenGuonStone":0,"Golden Egg":0,"infinitespire:BottledMercury":43,"hubris:CrystalStatue":0,"Menagerie:HuntersKnife":5,"DemoMod:GlassGuonStoneRelic":11,"wanderingMiniBosses:OtherGremlinHorn":31,"vexMod:RockOfEvil":34,"Replay:Wanted Poster":34,"Replay:Ringing Soul":26,"conspire:GlowingRock":6,"DemoMod:MeltedRock":14,"qcfpunch:Red_Cyclone_Teachings":26,"vexMod:RetaliationKit":31,"Girya":9,"construct:RocketBooster":24,"Choco_Feather":8,"Oddly Smooth Stone":28,"wanderingMiniBosses:MasterThiefsPresence":22,"Guardian:PocketSentry":11,"aspiration:SeaSaltIceCream":4,"War Paint":29,"aspiration:FrozenJewel":0,"OrangePellets":42,"Bottled Flame":13,"ReplayTheSpireMod:Shallot":4,"Elementarium:ElementariumTrophy":33,"qcfpunch:Broken_Tusk":46,"Pandora\u0027s Box":0,"ReplayTheSpireMod:TigerMarble":9,"Mirror":40,"hermit:Momento":0,"Lantern":0,"StoneCalendar":40,"conspire:SpecialSausage":3,"Juzu Bracelet":0,"Hallownest:DreamNailRelic":3,"Mythril_Glove":38,"hubris:EmptyBottle":0,"Replay:Mystery Machine":13,"White_Cape":0,"qcfpunch:Crimson_Sash":4,"ClockworkSouvenir":0,"DemoMod:SevenLeafClover":0,"Frozen Eye":29,"AntiCross":6,"hubris:CuriousFeather":0,"WingedGreaves":2,"DemoMod:GnawedKey":0,"Cracked Core":0,"Potion Belt":0,"Hallownest:SalubrasBlessingRelic":10,"Lee\u0027s Waffle":0,"ReplayTheSpireMod:Ninjato":3,"infinitespire:CursedDice":43,"hubris:64BitClover":9,"aspiration:RunicSpoon":0,"Quantum Egg":2,"Guardian:GemstoneGun":0,"PreservedInsect":0,"Protect_Vest":49,"aspiration:SecretTechniqueScroll":17,"infinitespire:CheckeredPen":6,"infinitespire:Lucky Rock":6,"PureWhite:ReiMu":26,"infinitespire:WardingShard":6,"vexMod:HeadHunter":0,"LetterFromLob":1,"Membership Card":0,"DemoMod:VorpalBullet":24},{"DemoMod:GreenGuonStone":43,"Golden Egg":0,"infinitespire:BottledMercury":21,"hubris:CrystalStatue":43,"Menagerie:HuntersKnife":45,"DemoMod:GlassGuonStoneRelic":4,"wanderingMiniBosses:OtherGremlinHorn":35,"vexMod:RockOfEvil":36,"Replay:Wanted Poster":17,"Replay:Ringing Soul":11,"conspire:GlowingRock":2,"DemoMod:MeltedRock":29,"qcfpunch:Red_Cyclone_Teachings":32,"vexMod:RetaliationKit":16,"Girya":3,"construct:RocketBooster":32,"Choco_Feather":3,"Oddly Smooth Stone":33,"wanderingMiniBosses:MasterThiefsPresence":10,"Guardian:PocketSentry":27,"aspiration:SeaSaltIceCream":25,"War Paint":14,"aspiration:FrozenJewel":43,"OrangePellets":39,"Bottled Flame":28,"ReplayTheSpireMod:Shallot":25,"Elementarium:ElementariumTrophy":36,"qcfpunch:Broken_Tusk":40,"Pandora\u0027s Box":24,"ReplayTheSpireMod:TigerMarble":26,"Mirror":39,"hermit:Momento":0,"Lantern":43,"StoneCalendar":20,"conspire:SpecialSausage":50,"Juzu Bracelet":0,"Hallownest:DreamNailRelic":1,"Mythril_Glove":19,"hubris:EmptyBottle":24,"Replay:Mystery Machine":28,"White_Cape":43,"qcfpunch:Crimson_Sash":25,"ClockworkSouvenir":24,"DemoMod:SevenLeafClover":0,"Frozen Eye":13,"AntiCross":2,"hubris:CuriousFeather":24,"WingedGreaves":25,"DemoMod:GnawedKey":43,"Cracked Core":43,"Potion Belt":43,"Hallownest:SalubrasBlessingRelic":3,"Lee\u0027s Waffle":43,"ReplayTheSpireMod:Ninjato":50,"infinitespire:CursedDice":21,"hubris:64BitClover":53,"aspiration:RunicSpoon":0,"Quantum Egg":1,"Guardian:GemstoneGun":43,"PreservedInsect":24,"Protect_Vest":41,"aspiration:SecretTechniqueScroll":6,"infinitespire:CheckeredPen":26,"infinitespire:Lucky Rock":52,"PureWhite:ReiMu":11,"infinitespire:WardingShard":46,"vexMod:HeadHunter":0,"LetterFromLob":44,"Membership Card":24,"DemoMod:VorpalBullet":11},{"DemoMod:GreenGuonStone":147,"Golden Egg":0,"infinitespire:BottledMercury":74,"hubris:CrystalStatue":147,"Menagerie:HuntersKnife":152,"DemoMod:GlassGuonStoneRelic":10,"wanderingMiniBosses:OtherGremlinHorn":115,"vexMod:RockOfEvil":123,"Replay:Wanted Poster":52,"Replay:Ringing Soul":34,"conspire:GlowingRock":6,"DemoMod:MeltedRock":94,"qcfpunch:Red_Cyclone_Teachings":104,"vexMod:RetaliationKit":45,"Girya":9,"construct:RocketBooster":104,"Choco_Feather":9,"Oddly Smooth Stone":107,"wanderingMiniBosses:MasterThiefsPresence":29,"Guardian:PocketSentry":89,"aspiration:SeaSaltIceCream":85,"War Paint":39,"aspiration:FrozenJewel":147,"OrangePellets":127,"Bottled Flame":92,"ReplayTheSpireMod:Shallot":85,"Elementarium:ElementariumTrophy":123,"qcfpunch:Broken_Tusk":130,"Pandora\u0027s Box":83,"ReplayTheSpireMod:TigerMarble":87,"Mirror":127,"hermit:Momento":0,"Lantern":147,"StoneCalendar":71,"conspire:SpecialSausage":167,"Juzu Bracelet":0,"Hallownest:DreamNailRelic":1,"Mythril_Glove":60,"hubris:EmptyBottle":83,"Replay:Mystery Machine":92,"White_Cape":147,"qcfpunch:Crimson_Sash":85,"ClockworkSouvenir":83,"DemoMod:SevenLeafClover":0,"Frozen Eye":37,"AntiCross":6,"hubris:CuriousFeather":83,"WingedGreaves":85,"DemoMod:GnawedKey":147,"Cracked Core":147,"Potion Belt":147,"Hallownest:SalubrasBlessingRelic":9,"Lee\u0027s Waffle":147,"ReplayTheSpireMod:Ninjato":167,"infinitespire:CursedDice":74,"hubris:64BitClover":171,"aspiration:RunicSpoon":0,"Quantum Egg":1,"Guardian:GemstoneGun":147,"PreservedInsect":83,"Protect_Vest":131,"aspiration:SecretTechniqueScroll":16,"infinitespire:CheckeredPen":87,"infinitespire:Lucky Rock":169,"PureWhite:ReiMu":34,"infinitespire:WardingShard":157,"vexMod:HeadHunter":0,"LetterFromLob":150,"Membership Card":83,"DemoMod:VorpalBullet":34}]},"card_choices":[{"not_picked":["Streamline","Blizzard","Go for the Eyes"],"picked":"SKIP","floor":1},{"not_picked":["Aggregate","Gash","Undo"],"picked":"SKIP","floor":2},{"not_picked":["ReplayTheSpireMod:Echoes of Time","infinitespire:Gouge"],"picked":"infinitespire:Collect","floor":4},{"not_picked":["Defragment","Time Bomb","Panic Button"],"picked":"SKIP","floor":6},{"not_picked":["Beam Cell","Reinforced Body","Panic Button"],"picked":"SKIP","floor":8},{"not_picked":["ReplaySolidLightProjector","Conserve Battery","Aggregate"],"picked":"SKIP","floor":10},{"not_picked":["ReplayTheSpireMod:Repulse","Streamline"],"picked":"Coolheaded","floor":12},{"not_picked":["Sunder","White Noise"],"picked":"Hologram","floor":1},{"not_picked":["Sunder","ReplaySort","Genetic Algorithm"],"picked":"SKIP","floor":5},{"not_picked":["Aggregate","Rebound"],"picked":"Rainbow","floor":6},{"not_picked":["Compile Driver","Rebound"],"picked":"Glacier","floor":8}],"player_experience":1242311,"relics_obtained":[{"floor":1,"key":"LetterFromLob"},{"floor":6,"key":"infinitespire:WardingShard"},{"floor":1,"key":"LetterFromLob"},{"floor":6,"key":"infinitespire:Lucky Rock"},{"floor":9,"key":"hubris:64BitClover"}],"event_choices":[{"damage_healed":0,"gold_gain":0,"player_choice":"Take","damage_taken":0,"relics_obtained":["Menagerie:HuntersKnife"],"max_hp_gain":0,"max_hp_loss":7,"event_name":"Menagerie:BigGameHunter","floor":5,"gold_loss":0},{"damage_healed":0,"gold_gain":0,"player_choice":"Donut","damage_taken":0,"max_hp_gain":5,"max_hp_loss":0,"event_name":"Big Fish","floor":2,"gold_loss":0}],"is_beta":false,"boss_relics":[],"items_purged_floors":[0,3],"is_endless":false,"potions_floor_spawned":[2,12],"ascension_level":20}}