{"host":"s0d2u711fzg2n3il","time":1609122505,"event":{"mods":["2.2 Compatiblity","AchievementEnabler","Act Like it!","Aspiration","BaseMod","BetterRewards","Block Reminder","Conspire","Downfall","Duelist Mod","Ekko","GifTheSpireLib","Hermit","Hubris","JesterMod","Melee Mod","Minty Spire (QoL Compilation)","Nova Terra(??·??)","Pikachu Mod","Rare Cards Sparkle","Replay The Spire","Robot Space Explorer","Shade Mod","StSLib","The Bug Knight","The Death Knight","The Disciple","The Dragon Tamer","The Hierophant","The Necromancer","The Valiant","TheVacant","vexMod"],"gold_per_floor":[115,215,233,81,98,98,116,116,116,116,126,146,171,171,171,268,268,268],"floor_reached":17,"playtime":1262,"items_purged":[],"score":147,"play_id":"53a7ea81-9e0d-40eb-b397-d12509136596","local_time":"20201228032825","is_ascension_mode":false,"campfire_choices":[{"data":"jesterMod:Frenzy","floor":6,"key":"SMITH"},{"data":"jesterMod:Pause","floor":8,"key":"SMITH"},{"data":"jesterMod:Tinker","floor":15,"key":"SMITH"}],"circlet_count":0,"master_deck":["jesterMod:Strike","jesterMod:Strike","jesterMod:Strike","jesterMod:Strike","jesterMod:Sickle","jesterMod:Defend","jesterMod:Defend","jesterMod:Defend","jesterMod:Defend","jesterMod:Dodge","jesterMod:Frenzy+1","jesterMod:Pause+1","jesterMod:Mending","jesterMod:Flee","jesterMod:Tinker+1","jesterMod:Trance"],"relics":["jesterMod:JesterCap","NeowsBlessing","Toolbox","hubris:OldNail","Odd Mushroom","Philosopher\u0027s Stone"],"acts_visited":["Exordium","TheCity"],"potions_floor_usage":[13,13],"damage_taken":[{"damage":0,"enemies":"Small Slimes","floor":1,"turns":1},{"damage":0,"enemies":"Cultist","floor":3,"turns":1},{"damage":0,"enemies":"conspire:RoseBush","floor":5,"turns":1},{"damage":1,"enemies":"Blue Slaver","floor":7,"turns":5},{"damage":10,"enemies":"2 Fungi Beasts","floor":11,"turns":3},{"damage":0,"enemies":"conspire:2 RoseBushes","floor":12,"turns":9},{"damage":14,"enemies":"The Mushroom Lair","floor":13,"turns":4},{"damage":62,"enemies":"Fading Forest","floor":16,"turns":11}],"seed_played":"1224974586800319693","potions_obtained":[{"floor":11,"key":"Explosive Potion"},{"floor":12,"key":"Fire Potion"},{"floor":13,"key":"Guardian:BlockOnCardUsePotion"},{"floor":16,"key":"DeathKnight:RimePotion"}],"is_trial":false,"path_per_floor":["M","?","M","$","M","R","M","R","T","$","M","M","?","?","R","B",null],"character_chosen":"THE_JESTER","items_purchased":["Toolbox"],"campfire_rested":0,"item_purchase_floors":[4],"current_hp_per_floor":[70,70,70,70,70,70,69,69,69,69,59,59,45,68,68,8,70,70],"gold":268,"neow_bonus":"THREE_ENEMY_KILL","is_daily":false,"chose_seed":false,"campfire_upgraded":3,"win_rate":0.0,"timestamp":1609122505,"path_taken":["M","?","M","$","?","R","M","R","T","$","M","M","?","?","R","BOSS"],"items_purchased_type":["Relic"],"build_version":"2020-12-22","purchased_purges":0,"victory":false,"max_hp_per_floor":[70,70,70,70,70,70,70,70,70,70,70,70,70,70,70,70,70,70],"card_choices":[{"not_picked":["jesterMod:QuickStrike","jesterMod:ButterKnife"],"picked":"jesterMod:Frenzy","floor":1},{"not_picked":["jesterMod:ButterKnife","jesterMod:OblivionStrike"],"picked":"jesterMod:Pause","floor":3},{"not_picked":["jesterMod:Prankster","jesterMod:BouncingKnife","jesterMod:Twirl"],"picked":"SKIP","floor":5},{"not_picked":["jesterMod:RecklessStrike","jesterMod:TrickyDodge","jesterMod:QuickStrike"],"picked":"SKIP","floor":7},{"not_picked":["jesterMod:TrickyDodge","jesterMod:Rebuff"],"picked":"jesterMod:Mending","floor":11},{"not_picked":["jesterMod:Prankster","jesterMod:DesperateStrike"],"picked":"jesterMod:Flee","floor":12},{"not_picked":["jesterMod:Patience","jesterMod:OblivionStrike"],"picked":"jesterMod:Tinker","floor":13},{"not_picked":["jesterMod:Pillage","jesterMod:ExperimentalTreatment"],"picked":"jesterMod:Trance","floor":16}],"player_experience":528063,"relics_obtained":[{"floor":9,"key":"hubris:OldNail"},{"floor":13,"key":"Odd Mushroom"}],"event_choices":[{"damage_healed":0,"gold_gain":100,"player_choice":"Gold","damage_taken":0,"max_hp_gain":0,"max_hp_loss":0,"event_name":"Wheel of Change","floor":2,"gold_loss":0},{"damage_healed":0,"gold_gain":0,"player_choice":"Fought Mushrooms","damage_taken":0,"max_hp_gain":0,"max_hp_loss":0,"event_name":"Mushrooms","floor":13,"gold_loss":0},{"damage_healed":23,"gold_gain":0,"player_choice":"Banana","damage_taken":0,"max_hp_gain":0,"max_hp_loss":0,"event_name":"Big Fish","floor":14,"gold_loss":0}],"is_beta":false,"boss_relics":[{"not_picked":["aspiration:IroncladSkillbook","Busted Crown"],"picked":"Philosopher\u0027s Stone"}],"items_purged_floors":[],"is_endless":false,"potions_floor_spawned":[11,12,13,16],"ascension_level":0}}