{"host":"r6jigiblrojhp6xe","time":1609130524,"event":{"mods":["AchievementEnabler","BaseMod","DeckTracker","Minty Spire (QoL Compilation)","Quick Restart","Rare Cards Sparkle","Relic Stats","StSLib","SuperFastMode","The Cursed","everything is the same but u backflip on backflip"],"gold_per_floor":[126,153,173,182,201,201,220,258,306,306,344,394,394,438,438,524,524,490,527,212,235,114,156,174,174,199,199,199,199,235,255,255,255,255],"floor_reached":33,"playtime":1130,"items_purged":["Strike_B"],"score":602,"play_id":"fc6a8ad9-6cf0-4cfc-b559-4872131fb76e","local_time":"20201228134204","is_ascension_mode":true,"campfire_choices":[{"data":"Defragment","floor":6.0,"key":"SMITH"},{"data":"Zap","floor":10.0,"key":"SMITH"},{"data":"Go for the Eyes","floor":13.0,"key":"SMITH"},{"data":"Self Repair","floor":15.0,"key":"SMITH"},{"floor":25,"key":"REST"},{"floor":29,"key":"REST"},{"data":"Skim","floor":32,"key":"SMITH"}],"circlet_count":0,"master_deck":["AscendersBane","Defend_B+1","Defend_B+1","Defend_B+1","Defend_B+1","Zap+1","Dualcast","Cold Snap","Undo","Stack","Self Repair+1","Defragment+1","Cold Snap","Aggregate","Go for the Eyes+1","Skim+1","Core Surge","Go for the Eyes+1","Hologram","Capacitor","Compile Driver","Reinforced Body","Electrodynamics","Steam Power","Turbo","Hologram"],"relics":["Cracked Core","CeramicFish","Happy Flower","PreservedInsect","Cables","Ancient Tea Set","Sozu","Red Mask","Bird Faced Urn","Bag of Marbles","Oddly Smooth Stone","Omamori"],"acts_visited":["Exordium","TheCity"],"potions_floor_usage":[],"damage_taken":[{"damage":3.0,"enemies":"2 Louse","floor":1.0,"turns":3.0},{"damage":0.0,"enemies":"Cultist","floor":2.0,"turns":4.0},{"damage":0.0,"enemies":"Small Slimes","floor":3.0,"turns":3.0},{"damage":2.0,"enemies":"2 Fungi Beasts","floor":5.0,"turns":4.0},{"damage":6.0,"enemies":"Large Slime","floor":7.0,"turns":5.0},{"damage":2.0,"enemies":"Lagavulin","floor":8.0,"turns":8.0},{"damage":14.0,"enemies":"3 Sentries","floor":11.0,"turns":10.0},{"damage":7.0,"enemies":"Gremlin Nob","floor":14.0,"turns":3.0},{"damage":20.0,"enemies":"The Guardian","floor":16.0,"turns":14.0},{"damage":7.0,"enemies":"2 Thieves","floor":18.0,"turns":5.0},{"damage":68,"enemies":"Masked Bandits","floor":19,"turns":7},{"damage":16,"enemies":"Shell Parasite","floor":21,"turns":5},{"damage":32,"enemies":"Slavers","floor":23,"turns":7},{"damage":7,"enemies":"Gremlin Leader","floor":30,"turns":7},{"damage":31,"enemies":"Chosen and Byrds","floor":31,"turns":8},{"damage":59,"enemies":"Automaton","floor":33,"turns":18}],"seed_played":"-8219632668306374778","potions_obtained":[{"floor":5.0,"key":"FairyPotion"},{"floor":7.0,"key":"SkillPotion"},{"floor":14.0,"key":"Weak Potion"}],"is_trial":false,"path_per_floor":["M","M","M","?","M","R","M","E","T","R","E","?","R","E","R","B",null,"M","?","$","M","$","E","?","R","T","?","?","R","E","M","R","B"],"character_chosen":"DEFECT","items_purchased":["Bird Faced Urn","Compile Driver"],"campfire_rested":2,"item_purchase_floors":[20,22],"current_hp_per_floor":[61,61,61,61,66,66,67,71,71,71,64,64,64,57,57,47,65,68,31,31,29,29,11,11,32,32,32,32,53,64,51,51,0,0],"gold":255,"neow_bonus":"RANDOM_COMMON_RELIC","is_daily":false,"chose_seed":false,"campfire_upgraded":5,"win_rate":0.0,"timestamp":1609130524,"path_taken":["M","M","M","?","M","R","M","E","T","R","E","?","R","E","R","BOSS","M","?","$","M","$","E","?","R","T","?","?","R","E","M","R","BOSS"],"items_purchased_type":["Relic","Card"],"build_version":"2020-12-22","purchased_purges":1,"victory":false,"max_hp_per_floor":[71,71,71,71,71,71,71,71,71,71,71,71,71,71,71,71,71,71,71,71,71,71,71,71,71,71,71,71,71,71,71,71,71,71],"relic_stats":{"Sozu":4,"Happy Flower":[28],"counters":[16,111],"CeramicFish":171,"Bird Faced Urn":[32],"PreservedInsect":151,"obtain_stats":[{"Sozu":17,"Happy Flower":8,"CeramicFish":0,"Bird Faced Urn":20,"Oddly Smooth Stone":26,"PreservedInsect":9,"Red Mask":19,"Bag of Marbles":23,"Omamori":30,"Cracked Core":0,"Ancient Tea Set":14,"Cables":11},{"Sozu":9,"Happy Flower":6,"CeramicFish":0,"Bird Faced Urn":11,"Oddly Smooth Stone":13,"PreservedInsect":6,"Red Mask":11,"Bag of Marbles":13,"Omamori":14,"Cracked Core":0,"Ancient Tea Set":8,"Cables":7},{"Sozu":54,"Happy Flower":27,"CeramicFish":0,"Bird Faced Urn":66,"Oddly Smooth Stone":78,"PreservedInsect":27,"Red Mask":66,"Bag of Marbles":78,"Omamori":85,"Cracked Core":0,"Ancient Tea Set":40,"Cables":37}],"Cables":[68,21,47,0,0]},"card_choices":[{"not_picked":["Stack","Rebound"],"picked":"Cold Snap","floor":1.0},{"not_picked":["Stack","Go for the Eyes"],"picked":"Undo","floor":2.0},{"not_picked":["Barrage","Tempest"],"picked":"Stack","floor":3.0},{"not_picked":["Gash","Skim"],"picked":"Defragment","floor":5.0},{"not_picked":["Buffer","Turbo"],"picked":"Cold Snap","floor":7.0},{"not_picked":["Stack","Undo"],"picked":"Aggregate","floor":8.0},{"not_picked":["Hello World","Rebound"],"picked":"Go for the Eyes","floor":11.0},{"not_picked":["Chaos","Steam"],"picked":"Skim","floor":14.0},{"not_picked":["Fission","Buffer"],"picked":"Core Surge","floor":16.0},{"not_picked":["Stack","Doom and Gloom"],"picked":"Go for the Eyes+1","floor":18.0},{"not_picked":["Rebound+1","Turbo"],"picked":"Hologram","floor":19},{"not_picked":["Storm","Force Field"],"picked":"Capacitor","floor":21},{"not_picked":["Hello World","Consume"],"picked":"Reinforced Body","floor":23},{"not_picked":["Go for the Eyes","Undo"],"picked":"Turbo","floor":30},{"not_picked":["Leap","Steam"],"picked":"Hologram","floor":31}],"player_experience":543274,"relics_obtained":[{"floor":8.0,"key":"Happy Flower"},{"floor":9.0,"key":"PreservedInsect"},{"floor":11.0,"key":"Cables"},{"floor":14.0,"key":"Ancient Tea Set"},{"floor":19,"key":"Red Mask"},{"floor":23,"key":"Bag of Marbles"},{"floor":26,"key":"Oddly Smooth Stone"},{"floor":30,"key":"Omamori"}],"event_choices":[{"damage_healed":0.0,"max_hp_gain":0.0,"max_hp_loss":0.0,"gold_gain":0.0,"cards_transformed":["Strike_B"],"event_name":"Living Wall","player_choice":"Change","floor":4.0,"gold_loss":0.0,"damage_taken":0.0,"cards_obtained":["Self Repair"]},{"damage_healed":0.0,"max_hp_gain":0.0,"max_hp_loss":0.0,"gold_gain":50.0,"event_name":"Golden Shrine","player_choice":"Pray","floor":12.0,"gold_loss":0.0,"damage_taken":0.0},{"damage_healed":0,"gold_gain":0,"player_choice":"Fought Bandits","damage_taken":0,"max_hp_gain":0,"max_hp_loss":0,"event_name":"Masked Bandits","floor":19,"gold_loss":0},{"damage_healed":0,"gold_gain":0,"cards_transformed":["Strike_B","Strike_B"],"player_choice":"Became Test Subject","damage_taken":0,"max_hp_gain":0,"max_hp_loss":0,"event_name":"Drug Dealer","floor":24,"gold_loss":0,"cards_obtained":["Electrodynamics","Steam Power"]},{"damage_healed":0,"gold_gain":0,"player_choice":"Ignored","damage_taken":0,"max_hp_gain":0,"max_hp_loss":0,"event_name":"The Mausoleum","floor":27,"gold_loss":0},{"damage_healed":0,"gold_gain":0,"player_choice":"Simplicity","damage_taken":0,"max_hp_gain":0,"max_hp_loss":0,"event_name":"Back to Basics","floor":28,"gold_loss":0,"cards_upgraded":["Defend_B","Defend_B","Defend_B","Defend_B"]}],"is_beta":false,"boss_relics":[{"not_picked":["Calling Bell","Runic Dome"],"picked":"Sozu"}],"items_purged_floors":[22],"is_endless":false,"potions_floor_spawned":[5,7,14,19,21,23,31],"killed_by":"Automaton","ascension_level":20}}