{"host":"28bpuzdckreop5i0","time":1609162927,"event":{"mods":["Act Like it!","Aspiration","BaseMod","Beaked The Cultist","Best Route Mod","BetterRewards","Challenge The Spire","Conspire","Defuse TimeMaze Blight","Downfall","Energized Spire","GifTheSpireLib","Googly Eyes","Hubris","Infinite Spire","Lobotomy","Mimic Mod","Minty Spire (QoL Compilation)","Relic Stats","Shop Mod","Spicy Shops","StSLib","Stuff the Spire","The Awakened One except there are too many feathers","The Construct","The Cursed","The Disciple","The Hierophant","The IronCluck","The Jungle","Thieving Mod","Transform Curses","Wandering Minibosses","slay the spire mod where everything is the same but ironclad has a cowboy hat"],"gold_per_floor":[111,111,125,125,123,143,158,83,83,83,100,22,22,39,39,124,124,134,147,62,62,62,62,10,5,5],"floor_reached":25,"playtime":922,"items_purged":["Defend_R"],"score":203,"play_id":"1ce791b2-ea64-4bf9-99c7-2af677da251e","local_time":"20201228074207","is_ascension_mode":false,"campfire_choices":[{"floor":13,"key":"REST"},{"data":"Rampage","floor":15,"key":"SMITH"},{"floor":23,"key":"REST"}],"circlet_count":0,"master_deck":["Strike_R","Strike_R","Strike_R","Strike_R","Strike_R+1","Defend_R","Defend_R","Defend_R+1","Bash","Sword Boomerang","Uppercut","Clothesline","Spot Weakness","infinitespire:UltimateForm+1","Rampage+1","Spot Weakness","Flex","Finesse"],"relics":["Burning Blood","aspiration:Nostalgia","TheCursedMod:BlackMagic101","Happy Flower","HornCleat","energizedSpire:RedRose"],"acts_visited":["Exordium","TheCity"],"potions_floor_usage":[16,18],"damage_taken":[{"damage":6,"enemies":"Jaw Worm","floor":1,"turns":4},{"damage":1,"enemies":"conspire:RoseBush","floor":3,"turns":3},{"damage":5,"enemies":"2 Louse","floor":5,"turns":5},{"damage":25,"enemies":"Gremlin Nob","floor":6,"turns":5},{"damage":0,"enemies":"Large Slime","floor":7,"turns":4},{"damage":11,"enemies":"3 Louse","floor":11,"turns":2},{"damage":10,"enemies":"2 Fungi Beasts","floor":14,"turns":3},{"damage":28,"enemies":"Hexaghost","floor":16,"turns":7},{"damage":30,"enemies":"3 Byrds","floor":18,"turns":5},{"damage":27,"enemies":"Shell Parasite","floor":19,"turns":6},{"damage":22,"enemies":"conspire:HollyBat","floor":24,"turns":9},{"damage":46,"enemies":"3 Cultists","floor":25,"turns":5}],"seed_played":"4503921975478960017","potions_obtained":[{"floor":5,"key":"DistilledChaos"},{"floor":6,"key":"Energy Potion"},{"floor":11,"key":"Guardian:BlockOnCardUsePotion"},{"floor":16,"key":"Explosive Potion"},{"floor":18,"key":"Dexterity Potion"}],"is_trial":false,"path_per_floor":["M","?","M","?","M","E","M","$","T","?","M","$","R","M","R","B",null,"M","M","$","?","?","R","M","M"],"character_chosen":"IRONCLAD","items_purchased":["Spot Weakness","Finesse"],"campfire_rested":2,"item_purchase_floors":[12,20],"current_hp_per_floor":[80,64,69,77,78,59,65,65,65,46,41,41,65,61,61,39,80,56,35,35,38,38,62,46,0,0],"gold":5,"neow_bonus":"NOSTALGIA","is_daily":false,"chose_seed":false,"campfire_upgraded":1,"win_rate":0.0,"timestamp":1609162927,"path_taken":["M","?","M","?","M","E","M","$","T","?","M","?","R","M","R","BOSS","M","M","$","?","?","R","M","M"],"items_purchased_type":["Card","Card"],"build_version":"2020-12-22","purchased_purges":1,"victory":false,"max_hp_per_floor":[80,80,80,80,80,80,80,80,80,80,80,80,80,80,80,80,80,80,80,80,83,83,83,83,83,83],"relic_stats":{"Happy Flower":[13],"counters":[12,58],"obtain_stats":[{"energizedSpire:RedRose":17,"TheCursedMod:BlackMagic101":0,"HornCleat":9,"Happy Flower":6,"aspiration:Nostalgia":0,"Burning Blood":0},{"energizedSpire:RedRose":8,"TheCursedMod:BlackMagic101":0,"HornCleat":5,"Happy Flower":4,"aspiration:Nostalgia":0,"Burning Blood":0},{"energizedSpire:RedRose":33,"TheCursedMod:BlackMagic101":0,"HornCleat":21,"Happy Flower":17,"aspiration:Nostalgia":0,"Burning Blood":0}],"Burning Blood":66},"card_choices":[{"not_picked":["Warcry","Bloodletting"],"picked":"Sword Boomerang","floor":1},{"not_picked":["Carnage","Body Slam"],"picked":"Uppercut","floor":3},{"not_picked":["Infernal Blade","Pommel Strike","Flame Barrier"],"picked":"SKIP","floor":5},{"not_picked":["Shrug It Off","Clash"],"picked":"Clothesline","floor":6},{"not_picked":["StuffTheSpire:Resist","Blood for Blood"],"picked":"Spot Weakness","floor":7},{"not_picked":["infinitespire:Fortify","infinitespire:TheBestDefense"],"picked":"infinitespire:UltimateForm","floor":10},{"not_picked":["Rage","Perfected Strike"],"picked":"Rampage","floor":11},{"not_picked":["Shrug It Off","Armaments"],"picked":"Flex","floor":14},{"not_picked":["StuffTheSpire:RockThrow","Second Wind","Uppercut"],"picked":"SKIP","floor":18},{"not_picked":["Clash","Headbutt","Body Slam"],"picked":"SKIP","floor":19},{"not_picked":["Thunderclap","True Grit","Searing Blow"],"picked":"SKIP","floor":24}],"player_experience":901046,"relics_obtained":[{"floor":6,"key":"Happy Flower"},{"floor":9,"key":"HornCleat"}],"event_choices":[{"damage_healed":0,"gold_gain":0,"player_choice":"Entered Light","damage_taken":16,"max_hp_gain":0,"max_hp_loss":0,"event_name":"Shining Light","floor":2,"gold_loss":0,"cards_upgraded":["Defend_R","Strike_R"]},{"damage_healed":0,"gold_gain":0,"player_choice":"Forge","damage_taken":0,"max_hp_gain":0,"max_hp_loss":0,"event_name":"Accursed Blacksmith","floor":22,"gold_loss":0,"cards_upgraded":["infinitespire:UltimateForm"]}],"is_beta":false,"boss_relics":[{"not_picked":["Runic Dome","aspiration:RitualDagger"],"picked":"energizedSpire:RedRose"}],"items_purged_floors":[8],"is_endless":false,"potions_floor_spawned":[5,6,11,14,16,18,24],"killed_by":"3 Cultists","ascension_level":0}}