{"host":"m77rrhbqzv44va4v","time":1609131281,"event":{"mods":["AchievementEnabler","BaseMod","Colored Map","DeckTracker","Keyboard Shortcuts","Minty Spire (QoL Compilation)","StSLib","SuperFastMode","everything is the same but u backflip on backflip"],"gold_per_floor":[116,116,136,35,35,69,69,96,96,123,74,109,284,295,295,295,295],"floor_reached":16,"playtime":252,"items_purged":["Defend_B"],"score":211,"play_id":"0465e226-b5cd-4991-8cfe-2b77046b6274","local_time":"20201228135441","is_ascension_mode":true,"campfire_choices":[{"data":"Redo","floor":7,"key":"SMITH"},{"floor":15,"key":"REST"}],"circlet_count":0,"master_deck":["Strike_B","Strike_B","Defend_B","Defend_B","Defend_B","Zap","Dualcast","Redo+1","Compile Driver","Sweeping Beam","Capacitor","Turbo","Coolheaded","Doom and Gloom","Doubt"],"relics":["Cracked Core","NeowsBlessing","Symbiotic Virus","Bag of Marbles","Oddly Smooth Stone","Boot","Happy Flower"],"acts_visited":["Exordium"],"potions_floor_usage":[10,16,16,16],"damage_taken":[{"damage":0,"enemies":"2 Louse","floor":1,"turns":1},{"damage":0,"enemies":"Cultist","floor":3,"turns":1},{"damage":0,"enemies":"Lagavulin","floor":6,"turns":1},{"damage":18,"enemies":"Gremlin Nob","floor":8,"turns":3},{"damage":8,"enemies":"Lagavulin","floor":10,"turns":4},{"damage":13,"enemies":"Gremlin Nob","floor":12,"turns":3},{"damage":10,"enemies":"Small Slimes","floor":14,"turns":3},{"damage":36,"enemies":"Slime Boss","floor":16,"turns":4}],"seed_played":"9100884040426817788","potions_obtained":[{"floor":1,"key":"Swift Potion"},{"floor":3,"key":"AttackPotion"},{"floor":10,"key":"Dexterity Potion"},{"floor":14,"key":"LiquidBronze"}],"is_trial":false,"path_per_floor":["M","?","M","$","?","E","R","E","T","E","?","E","?","M","R","B"],"character_chosen":"DEFECT","items_purchased":["Sweeping Beam"],"campfire_rested":1,"item_purchase_floors":[4],"current_hp_per_floor":[68,68,68,68,61,61,61,43,43,35,35,22,22,12,34,0,0],"gold":295,"neow_bonus":"THREE_ENEMY_KILL","is_daily":false,"chose_seed":false,"campfire_upgraded":1,"win_rate":0.0,"timestamp":1609131281,"path_taken":["M","?","M","$","?","E","R","E","T","E","?","E","?","M","R","BOSS"],"items_purchased_type":["Card"],"build_version":"2020-12-22","purchased_purges":1,"victory":false,"max_hp_per_floor":[75,75,75,75,75,75,75,75,75,75,75,75,75,75,75,75,75],"card_choices":[{"not_picked":["White Noise","Static Discharge"],"picked":"Redo","floor":1},{"not_picked":["Leap","Undo"],"picked":"Compile Driver","floor":3},{"not_picked":["Chaos","Coolheaded"],"picked":"Capacitor","floor":6},{"not_picked":["BootSequence","Scrape"],"picked":"Turbo","floor":8},{"not_picked":["Chaos","White Noise"],"picked":"Coolheaded","floor":10},{"not_picked":["Turbo","Chaos"],"picked":"Doom and Gloom","floor":12},{"not_picked":["Conserve Battery","Doom and Gloom","Reinforced Body"],"picked":"SKIP","floor":14}],"player_experience":820537,"relics_obtained":[{"floor":6,"key":"Symbiotic Virus"},{"floor":8,"key":"Bag of Marbles"},{"floor":9,"key":"Oddly Smooth Stone"},{"floor":10,"key":"Boot"},{"floor":12,"key":"Happy Flower"}],"event_choices":[{"cards_removed":["Strike_B"],"damage_healed":0,"gold_gain":0,"player_choice":"Forget","damage_taken":0,"max_hp_gain":0,"max_hp_loss":0,"event_name":"Living Wall","floor":2,"gold_loss":0},{"cards_removed":["Strike_B"],"damage_healed":0,"gold_gain":0,"player_choice":"Card Removal","damage_taken":7,"max_hp_gain":0,"max_hp_loss":0,"event_name":"Golden Wing","floor":5,"gold_loss":0},{"damage_healed":0,"gold_gain":0,"player_choice":"Left Gold","damage_taken":0,"max_hp_gain":0,"max_hp_loss":0,"event_name":"World of Goop","floor":11,"gold_loss":49},{"damage_healed":0,"gold_gain":175,"player_choice":"AGREE","damage_taken":0,"max_hp_gain":0,"max_hp_loss":0,"event_name":"Liars Game","floor":13,"gold_loss":0,"cards_obtained":["Doubt"]}],"is_beta":false,"boss_relics":[],"items_purged_floors":[4],"is_endless":false,"potions_floor_spawned":[1,3,10,14],"killed_by":"Slime Boss","ascension_level":8}}