{"host":"wbjiqg83duq292na","time":1609114796,"event":{"mods":["BaseMod","Minty Spire (QoL Compilation)"],"gold_per_floor":[115,68,81,31,31,31,60,60,83,83,94,369,369,379,379,483,483,500,516,128,139,139,139,164,164,214,46,62,78,109,126,126,231,231,249,266,282,282,295,295,328,328,382,382,393,393,293,310,310,310,310],"floor_reached":50,"playtime":3668,"items_purged":["Regret","Writhe"],"score":589,"play_id":"3eef8317-69dd-4e19-bf4d-46f239befda7","local_time":"20201227221956","is_ascension_mode":true,"campfire_choices":[{"floor":6,"key":"RECALL"},{"floor":8,"key":"REST"},{"floor":10,"key":"REST"},{"data":"Blade Dance","floor":13,"key":"SMITH"},{"data":"Noxious Fumes","floor":15,"key":"SMITH"},{"data":"Bullet Time","floor":23,"key":"SMITH"},{"floor":25,"key":"REST"},{"floor":32,"key":"REST"},{"data":"Tactician","floor":40,"key":"SMITH"},{"floor":44,"key":"REST"},{"data":"Mind Blast","floor":46,"key":"SMITH"},{"data":"Backflip","floor":49,"key":"SMITH"}],"circlet_count":0,"master_deck":["Strike_G","Strike_G","Strike_G","Strike_G","Defend_G+1","Defend_G","Defend_G+1","Defend_G","Defend_G","Survivor","Neutralize","Slice","Poisoned Stab","Tactician+1","Accuracy","Blade Dance+1","Noxious Fumes+1","Bullet Time+1","Accuracy","Acrobatics+1","Blade Dance+1","Masterful Stab+1","Backflip+1","Dagger Throw+1","Finisher","Corpse Explosion","After Image","CurseOfTheBell","Dagger Throw+1","Quick Slash","Terror","Mind Blast+1","Predator","Underhanded Strike+1"],"relics":["Ring of the Snake","Vajra","Bag of Preparation","WristBlade","PreservedInsect","Frozen Eye","Centennial Puzzle","War Paint","ClockworkSouvenir","Regal Pillow","Calling Bell","Nunchaku","Sundial","Torii","TungstenRod","Ancient Tea Set"],"acts_visited":["Exordium","TheCity","TheBeyond"],"potions_floor_usage":[16,16,33,50],"damage_taken":[{"damage":2,"enemies":"Small Slimes","floor":1,"turns":5},{"damage":2,"enemies":"Jaw Worm","floor":3,"turns":4},{"damage":65,"enemies":"Gremlin Nob","floor":7,"turns":6},{"damage":0,"enemies":"Cultist","floor":11,"turns":3},{"damage":1,"enemies":"Exordium Wildlife","floor":14,"turns":3},{"damage":52,"enemies":"The Guardian","floor":16,"turns":10},{"damage":0,"enemies":"Chosen","floor":18,"turns":3},{"damage":19,"enemies":"2 Thieves","floor":19,"turns":4},{"damage":7,"enemies":"Centurion and Healer","floor":21,"turns":5},{"damage":3,"enemies":"Gremlin Leader","floor":24,"turns":2},{"damage":15,"enemies":"Snake Plant","floor":28,"turns":3},{"damage":0,"enemies":"Snecko","floor":29,"turns":2},{"damage":0,"enemies":"Book of Stabbing","floor":30,"turns":3},{"damage":0,"enemies":"Cultist and Chosen","floor":31,"turns":3},{"damage":48,"enemies":"Collector","floor":33,"turns":7},{"damage":22,"enemies":"Orb Walker","floor":35,"turns":5},{"damage":0,"enemies":"3 Darklings","floor":36,"turns":2},{"damage":1,"enemies":"Spire Growth","floor":37,"turns":4},{"damage":0,"enemies":"Sphere and 2 Shapes","floor":39,"turns":5},{"damage":28,"enemies":"Reptomancer","floor":41,"turns":5},{"damage":0,"enemies":"Maw","floor":45,"turns":4},{"damage":15,"enemies":"Spire Growth","floor":48,"turns":3},{"damage":67,"enemies":"Time Eater","floor":50,"turns":9}],"seed_played":"1466023682504898583","potions_obtained":[{"floor":7,"key":"CunningPotion"},{"floor":11,"key":"BlessingOfTheForge"},{"floor":14,"key":"SpeedPotion"},{"floor":16,"key":"Strength Potion"},{"floor":18,"key":"AttackPotion"},{"floor":21,"key":"EssenceOfSteel"},{"floor":29,"key":"Block Potion"},{"floor":33,"key":"Strength Potion"},{"floor":39,"key":"LiquidBronze"},{"floor":48,"key":"AttackPotion"}],"is_trial":false,"path_per_floor":["M","$","M","?","T","R","E","R","T","R","M","?","R","M","R","B",null,"M","M","$","M","?","R","E","R","T","$","M","M","E","M","R","B",null,"M","M","M","?","M","R","E","?","T","R","M","R","$","M","R","B"],"character_chosen":"THE_SILENT","items_purchased":["Poisoned Stab","PreservedInsect","Frozen Eye","ClockworkSouvenir","Backflip"],"campfire_rested":5,"item_purchase_floors":[2,20,20,27,27],"current_hp_per_floor":[75,75,73,73,73,73,8,31,31,54,54,54,54,53,53,1,77,77,58,58,51,51,51,48,71,71,71,56,56,56,56,77,29,77,55,55,54,73,73,73,45,45,45,77,77,77,77,62,62,0,0],"gold":310,"neow_bonus":"TEN_PERCENT_HP_BONUS","is_daily":false,"chose_seed":false,"campfire_upgraded":6,"win_rate":0.0,"timestamp":1609114796,"path_taken":["M","$","M","?","?","R","E","R","T","R","?","?","R","?","R","BOSS","M","M","$","M","?","R","E","R","T","?","M","M","E","M","R","BOSS","M","M","?","?","M","R","E","?","T","R","M","R","?","M","R","BOSS"],"items_purchased_type":["Card","Relic","Relic","Relic","Card"],"build_version":"2020-12-22","purchased_purges":2,"victory":false,"max_hp_per_floor":[77,77,77,77,77,77,77,77,77,77,77,77,77,77,77,77,77,77,77,77,77,77,77,77,77,77,77,77,77,77,77,77,77,77,77,77,77,77,77,77,77,77,77,77,77,77,77,77,77,77,77],"card_choices":[{"not_picked":["Prepared","Expertise"],"picked":"Slice","floor":1},{"not_picked":["Outmaneuver","Deadly Poison"],"picked":"Tactician","floor":3},{"not_picked":["PiercingWail","Deflect"],"picked":"Accuracy","floor":7},{"not_picked":["Deflect","Endless Agony"],"picked":"Blade Dance","floor":11},{"not_picked":["Expertise","PiercingWail"],"picked":"Noxious Fumes","floor":14},{"not_picked":["Adrenaline","Storm of Steel"],"picked":"Bullet Time","floor":16},{"not_picked":["Dagger Throw","Skewer+1"],"picked":"Accuracy","floor":18},{"not_picked":["Bouncing Flask","Dagger Spray","Deflect"],"picked":"SKIP","floor":19},{"not_picked":["Calculated Gamble","Flying Knee+1"],"picked":"Acrobatics+1","floor":21},{"not_picked":["Accuracy","Blur"],"picked":"Masterful Stab+1","floor":24},{"not_picked":["Underhanded Strike+1","Slice+1"],"picked":"Dagger Throw+1","floor":28},{"not_picked":["Tactician+1","Concentrate"],"picked":"Finisher","floor":29},{"not_picked":["Flying Knee","Poisoned Stab","Well Laid Plans+1"],"picked":"SKIP","floor":30},{"not_picked":["Backflip+1","Blade Dance"],"picked":"Corpse Explosion","floor":31},{"not_picked":["Wraith Form v2","Bullet Time"],"picked":"After Image","floor":33},{"not_picked":["Dodge and Roll+1","Deadly Poison+1"],"picked":"Dagger Throw+1","floor":35},{"not_picked":["Concentrate","Dodge and Roll","Blade Dance"],"picked":"SKIP","floor":36},{"not_picked":["PiercingWail+1","Sucker Punch","Well Laid Plans"],"picked":"SKIP","floor":37},{"not_picked":["Catalyst+1","Sucker Punch"],"picked":"Quick Slash","floor":39},{"not_picked":["Slice","Blur+1"],"picked":"Terror","floor":41},{"not_picked":["Metamorphosis","Deep Breath"],"picked":"Mind Blast","floor":42},{"not_picked":["Poisoned Stab+1","Deadly Poison+1"],"picked":"Predator","floor":45},{"not_picked":["Deadly Poison","Deflect"],"picked":"Underhanded Strike+1","floor":48}],"player_experience":231526,"relics_obtained":[{"floor":7,"key":"Vajra"},{"floor":9,"key":"Bag of Preparation"},{"floor":24,"key":"Centennial Puzzle"},{"floor":26,"key":"War Paint"},{"floor":30,"key":"Regal Pillow"},{"floor":34,"key":"Nunchaku"},{"floor":34,"key":"Sundial"},{"floor":34,"key":"Torii"},{"floor":41,"key":"TungstenRod"},{"floor":43,"key":"Ancient Tea Set"}],"event_choices":[{"cards_removed":["Strike_G"],"damage_healed":0,"gold_gain":0,"player_choice":"Card Removal","damage_taken":0,"max_hp_gain":0,"max_hp_loss":0,"event_name":"The Cleric","floor":4,"gold_loss":50},{"damage_healed":0,"gold_gain":275,"player_choice":"Desecrate","damage_taken":0,"max_hp_gain":0,"max_hp_loss":0,"event_name":"Golden Shrine","floor":12,"gold_loss":0,"cards_obtained":["Regret"]},{"damage_healed":0,"gold_gain":0,"player_choice":"Copied","damage_taken":0,"max_hp_gain":0,"max_hp_loss":0,"event_name":"Duplicator","floor":22,"gold_loss":0,"cards_obtained":["Blade Dance"]},{"damage_healed":19,"gold_gain":0,"player_choice":"Writhe","damage_taken":0,"max_hp_gain":0,"max_hp_loss":0,"event_name":"Winding Halls","floor":38,"gold_loss":0,"cards_obtained":["Writhe"]},{"damage_healed":0,"gold_gain":0,"player_choice":"Memory 1","damage_taken":0,"max_hp_gain":0,"max_hp_loss":0,"event_name":"SensoryStone","floor":42,"gold_loss":0}],"is_beta":false,"boss_relics":[{"not_picked":["SlaversCollar","Sozu"],"picked":"WristBlade"},{"not_picked":["Snecko Eye","Empty Cage"],"picked":"Calling Bell"}],"items_purged_floors":[20,47],"is_endless":false,"potions_floor_spawned":[7,11,14,16,18,21,29,31,33,39,48],"killed_by":"Time Eater","ascension_level":1}}