{"host":"hspm0s97xpvpwopl","time":1609125672,"event":{"mods":["BaseMod","Better Third Choice","Colored Map","Colored Powertips","Curses Come First","Downfall","Hermit","Minty Spire (QoL Compilation)","Relic Stats","Robot Space Explorer","Shop Mod","Spicy Shops","StSLib","The Cursed","The Runesmith"],"gold_per_floor":[99,116,135,120,270,285,285,317,242,267,267,267,284,319,335,436,486,486,497,58,73,73,4,4,16,16,16,16,16,30,49,65,164,164,164,174,194,44,44,44,69,85,85,99,99,110,37,48,48,48],"floor_reached":51,"playtime":4154,"items_purged":["Regret"],"score":694,"play_id":"a9ae62ff-0e0f-4717-a72b-0d7645f91bbb","local_time":"20201227212112","is_ascension_mode":false,"campfire_choices":[{"floor":1,"key":"RECALL"},{"data":"hexamod:Float","floor":9,"key":"SMITH"},{"floor":12,"key":"REST"},{"data":"hexamod:Sear","floor":18,"key":"SMITH"},{"floor":27,"key":"REST"},{"data":"hexamod:HexaLevel","floor":35,"key":"SMITH"},{"floor":40,"key":"REST"},{"floor":43,"key":"REST"},{"floor":49,"key":"REST"}],"circlet_count":0,"master_deck":["hexamod:Strike+1","hexamod:Strike+1","hexamod:Strike+1","hexamod:Strike+1","hexamod:Defend","hexamod:Defend","hexamod:Defend+1","hexamod:Defend","hexamod:Sear+1","hexamod:Float+1","hexamod:AdvancingGuard","hexamod:Again","hexamod:ExtraCrispy","hexamod:ChargedBarrage+1","hexamod:ApocalypticArmor+1","hexamod:ExtraCrispy+1","hexamod:RadiantFlame+1","hexamod:StepThrough","hexamod:FlamesFromBeyond+1","hexamod:UnlimitedPower+1","hexamod:FastForward+1","hexamod:InspiringFlames+1","hexamod:BurningTouch+1","hexamod:SixthSeal","hexamod:GhostflameBarrier+1","hexamod:SwordOfDarkness","hexamod:FlamesFromBeyond+1","hexamod:HeatCrush+1","hexamod:FirstSeal","hexamod:ThermalTransfer+1","hexamod:GhostflameBarrier+1","hexamod:VolcanoVisage+1","hexamod:HexaLevel+1","hexamod:BurningTouch+1","hexamod:HauntingEcho+1","hexamod:PhantomFireball+1","hexamod:AdvancingGuard+1","hexamod:PowerFromBeyond+1","hexamod:FastForward+1","Doubt","hexamod:ThermalTransfer+1","hexamod:InspiringFlames+1","hexamod:Hexaguard+1","hexamod:EmpoweredFlame","hexamod:ChargedBarrage+1"],"relics":["hexamod:SpiritBrand","InkBottle","Toxic Egg 2","downfall:HeartBlessingRed","Shuriken","Tiny House","Meat on the Bone","MealTicket","downfall:RedIOU","TheAbacus","Whetstone","Ice Cream"],"acts_visited":["Exordium","TheCity","TheBeyond"],"potions_floor_usage":[10,13,15,16,21,33,33,44,50],"damage_taken":[{"damage":1,"enemies":"2 Louse","floor":2,"turns":3},{"damage":0,"enemies":"Small Slimes","floor":3,"turns":4},{"damage":0,"enemies":"downfall:FleeingMerchant","floor":4,"turns":4},{"damage":7,"enemies":"Jaw Worm","floor":6,"turns":7},{"damage":12,"enemies":"Lagavulin","floor":8,"turns":7},{"damage":41,"enemies":"Gremlin Nob","floor":10,"turns":6},{"damage":0,"enemies":"3 Louse","floor":13,"turns":2},{"damage":7,"enemies":"Lagavulin","floor":14,"turns":7},{"damage":10,"enemies":"Large Slime","floor":15,"turns":6},{"damage":27,"enemies":"downfall:Ironclad","floor":16,"turns":8},{"damage":22,"enemies":"Spheric Guardian","floor":19,"turns":6},{"damage":12,"enemies":"downfall:FleeingMerchant","floor":20,"turns":4},{"damage":38,"enemies":"3 Cultists","floor":21,"turns":7},{"damage":0,"enemies":"downfall:FleeingMerchant","floor":23,"turns":4},{"damage":0,"enemies":"Centurion and Healer","floor":25,"turns":5},{"damage":8,"enemies":"Chosen and Byrds","floor":30,"turns":6},{"damage":7,"enemies":"Snake Plant","floor":31,"turns":4},{"damage":0,"enemies":"Snecko","floor":32,"turns":4},{"damage":54,"enemies":"downfall:Watcher","floor":33,"turns":10},{"damage":9,"enemies":"Orb Walker","floor":36,"turns":5},{"damage":23,"enemies":"3 Shapes","floor":37,"turns":4},{"damage":11,"enemies":"downfall:FleeingMerchant","floor":38,"turns":4},{"damage":42,"enemies":"Jaw Worm Horde","floor":42,"turns":4},{"damage":64,"enemies":"Spire Growth","floor":44,"turns":5},{"damage":63,"enemies":"Transient","floor":46,"turns":5},{"damage":0,"enemies":"downfall:FleeingMerchant","floor":47,"turns":4},{"damage":27,"enemies":"4 Shapes","floor":48,"turns":6},{"damage":61,"enemies":"downfall:Defect","floor":50,"turns":9}],"seed_played":"4410883427349359496","potions_obtained":[{"floor":3,"key":"Explosive Potion"},{"floor":6,"key":"BlessingOfTheForge"},{"floor":10,"key":"Fire Potion"},{"floor":13,"key":"BlessingOfTheForge"},{"floor":17,"key":"SkillPotion"},{"floor":19,"key":"Ancient Potion"},{"floor":25,"key":"FearPotion"},{"floor":30,"key":"Ancient Potion"},{"floor":31,"key":"DistilledChaos"},{"floor":36,"key":"FairyPotion"},{"floor":44,"key":"hexamod:DoubleChargePotion"}],"is_trial":false,"path_per_floor":["R","M","M","$","?","M","T","E","R","E","?","R","M","E","M","B",null,"R","M","$","M","?","$","T","M","?","R","?","?","M","M","M","B",null,"R","M","M","$","?","R","T","M","R","M","?","M","$","M","R","B",null],"character_chosen":"THE_SPIRIT","items_purchased":["hexamod:SixthSeal","Meat on the Bone","hexamod:FlamesFromBeyond+1","TheAbacus","hexamod:AdvancingGuard+1","Ice Cream","hexamod:Hexaguard+1","hexamod:EmpoweredFlame"],"campfire_rested":5,"item_purchase_floors":[20,20,23,38,38,47,47,47],"current_hp_per_floor":[77,76,76,76,76,69,69,57,57,16,16,39,39,32,27,5,82,82,60,48,27,27,39,39,51,51,75,68,68,67,67,74,32,82,82,80,57,68,68,82,82,52,76,31,82,31,53,45,69,20],"gold":48,"neow_bonus":"TEN_PERCENT_HP_BONUS","is_daily":false,"chose_seed":false,"campfire_upgraded":3,"win_rate":0.0,"timestamp":1609125672,"path_taken":["R","M","M","$","?","M","T","E","R","E","?","R","M","E","M","BOSS","R","M","$","M","?","$","T","M","?","R","?","?","M","M","M","BOSS","R","M","M","$","?","R","T","M","R","M","?","M","$","M","R","BOSS"],"items_purchased_type":["Card","Relic","Card","Relic","Card","Relic","Card","Card"],"build_version":"2020-12-22","purchased_purges":1,"victory":true,"max_hp_per_floor":[77,77,77,77,77,77,77,77,77,77,77,77,77,77,77,77,82,82,82,82,82,82,82,82,82,82,82,82,82,82,82,82,82,82,82,82,82,82,82,82,82,82,82,82,82,82,82,82,82,82],"relic_stats":{"TheAbacus":[6],"counters":[28,150],"Shuriken":[3],"MealTicket":30,"Whetstone":["hexamod:Strike","hexamod:Strike"],"obtain_stats":[{"Ice Cream":47,"Tiny House":17,"downfall:HeartBlessingRed":9,"Whetstone":41,"TheAbacus":38,"Shuriken":10,"MealTicket":24,"downfall:RedIOU":26,"Toxic Egg 2":8,"hexamod:SpiritBrand":0,"InkBottle":7,"Toy Ornithopter":14,"Meat on the Bone":20},{"Ice Cream":26,"Tiny House":10,"downfall:HeartBlessingRed":5,"Whetstone":22,"TheAbacus":22,"Shuriken":6,"MealTicket":14,"downfall:RedIOU":15,"Toxic Egg 2":5,"hexamod:SpiritBrand":0,"InkBottle":4,"Toy Ornithopter":8,"Meat on the Bone":12},{"Ice Cream":135,"Tiny House":54,"downfall:HeartBlessingRed":25,"Whetstone":117,"TheAbacus":117,"Shuriken":31,"MealTicket":75,"downfall:RedIOU":80,"Toxic Egg 2":25,"hexamod:SpiritBrand":0,"InkBottle":18,"Toy Ornithopter":40,"Meat on the Bone":64}],"InkBottle":[38],"Meat on the Bone":108},"card_choices":[{"not_picked":["hexamod:SpectersWail","hexamod:SwordOfDarkness"],"picked":"hexamod:AdvancingGuard","floor":2},{"not_picked":["hexamod:FastForward","hexamod:Hexaguard"],"picked":"hexamod:Again","floor":3},{"not_picked":["hexamod:Firestarter","hexamod:HeatCrush"],"picked":"hexamod:ExtraCrispy","floor":4},{"not_picked":["hexamod:Hexaguard","hexamod:GhostShield"],"picked":"hexamod:ChargedBarrage","floor":6},{"not_picked":["hexamod:SuperheatedStrike","hexamod:HeatMetal"],"picked":"hexamod:ApocalypticArmor","floor":8},{"not_picked":["hexamod:SuperheatedStrike","hexamod:SpectersWail"],"picked":"hexamod:ExtraCrispy","floor":10},{"not_picked":["hexamod:RetreatToShadows+1","hexamod:Hexaguard+1"],"picked":"hexamod:RadiantFlame","floor":13},{"not_picked":["hexamod:SwordOfDarkness","hexamod:NightmareStrike"],"picked":"hexamod:StepThrough","floor":14},{"not_picked":["hexamod:Firestarter","hexamod:HauntingEcho"],"picked":"hexamod:FlamesFromBeyond+1","floor":15},{"not_picked":["hexamod:ApocalypseNow+1","hexamod:GiftsFromTheDead"],"picked":"hexamod:UnlimitedPower+1","floor":16},{"not_picked":["hexamod:NightmareStrike","hexamod:PhantomCloak"],"picked":"hexamod:FastForward+1","floor":17},{"not_picked":["hexamod:Again+1","hexamod:GhostShield+1"],"picked":"hexamod:InspiringFlames+1","floor":19},{"not_picked":["hexamod:FastForward+1","hexamod:SwordOfDarkness+1"],"picked":"hexamod:BurningTouch+1","floor":20},{"not_picked":["hexamod:SpectersWail+1","hexamod:HauntingEcho"],"picked":"hexamod:GhostflameBarrier+1","floor":21},{"not_picked":["hexamod:GhostShield+1","hexamod:RainOfEmbers+1"],"picked":"hexamod:SwordOfDarkness","floor":23},{"not_picked":["hexamod:ExtraCrispy","hexamod:TimeOfNeed+1"],"picked":"hexamod:HeatCrush+1","floor":25},{"not_picked":["hexamod:BurningTouch+1","hexamod:InspiringFlames+1"],"picked":"hexamod:ThermalTransfer+1","floor":30},{"not_picked":["hexamod:GhostLash","hexamod:RecurringNightmare+1"],"picked":"hexamod:GhostflameBarrier+1","floor":31},{"not_picked":["hexamod:RainOfEmbers","hexamod:HauntingEcho"],"picked":"hexamod:VolcanoVisage","floor":32},{"not_picked":["hexamod:UnleashSpirits","hexamod:GhostflameInferno+1"],"picked":"hexamod:HexaLevel","floor":33},{"not_picked":["hexamod:ThermalTransfer+1","hexamod:SpectersWail"],"picked":"hexamod:BurningTouch+1","floor":36},{"not_picked":["hexamod:GhostLash","hexamod:HeatShield+1"],"picked":"hexamod:HauntingEcho+1","floor":37},{"not_picked":["hexamod:GhostOfSpireFuture","hexamod:BurningTouch+1"],"picked":"hexamod:PhantomFireball+1","floor":38},{"not_picked":["hexamod:ThermalTransfer+1","hexamod:Firestarter"],"picked":"hexamod:PowerFromBeyond+1","floor":42},{"not_picked":["hexamod:GhostLash+1","hexamod:CrushingStance"],"picked":"hexamod:FastForward+1","floor":44},{"not_picked":["hexamod:InspiringFlames+1","hexamod:ShieldOfDarkness+1"],"picked":"hexamod:ThermalTransfer+1","floor":46},{"not_picked":["hexamod:SpectralAdrenaline+1","hexamod:BacktrackSmack+1"],"picked":"hexamod:InspiringFlames+1","floor":47},{"not_picked":["hexamod:ParanormalForm","hexamod:NecessarySacrifice+1"],"picked":"hexamod:ChargedBarrage+1","floor":48}],"player_experience":254399,"relics_obtained":[{"floor":7,"key":"InkBottle"},{"floor":8,"key":"Toxic Egg 2"},{"floor":10,"key":"Shuriken"},{"floor":14,"key":"Toy Ornithopter"},{"floor":24,"key":"MealTicket"},{"floor":41,"key":"Whetstone"}],"event_choices":[{"damage_healed":0,"gold_gain":0,"player_choice":"Ignored","damage_taken":0,"max_hp_gain":0,"max_hp_loss":0,"event_name":"Vampires","floor":22,"gold_loss":0},{"cards_removed":["Slimebound:Icky"],"damage_healed":0,"gold_gain":0,"player_choice":"Elegance","damage_taken":0,"max_hp_gain":0,"max_hp_loss":0,"event_name":"betterThird:BetterWriting","floor":29,"gold_loss":0}],"is_beta":false,"boss_relics":[{"not_picked":["Cursed Key","Runic Dome"],"picked":"Tiny House"},{"not_picked":["Runesmith:UraniumAnvil","Runic Pyramid","Empty Cage"]}],"items_purged_floors":[20],"is_endless":false,"potions_floor_spawned":[3,6,10,13,19,25,30,31,36,44],"ascension_level":0}}