{"host":"naykp6d9ulahlwib","time":1609118438,"event":{"mods":["BaseMod","Hermit","Highlight Path","Minty Spire (QoL Compilation)","Shop Mod","StSLib"],"gold_per_floor":[110,128,128,144,219,253,253,253,278,305,267,279,216,236,236,339,339,363,363,108,131,6,6,11,11],"floor_reached":24,"playtime":3475,"items_purged":["hermit:Defend_Hermit","hermit:Defend_Hermit","hermit:Strike_Hermit"],"score":244,"play_id":"9c679cd9-a6a3-44b2-9b10-4b2ae38f9507","local_time":"20201227192038","is_ascension_mode":false,"campfire_choices":[{"data":"hermit:Dive","floor":7.0,"key":"SMITH"},{"data":"hermit:Dive","floor":12.0,"key":"SMITH"},{"data":"hermit:Cheat","floor":15.0,"key":"SMITH"},{"data":"hermit:HeroicBravado","floor":23.0,"key":"SMITH"}],"circlet_count":0,"master_deck":["hermit:Strike_Hermit","hermit:Defend_Hermit","hermit:Defend_Hermit","hermit:Snapshot","hermit:Covet","hermit:ItchyTrigger","hermit:Dive+1","hermit:Scavenge","hermit:Dive+1","hermit:Cheat+1","hermit:Snipe","hermit:HeroicBravado+1","hermit:GoldenBullet"],"relics":["hermit:Momento","NeowsBlessing","Nunchaku","Pear","MawBank","hermit:DentedPlate","Oddly Smooth Stone"],"acts_visited":["Exordium","TheCity"],"potions_floor_usage":[],"damage_taken":[{"damage":0.0,"enemies":"Cultist","floor":1.0,"turns":1.0},{"damage":0.0,"enemies":"Small Slimes","floor":2.0,"turns":1.0},{"damage":0.0,"enemies":"2 Louse","floor":4.0,"turns":1.0},{"damage":5.0,"enemies":"3 Sentries","floor":6.0,"turns":12.0},{"damage":8.0,"enemies":"Exordium Thugs","floor":10.0,"turns":8.0},{"damage":0.0,"enemies":"Looter","floor":14.0,"turns":4.0},{"damage":12.0,"enemies":"Slime Boss","floor":16.0,"turns":24.0},{"damage":10.0,"enemies":"3 Byrds","floor":18.0,"turns":11.0},{"damage":5.0,"enemies":"Shell Parasite","floor":21.0,"turns":10.0},{"damage":72,"enemies":"Gremlin Leader","floor":24,"turns":8}],"seed_played":"-5189672411859800357","potions_obtained":[{"floor":1.0,"key":"DistilledChaos"},{"floor":4.0,"key":"Fire Potion"},{"floor":10.0,"key":"Block Potion"}],"is_trial":false,"path_per_floor":["M","M","?","M","?","E","R","?","T","M","?","R","$","M","R","B",null,"M","?","$","M","$","R","E"],"character_chosen":"HERMIT","items_purchased":["Oddly Smooth Stone"],"campfire_rested":0,"item_purchase_floors":[20],"current_hp_per_floor":[75,75,75,75,64,59,59,69,69,61,61,61,61,61,61,49,81,71,71,71,66,66,66,0,0],"gold":11,"neow_bonus":"THREE_ENEMY_KILL","is_daily":false,"chose_seed":false,"campfire_upgraded":4,"win_rate":0.0,"timestamp":1609118438,"path_taken":["M","?","?","M","?","E","R","?","T","?","?","R","$","M","R","BOSS","M","?","$","M","$","R","E"],"items_purchased_type":["Relic"],"build_version":"2020-12-22","purchased_purges":3,"victory":false,"max_hp_per_floor":[75,75,75,75,75,75,75,85,85,85,85,85,85,85,85,85,117,117,117,117,117,117,117,117,117],"card_choices":[{"not_picked":["hermit:LuckOfTheDraw","hermit:Determination"],"picked":"hermit:ItchyTrigger","floor":1.0},{"not_picked":["hermit:Spite","hermit:TakeCover"],"picked":"hermit:Dive","floor":2.0},{"not_picked":["hermit:GoldenBullet","hermit:Headshot"],"picked":"hermit:Scavenge","floor":4.0},{"not_picked":["hermit:FromBeyond","hermit:ItchyTrigger"],"picked":"hermit:Dive","floor":6.0},{"not_picked":["hermit:Misfire","hermit:PistolWhip"],"picked":"hermit:Cheat","floor":10.0},{"not_picked":["hermit:FullyLoaded","hermit:Headshot"],"picked":"hermit:Snipe","floor":14.0},{"not_picked":["hermit:Roughhouse","hermit:FatalDesire"],"picked":"hermit:HeroicBravado","floor":16.0},{"not_picked":["hermit:TrackingShot","hermit:Snipe"],"picked":"hermit:GoldenBullet","floor":18.0},{"not_picked":["hermit:Manifest","hermit:HighCaliber","hermit:ItchyTrigger"],"picked":"SKIP","floor":21.0}],"player_experience":915879,"relics_obtained":[{"floor":6.0,"key":"Nunchaku"},{"floor":9.0,"key":"MawBank"}],"event_choices":[{"damage_healed":0.0,"max_hp_gain":0.0,"max_hp_loss":0.0,"gold_gain":0.0,"event_name":"Scrap Ooze","player_choice":"Fled","floor":3.0,"gold_loss":0.0,"damage_taken":0.0},{"damage_healed":0.0,"max_hp_gain":0.0,"max_hp_loss":0.0,"gold_gain":75.0,"event_name":"World of Goop","player_choice":"Gather Gold","floor":5.0,"gold_loss":0.0,"damage_taken":11.0},{"damage_healed":0.0,"max_hp_gain":0.0,"max_hp_loss":0.0,"gold_gain":0.0,"event_name":"WeMeetAgain","player_choice":"Gave Potion","floor":8.0,"gold_loss":0.0,"damage_taken":0.0,"relics_obtained":["Pear"]},{"cards_removed":["hermit:Strike_Hermit"],"damage_healed":0.0,"max_hp_gain":0.0,"max_hp_loss":0.0,"gold_gain":0.0,"event_name":"The Cleric","player_choice":"Card Removal","floor":11.0,"gold_loss":50.0,"damage_taken":0.0},{"cards_removed":["hermit:Strike_Hermit"],"damage_healed":0.0,"max_hp_gain":0.0,"max_hp_loss":0.0,"gold_gain":0.0,"event_name":"Purifier","player_choice":"Purged","floor":19.0,"gold_loss":0.0,"damage_taken":0.0}],"is_beta":false,"boss_relics":[{"not_picked":["Snecko Eye","Pandora\u0027s Box"],"picked":"hermit:DentedPlate"}],"items_purged_floors":[13,20,22],"is_endless":false,"potions_floor_spawned":[1,4,10],"killed_by":"Gremlin Leader","ascension_level":0}}