{"host":"q9718omregw4er46","time":1609182815,"event":{"mods":["BaseMod","Bestiary","Colored Powertips","Minty Spire (QoL Compilation)","Quick Restart","Relic Stats"],"gold_per_floor":[117,117,117,130,147,147,147],"floor_reached":6,"playtime":193,"items_purged":[],"score":72,"play_id":"4fc7f297-0e86-4d7c-bb79-af18e38dbf0f","local_time":"20201229001335","is_ascension_mode":true,"campfire_choices":[],"circlet_count":0,"master_deck":["AscendersBane","Strike_B","Strike_B","Strike_B","Strike_B","Defend_B","Defend_B","Defend_B","Defend_B","Zap","Dualcast"],"relics":["Cracked Core","NeowsBlessing","Bag of Preparation","Eternal Feather"],"acts_visited":["Exordium"],"potions_floor_usage":[6],"damage_taken":[{"damage":0,"enemies":"2 Louse","floor":1,"turns":1},{"damage":0,"enemies":"Jaw Worm","floor":4,"turns":1},{"damage":0,"enemies":"Cultist","floor":5,"turns":1},{"damage":50,"enemies":"Lagavulin","floor":6,"turns":6}],"seed_played":"-6363307025455415020","potions_obtained":[{"floor":5,"key":"DuplicationPotion"}],"is_trial":false,"path_per_floor":["M","?","?","M","M","E"],"character_chosen":"DEFECT","items_purchased":[],"campfire_rested":0,"item_purchase_floors":[],"current_hp_per_floor":[64,38,38,38,38,0,0],"gold":147,"neow_bonus":"THREE_ENEMY_KILL","is_daily":false,"chose_seed":false,"campfire_upgraded":0,"win_rate":0.0,"timestamp":1609182815,"path_taken":["M","?","?","M","?","E"],"items_purchased_type":[],"build_version":"2020-12-22","purchased_purges":0,"victory":false,"max_hp_per_floor":[71,71,71,71,71,71,71],"relic_stats":{"counters":[4,9],"Eternal Feather":0,"Bag of Preparation":[6],"obtain_stats":[{"NeowsBlessing":0,"Eternal Feather":3,"Bag of Preparation":2,"Cracked Core":0},{"NeowsBlessing":0,"Eternal Feather":1,"Bag of Preparation":1,"Cracked Core":0},{"NeowsBlessing":0,"Eternal Feather":1,"Bag of Preparation":1,"Cracked Core":0}]},"card_choices":[{"not_picked":["Barrage","Cold Snap"],"picked":"Ball Lightning","floor":1},{"not_picked":["Reprogram","Hello World","Hologram"],"picked":"SKIP","floor":4},{"not_picked":["Streamline","Stack","Chaos"],"picked":"SKIP","floor":5}],"player_experience":1136757,"relics_obtained":[],"event_choices":[{"damage_healed":0,"gold_gain":0,"player_choice":"Success","damage_taken":26,"relics_obtained":["Bag of Preparation"],"max_hp_gain":0,"max_hp_loss":0,"event_name":"Scrap Ooze","floor":2,"gold_loss":0},{"cards_removed":["Ball Lightning"],"damage_healed":0,"gold_gain":0,"player_choice":"Gave Card","damage_taken":0,"relics_obtained":["Eternal Feather"],"max_hp_gain":0,"max_hp_loss":0,"event_name":"WeMeetAgain","floor":3,"gold_loss":0}],"is_beta":false,"boss_relics":[],"items_purged_floors":[],"is_endless":false,"potions_floor_spawned":[5],"killed_by":"Lagavulin","ascension_level":20}}