{"host":"dhyczjm99amxd3qx","time":1609128776,"event":{"mods":["BaseMod","Colored Map","Googly Eyes","Highlight Path","Minty Spire (QoL Compilation)","Quick Restart","StSLib"],"gold_per_floor":[114,114,131,144,162,193,208,208,208],"floor_reached":8,"playtime":475,"items_purged":[],"score":60,"play_id":"dcd39c53-5e8c-4d90-b17e-1df10274d1fa","local_time":"20201227231256","is_ascension_mode":false,"campfire_choices":[],"circlet_count":0,"master_deck":["Strike_G","Strike_G","Strike_G","Strike_G","Strike_G","Defend_G","Defend_G","Defend_G","Defend_G","Defend_G","Survivor","Neutralize","Acrobatics+1","Storm of Steel+1"],"relics":["Ring of the Snake","Toxic Egg 2","Calipers"],"acts_visited":["Exordium"],"potions_floor_usage":[],"damage_taken":[{"damage":0,"enemies":"2 Louse","floor":1,"turns":3},{"damage":4,"enemies":"Cultist","floor":3,"turns":4},{"damage":0,"enemies":"Small Slimes","floor":4,"turns":4},{"damage":3,"enemies":"Blue Slaver","floor":5,"turns":7},{"damage":58,"enemies":"Lagavulin","floor":6,"turns":9},{"damage":22,"enemies":"Looter","floor":7,"turns":5},{"damage":5,"enemies":"Gremlin Nob","floor":8,"turns":2}],"seed_played":"5041047849600121130","potions_obtained":[{"floor":3,"key":"FairyPotion"},{"floor":7,"key":"BlessingOfTheForge"}],"is_trial":false,"path_per_floor":["M","?","M","M","M","E","M","E"],"character_chosen":"THE_SILENT","items_purchased":[],"campfire_rested":0,"item_purchase_floors":[],"current_hp_per_floor":[70,70,66,66,63,5,4,0,0],"gold":208,"neow_bonus":"THREE_CARDS","is_daily":false,"chose_seed":false,"campfire_upgraded":0,"win_rate":0.0,"timestamp":1609128776,"path_taken":["M","?","M","M","M","E","?","E"],"items_purchased_type":[],"build_version":"2020-12-22","purchased_purges":0,"victory":false,"max_hp_per_floor":[70,70,70,70,70,70,70,70,70],"card_choices":[{"not_picked":["Prepared","All Out Attack"],"picked":"Footwork","floor":0},{"not_picked":["Quick Slash","Dagger Throw","Sucker Punch"],"picked":"SKIP","floor":1},{"not_picked":["Backflip+1","Underhanded Strike","Well Laid Plans"],"picked":"SKIP","floor":3},{"not_picked":["Bane","Quick Slash"],"picked":"Acrobatics+1","floor":4},{"not_picked":["Outmaneuver+1","PiercingWail+1","Dagger Spray"],"picked":"SKIP","floor":5},{"not_picked":["Outmaneuver+1","Blade Dance+1","Acrobatics+1"],"picked":"SKIP","floor":6},{"not_picked":["Dagger Spray","Choke"],"picked":"Storm of Steel+1","floor":7}],"player_experience":124797,"relics_obtained":[{"floor":6,"key":"Calipers"}],"event_choices":[{"cards_removed":["Footwork"],"damage_healed":0,"gold_gain":0,"player_choice":"Gave Card","damage_taken":0,"relics_obtained":["Toxic Egg 2"],"max_hp_gain":0,"max_hp_loss":0,"event_name":"WeMeetAgain","floor":2,"gold_loss":0}],"is_beta":false,"boss_relics":[],"items_purged_floors":[],"is_endless":false,"potions_floor_spawned":[3,7],"killed_by":"Gremlin Nob","ascension_level":0}}