{"host":"j0vzbnzm6n2ctevn","time":1609158137,"event":{"mods":["AchievementEnabler","BaseMod","Minty Spire (QoL Compilation)","Shop Mod"],"gold_per_floor":[115,190,239,189,114,114,134,34,34,52,52,84,84,10,10,113,113,124,124,107,47,47,80,93,93,117,117,127,127,127,42,42,139,139,158,177,177,29,29,29,59,59,59,71,35,51,51,75,75,75],"floor_reached":51,"playtime":1580,"items_purged":["Defend_G","Strike_G"],"score":719,"play_id":"5d00591c-7044-4734-8f14-936e9b433a83","local_time":"20201228202217","is_ascension_mode":true,"campfire_choices":[{"data":"Strike_G","floor":6,"key":"SMITH"},{"data":"Predator","floor":13,"key":"SMITH"},{"data":"Accuracy","floor":15,"key":"SMITH"},{"data":"Accuracy","floor":25,"key":"SMITH"},{"data":"Blade Dance","floor":30,"key":"SMITH"},{"data":"Survivor","floor":32,"key":"SMITH"},{"data":"Blade Dance","floor":40,"key":"SMITH"},{"data":"Cloak And Dagger","floor":49,"key":"SMITH"}],"circlet_count":0,"master_deck":["Strike_G+1","Defend_G","Defend_G","Defend_G","Survivor+1","Blur","Accuracy+1","Predator+1","Accuracy+1","Phantasmal Killer","Terror","Slice","Blade Dance+1","Prepared+1","Acrobatics","Blade Dance+1","Cloak And Dagger+1","Backstab","Blur"],"relics":["Coffee Dripper","Omamori","Paper Crane","White Beast Statue","Busted Crown","Meat on the Bone","Juzu Bracelet","Vajra","WristBlade","HornCleat","Sundial","Nunchaku"],"acts_visited":["Exordium","TheCity","TheBeyond"],"potions_floor_usage":[12,12,20,24,28,28,29,29,44,46,50,50],"damage_taken":[{"damage":0,"enemies":"Cultist","floor":1,"turns":4},{"damage":1,"enemies":"Jaw Worm","floor":7,"turns":3},{"damage":0,"enemies":"Small Slimes","floor":10,"turns":4},{"damage":36,"enemies":"Gremlin Nob","floor":12,"turns":6},{"damage":22,"enemies":"The Guardian","floor":16,"turns":17},{"damage":8,"enemies":"Spheric Guardian","floor":18,"turns":4},{"damage":8,"enemies":"2 Thieves","floor":20,"turns":4},{"damage":15,"enemies":"Book of Stabbing","floor":23,"turns":4},{"damage":19,"enemies":"Snake Plant","floor":24,"turns":3},{"damage":2,"enemies":"Chosen and Byrds","floor":28,"turns":3},{"damage":15,"enemies":"Colosseum Slavers","floor":29,"turns":2},{"damage":14,"enemies":"Champ","floor":33,"turns":4},{"damage":16,"enemies":"3 Darklings","floor":35,"turns":3},{"damage":0,"enemies":"Orb Walker","floor":36,"turns":2},{"damage":2,"enemies":"Giant Head","floor":41,"turns":3},{"damage":0,"enemies":"Maw","floor":44,"turns":3},{"damage":0,"enemies":"Transient","floor":46,"turns":5},{"damage":20,"enemies":"Awakened One","floor":50,"turns":6}],"seed_played":"169591220098884169","potions_obtained":[{"floor":1,"key":"Regen Potion"},{"floor":10,"key":"Swift Potion"},{"floor":16,"key":"LiquidBronze"},{"floor":18,"key":"Fire Potion"},{"floor":20,"key":"Fire Potion"},{"floor":23,"key":"SteroidPotion"},{"floor":24,"key":"Poison Potion"},{"floor":28,"key":"Regen Potion"},{"floor":33,"key":"SpeedPotion"},{"floor":35,"key":"DuplicationPotion"},{"floor":36,"key":"SpeedPotion"},{"floor":44,"key":"Block Potion"},{"floor":46,"key":"DuplicationPotion"}],"is_trial":false,"path_per_floor":["M","?","T","?","$","R","M","$","T","M","?","E","R","$","R","B",null,"M","$","M","?","$","E","M","R","T","?","M","?","R","?","R","B",null,"M","M","?","$","?","R","E","?","T","M","$","M","?","T","R","B",null],"character_chosen":"THE_SILENT","items_purchased":["Accuracy","Blade Dance","Cloak And Dagger","Backstab","Blur"],"campfire_rested":0,"item_purchase_floors":[14,38,38,38,45],"current_hp_per_floor":[70,59,59,59,59,59,58,58,58,58,51,27,27,27,27,5,70,62,62,54,54,54,39,32,32,32,32,42,44,44,44,44,42,70,54,54,54,54,54,54,52,70,70,70,70,70,66,66,66,46],"gold":75,"neow_bonus":"BOSS_RELIC","is_daily":false,"chose_seed":false,"campfire_upgraded":8,"win_rate":0.0,"timestamp":1609158137,"path_taken":["M","?","?","?","$","R","M","?","T","M","?","E","R","$","R","BOSS","M","$","M","?","$","E","M","R","T","?","M","?","R","?","R","BOSS","M","M","?","$","?","R","E","?","T","M","$","M","?","?","R","BOSS"],"items_purchased_type":["Card","Card","Card","Card","Card"],"build_version":"2020-12-22","purchased_purges":2,"victory":true,"max_hp_per_floor":[70,70,70,70,70,70,70,70,70,70,70,70,70,70,70,70,70,70,70,70,70,70,70,70,70,70,70,70,70,70,70,70,70,70,70,70,70,70,70,70,70,70,70,70,70,70,66,66,66,66],"card_choices":[{"not_picked":["Well Laid Plans","Dagger Throw"],"picked":"Blur","floor":1},{"not_picked":["Deflect","Escape Plan"],"picked":"Catalyst","floor":7},{"not_picked":["All Out Attack","Reflex"],"picked":"Accuracy","floor":10},{"not_picked":["Well Laid Plans","Distraction"],"picked":"Predator","floor":12},{"not_picked":["Bullet Time","Die Die Die"],"picked":"Phantasmal Killer","floor":16},{"not_picked":["Dagger Throw"],"picked":"SKIP","floor":18},{"not_picked":["Leg Sweep"],"picked":"SKIP","floor":20},{"not_picked":[],"picked":"Blade Dance","floor":23},{"not_picked":["Bane"],"picked":"SKIP","floor":24},{"not_picked":["Deadly Poison"],"picked":"SKIP","floor":28},{"not_picked":[],"picked":"Prepared+1","floor":35},{"not_picked":[],"picked":"Acrobatics","floor":36},{"not_picked":["Well Laid Plans"],"picked":"SKIP","floor":41},{"not_picked":["Heel Hook"],"picked":"SKIP","floor":44},{"not_picked":["Flying Knee"],"picked":"SKIP","floor":46}],"player_experience":49448,"relics_obtained":[{"floor":3,"key":"Omamori"},{"floor":9,"key":"Paper Crane"},{"floor":12,"key":"White Beast Statue"},{"floor":23,"key":"Meat on the Bone"},{"floor":26,"key":"Juzu Bracelet"},{"floor":41,"key":"HornCleat"},{"floor":43,"key":"Sundial"},{"floor":48,"key":"Nunchaku"}],"event_choices":[{"damage_healed":0,"gold_gain":75,"player_choice":"Gather Gold","damage_taken":11,"max_hp_gain":0,"max_hp_loss":0,"event_name":"World of Goop","floor":2,"gold_loss":0},{"cards_removed":["Defend_G"],"damage_healed":0,"gold_gain":0,"player_choice":"Card Removal","damage_taken":0,"max_hp_gain":0,"max_hp_loss":0,"event_name":"The Cleric","floor":4,"gold_loss":50},{"cards_removed":["Catalyst"],"damage_healed":0,"gold_gain":0,"player_choice":"Card Removal","damage_taken":7,"max_hp_gain":0,"max_hp_loss":0,"event_name":"Golden Wing","floor":11,"gold_loss":0},{"damage_healed":0,"gold_gain":0,"cards_transformed":["Strike_G","Strike_G"],"player_choice":"Transformed Cards","damage_taken":0,"max_hp_gain":0,"max_hp_loss":0,"event_name":"Designer","floor":21,"gold_loss":60,"cards_obtained":["Terror","Slice"]},{"cards_removed":["Neutralize"],"damage_healed":0,"gold_gain":0,"player_choice":"Offered Basic","damage_taken":0,"max_hp_gain":0,"max_hp_loss":0,"event_name":"Bonfire Elementals","floor":27,"gold_loss":0},{"damage_healed":0,"gold_gain":0,"player_choice":"Fight","damage_taken":0,"max_hp_gain":0,"max_hp_loss":0,"event_name":"Colosseum","floor":29,"gold_loss":0},{"damage_healed":0,"gold_gain":0,"player_choice":"Fled From Nobs","damage_taken":0,"max_hp_gain":0,"max_hp_loss":0,"event_name":"Colosseum","floor":29,"gold_loss":0},{"damage_healed":0,"gold_gain":0,"player_choice":"Obtained Relic","damage_taken":0,"relics_obtained":["Vajra"],"max_hp_gain":0,"max_hp_loss":0,"event_name":"Addict","floor":31,"gold_loss":85},{"damage_healed":0,"gold_gain":0,"player_choice":"Ignored","damage_taken":0,"max_hp_gain":0,"max_hp_loss":0,"event_name":"Tomb of Lord Red Mask","floor":37,"gold_loss":0},{"cards_removed":["Strike_G"],"damage_healed":0,"gold_gain":0,"player_choice":"Removed Attack","damage_taken":0,"max_hp_gain":0,"max_hp_loss":0,"event_name":"Falling","floor":39,"gold_loss":0},{"damage_healed":18,"gold_gain":0,"player_choice":"Heal","damage_taken":0,"max_hp_gain":0,"max_hp_loss":0,"event_name":"MindBloom","floor":42,"gold_loss":0,"cards_obtained":["Doubt"]},{"damage_healed":0,"gold_gain":0,"player_choice":"Max HP","damage_taken":0,"max_hp_gain":0,"max_hp_loss":4,"event_name":"Winding Halls","floor":47,"gold_loss":0}],"is_beta":false,"boss_relics":[{"not_picked":["Runic Pyramid","Black Star"],"picked":"Busted Crown"},{"not_picked":["Tiny House","Cursed Key"],"picked":"WristBlade"}],"items_purged_floors":[5,8],"is_endless":false,"potions_floor_spawned":[1,10,16,18,20,23,24,28,29,33,35,36,41,44,46],"ascension_level":1}}