{"host":"ka9uqd7xo1wa12cd","time":1609134204,"event":{"mods":["2.2 Compatiblity","AchievementEnabler","Act Like it!","BaseMod","Colored Map","Colored Powertips","Curses Come First","Defective Defect","Downfall","Minty Spire (QoL Compilation)","Quick Restart","Rare Cards Sparkle","Relic Stats","StSLib","SuperFastMode","The Dragon Tamer"],"gold_per_floor":[16,27,27,27,41,73,73,86,167,167,167,184,202,217,217,319,319,333,57,57,2,19,19,54,74,74,102,114,153,175,207,219,231,231,231],"floor_reached":33,"playtime":1985,"items_purged":[],"score":316,"play_id":"ef0b2521-f163-41ae-8881-df910b92af5b","local_time":"20201228004324","is_ascension_mode":false,"metric_token":1043,"campfire_choices":[{"data":"DTMod:DoubleHit","floor":7,"key":"SMITH"},{"data":"Chrysalis","floor":10,"key":"SMITH"},{"floor":15,"key":"REST"},{"data":"Apotheosis","floor":23,"key":"SMITH"},{"floor":28,"key":"REST"},{"floor":32,"key":"REST"}],"dtmod_dragon_data":[0,50,1,-1,10,0],"circlet_count":0,"master_deck":["DTMod:DoubleHit+1","DTMod:SwitchingTactic","Chrysalis+1","DTMod:ComboAttack","DTMod:MagiciansMark+1","DTMod:BreakAttack","DTMod:BlazingStrike","DTMod:TriAttack","DTMod:Outburst","DTMod:Outburst","DTMod:Prediction","DTMod:LastStand","DTMod:QuickFly","DTMod:InvisibleFlame","DTMod:ComboAttack","DTMod:Conduct","DTMod:WarmUp","DTMod:DragonDance","Apotheosis+1","DTMod:BlueScale","DTMod:FlameSlash","DTMod:Hide+1","DTMod:Haste","DTMod:Harmonize","DTMod:MaximumCharge+1"],"relics":["DTMod:PactStone","TungstenRod","Nunchaku","Matryoshka","Pandora\u0027s Box","Pear","Meat on the Bone","MawBank","Orichalcum","DTMod:AncientBone"],"acts_visited":["Exordium","TheCity"],"potions_floor_usage":[6,16,24,24,24,30,33],"damage_taken":[{"damage":1,"enemies":"Cultist","floor":1,"turns":5},{"damage":0,"enemies":"2 Louse","floor":2,"turns":4},{"damage":0,"enemies":"Small Slimes","floor":5,"turns":3},{"damage":0,"enemies":"Lagavulin","floor":6,"turns":9},{"damage":0,"enemies":"Looter","floor":8,"turns":3},{"damage":0,"enemies":"Exordium Thugs","floor":12,"turns":3},{"damage":0,"enemies":"Red Slaver","floor":13,"turns":5},{"damage":0,"enemies":"2 Fungi Beasts","floor":14,"turns":3},{"damage":2,"enemies":"Hexaghost","floor":16,"turns":11},{"damage":0,"enemies":"Chosen","floor":18,"turns":2},{"damage":0,"enemies":"3 Byrds","floor":22,"turns":4},{"damage":4,"enemies":"Book of Stabbing","floor":24,"turns":5},{"damage":0,"enemies":"Cultist and Chosen","floor":25,"turns":6},{"damage":4,"enemies":"Chosen and Byrds","floor":27,"turns":5},{"damage":51,"enemies":"Slavers","floor":29,"turns":7},{"damage":0,"enemies":"Snake Plant","floor":30,"turns":2},{"damage":0,"enemies":"Centurion and Healer","floor":31,"turns":4},{"damage":46,"enemies":"Collector","floor":33,"turns":6}],"seed_played":"484624623694578609","potions_obtained":[{"floor":1,"key":"Dexterity Potion"},{"floor":6,"key":"LiquidMemories"},{"floor":13,"key":"Regen Potion"},{"floor":16,"key":"ColorlessPotion"},{"floor":18,"key":"Block Potion"},{"floor":29,"key":"FearPotion"},{"floor":30,"key":"Strength Potion"},{"floor":31,"key":"Weak Potion"}],"is_trial":false,"path_per_floor":["M","M","?","?","M","E","R","M","T","R","?","M","M","M","R","B",null,"M","$","?","?","M","R","E","M","T","M","R","E","M","M","R","B"],"character_chosen":"THE_DT","items_purchased":["DTMod:DragonDance","Apotheosis","DTMod:BlueScale"],"campfire_rested":3,"item_purchase_floors":[19,19,19],"current_hp_per_floor":[44,44,26,26,26,26,26,26,26,26,26,26,26,26,39,37,45,45,45,45,55,55,55,51,51,51,47,55,16,28,28,44,0,0,0],"gold":231,"neow_bonus":"RANDOM_COLORLESS_2","is_daily":false,"chose_seed":false,"campfire_upgraded":3,"win_rate":0.0,"timestamp":1609134204,"path_taken":["M","?","?","?","M","E","R","M","T","R","?","M","M","M","R","BOSS","M","$","?","?","M","R","E","M","T","M","R","E","?","M","R","BOSS"],"items_purchased_type":["Card","Card","Card"],"build_version":"2020-12-22","purchased_purges":0,"victory":false,"max_hp_per_floor":[45,45,45,45,45,45,45,45,45,45,45,45,45,45,45,45,45,45,45,45,55,55,55,55,55,55,55,55,55,55,55,55,55,55,55],"relic_stats":{"Nunchaku":[9],"counters":[18,87],"Pandora\u0027s Box":["DTMod:Outburst","DTMod:Prediction","DTMod:LastStand","DTMod:QuickFly","DTMod:InvisibleFlame","DTMod:ComboAttack","DTMod:Conduct","DTMod:WarmUp"],"Orichalcum":[102],"MawBank":84,"obtain_stats":[{"Nunchaku":6,"Matryoshka":9,"Pear":21,"DTMod:PactStone":0,"DTMod:AncientBone":29,"Pandora\u0027s Box":17,"Orichalcum":26,"MawBank":26,"TungstenRod":3,"Meat on the Bone":24},{"Nunchaku":4,"Matryoshka":5,"Pear":10,"DTMod:PactStone":0,"DTMod:AncientBone":15,"Pandora\u0027s Box":9,"Orichalcum":13,"MawBank":13,"TungstenRod":2,"Meat on the Bone":12},{"Nunchaku":21,"Matryoshka":24,"Pear":48,"DTMod:PactStone":0,"DTMod:AncientBone":75,"Pandora\u0027s Box":46,"Orichalcum":63,"MawBank":63,"TungstenRod":9,"Meat on the Bone":57}],"TungstenRod":17,"Meat on the Bone":24},"card_choices":[{"not_picked":["expansioncontent:Corrupt","Panache"],"picked":"Chrysalis","floor":0},{"not_picked":["DTMod:BlazingStrike","DTMod:HeatWave"],"picked":"DTMod:ComboAttack","floor":1},{"not_picked":["DTMod:Feint","DTMod:Coolant"],"picked":"DTMod:MagiciansMark","floor":2},{"not_picked":["DTMod:StarRain","DTMod:ComboAttack","DTMod:MagiciansMark"],"picked":"SKIP","floor":5},{"not_picked":["DTMod:Cover","DTMod:BurningEnergy","DTMod:MasterPlan"],"picked":"SKIP","floor":6},{"not_picked":["DTMod:GhostSkin","DTMod:MagiciansMark","DTMod:LowKick"],"picked":"SKIP","floor":8},{"not_picked":["DTMod:CalculatedDefense","DTMod:GhostSkin"],"picked":"DTMod:BreakAttack","floor":12},{"not_picked":["DTMod:ShieldDrain","DTMod:Weaken"],"picked":"DTMod:BlazingStrike","floor":13},{"not_picked":["DTMod:BurningEnergy","DTMod:DragonDance"],"picked":"DTMod:TriAttack","floor":14},{"not_picked":["DTMod:Multitask","DTMod:Safeguard"],"picked":"DTMod:Outburst","floor":16},{"not_picked":["DTMod:BizarreTactic","DTMod:Feint","DTMod:SneakAttack"],"picked":"SKIP","floor":18},{"not_picked":["DTMod:CleansingStrike","DTMod:QuickFly"],"picked":"DTMod:Hide+1","floor":22},{"not_picked":["DTMod:BizarreTactic+1","DTMod:CalculatedDefense","DTMod:QuickFly"],"picked":"SKIP","floor":24},{"not_picked":["DTMod:Cover","DTMod:Hide","DTMod:FlameSlash"],"picked":"SKIP","floor":25},{"not_picked":["DTMod:Cover+1","DTMod:MagicField+1"],"picked":"DTMod:Haste","floor":27},{"not_picked":["DTMod:QuickFly","DTMod:BuildUp"],"picked":"DTMod:Harmonize","floor":29},{"not_picked":["DTMod:RecklessFlurry","DTMod:Training"],"picked":"DTMod:MaximumCharge+1","floor":30},{"not_picked":["DTMod:DarkBreath","DTMod:Punisher","DTMod:BalancedStrike"],"picked":"SKIP","floor":31}],"player_experience":364566,"relics_obtained":[{"floor":6,"key":"Nunchaku"},{"floor":9,"key":"Matryoshka"},{"floor":24,"key":"Meat on the Bone"},{"floor":26,"key":"MawBank"},{"floor":26,"key":"Orichalcum"},{"floor":29,"key":"DTMod:AncientBone"}],"event_choices":[{"damage_healed":0,"gold_gain":0,"player_choice":"Success","damage_taken":18,"relics_obtained":["TungstenRod"],"max_hp_gain":0,"max_hp_loss":0,"event_name":"Scrap Ooze","floor":3,"gold_loss":0},{"damage_healed":0,"gold_gain":0,"player_choice":"Grow","damage_taken":0,"max_hp_gain":0,"max_hp_loss":0,"event_name":"Living Wall","floor":4,"gold_loss":0,"cards_upgraded":["DTMod:MagiciansMark"]},{"damage_healed":0,"gold_gain":0,"player_choice":"Ignored","damage_taken":0,"max_hp_gain":0,"max_hp_loss":0,"event_name":"NoteForYourself","floor":11,"gold_loss":0},{"damage_healed":0,"gold_gain":0,"player_choice":"Read","damage_taken":0,"max_hp_gain":0,"max_hp_loss":0,"event_name":"The Library","floor":20,"gold_loss":0,"cards_obtained":["DTMod:FlameSlash"]},{"damage_healed":0,"gold_gain":0,"player_choice":"Paid Gold","damage_taken":0,"relics_obtained":["Pear"],"max_hp_gain":0,"max_hp_loss":0,"event_name":"WeMeetAgain","floor":21,"gold_loss":55}],"is_beta":false,"boss_relics":[{"not_picked":["Philosopher\u0027s Stone","Coffee Dripper"],"picked":"Pandora\u0027s Box"}],"items_purged_floors":[],"is_endless":false,"potions_floor_spawned":[1,6,13,16,18,29,30,31],"killed_by":"Collector","ascension_level":0}}