{"host":"s6mlqkqtr3ey2mm2","time":1609170677,"event":{"mods":["2.2 Compatiblity","AchievementEnabler","Aspiration","BaseMod","Beaked The Cultist","Better Note","BetterRewards","Challenge The Spire","Colored Map","Colored Powertips","Conspire","Curses Come First","Downfall","Emptier Cage","Energized Spire","GifTheSpireLib","Halation","Hermit","Hubris","Infinite Spire","Ironclad Rager","Marked Mod","Minty Spire (QoL Compilation)","Quick Restart","RatMod","Replay The Spire","Retaliation","Shade Mod","Somnambulant","Spicy Shops","StSLib","Stuff the Spire","The Blue Laboratory","The Construct","The Druid","The IronCluck","The Marked","The Mystic","The Necromancer","The Poker Player","The Runesmith","The Valiant","vexMod"],"gold_per_floor":[110,110,9,9,28,55,55,73,149,149,169,169,19,19,19,117,117,129,129,129,129],"floor_reached":20,"playtime":1332,"items_purged":[],"score":170,"play_id":"3d09ccef-641e-40ad-af50-c82505f1ce9a","local_time":"20201228105117","is_ascension_mode":false,"campfire_choices":[{"data":"Necrotic_Claws","floor":7,"key":"SMITH"},{"data":"Siphon_Strength","floor":10,"key":"SMITH"},{"data":"Bone_Bullets","floor":15,"key":"SMITH"}],"circlet_count":0,"master_deck":["Strike_W","Strike_W","Strike_W","Strike_W","Defend_W","Defend_W","Defend_W","Negative_Energy_Arrows","Bone_Wall","StuffTheSpire:CelestialWarden+1","Necrotic_Claws+1","Shackles_Of_Pain","Siphon_Strength+1","Bone_Bullets+1","Bone_Armory+1","Summon_Vampire_Lady","Pandemic+1","Whirlwind_of_Bones"],"relics":["Vampire_Amulet","PreservedInsect","HornCleat","Bottled Flame","Guide Book","aspiration:FutureDiary"],"acts_visited":["Exordium","TheCity"],"potions_floor_usage":[],"damage_taken":[{"damage":0,"enemies":"2 Louse","floor":1,"turns":3},{"damage":0,"enemies":"Jaw Worm","floor":5,"turns":2},{"damage":13,"enemies":"3 Sentries","floor":6,"turns":9},{"damage":0,"enemies":"Cultist","floor":8,"turns":4},{"damage":7,"enemies":"3 Louse","floor":11,"turns":3},{"damage":21,"enemies":"Hexaghost","floor":16,"turns":11},{"damage":10,"enemies":"3 Byrds","floor":18,"turns":5}],"seed_played":"8933025523886863618","potions_obtained":[{"floor":6,"key":"DDmod:CleansePotion"},{"floor":16,"key":"Swift Potion"}],"is_trial":false,"path_per_floor":["M","?","$","?","M","E","R","M","T","R","M","?","$","?","R","B",null,"M","?","?"],"character_chosen":"NECROMANCER","items_purchased":["Necrotic_Claws","Guide Book"],"campfire_rested":0,"item_purchase_floors":[3,13],"current_hp_per_floor":[75,75,75,75,75,66,66,68,68,68,67,67,67,75,75,56,75,75,75,75,75],"gold":129,"neow_bonus":"RANDOM_COMMON_RELIC","is_daily":false,"chose_seed":false,"campfire_upgraded":3,"win_rate":0.0,"timestamp":1609170677,"path_taken":["M","?","$","?","?","E","R","M","T","R","M","?","?","?","R","BOSS","M","?","?"],"items_purchased_type":["Card","Relic"],"build_version":"2020-12-22","purchased_purges":0,"victory":false,"max_hp_per_floor":[75,75,75,75,75,75,75,75,75,75,75,75,75,75,75,75,75,75,75,75,75],"card_choices":[{"not_picked":["Bone_Shift","Blood_Whip"],"picked":"Bone_Spikes","floor":1},{"not_picked":["StuffTheSpire:Brawn","StuffTheSpire:Innocence"],"picked":"StuffTheSpire:CelestialWarden","floor":2},{"not_picked":["Consume_Illness","Violent_Necrosis"],"picked":"Shackles_Of_Pain","floor":5},{"not_picked":["Epidemic","Bone_Armor"],"picked":"Siphon_Strength","floor":6},{"not_picked":["Blood_Shield","Detonate_Bones"],"picked":"Bone_Bullets","floor":8},{"not_picked":["Bone_Armor","Negative_Energy_Sphere"],"picked":"Bone_Armory","floor":11},{"not_picked":["Skeleton_Dragon","Blood_Magic"],"picked":"Summon_Vampire_Lady","floor":16},{"not_picked":["Shade_Step+1","Necrotic_Claws"],"picked":"Pandemic+1","floor":18}],"player_experience":37905,"relics_obtained":[{"floor":6,"key":"HornCleat"},{"floor":9,"key":"Bottled Flame"}],"event_choices":[{"cards_removed":["Bone_Spikes"],"damage_healed":0,"gold_gain":0,"player_choice":"Gave Card","damage_taken":0,"relics_obtained":["PreservedInsect"],"max_hp_gain":0,"max_hp_loss":0,"event_name":"WeMeetAgain","floor":4,"gold_loss":0},{"damage_healed":0,"gold_gain":0,"cards_transformed":["Defend_W"],"player_choice":"Transformed","damage_taken":0,"max_hp_gain":0,"max_hp_loss":0,"event_name":"Transmorgrifier","floor":19,"gold_loss":0,"cards_obtained":["Whirlwind_of_Bones"]}],"is_beta":false,"boss_relics":[{"not_picked":["Fusion Hammer","Replay:Drink Me"],"picked":"aspiration:FutureDiary"}],"items_purged_floors":[],"is_endless":false,"potions_floor_spawned":[6,16],"ascension_level":0}}