{"host":"j45ucdvl5ntpx4kf","time":1609136076,"event":{"mods":["AchievementEnabler","BaseMod","Bestiary","Colored Map","Colored Powertips","Downfall","Minty Spire (QoL Compilation)","StSLib"],"gold_per_floor":[99,109,121,37,137,149,223,223,5,5,17,2,2,102,117,117,117,117],"floor_reached":16,"playtime":1561,"items_purged":["champ:Strike"],"score":90,"play_id":"5167a73c-cb85-4dfb-9e3e-46a00d20a0b0","local_time":"20201228011436","is_ascension_mode":false,"campfire_choices":[{"data":"champ:Taunt","floor":1,"key":"SMITH"},{"floor":8,"key":"REST"},{"data":"champ:ViciousMockery","floor":13,"key":"SMITH"}],"circlet_count":0,"master_deck":["champ:Strike+1","champ:Strike","champ:Defend+1","champ:Defend","champ:Defend","champ:Defend","champ:Execute","champ:Taunt+1","champ:GutPunch","champ:Circumvent","champ:Duel+1","champ:FocusedGladiator","champ:AdrenalArmor","champ:FanOfKnives+1","champ:ViciousMockery+1","champ:IronFortress","champ:TornadoPunch","Regret","champ:FlashCut","champ:StanceDance"],"relics":["champ:ChampionCrown","Ornamental Fan"],"acts_visited":["Exordium"],"potions_floor_usage":[16,16],"damage_taken":[{"damage":20,"enemies":"Jaw Worm","floor":2,"turns":5},{"damage":5,"enemies":"Small Slimes","floor":3,"turns":3},{"damage":15,"enemies":"downfall:FleeingMerchant","floor":4,"turns":4},{"damage":59,"enemies":"downfall:Heads","floor":5,"turns":10},{"damage":5,"enemies":"Cultist","floor":6,"turns":3},{"damage":9,"enemies":"downfall:FleeingMerchant","floor":9,"turns":4},{"damage":17,"enemies":"Gremlin Gang","floor":11,"turns":4},{"damage":11,"enemies":"downfall:FleeingMerchant","floor":12,"turns":4},{"damage":32,"enemies":"Blue Slaver","floor":15,"turns":5},{"damage":35,"enemies":"downfall:Defect","floor":16,"turns":5}],"seed_played":"2280526388520079520","potions_obtained":[{"floor":6,"key":"Energy Potion"},{"floor":11,"key":"Block Potion"}],"is_trial":false,"path_per_floor":["R","M","M","$","?","M","T","R","$","?","M","$","R","?","M","B"],"character_chosen":"THE_CHAMP","items_purchased":["champ:Duel","champ:IronFortress","champ:TornadoPunch"],"campfire_rested":1,"item_purchase_floors":[4,9,9],"current_hp_per_floor":[99,89,89,89,35,35,35,64,64,64,57,53,53,53,33,0,0,0],"gold":117,"neow_bonus":"TEN_PERCENT_HP_BONUS","is_daily":false,"chose_seed":false,"campfire_upgraded":2,"win_rate":0.0,"timestamp":1609136076,"path_taken":["R","M","M","$","?","M","T","R","$","?","M","$","R","?","M","BOSS"],"items_purchased_type":["Card","Card","Card"],"build_version":"2020-12-22","purchased_purges":1,"victory":false,"max_hp_per_floor":[99,99,99,99,99,99,99,99,99,99,99,99,99,99,99,99,99,99],"card_choices":[{"not_picked":["champ:StanceDance","champ:GladiatorsShout"],"picked":"champ:GutPunch","floor":2},{"not_picked":["champ:Backstep","champ:PerfectedStrike"],"picked":"champ:Riposte","floor":3},{"not_picked":["champ:FightOn","champ:DeathBlow"],"picked":"champ:Circumvent","floor":4},{"not_picked":["champ:GladiatorsShout","champ:RisingSlash"],"picked":"champ:AdrenalArmor","floor":5},{"not_picked":["champ:PerfectedStrike","champ:GutPunch"],"picked":"champ:FanOfKnives","floor":6},{"not_picked":["champ:SteelEdge","champ:Riposte"],"picked":"champ:ViciousMockery","floor":9},{"not_picked":["champ:ViciousMockery","champ:Circumvent"],"picked":"champ:FlashCut","floor":11},{"not_picked":["champ:DeathBlow","champ:FlashCut","champ:AdrenalArmor"],"picked":"SKIP","floor":12},{"not_picked":["champ:FanOfKnives","champ:BringItOn"],"picked":"champ:StanceDance","floor":15}],"player_experience":146479,"relics_obtained":[{"floor":7,"key":"Ornamental Fan"}],"event_choices":[],"is_beta":false,"boss_relics":[],"items_purged_floors":[9],"is_endless":false,"potions_floor_spawned":[6,11],"killed_by":"downfall:Defect","ascension_level":0}}