{"host":"aja5jhqkcte6gg82","time":1609182490,"event":{"mods":["AchievementEnabler","Act Like it!","BaseMod","BetterRewards","Downfall","Gensokyo","Hermit","Hubris","Infinite Spire","Mad Scientist","Marisa????????","Minty Spire (QoL Compilation)","Replay The Spire","StSLib","The Animator","The Necromancer","TheFirefly"],"gold_per_floor":[99,114,125,125,8,62,87,101,101,112,123,134,134,147,167,269,269,269,269,20,20,170,184,231,246,264,264,275,286,286,304,315,412,412,412,96,96,96,107,107,132,150,75,95,108,108,55,66,66,66],"floor_reached":51,"playtime":3731,"items_purged":["Shame"],"score":670,"play_id":"fc08384c-edd6-4cf6-b960-4b1cdea8eab4","local_time":"20201228110810","is_ascension_mode":false,"campfire_choices":[{"data":"Negative_Energy_Arrows","floor":1.0,"key":"SMITH"},{"floor":13.0,"key":"REST"},{"data":"Summon_Death_Knight","floor":18.0,"key":"SMITH"},{"data":"RitualDagger","floor":27.0,"key":"SMITH"},{"floor":30,"key":"REST"},{"data":"Grasp_Heart","floor":35,"key":"SMITH"},{"data":"Bone_Prison","floor":40,"key":"SMITH"},{"data":"Bone_Armory","floor":43,"key":"SMITH"},{"floor":49,"key":"REST"}],"circlet_count":0,"master_deck":["Strike_W","Strike_W","Strike_W","Strike_W","Defend_W","Defend_W","Defend_W","Defend_W","Negative_Energy_Arrows+1","Bone_Wall","Spectral_Walk","Slay_Living","Necrotic_Claws+1","Vampiric_Strike","Bone_Armory+1","Negative_Energy_Javelin","Shackles_Of_Pain","Corrupt","Negative_Energy_Sphere","Siphon_Strength","Death_Coil","Summon_Death_Knight+1","Death_March_Dance","Dark Shackles","Summon_Lich","RitualDagger+1","Life_Tap+1","Blood_Curse+1","Exploit","Vampiric_Strike+1","Bone_Prison+1","Bones_to_Steel+1","Grasp_Heart+1","Negative_Energy_Shield+1","Toxic_Smoke_Screen+1","Bone_Armor+1","Requiem","Parasite","Bone_Bullets+1","infinitespire:Starlight","Bone_Bullets+1"],"relics":["Vampire_Amulet","Bag of Marbles","hubris:ToyBattleship","Vajra","Sozu","Centennial Puzzle","SlaversCollar","FossilizedHelix","downfall:HeartBlessingBlue","hubris:SphereOfDissonance","Pen Nib"],"acts_visited":["Exordium","TheCity","TheBeyond"],"potions_floor_usage":[],"damage_taken":[{"damage":0.0,"enemies":"2 Louse","floor":2.0,"turns":3.0},{"damage":12.0,"enemies":"Cultist","floor":3.0,"turns":5.0},{"damage":2.0,"enemies":"downfall:FleeingMerchant","floor":5.0,"turns":4.0},{"damage":9.0,"enemies":"Small Slimes","floor":8.0,"turns":3.0},{"damage":15.0,"enemies":"Exordium Wildlife","floor":10.0,"turns":4.0},{"damage":2.0,"enemies":"3 Louse","floor":11.0,"turns":3.0},{"damage":5.0,"enemies":"Lots of Slimes","floor":12.0,"turns":4.0},{"damage":0.0,"enemies":"Blue Slaver","floor":14.0,"turns":3.0},{"damage":7.0,"enemies":"Large Slime","floor":15.0,"turns":6.0},{"damage":31.0,"enemies":"downfall:Ironclad","floor":16.0,"turns":7.0},{"damage":0.0,"enemies":"downfall:FleeingMerchant","floor":20.0,"turns":4.0},{"damage":0.0,"enemies":"Chosen","floor":23.0,"turns":4.0},{"damage":9.0,"enemies":"Spheric Guardian","floor":25.0,"turns":4.0},{"damage":12.0,"enemies":"3 Cultists","floor":26.0,"turns":4.0},{"damage":7.0,"enemies":"Cultist and Chosen","floor":28.0,"turns":6.0},{"damage":5.0,"enemies":"Centurion and Healer","floor":29.0,"turns":6.0},{"damage":6,"enemies":"Shelled Parasite and Fungi","floor":31,"turns":3},{"damage":8,"enemies":"Snake Plant","floor":32,"turns":5},{"damage":73,"enemies":"downfall:Watcher","floor":33,"turns":12},{"damage":0,"enemies":"downfall:FleeingMerchant","floor":36,"turns":4},{"damage":0,"enemies":"3 Shapes","floor":39,"turns":4},{"damage":8,"enemies":"3 Darklings","floor":42,"turns":7},{"damage":20,"enemies":"Jaw Worm Horde","floor":44,"turns":5},{"damage":5,"enemies":"Writhing Mass","floor":45,"turns":5},{"damage":0,"enemies":"downfall:FleeingMerchant","floor":47,"turns":4},{"damage":18,"enemies":"3 Darklings","floor":48,"turns":5},{"damage":52,"enemies":"downfall:Defect","floor":50,"turns":8}],"seed_played":"-1146191866741682041","potions_obtained":[{"floor":3.0,"key":"hexamod:EctoCoolerPotion"},{"floor":8.0,"key":"Block Potion"},{"floor":10.0,"key":"Energy Potion"},{"floor":12.0,"key":"Weak Potion"},{"floor":14.0,"key":"Swift Potion"},{"floor":15.0,"key":"Explosive Potion"}],"is_trial":false,"path_per_floor":["R","M","M","?","$","T","T","M","?","M","M","M","R","M","M","B",null,"R","?","$","?","?","M","T","M","M","R","M","M","R","M","M","B",null,"R","$","?","?","M","R","T","M","R","M","M","AVR","$","M","R","B",null],"character_chosen":"NECROMANCER","items_purchased":["Bone_Armory","Negative_Energy_Javelin","Dark Shackles","Summon_Lich","FossilizedHelix","hubris:SphereOfDissonance","Pen Nib"],"campfire_rested":3,"item_purchase_floors":[5,5,20,20,36,47,47],"current_hp_per_floor":[75,75,65,65,63,63,63,60,57,47,51,57,75,75,72,43,75,75,75,75,69,69,71,71,64,58,58,57,56,75,75,69,8,75,75,75,75,75,75,75,75,72,82,68,69,69,71,67,85,35],"gold":66,"neow_bonus":"THREE_CARDS","is_daily":false,"chose_seed":false,"campfire_upgraded":6,"win_rate":0.0,"timestamp":1609182490,"path_taken":["R","M","M","?","$","?","T","M","?","M","M","M","R","M","M","BOSS","R","?","$","?","?","M","T","M","M","R","?","M","R","M","M","BOSS","R","$","?","?","M","R","T","?","R","M","M","AVR","?","M","R","BOSS"],"items_purchased_type":["Card","Card","Card","Card","Relic","Relic","Relic"],"build_version":"2020-12-22","purchased_purges":1,"victory":true,"max_hp_per_floor":[75,75,75,75,75,75,75,75,75,75,75,75,75,75,75,75,75,75,75,75,75,75,75,75,75,75,75,75,75,75,75,75,75,75,75,75,75,75,75,75,75,75,85,85,85,85,85,85,85,85],"card_choices":[{"not_picked":["Death_Coil","Scare"],"picked":"Spectral_Walk","floor":0.0},{"not_picked":["Blood_Curse","Bone_Spikes"],"picked":"Slay_Living","floor":2.0},{"not_picked":["Flesh_Made_Foul","Blood_Shield"],"picked":"Necrotic_Claws","floor":3.0},{"not_picked":["Negative_Energy_Javelin","Skeleton_Dragon"],"picked":"Vampiric_Strike","floor":5.0},{"not_picked":["Bone_Shift","Bone_Bullets"],"picked":"Shackles_Of_Pain","floor":8.0},{"not_picked":["Chill_Blood","Summon_Undead_Army"],"picked":"Corrupt","floor":10.0},{"not_picked":["Death_Coil","Reap_The_Weak","Chill_Blood"],"picked":"SKIP","floor":11.0},{"not_picked":["Negative_Energy_Javelin","Summon_Undead_Army"],"picked":"Negative_Energy_Sphere","floor":12.0},{"not_picked":["Bones_to_Steel","Necromantic_Selection"],"picked":"Siphon_Strength","floor":14.0},{"not_picked":["Negative_Energy_Sphere","Chill_Blood"],"picked":"Death_Coil","floor":15.0},{"not_picked":["Negative_Energy_Bomb","Hellfire"],"picked":"Summon_Death_Knight","floor":16.0},{"not_picked":["Finger_Of_Death+1","Bone_Bullets"],"picked":"Death_March_Dance","floor":20.0},{"not_picked":["Necrotic_Claws","Shackles_Of_Pain"],"picked":"Life_Tap+1","floor":23.0},{"not_picked":["Blood_Magic","Necromantic_Selection","Whirlwind_of_Bones"],"picked":"SKIP","floor":25.0},{"not_picked":["Negative_Energy_Shield","Spectral_Armor"],"picked":"Blood_Curse+1","floor":26.0},{"not_picked":["Shade_Step","Death_March_Dance"],"picked":"Exploit","floor":28.0},{"not_picked":["Blood_Curse","Bone_Shift+1"],"picked":"Vampiric_Strike+1","floor":29.0},{"not_picked":["Life_Drain","Deaths_Shadow"],"picked":"Bone_Prison","floor":31},{"not_picked":["Shade_Step","Death_March_Dance+1"],"picked":"Bones_to_Steel+1","floor":32},{"not_picked":["Negative_Energy_Bomb","Cloudkill"],"picked":"Grasp_Heart","floor":33},{"not_picked":["Shade_Step","Vampiric_Strike+1"],"picked":"Negative_Energy_Shield+1","floor":36},{"not_picked":["Summon_Lich+1","Blood_Whip+1"],"picked":"Toxic_Smoke_Screen+1","floor":39},{"not_picked":["Vampiric_Strike","Death_March_Dance"],"picked":"Bone_Armor+1","floor":42},{"not_picked":["Bone_Shift+1","Bones_to_Steel+1"],"picked":"Requiem","floor":44},{"not_picked":["Bones_to_Steel+1","Toxic_Smoke_Screen"],"picked":"Bone_Bullets+1","floor":45},{"not_picked":["Uncharnel","Finger_Of_Death"],"picked":"Bone_Bullets+1","floor":47},{"not_picked":["Spectral_Armor","Blood_Whip+1","Bone_Spikes"],"picked":"SKIP","floor":48}],"player_experience":220766,"relics_obtained":[{"floor":6.0,"key":"Bag of Marbles"},{"floor":7.0,"key":"hubris:ToyBattleship"},{"floor":24.0,"key":"Centennial Puzzle"}],"event_choices":[{"damage_healed":0.0,"max_hp_gain":0.0,"max_hp_loss":0.0,"gold_gain":0.0,"event_name":"Upgrade Shrine","player_choice":"Upgraded","floor":4.0,"gold_loss":0.0,"damage_taken":0.0,"cards_upgraded":["Necrotic_Claws"]},{"damage_healed":0.0,"max_hp_gain":0.0,"max_hp_loss":0.0,"gold_gain":0.0,"event_name":"Scrap Ooze","player_choice":"Success","floor":9.0,"gold_loss":0.0,"damage_taken":3.0,"relics_obtained":["Vajra"]},{"damage_healed":0.0,"max_hp_gain":0.0,"max_hp_loss":0.0,"gold_gain":0.0,"event_name":"Addict","player_choice":"Stole Relic","floor":19.0,"gold_loss":0.0,"damage_taken":0.0,"relics_obtained":["Potion Belt"],"cards_obtained":["Shame"]}],"is_beta":false,"boss_relics":[{"not_picked":["hubris:RunicObelisk","Cursed Key"],"picked":"Sozu"},{"not_picked":["Busted Crown","Fusion Hammer"],"picked":"SlaversCollar"}],"items_purged_floors":[20],"is_endless":false,"potions_floor_spawned":[3,8,10,12,14,15,23,26,28,29,39,42,45,48],"ascension_level":0}}