{"host":"CarrotHands","time":1609140223,"event":{"mods":["BaseMod","Minty Spire (QoL Compilation)","Relic Stats","StSLib"],"gold_per_floor":[110,110,128,146,163,194,194,224,293,304,304,146,146,181,181,255,255,273,273,273,287,287,287,41,41,68,68,94,111,111,137,137,137,137],"floor_reached":33,"playtime":1320,"items_purged":["Strike_B"],"score":652,"play_id":"857845f4-d2c5-4f61-806a-3d1ebc88a4af","local_time":"20201227232343","is_ascension_mode":true,"campfire_choices":[{"floor":11,"key":"REST"},{"data":"Biased Cognition","floor":13,"key":"SMITH"},{"data":"Streamline","floor":15,"key":"SMITH"},{"floor":23,"key":"REST"},{"data":"Self Repair","floor":25,"key":"SMITH"},{"data":"Lockon","floor":27,"key":"SMITH"},{"floor":30,"key":"REST"},{"data":"Coolheaded","floor":32,"key":"SMITH"}],"circlet_count":0,"master_deck":["AscendersBane","Strike_B","Strike_B","Strike_B","Defend_B","Defend_B","Defend_B","Defend_B","Zap","Dualcast","Rip and Tear","Streamline+1","Echo Form","Biased Cognition+1","Lockon+1","Coolheaded+1","Ball Lightning","Core Surge","Self Repair+1","Chill"],"relics":["Philosopher\u0027s Stone","Symbiotic Virus","Gambling Chip","Mummified Hand","Anchor","Velvet Choker","Pen Nib","OrangePellets","Strawberry","HornCleat","Orichalcum"],"acts_visited":["Exordium","TheCity"],"potions_floor_usage":[5,10,14,28,31,33],"damage_taken":[{"damage":2,"enemies":"Cultist","floor":1,"turns":4},{"damage":3,"enemies":"2 Louse","floor":3,"turns":2},{"damage":8,"enemies":"Jaw Worm","floor":4,"turns":2},{"damage":0,"enemies":"3 Louse","floor":5,"turns":2},{"damage":33,"enemies":"3 Sentries","floor":6,"turns":7},{"damage":11,"enemies":"Lagavulin","floor":8,"turns":5},{"damage":12,"enemies":"Exordium Thugs","floor":10,"turns":4},{"damage":17,"enemies":"3 Sentries","floor":14,"turns":5},{"damage":4,"enemies":"The Guardian","floor":16,"turns":6},{"damage":0,"enemies":"Spheric Guardian","floor":18,"turns":3},{"damage":21,"enemies":"3 Byrds","floor":21,"turns":4},{"damage":30,"enemies":"Slavers","floor":28,"turns":6},{"damage":0,"enemies":"Sentry and Sphere","floor":29,"turns":3},{"damage":0,"enemies":"Book of Stabbing","floor":31,"turns":3},{"damage":81,"enemies":"Automaton","floor":33,"turns":8}],"seed_played":"6875752668120846699","potions_obtained":[{"floor":4,"key":"Explosive Potion"},{"floor":8,"key":"AttackPotion"},{"floor":10,"key":"Dexterity Potion"},{"floor":16,"key":"Fruit Juice"},{"floor":28,"key":"Explosive Potion"},{"floor":31,"key":"Block Potion"}],"is_trial":false,"path_per_floor":["M","?","M","M","M","E","?","E","T","M","R","$","R","E","R","B",null,"M","?","?","M","?","R","$","R","T","R","E","M","R","E","R","B"],"character_chosen":"DEFECT","items_purchased":["Ancient Potion","OrangePellets","Self Repair"],"campfire_rested":3,"item_purchase_floors":[12,24,24],"current_hp_per_floor":[62,62,59,51,51,18,41,30,30,18,39,39,39,22,22,18,58,58,58,38,17,17,39,39,39,46,46,36,36,60,65,65,0,0],"gold":137,"neow_bonus":"BOSS_RELIC","is_daily":false,"chose_seed":false,"campfire_upgraded":5,"win_rate":0.0,"timestamp":1609140223,"path_taken":["M","?","M","M","M","E","?","E","T","M","R","$","R","E","R","BOSS","M","?","?","M","?","R","$","R","T","R","E","M","R","E","R","BOSS"],"items_purchased_type":["Potion","Relic","Card"],"build_version":"2020-12-18","purchased_purges":1,"victory":false,"max_hp_per_floor":[71,71,71,71,71,71,71,71,71,71,71,71,71,71,71,71,71,71,71,76,76,76,76,76,76,83,83,83,83,83,88,88,88,88],"relic_stats":{"OrangePellets":[3],"counters":[15,64],"Mummified Hand":[25],"Gambling Chip":[36],"Pen Nib":[3],"Orichalcum":[0],"obtain_stats":[{"OrangePellets":24,"Anchor":14,"HornCleat":28,"Mummified Hand":9,"Gambling Chip":8,"Strawberry":26,"Velvet Choker":17,"Philosopher\u0027s Stone":0,"Pen Nib":22,"Orichalcum":31,"Cracked Core":0,"Symbiotic Virus":6},{"OrangePellets":11,"Anchor":8,"HornCleat":12,"Mummified Hand":6,"Gambling Chip":6,"Strawberry":11,"Velvet Choker":9,"Philosopher\u0027s Stone":0,"Pen Nib":11,"Orichalcum":14,"Cracked Core":0,"Symbiotic Virus":5},{"OrangePellets":44,"Anchor":31,"HornCleat":50,"Mummified Hand":22,"Gambling Chip":22,"Strawberry":44,"Velvet Choker":37,"Philosopher\u0027s Stone":0,"Pen Nib":44,"Orichalcum":56,"Cracked Core":0,"Symbiotic Virus":17}]},"card_choices":[{"not_picked":["Redo","Turbo"],"picked":"Leap","floor":1},{"not_picked":["Compile Driver","Skim"],"picked":"Rip and Tear","floor":3},{"not_picked":["Leap","Force Field"],"picked":"Streamline","floor":4},{"not_picked":["Coolheaded","Reinforced Body"],"picked":"Echo Form","floor":5},{"not_picked":["Steam","Coolheaded"],"picked":"Biased Cognition","floor":6},{"not_picked":["Gash","Undo"],"picked":"Lockon","floor":8},{"not_picked":["Skim","Cold Snap"],"picked":"Coolheaded","floor":10},{"not_picked":["Conserve Battery","Coolheaded"],"picked":"Ball Lightning","floor":14},{"not_picked":["Reboot","Meteor Strike"],"picked":"Core Surge","floor":16},{"not_picked":["Gash","Recycle","Tempest"],"picked":"SKIP","floor":18},{"not_picked":["Compile Driver","Darkness","Beam Cell"],"picked":"SKIP","floor":21},{"not_picked":["Stack+1","Hologram","Steam Power"],"picked":"SKIP","floor":28},{"not_picked":["Beam Cell+1","Streamline","Compile Driver"],"picked":"SKIP","floor":29},{"not_picked":["Stack","Redo+1"],"picked":"Chill","floor":31}],"player_experience":3039917,"relics_obtained":[{"floor":6,"key":"Symbiotic Virus"},{"floor":8,"key":"Gambling Chip"},{"floor":9,"key":"Mummified Hand"},{"floor":14,"key":"Anchor"},{"floor":26,"key":"Strawberry"},{"floor":28,"key":"HornCleat"},{"floor":31,"key":"Orichalcum"}],"event_choices":[{"damage_healed":0,"gold_gain":0,"player_choice":"Ignored","damage_taken":0,"max_hp_gain":0,"max_hp_loss":0,"event_name":"Liars Game","floor":2,"gold_loss":0},{"damage_healed":23,"gold_gain":0,"player_choice":"Banana","damage_taken":0,"max_hp_gain":0,"max_hp_loss":0,"event_name":"Big Fish","floor":7,"gold_loss":0},{"damage_healed":0,"gold_gain":0,"player_choice":"Ignored","damage_taken":0,"max_hp_gain":0,"max_hp_loss":0,"event_name":"Ghosts","floor":19,"gold_loss":0},{"damage_healed":0,"gold_gain":0,"player_choice":"Shed Blood","damage_taken":25,"max_hp_gain":5,"max_hp_loss":0,"event_name":"Forgotten Altar","floor":20,"gold_loss":0},{"cards_removed":["Leap"],"damage_healed":0,"gold_gain":0,"player_choice":"Gave Card","damage_taken":0,"relics_obtained":["Pen Nib"],"max_hp_gain":0,"max_hp_loss":0,"event_name":"WeMeetAgain","floor":22,"gold_loss":0}],"is_beta":true,"boss_relics":[{"not_picked":["Sozu","SlaversCollar"],"picked":"Velvet Choker"}],"items_purged_floors":[12],"is_endless":false,"potions_floor_spawned":[4,8,10,16,28,31],"killed_by":"Automaton","ascension_level":20}}