{"host":"6vv0uythevi5qk1w","time":1609151330,"event":{"mods":["Act Like it!","BaseMod","Downfall","Gensokyo","Minty Spire (QoL Compilation)","Remilia£®¿Ÿ√◊¿Ú—«£©","Replay The Spire","StSLib"],"gold_per_floor":[118,132,151,151,19,45,45,45,45,45,91,126,141,169,169,189,189,439,439],"floor_reached":18,"playtime":1049,"items_purged":[],"score":175,"play_id":"44960b64-889e-4e91-94dd-3686b360d70e","local_time":"20201228182850","is_ascension_mode":true,"campfire_choices":[{"data":"Envenom","floor":10.0,"key":"SMITH"},{"data":"Noxious Fumes","floor":17.0,"key":"SMITH"}],"circlet_count":0,"master_deck":["Strike_G","Strike_G+1","Strike_G","Defend_G","Defend_G","Defend_G","Defend_G","Defend_G+1","Survivor","Neutralize","Envenom+1","Choke","Tactician","Blade Dance","Backstab","Gensokyo:RPG","Die Die Die","Escape Plan","Reflex","Injury","Noxious Fumes+1"],"relics":["Ring of the Snake","Gensokyo:PortableGap","Simple Rune","Gensokyo:Justice","Sundial","Centennial Puzzle","The Courier","Toxic Egg 2"],"acts_visited":["Exordium"],"potions_floor_usage":[18],"damage_taken":[{"damage":0.0,"enemies":"Gensokyo:Gryphon","floor":1.0,"turns":4.0},{"damage":3.0,"enemies":"Gensokyo:2_Kodama","floor":2.0,"turns":8.0},{"damage":0.0,"enemies":"Gensokyo:3_Fairies","floor":3.0,"turns":4.0},{"damage":11.0,"enemies":"Gensokyo:Cirno","floor":6.0,"turns":4.0},{"damage":11.0,"enemies":"Gensokyo:Aya","floor":12.0,"turns":6.0},{"damage":0.0,"enemies":"Gensokyo:3_Kodama","floor":13.0,"turns":4.0},{"damage":1.0,"enemies":"Gensokyo:Cirno","floor":14.0,"turns":5.0},{"damage":0.0,"enemies":"Gensokyo:2_Rabbits","floor":16.0,"turns":4.0},{"damage":28,"enemies":"Gensokyo:Kokoro","floor":18,"turns":8}],"seed_played":"-1861081956516391325","potions_obtained":[{"floor":1.0,"key":"SkillPotion"},{"floor":2.0,"key":"Milkshake"},{"floor":6.0,"key":"DistilledChaos"},{"floor":14.0,"key":"LiquidBronze"}],"is_trial":false,"path_per_floor":["M","M","M","?","COS","E","?","PTL","PTL","R","T","E","M","E","?","M","R","B"],"character_chosen":"THE_SILENT","items_purchased":[],"campfire_rested":0,"item_purchase_floors":[],"current_hp_per_floor":[45,42,42,42,42,31,31,31,31,31,31,20,20,19,19,19,19,0,0],"gold":439,"neow_bonus":"TRANSFORM_TWO_CARDS","is_daily":false,"chose_seed":false,"campfire_upgraded":2,"win_rate":0.0,"timestamp":1609151330,"path_taken":["M","M","M","?","COS","E","?","PTL","PTL","R","T","E","M","E","?","M","R","BOSS"],"items_purchased_type":[],"build_version":"2020-12-22","purchased_purges":0,"victory":false,"max_hp_per_floor":[70,70,70,63,63,63,63,63,63,63,63,63,63,63,63,63,63,63,63],"card_choices":[{"not_picked":["Bane","Underhanded Strike"],"picked":"Tactician","floor":1.0},{"not_picked":["Hidden Blade","Cloak And Dagger"],"picked":"Blade Dance","floor":2.0},{"not_picked":["PiercingWail","Quick Slash"],"picked":"Backstab","floor":3.0},{"not_picked":["Bouncing Flask","Underhanded Strike","Sucker Punch"],"picked":"SKIP","floor":6.0},{"not_picked":["PiercingWail","Heel Hook"],"picked":"Die Die Die","floor":12.0},{"not_picked":["Dagger Throw","Cloak And Dagger"],"picked":"Escape Plan","floor":13.0},{"not_picked":["Noxious Fumes","Poisoned Stab"],"picked":"Reflex","floor":14.0},{"not_picked":["All Out Attack","Outmaneuver+1"],"picked":"Noxious Fumes","floor":16.0}],"player_experience":438249,"relics_obtained":[{"floor":6.0,"key":"Simple Rune"},{"floor":12.0,"key":"Sundial"},{"floor":14.0,"key":"Centennial Puzzle"}],"event_choices":[],"is_beta":false,"boss_relics":[],"items_purged_floors":[],"is_endless":false,"potions_floor_spawned":[1,2,6,14],"killed_by":"Gensokyo:Kokoro","ascension_level":9}}