{"host":"wcdwdpnxbe04tinu","time":1609134790,"event":{"mods":["Aspiration","BaseMod","Downfall","Minty Spire (QoL Compilation)","Relic Sorter","StSLib"],"gold_per_floor":[99,99,112,22,36,71,71,98,98,109,109,134,134,163,173,278,278,203,238,238,238,251,88,88,108,123,150,167,181,198,229,243,243,243,243],"floor_reached":33,"playtime":2200,"items_purged":["champ:Strike"],"score":374,"play_id":"08dce783-b92a-46f5-b699-0ab6a5380912","local_time":"20201227235310","is_ascension_mode":true,"campfire_choices":[{"data":"champ:Taunt","floor":1.0,"key":"SMITH"},{"data":"champ:PreciseThrust","floor":9,"key":"SMITH"},{"floor":13,"key":"RECALL"},{"data":"champ:Balance","floor":18,"key":"SMITH"}],"circlet_count":0,"master_deck":["champ:Strike","champ:Strike","champ:Defend","champ:Defend","champ:Defend","champ:Defend","champ:Execute","champ:Taunt+1","Dark Shackles","champ:PreciseThrust+1","champ:FanOfKnives+1","champ:Balance+1","champ:EnchantSword","champ:GutPunch","champ:GladiatorStyle+1","champ:GladiatorStyle"],"relics":["champ:ChampionCrown","champ:LiftRelic","Pantograph","Juzu Bracelet","Odd Mushroom","Shuriken","aspiration:ChemicalBlood","Empty Cage","downfall:HeartBlessingRed","Red Mask","Vajra","Mango","Singing Bowl"],"acts_visited":["Exordium","TheCity"],"potions_floor_usage":[14,14,16,16,25,27,27,28,28,33,33,33,33,33],"damage_taken":[{"damage":10,"enemies":"Jaw Worm","floor":3,"turns":4},{"damage":18,"enemies":"downfall:FleeingMerchant","floor":4,"turns":4},{"damage":10,"enemies":"2 Louse","floor":5,"turns":2},{"damage":29,"enemies":"Gremlin Nob","floor":6,"turns":4},{"damage":26,"enemies":"The Mushroom Lair","floor":8,"turns":4},{"damage":3,"enemies":"Small Slimes","floor":10,"turns":3},{"damage":52,"enemies":"Lagavulin","floor":12,"turns":8},{"damage":32,"enemies":"Gremlin Nob","floor":14,"turns":4},{"damage":18,"enemies":"Exordium Wildlife","floor":15,"turns":3},{"damage":55,"enemies":"downfall:Watcher","floor":16,"turns":9},{"damage":5,"enemies":"Masked Bandits","floor":19,"turns":2},{"damage":6,"enemies":"Chosen","floor":22,"turns":4},{"damage":2,"enemies":"downfall:FleeingMerchant","floor":23,"turns":4},{"damage":4,"enemies":"Shelled Parasite and Fungi","floor":25,"turns":4},{"damage":15,"enemies":"Snake Plant","floor":26,"turns":4},{"damage":18,"enemies":"Slavers","floor":27,"turns":4},{"damage":24,"enemies":"Cultist and Chosen","floor":28,"turns":6},{"damage":13,"enemies":"Centurion and Healer","floor":29,"turns":4},{"damage":17,"enemies":"Snake Plant","floor":30,"turns":4},{"damage":5,"enemies":"Gremlin Leader","floor":31,"turns":5},{"damage":5,"enemies":"3 Cultists","floor":32,"turns":3},{"damage":55,"enemies":"downfall:Silent","floor":33,"turns":11}],"seed_played":"7178665779356808705","potions_obtained":[{"floor":5,"key":"Dexterity Potion"},{"floor":6,"key":"Block Potion"},{"floor":8,"key":"Strength Potion"},{"floor":15,"key":"sneckomod:MuddlingPotion"},{"floor":16,"key":"SkillPotion"},{"floor":22,"key":"LiquidBronze"},{"floor":25,"key":"GamblersBrew"},{"floor":27,"key":"Guardian:BlockOnCardUsePotion"}],"is_trial":false,"path_per_floor":["R","?","M","$","M","E","T","?","R","M","?","E","R","E","M","B",null,"R","?","?","?","M","$","T","M","M","E","M","M","M","E","M","B"],"character_chosen":"THE_CHAMP","items_purchased":["Vajra"],"campfire_rested":0,"item_purchase_floors":[23],"current_hp_per_floor":[90,90,90,90,90,76,76,63,63,63,63,37,37,23,21,27,90,90,90,90,90,89,87,87,86,71,67,48,38,26,28,30,0,0,0],"gold":243,"neow_bonus":"RANDOM_COLORLESS","is_daily":false,"chose_seed":false,"campfire_upgraded":3,"win_rate":0.0,"timestamp":1609134790,"path_taken":["R","?","M","?","M","E","T","?","R","M","?","E","R","E","M","BOSS","R","?","?","?","M","?","T","M","M","E","M","M","M","E","M","BOSS"],"items_purchased_type":["Relic"],"build_version":"2020-12-22","purchased_purges":1,"victory":false,"max_hp_per_floor":[90,90,90,90,90,90,90,90,90,90,90,90,90,90,90,90,90,90,90,90,90,90,90,90,90,90,104,104,104,104,106,108,108,108,108],"card_choices":[{"not_picked":["expansioncontent:GoopSpray","expansioncontent:ChargeUp"],"picked":"Dark Shackles","floor":0.0},{"not_picked":["champ:BerserkersShout","champ:GutPunch"],"picked":"champ:DeathBlow","floor":3},{"not_picked":["champ:BladeFlurry","champ:HeartStrike"],"picked":"champ:PreciseThrust","floor":4},{"not_picked":["champ:DefensiveShout","champ:CrookedStrike"],"picked":"champ:FanOfKnives","floor":5},{"not_picked":["champ:RisingSlash","champ:CalledShot","champ:Control"],"picked":"SKIP","floor":6},{"not_picked":["champ:DefensiveShout","champ:FocusedBerserking","champ:HeavySlash"],"picked":"SKIP","floor":10},{"not_picked":["champ:ShieldWall","champ:Riposte","champ:CrookedStrike"],"picked":"SKIP","floor":12},{"not_picked":["champ:Haymaker","champ:BerserkersShout","champ:EnchantShield"],"picked":"SKIP","floor":14},{"not_picked":["champ:FanOfKnives","champ:GladiatorsShout"],"picked":"champ:Balance","floor":15},{"not_picked":["champ:ShieldThrow","champ:PerfectForm"],"picked":"champ:EnchantSword","floor":16},{"not_picked":["champ:FalseCounter","champ:RageSigil"],"picked":"champ:GutPunch","floor":22},{"not_picked":["champ:BringItOn","champ:ShieldSigil","champ:Backstep"],"picked":"SKIP","floor":23},{"not_picked":["champ:SwordSigil","champ:FaceSlap+1"],"picked":"champ:GladiatorStyle+1","floor":25},{"not_picked":["champ:Duel","champ:GutPunch","champ:CrookedStrike+1"],"picked":"SKIP","floor":26},{"not_picked":["champ:LastStand","champ:RageSigil+1","champ:FaceSlap"],"picked":"SKIP","floor":27},{"not_picked":["champ:GladiatorsShout","champ:BringItOn"],"picked":"champ:GladiatorStyle","floor":28},{"not_picked":["champ:StanceDance","champ:Riposte","champ:DefensiveShout"],"picked":"SKIP","floor":29},{"not_picked":["champ:CrookedStrike","champ:Haymaker","champ:StanceDance"],"picked":"SKIP","floor":30},{"not_picked":["champ:RageSigil+1","champ:ShieldSigil","champ:BladeFlurry+1"],"picked":"Singing Bowl","floor":31},{"not_picked":["champ:BringItOn","champ:Circumvent+1","champ:Backstep"],"picked":"Singing Bowl","floor":32}],"player_experience":531796,"relics_obtained":[{"floor":6,"key":"Pantograph"},{"floor":7,"key":"Juzu Bracelet"},{"floor":8,"key":"Odd Mushroom"},{"floor":12,"key":"Shuriken"},{"floor":14,"key":"aspiration:ChemicalBlood"},{"floor":19,"key":"Red Mask"},{"floor":27,"key":"Mango"},{"floor":31,"key":"Singing Bowl"}],"event_choices":[{"damage_healed":0,"gold_gain":0,"player_choice":"Fought Mushrooms","damage_taken":0,"max_hp_gain":0,"max_hp_loss":0,"event_name":"Mushrooms","floor":8,"gold_loss":0},{"damage_healed":0,"gold_gain":0,"player_choice":"Grow","damage_taken":0,"max_hp_gain":0,"max_hp_loss":0,"event_name":"Living Wall","floor":11,"gold_loss":0,"cards_upgraded":["champ:FanOfKnives"]},{"damage_healed":0,"gold_gain":0,"player_choice":"Fought Bandits","damage_taken":0,"max_hp_gain":0,"max_hp_loss":0,"event_name":"Masked Bandits","floor":19,"gold_loss":0}],"is_beta":false,"boss_relics":[{"not_picked":["SlaversCollar","Tiny House"],"picked":"Empty Cage"}],"items_purged_floors":[4],"is_endless":false,"potions_floor_spawned":[5,6,8,15,16,22,25,27,32],"killed_by":"downfall:Silent","ascension_level":1}}