{"host":"5fasz840ryq7obdf","time":1609149226,"event":{"mods":["AchievementEnabler","BaseMod","Bestiary","Better Altar","Better Skull","Better Third Choice","BetterRewards","Block Reminder","Colored Powertips","Curses Come First","Highlight Path","Minty Spire (QoL Compilation)","Quick Restart","Rare Cards Sparkle","Relic Sorter","Relic Stats","Replay The Spire","Shop Mod","Spicy Shops","StSLib","SuperFastMode"],"gold_per_floor":[109,126,126,136,152,186,186,242,242,257,270,296,53,86,86,160,160,179,192,192,206,225,252,302,329,355,355,1,33,33,53,53,126,226,241,255,105,105,124,159,179,209,236,236,272,272,289,325,325,333,335,335,335,11,53,67],"floor_reached":57,"playtime":3462,"items_purged":["Strike_G","Defend_G","Strike_G","Injury","Strike_G","Parasite"],"score":3354,"play_id":"277d4fd7-b6d5-4bba-95b7-ce9b94944eda","local_time":"20201228095346","is_ascension_mode":true,"campfire_choices":[{"data":"Sadistic Nature","floor":7,"key":"SMITH"},{"floor":30,"key":"REST"},{"data":"Sadistic Nature","floor":44,"key":"SMITH"},{"floor":46,"key":"RECALL"},{"data":"Well Laid Plans","floor":49,"key":"SMITH"},{"data":"Neutralize","floor":53,"key":"SMITH"}],"circlet_count":0,"master_deck":["AscendersBane","Strike_G","Strike_G+1","Defend_G","Defend_G+1","Defend_G","Survivor","Neutralize+1","Sadistic Nature+1","Sadistic Nature","Sadistic Nature+1","After Image","Backflip+1","Outmaneuver+1","Setup+1","ReplayTheSpireMod:Necrosis+1","ReplayTheSpireMod:Speed Training+1","Replay:Poison Smokescreen+1","Backflip+1","Deadly Poison+1","Well Laid Plans+1","Noxious Fumes+1","Calculated Gamble+1","Replay:Poison Smokescreen+1","Deadly Poison+1","Noxious Fumes+1","Deadly Poison+1","Dodge and Roll+1","Crippling Poison+1","Backflip+1","Noxious Fumes+1","Deflect+1","Prepared+1","Pot Of Greed+1","Pot Of Greed+1","Pot Of Greed+1","Adrenaline+1","Pot Of Greed+1","Backflip+1","Burst+1","Predator","Toxin Wave+1","Sucker Punch","Draining Mist+1","Escape Plan+1","Poison Darts+1","Calculated Gamble+1","Acrobatics+1","Insight+1","Adrenaline+1","Pot Of Greed+1","Hidden Blade+1","Crippling Poison+1","Deadly Poison+1","Adrenaline+1","Blur+1","Blur+1","Tactician+1","ReplayTheSpireMod:From All Sides","Noxious Fumes+1","Acrobatics+1","Corpse Explosion+1","Pot Of Greed+1","Secret Technique+1","ReplayTheSpireMod:Tripwire+1","ReplayTheSpireMod:Speed Training+1"],"relics":["Ring of the Snake","DollysMirror","Art of War","Membership Card","TwistedFunnel","Oddly Smooth Stone","Toxic Egg 2","Orrery","Lantern","Bottled Tornado","Blue Doll","Frozen Egg 2","Iron Hammer","Juzu Bracelet","Mummified Hand","Grinning Jar","Snake Skull","Mirror","Orichalcum","ReplayTheSpireMod:DimensionalGlitch","Question Card","Boot","ReplayTheSpireMod:Shallot","Regal Pillow","Garlic","PreservedInsect","Simple Rune","Chemical X","StrikeDummy","Replay:Wanted Poster","Happy Flower","Ring of Peace","Ring of Hypnosis","Replay:Bandana","ReplayTheSpireMod:Lightbulb","Pen Nib","Pet Ghost","Replay:Wax Seal","Bag of Marbles","Letter Opener"],"acts_visited":["Exordium","TheCity","TheBeyond","TheEnding"],"potions_floor_usage":[14,25,35,40,56,56],"damage_taken":[{"damage":0,"enemies":"Jaw Worm","floor":1,"turns":2},{"damage":0,"enemies":"Cultist","floor":2,"turns":2},{"damage":0,"enemies":"2 Louse","floor":4,"turns":1},{"damage":0,"enemies":"Looter","floor":5,"turns":2},{"damage":0,"enemies":"3 Sentries","floor":6,"turns":2},{"damage":0,"enemies":"3 Sentries","floor":8,"turns":1},{"damage":1,"enemies":"Large Slime","floor":10,"turns":2},{"damage":0,"enemies":"3 Louse","floor":11,"turns":1},{"damage":0,"enemies":"Lagavulin","floor":12,"turns":2},{"damage":0,"enemies":"3 Sentries","floor":14,"turns":3},{"damage":0,"enemies":"Slime Boss","floor":16,"turns":3},{"damage":25,"enemies":"2 Thieves","floor":18,"turns":4},{"damage":0,"enemies":"3 Byrds","floor":19,"turns":2},{"damage":11,"enemies":"Snecko","floor":21,"turns":4},{"damage":16,"enemies":"Snake Plant","floor":22,"turns":3},{"damage":0,"enemies":"Gremlin Leader","floor":23,"turns":5},{"damage":0,"enemies":"Book of Stabbing","floor":25,"turns":3},{"damage":0,"enemies":"Gremlin Leader","floor":29,"turns":3},{"damage":0,"enemies":"Cultist and Chosen","floor":31,"turns":3},{"damage":0,"enemies":"Champ","floor":33,"turns":4},{"damage":8,"enemies":"3 Darklings","floor":35,"turns":3},{"damage":0,"enemies":"Orb Walker","floor":36,"turns":2},{"damage":0,"enemies":"4 Shapes","floor":39,"turns":2},{"damage":0,"enemies":"R_Hoarder","floor":40,"turns":3},{"damage":0,"enemies":"Sphere and 2 Shapes","floor":41,"turns":4},{"damage":0,"enemies":"Nemesis","floor":42,"turns":1},{"damage":0,"enemies":"R_Hoarder","floor":45,"turns":2},{"damage":0,"enemies":"Jaw Worm Horde","floor":47,"turns":2},{"damage":0,"enemies":"Nemesis","floor":48,"turns":2},{"damage":0,"enemies":"Replay:Hell Engine","floor":50,"turns":6},{"damage":22,"enemies":"Time Eater","floor":51,"turns":10},{"damage":0,"enemies":"Shield and Spear","floor":55,"turns":2},{"damage":26,"enemies":"The Heart","floor":56,"turns":7}],"seed_played":"-1565208268066646616","potions_obtained":[{"floor":5,"key":"Fire Potion"},{"floor":6,"key":"Explosive Potion"},{"floor":8,"key":"Adrenaline Potion"},{"floor":18,"key":"Poison Potion"},{"floor":22,"key":"LiquidBronze"},{"floor":29,"key":"BlessingOfTheForge"},{"floor":39,"key":"Dexterity Potion"},{"floor":40,"key":"Fruit Juice"},{"floor":42,"key":"Ancient Potion"}],"is_trial":false,"path_per_floor":["M","M","?","M","M","E","R","?","T","M","M","E","$","E","R","B",null,"M","M","?","M","M","E","?","E","T","T","$","E","R","M","R","B",null,"M","M","$","?","M","E","M","E","T","R","E","R","M","E","R","B","B",null,"R","$","E","B",null],"character_chosen":"THE_SILENT","items_purchased":["Sadistic Nature","DollysMirror","Art of War","Membership Card","TwistedFunnel","Oddly Smooth Stone","Sadistic Nature","Toxic Egg 2","Orrery","ReplayTheSpireMod:Necrosis+1","ReplayTheSpireMod:Speed Training+1","Replay:Poison Smokescreen+1","Backflip+1","Deadly Poison+1","Well Laid Plans","Noxious Fumes","Calculated Gamble+1","Lantern","Replay:Poison Smokescreen+1","Bottled Tornado","Blue Doll","Frozen Egg 2","Deadly Poison+1","Noxious Fumes+1","Snake Skull","Mirror","PreservedInsect","Poison Darts+1","Simple Rune","Chemical X","Deadly Poison+1","Happy Flower","Replay:Wax Seal","Corpse Explosion+1","Secret Technique+1","ReplayTheSpireMod:Tripwire+1","Bag of Marbles"],"campfire_rested":1,"item_purchase_floors":[0,0,0,0,0,0,0,0,0,0,0,0,0,0,0,0,0,0,0,0,0,0,0,0,13,13,28,28,28,28,37,37,54,54,54,54,54],"current_hp_per_floor":[18,18,11,11,11,11,11,11,11,10,10,10,10,10,29,29,57,32,32,32,21,5,5,5,5,5,5,5,5,39,39,39,39,59,51,51,51,51,51,56,56,56,56,56,56,56,56,56,56,56,34,60,60,60,60,34],"gold":67,"neow_bonus":"","is_daily":false,"chose_seed":false,"campfire_upgraded":4,"win_rate":0.0,"timestamp":1609149226,"path_taken":["M","M","?","M","M","E","R","?","T","M","M","E","$","E","R","BOSS","M","M","?","M","M","E","?","E","T","?","$","E","R","M","R","BOSS","M","M","$","?","M","E","M","E","T","R","E","R","M","E","R","BOSS","BOSS","R","$","E","BOSS"],"items_purchased_type":["Card","Relic","Relic","Relic","Relic","Relic","Card","Relic","Relic","Card","Card","Card","Card","Card","Card","Card","Card","Relic","Card","Relic","Relic","Relic","Card","Card","Relic","Relic","Relic","Card","Relic","Relic","Card","Relic","Relic","Card","Card","Card","Relic"],"build_version":"2020-12-22","purchased_purges":6,"victory":true,"max_hp_per_floor":[66,66,66,66,66,66,66,66,66,66,66,66,66,66,66,66,66,66,66,66,66,66,66,66,66,66,66,66,66,66,66,66,66,66,66,66,63,63,63,68,68,68,68,68,68,68,68,68,68,68,68,68,68,68,68,68],"relic_stats":{"Regal Pillow":15,"Happy Flower":[81],"counters":[416,1519],"Snake Skull":[1111],"PreservedInsect":400,"Pen Nib":[1],"Juzu Bracelet":3,"Letter Opener":[34],"Orichalcum":[66],"Question Card":18,"Boot":[69],"Mummified Hand":[160],"Art of War":[38],"Chemical X":[17],"obtain_stats":[{"TwistedFunnel":19,"Golden Egg":40,"Replay:Accelerometer":10,"Vampiric Spirits":4,"Spirit Poop":5,"Whetstone":40,"Ginger":0,"Bottled Tornado":0,"Sling":0,"Boot":3,"Old Coin":39,"Blood Vial":48,"Replay:Wanted Poster":36,"Replay:Ringing Soul":40,"Sundial":11,"MealTicket":0,"HandDrill":2,"Replay:Bottled Flurry":53,"Kunai":26,"Replay:Wax Seal":0,"Replay:Bottled Steam":12,"Pear":27,"Blue Candle":41,"Counterbalance":39,"Tingsha":0,"Eternal Feather":26,"Pen Nib":36,"Paper Crane":36,"Akabeko":2,"SlaversCollar":17,"Bird Faced Urn":6,"ReplayTheSpireMod:Ring of Collecting":47,"Pandora\u0027s Box":17,"Kintsugi":34,"StrikeDummy":29,"Unceasing Top":0,"Ring of the Serpent":17,"Lantern":23,"Regal Pillow":28,"Singing Bowl":36,"Torii":25,"Blue Doll":0,"Painkiller Herb":17,"Bag of Preparation":6,"Replay:Multitool":11,"Smiling Mask":20,"Cursed Key":34,"Pet Ghost":23,"Replay:Rubber Ducky":21,"Matryoshka":8,"Ring of Fangs":25,"Shovel":45,"Ninja Scroll":10,"Ring of Peace":22,"Toolbox":54,"Chemical X":0,"Replay:Bottled Eggs":12,"InkBottle":21,"Ring of the Snake":0,"Potion Belt":9,"Lee\u0027s Waffle":0,"The Specimen":17,"Golden Idol":2,"Basket Of Snakes":5,"PreservedInsect":9,"The Courier":28,"Omamori":0,"Ring of Greed":47,"Frozen Egg 2":17,"MawBank":14,"Replay:Arrowhead":0,"Busted Crown":17,"Ornamental Fan":54,"Bloody Idol":19,"Ring of Misfortune":39,"Orrery":0,"Turnip":0,"Art of War":40,"Durian":42,"Garlic":23,"Bottled Lightning":26,"ReplayTheSpireMod:Lightbulb":42,"Toy Ornithopter":9,"Ice Cream":0,"Divine Protection":6,"Tiny House":17,"Calipers":43,"Gremlin Horn":0,"CeramicFish":44,"Vajra":0,"HoveringKite":34,"Sozu":34,"Centennial Puzzle":22,"Lizard Tail":38,"DollysMirror":25,"Strawberry":46,"Prayer Wheel":17,"Philosopher\u0027s Stone":34,"Iron Hammer":6,"Toxic Egg 2":7,"Byrd Skull":13,"Girya":44,"Happy Flower":0,"Ring of Hypnosis":38,"ReplayTheSpireMod:CursedCoin":48,"Astrolabe":17,"Replay:Grab Bag":17,"Oddly Smooth Stone":11,"Letter Opener":40,"Replay:Kaleidoscope":28,"War Paint":0,"Question Card":17,"Du-Vu Doll":13,"OrangePellets":4,"Bottled Flame":32,"Replay:Baseball":40,"ReplayTheSpireMod:Shallot":9,"Shuriken":25,"Bronze Scales":26,"Onion Ring":0,"Molten Egg 2":9,"Simple Rune":28,"ReplayTheSpireMod:TigerMarble":44,"Nloth\u0027s Gift":22,"Grinning Jar":15,"Mirror":40,"ReplayTheSpireMod:DimensionalGlitch":34,"Pocketwatch":14,"Meat on the Bone":0,"Darkstone Periapt":9,"ReplayFunnel":15,"ReplayTheSpireMod:Ring of Exchange":25,"Replay:PocketPolymizer":55,"Snake Skull":0,"Juzu Bracelet":30,"Incense Burner":0,"Sizzling Blood":12,"Replay:Mystery Machine":55,"Empty Cage":34,"ClockworkSouvenir":54,"Frozen Eye":10,"Nunchaku":43,"Dream Catcher":26,"Replay:Bandana":14,"Tough Bandages":14,"Chameleon Ring":36,"Mummified Hand":31,"Pantograph":55,"Tiny Chest":6,"Red Mask":36,"Replay:Bottled Snecko":10,"Runic Pyramid":17,"Gremlin Food":26,"BargainBundle":0,"ReplayTheSpireMod:Ninjato":0,"Replay:Towering Pillar of Hats":0,"Guide Book":0,"Quantum Egg":17,"Orichalcum":55,"Medical Kit":46,"White Beast Statue":19,"Mercury Hourglass":8,"Calling Bell":17,"Strange Spoon":0,"Anchor":55,"Pondfish Scales":42,"CaptainsWheel":54,"Ring of Fury":22,"ChewingGum":17,"Bag of Marbles":49,"Snack Pack":0,"Coffee Dripper":17,"Membership Card":8,"TungstenRod":0},{"TwistedFunnel":77,"Golden Egg":144,"Replay:Accelerometer":270,"Vampiric Spirits":153,"Spirit Poop":68,"Whetstone":88,"Ginger":127,"Bottled Tornado":42,"Sling":29,"Boot":43,"Old Coin":317,"Blood Vial":27,"Replay:Wanted Poster":141,"Replay:Ringing Soul":201,"Sundial":37,"MealTicket":32,"HandDrill":97,"Replay:Bottled Flurry":354,"Kunai":16,"Replay:Wax Seal":150,"Replay:Bottled Steam":217,"Pear":83,"Blue Candle":88,"Counterbalance":172,"Tingsha":29,"Eternal Feather":251,"Pen Nib":21,"Paper Crane":21,"Akabeko":33,"SlaversCollar":247,"Bird Faced Urn":184,"ReplayTheSpireMod:Ring of Collecting":205,"Pandora\u0027s Box":332,"Kintsugi":169,"StrikeDummy":401,"Unceasing Top":29,"Ring of the Serpent":40,"Lantern":14,"Regal Pillow":17,"Singing Bowl":86,"Torii":110,"Blue Doll":127,"Painkiller Herb":332,"Bag of Preparation":4,"Replay:Multitool":302,"Smiling Mask":51,"Cursed Key":85,"Pet Ghost":138,"Replay:Rubber Ducky":136,"Matryoshka":46,"Ring of Fangs":224,"Shovel":349,"Ninja Scroll":131,"Ring of Peace":248,"Toolbox":354,"Chemical X":296,"Replay:Bottled Eggs":132,"InkBottle":51,"Ring of the Snake":0,"Potion Belt":46,"Lee\u0027s Waffle":96,"The Specimen":105,"Golden Idol":1,"Basket Of Snakes":153,"PreservedInsect":70,"The Courier":83,"Omamori":96,"Ring of Greed":205,"Frozen Egg 2":105,"MawBank":39,"Replay:Arrowhead":150,"Busted Crown":187,"Ornamental Fan":125,"Bloody Idol":248,"Ring of Misfortune":346,"Orrery":29,"Turnip":296,"Art of War":61,"Durian":174,"Garlic":224,"Bottled Lightning":82,"ReplayTheSpireMod:Lightbulb":409,"Toy Ornithopter":5,"Ice Cream":96,"Divine Protection":360,"Tiny House":9,"Calipers":89,"Gremlin Horn":0,"CeramicFish":25,"Vajra":0,"HoveringKite":20,"Sozu":313,"Centennial Puzzle":79,"Lizard Tail":117,"DollysMirror":110,"Strawberry":146,"Prayer Wheel":76,"Philosopher\u0027s Stone":115,"Iron Hammer":388,"Toxic Egg 2":36,"Byrd Skull":158,"Girya":290,"Happy Flower":96,"Ring of Hypnosis":285,"ReplayTheSpireMod:CursedCoin":175,"Astrolabe":134,"Replay:Grab Bag":332,"Oddly Smooth Stone":7,"Letter Opener":24,"Replay:Kaleidoscope":225,"War Paint":32,"Question Card":76,"Du-Vu Doll":74,"OrangePellets":358,"Bottled Flame":140,"Replay:Baseball":318,"ReplayTheSpireMod:Shallot":214,"Shuriken":16,"Bronze Scales":110,"Onion Ring":127,"Molten Egg 2":155,"Simple Rune":400,"ReplayTheSpireMod:TigerMarble":145,"Nloth\u0027s Gift":335,"Grinning Jar":159,"Mirror":231,"ReplayTheSpireMod:DimensionalGlitch":283,"Pocketwatch":8,"Meat on the Bone":66,"Darkstone Periapt":46,"ReplayFunnel":159,"ReplayTheSpireMod:Ring of Exchange":224,"Replay:PocketPolymizer":382,"Snake Skull":32,"Juzu Bracelet":18,"Incense Burner":96,"Sizzling Blood":302,"Replay:Mystery Machine":265,"Empty Cage":58,"ClockworkSouvenir":354,"Frozen Eye":131,"Nunchaku":24,"Dream Catcher":55,"Replay:Bandana":219,"Tough Bandages":273,"Chameleon Ring":373,"Mummified Hand":114,"Pantograph":126,"Tiny Chest":45,"Red Mask":59,"Replay:Bottled Snecko":243,"Runic Pyramid":50,"Gremlin Food":139,"BargainBundle":127,"ReplayTheSpireMod:Ninjato":127,"Replay:Towering Pillar of Hats":150,"Guide Book":179,"Quantum Egg":365,"Orichalcum":95,"Medical Kit":291,"White Beast Statue":77,"Mercury Hourglass":5,"Calling Bell":76,"Strange Spoon":210,"Anchor":178,"Pondfish Scales":232,"CaptainsWheel":381,"Ring of Fury":248,"ChewingGum":332,"Bag of Marbles":147,"Snack Pack":179,"Coffee Dripper":220,"Membership Card":36,"TungstenRod":325},{"TwistedFunnel":427,"Golden Egg":660,"Replay:Accelerometer":1067,"Vampiric Spirits":686,"Spirit Poop":395,"Whetstone":467,"Ginger":613,"Bottled Tornado":241,"Sling":179,"Boot":244,"Old Coin":1200,"Blood Vial":148,"Replay:Wanted Poster":648,"Replay:Ringing Soul":817,"Sundial":209,"MealTicket":186,"HandDrill":504,"Replay:Bottled Flurry":1316,"Kunai":93,"Replay:Wax Seal":681,"Replay:Bottled Steam":877,"Pear":450,"Blue Candle":467,"Counterbalance":729,"Tingsha":179,"Eternal Feather":986,"Pen Nib":120,"Paper Crane":120,"Akabeko":190,"SlaversCollar":973,"Bird Faced Urn":760,"ReplayTheSpireMod:Ring of Collecting":833,"Pandora\u0027s Box":1265,"Kintsugi":726,"StrikeDummy":1466,"Unceasing Top":179,"Ring of the Serpent":230,"Lantern":82,"Regal Pillow":97,"Singing Bowl":460,"Torii":544,"Blue Doll":613,"Painkiller Herb":1265,"Bag of Preparation":20,"Replay:Multitool":1142,"Smiling Mask":286,"Cursed Key":456,"Pet Ghost":640,"Replay:Rubber Ducky":637,"Matryoshka":260,"Ring of Fangs":898,"Shovel":1302,"Ninja Scroll":622,"Ring of Peace":975,"Toolbox":1316,"Chemical X":1126,"Replay:Bottled Eggs":625,"InkBottle":286,"Ring of the Snake":0,"Potion Belt":260,"Lee\u0027s Waffle":501,"The Specimen":525,"Golden Idol":2,"Basket Of Snakes":686,"PreservedInsect":401,"The Courier":450,"Omamori":501,"Ring of Greed":833,"Frozen Egg 2":525,"MawBank":219,"Replay:Arrowhead":681,"Busted Crown":775,"Ornamental Fan":602,"Bloody Idol":975,"Ring of Misfortune":1296,"Orrery":179,"Turnip":1126,"Art of War":353,"Durian":733,"Garlic":898,"Bottled Lightning":446,"ReplayTheSpireMod:Lightbulb":1488,"Toy Ornithopter":24,"Ice Cream":501,"Divine Protection":1333,"Tiny House":46,"Calipers":472,"Gremlin Horn":0,"CeramicFish":136,"Vajra":0,"HoveringKite":115,"Sozu":1183,"Centennial Puzzle":435,"Lizard Tail":569,"DollysMirror":544,"Strawberry":664,"Prayer Wheel":425,"Philosopher\u0027s Stone":563,"Iron Hammer":1430,"Toxic Egg 2":204,"Byrd Skull":700,"Girya":1110,"Happy Flower":501,"Ring of Hypnosis":1099,"ReplayTheSpireMod:CursedCoin":734,"Astrolabe":632,"Replay:Grab Bag":1265,"Oddly Smooth Stone":32,"Letter Opener":132,"Replay:Kaleidoscope":902,"War Paint":186,"Question Card":425,"Du-Vu Doll":415,"OrangePellets":1328,"Bottled Flame":645,"Replay:Baseball":1205,"ReplayTheSpireMod:Shallot":869,"Shuriken":93,"Bronze Scales":544,"Onion Ring":613,"Molten Egg 2":694,"Simple Rune":1463,"ReplayTheSpireMod:TigerMarble":663,"Nloth\u0027s Gift":1271,"Grinning Jar":701,"Mirror":922,"ReplayTheSpireMod:DimensionalGlitch":1094,"Pocketwatch":39,"Meat on the Bone":392,"Darkstone Periapt":260,"ReplayFunnel":701,"ReplayTheSpireMod:Ring of Exchange":898,"Replay:PocketPolymizer":1414,"Snake Skull":186,"Juzu Bracelet":102,"Incense Burner":501,"Sizzling Blood":1142,"Replay:Mystery Machine":1051,"Empty Cage":333,"ClockworkSouvenir":1316,"Frozen Eye":622,"Nunchaku":132,"Dream Catcher":308,"Replay:Bandana":881,"Tough Bandages":1072,"Chameleon Ring":1376,"Mummified Hand":557,"Pantograph":606,"Tiny Chest":254,"Red Mask":338,"Replay:Bottled Snecko":960,"Runic Pyramid":281,"Gremlin Food":642,"BargainBundle":613,"ReplayTheSpireMod:Ninjato":613,"Replay:Towering Pillar of Hats":681,"Guide Book":749,"Quantum Egg":1354,"Orichalcum":496,"Medical Kit":1112,"White Beast Statue":427,"Mercury Hourglass":24,"Calling Bell":425,"Strange Spoon":858,"Anchor":744,"Pondfish Scales":926,"CaptainsWheel":1409,"Ring of Fury":975,"ChewingGum":1265,"Bag of Marbles":668,"Snack Pack":749,"Coffee Dripper":886,"Membership Card":204,"TungstenRod":1245}],"Ring of the Snake":[182]},"card_choices":[{"not_picked":["Poisoned Stab","Blade Dance+1"],"picked":"After Image","floor":0},{"not_picked":["Flying Knee","All Out Attack"],"picked":"Backflip+1","floor":0},{"not_picked":["Dagger Throw","Deflect+1"],"picked":"Outmaneuver+1","floor":0},{"not_picked":["Bane","Dagger Spray"],"picked":"Setup+1","floor":0},{"not_picked":["PiercingWail+1","Backflip+1"],"picked":"Deadly Poison+1","floor":1},{"not_picked":["Sucker Punch","Outmaneuver+1"],"picked":"Dodge and Roll+1","floor":2},{"not_picked":["ReplayTheSpireMod:Tripwire+1","Bane"],"picked":"Crippling Poison+1","floor":4},{"not_picked":["Skewer","Sucker Punch"],"picked":"Backflip+1","floor":5},{"not_picked":["Poisoned Stab","Leg Sweep+1"],"picked":"Noxious Fumes+1","floor":6},{"not_picked":["PiercingWail+1","Dagger Spray"],"picked":"Deflect+1","floor":8},{"not_picked":["Atom Bomb","Underhanded Strike"],"picked":"Prepared+1","floor":10},{"not_picked":["Deflect+1","Cloak And Dagger+1","Bane"],"picked":"SKIP","floor":11},{"not_picked":["Quick Slash","Caltrops+1"],"picked":"Adrenaline+1","floor":12},{"not_picked":["Deflect+1","Acrobatics+1"],"picked":"Backflip+1","floor":14},{"not_picked":["Adrenaline+1","A Thousand Cuts+1"],"picked":"Burst+1","floor":16},{"not_picked":["Backflip+1","Blade Dance+1","Slice"],"picked":"SKIP","floor":18},{"not_picked":["Terror+1","Backstab"],"picked":"Predator","floor":19},{"not_picked":["Masterful Stab","Accuracy+1","Dagger Spray"],"picked":"Toxin Wave+1","floor":21},{"not_picked":["Poisoned Stab","Slice","Underhanded Strike"],"picked":"Sucker Punch","floor":22},{"not_picked":["Replay:Poison Smokescreen+1","Well Laid Plans+1","Leg Sweep+1"],"picked":"Draining Mist+1","floor":23},{"not_picked":["PiercingWail+1","Dodge and Roll+1","Blade Dance+1"],"picked":"Escape Plan+1","floor":25},{"not_picked":["Poisoned Stab+1","Blade Dance+1","Deflect+1"],"picked":"Calculated Gamble+1","floor":29},{"not_picked":["Grand Finale","Dagger Spray","Dagger Throw"],"picked":"Acrobatics+1","floor":31},{"not_picked":["Unload","Envenom+1","Wraith Form v2+1"],"picked":"Adrenaline+1","floor":33},{"not_picked":["Underhanded Strike","Blade Dance+1","Sucker Punch+1"],"picked":"Hidden Blade+1","floor":35},{"not_picked":["Escape Plan+1","Cloak And Dagger+1","All Out Attack"],"picked":"Crippling Poison+1","floor":36},{"not_picked":["Deflect+1","Dagger Spray+1","ReplayTheSpireMod:The Works+1"],"picked":"Adrenaline+1","floor":39},{"not_picked":["Underhanded Strike","Glass Knife","Setup+1"],"picked":"Blur+1","floor":40},{"not_picked":["Dagger Spray","Outmaneuver+1","Skewer"],"picked":"Blur+1","floor":41},{"not_picked":["Well Laid Plans+1","Footwork+1","Blade Dance+1"],"picked":"Tactician+1","floor":42},{"not_picked":["Deadly Poison+1","Blade Dance+1","Dagger Spray"],"picked":"ReplayTheSpireMod:From All Sides","floor":45},{"not_picked":["Poisoned Stab","Outmaneuver+1","Endless Agony"],"picked":"Noxious Fumes+1","floor":47},{"not_picked":["Cloak And Dagger+1","PiercingWail+1","Prepared+1"],"picked":"Acrobatics+1","floor":48},{"not_picked":["Infinite Blades+1","Die Die Die","Outmaneuver+1"],"picked":"ReplayTheSpireMod:Speed Training+1","floor":55}],"player_experience":1207669,"relics_obtained":[{"floor":6,"key":"Iron Hammer"},{"floor":9,"key":"Mummified Hand"},{"floor":12,"key":"Grinning Jar"},{"floor":14,"key":"Orichalcum"},{"floor":23,"key":"Boot"},{"floor":25,"key":"ReplayTheSpireMod:Shallot"},{"floor":26,"key":"Regal Pillow"},{"floor":27,"key":"Garlic"},{"floor":29,"key":"StrikeDummy"},{"floor":38,"key":"Ring of Peace"},{"floor":38,"key":"Ring of Hypnosis"},{"floor":40,"key":"Replay:Bandana"},{"floor":42,"key":"ReplayTheSpireMod:Lightbulb"},{"floor":45,"key":"Pen Nib"},{"floor":48,"key":"Pet Ghost"},{"floor":55,"key":"Letter Opener"}],"event_choices":[{"cards_removed":["Defend_G"],"damage_healed":0,"gold_gain":0,"player_choice":"Card Removal","damage_taken":7,"max_hp_gain":0,"max_hp_loss":0,"event_name":"Golden Wing","floor":3,"gold_loss":0},{"damage_healed":0,"gold_gain":0,"player_choice":"Searched \u00272\u0027 times","damage_taken":0,"relics_obtained":["Juzu Bracelet"],"max_hp_gain":0,"max_hp_loss":0,"event_name":"Dead Adventurer","floor":8,"gold_loss":0},{"damage_healed":0,"gold_gain":0,"player_choice":"Gave Potion","damage_taken":0,"relics_obtained":["Question Card"],"max_hp_gain":0,"max_hp_loss":0,"event_name":"WeMeetAgain","floor":20,"gold_loss":0},{"damage_healed":0,"gold_gain":100,"player_choice":"Bet on Murderer","damage_taken":0,"max_hp_gain":0,"max_hp_loss":0,"event_name":"The Joust","floor":24,"gold_loss":50},{"damage_healed":0,"gold_gain":0,"player_choice":"Insight","damage_taken":1,"max_hp_gain":0,"max_hp_loss":0,"event_name":"betterThird:BetterWriting","floor":32,"gold_loss":0,"cards_obtained":["Insight"]}],"is_beta":false,"boss_relics":[{"not_picked":["Ectoplasm","Kintsugi"],"picked":"ReplayTheSpireMod:DimensionalGlitch"},{"not_picked":["Runic Dome","Replay:Drink Me"],"picked":"Replay:Wanted Poster"}],"items_purged_floors":[0,0,0,13,28,37],"is_endless":false,"potions_floor_spawned":[5,6,8,18,19,22,29,39,40,42,48,55],"ascension_level":20}}