{"host":"baymyijz6sxaqj5s","time":1609151269,"event":{"mods":["AchievementEnabler","BaseMod","Colored Map","Colored Powertips","DeckTracker","Highlight Path","KOR Keyword Fix","Keyboard Shortcuts","Minty Spire (QoL Compilation)","Quick Restart","StSLib","SuperFastMode"],"gold_per_floor":[109,109,129,77,77,77,77,96,141,160,180,180,32,45,45,143,193,212,212,231,231,231,231],"floor_reached":22,"playtime":909,"items_purged":[],"score":194,"play_id":"ec4d271f-76f2-45e6-a430-b43630beb026","local_time":"20201228192749","is_ascension_mode":true,"campfire_choices":[{"data":"Deadly Poison","floor":6,"key":"SMITH"},{"data":"Dash","floor":12,"key":"SMITH"},{"data":"Dodge and Roll","floor":15,"key":"SMITH"}],"circlet_count":0,"master_deck":["Strike_G","Strike_G","Strike_G","Strike_G","Defend_G","Defend_G","Defend_G","Defend_G+1","Defend_G","Survivor","Neutralize+1","Outmaneuver","Deadly Poison+1","Dodge and Roll+1","Dash+1","Corpse Explosion","Blur","Reflex+1","Leg Sweep","Writhe"],"relics":["Ring of the Snake","Toy Ornithopter","PreservedInsect","Tiny House","Nilry\u0027s Codex","Shuriken"],"acts_visited":["Exordium","TheCity"],"potions_floor_usage":[10,11,20],"damage_taken":[{"damage":0,"enemies":"Small Slimes","floor":1,"turns":3},{"damage":0,"enemies":"2 Louse","floor":3,"turns":2},{"damage":0,"enemies":"Cultist","floor":8,"turns":3},{"damage":3,"enemies":"Exordium Thugs","floor":10,"turns":8},{"damage":3,"enemies":"Gremlin Gang","floor":11,"turns":9},{"damage":0,"enemies":"Looter","floor":14,"turns":3},{"damage":29,"enemies":"The Guardian","floor":16,"turns":10},{"damage":2,"enemies":"Shell Parasite","floor":18,"turns":8},{"damage":32,"enemies":"3 Byrds","floor":20,"turns":7},{"damage":39,"enemies":"Cultist and Chosen","floor":22,"turns":4}],"seed_played":"-2950801778367444045","potions_obtained":[{"floor":1,"key":"Swift Potion"},{"floor":8,"key":"DistilledChaos"},{"floor":17,"key":"AttackPotion"},{"floor":18,"key":"SmokeBomb"}],"is_trial":false,"path_per_floor":["M","?","M","$","?","R","?","M","T","M","M","R","$","M","R","B",null,"M","?","M","?","M"],"character_chosen":"THE_SILENT","items_purchased":["Deadly Poison","PreservedInsect"],"campfire_rested":0,"item_purchase_floors":[4,13],"current_hp_per_floor":[77,77,77,77,77,77,77,77,77,77,74,74,74,74,74,45,82,80,64,37,37,0,0],"gold":231,"neow_bonus":"TEN_PERCENT_HP_BONUS","is_daily":false,"chose_seed":false,"campfire_upgraded":3,"win_rate":0.0,"timestamp":1609151269,"path_taken":["M","?","M","$","?","R","?","?","T","M","M","R","?","?","R","BOSS","M","?","M","?","M"],"items_purchased_type":["Card","Relic"],"build_version":"2020-12-22","purchased_purges":0,"victory":false,"max_hp_per_floor":[77,77,77,77,77,77,77,77,77,77,77,77,77,77,77,77,82,82,82,82,82,82,82],"card_choices":[{"not_picked":["Riddle With Holes","Slice","Infinite Blades"],"picked":"SKIP","floor":1},{"not_picked":["Sucker Punch","Riddle With Holes"],"picked":"Outmaneuver","floor":3},{"not_picked":["All Out Attack","Sucker Punch"],"picked":"Dodge and Roll","floor":8},{"not_picked":["Dagger Throw","Dodge and Roll"],"picked":"Dash","floor":10},{"not_picked":["Sucker Punch","Escape Plan","Cloak And Dagger"],"picked":"SKIP","floor":11},{"not_picked":["Flying Knee","Dagger Throw"],"picked":"Corpse Explosion","floor":14},{"not_picked":["Backflip","Flechettes"],"picked":"Blur","floor":17},{"not_picked":["Eviscerate","Prepared"],"picked":"Reflex+1","floor":18},{"not_picked":["Blur+1","Outmaneuver"],"picked":"Leg Sweep","floor":20}],"player_experience":274097,"relics_obtained":[{"floor":9,"key":"Toy Ornithopter"},{"floor":19,"key":"Nilry\u0027s Codex"}],"event_choices":[{"damage_healed":0,"gold_gain":0,"player_choice":"Grow","damage_taken":0,"max_hp_gain":0,"max_hp_loss":0,"event_name":"Living Wall","floor":2,"gold_loss":0,"cards_upgraded":["Neutralize"]},{"damage_healed":0,"gold_gain":0,"player_choice":"Ignored","damage_taken":0,"max_hp_gain":0,"max_hp_loss":0,"event_name":"Golden Idol","floor":5,"gold_loss":0},{"cards_removed":["Strike_G"],"damage_healed":0,"gold_gain":0,"player_choice":"Purged","damage_taken":0,"max_hp_gain":0,"max_hp_loss":0,"event_name":"Purifier","floor":7,"gold_loss":0},{"damage_healed":0,"gold_gain":0,"player_choice":"Obtained Book","damage_taken":16,"max_hp_gain":0,"max_hp_loss":0,"event_name":"Cursed Tome","floor":19,"gold_loss":0},{"damage_healed":0,"gold_gain":0,"player_choice":"Opened","damage_taken":0,"relics_obtained":["Shuriken"],"max_hp_gain":0,"max_hp_loss":0,"event_name":"The Mausoleum","floor":21,"gold_loss":0,"cards_obtained":["Writhe"]}],"is_beta":false,"boss_relics":[{"not_picked":["Ectoplasm","Cursed Key"],"picked":"Tiny House"}],"items_purged_floors":[],"is_endless":false,"potions_floor_spawned":[1,8,18],"killed_by":"Cultist and Chosen","ascension_level":2}}