{"host":"0cnf9zf1gia27zti","time":1609178167,"event":{"mods":["BaseMod","BetterRewards","Card Forge","Colored Map","Colored Powertips","Conspire","Downfall","Minty Spire (QoL Compilation)","Practice Mode","Quick Restart","Replay The Spire","Robot Space Explorer","Shade Mod","Spicy Shops","StSLib"],"gold_per_floor":[116,129,129,129,150,150,168,168,218,218,54,79,100,25,25,120,120,135,89,109,124,144,194,194,194,194,212,127,127,127],"floor_reached":29,"playtime":2037,"items_purged":["Strike_B","sneckomod:Bewildered"],"score":459,"play_id":"4b2df72c-d9c9-4dad-9259-fafb3fdf7944","local_time":"20201228175607","is_ascension_mode":true,"campfire_choices":[{"floor":6,"key":"REST"},{"floor":8,"key":"REST"},{"floor":15,"key":"REST"},{"floor":25,"key":"REST"}],"circlet_count":0,"master_deck":["AscendersBane","Strike_B","Strike_B","Defend_B","Defend_B","Defend_B","Defend_B","Zap","Dualcast","Defragment","ReplayTheSpireMod:Brewmster+1","Panic Button","Ball Lightning","Crystallizer+1","Conserve Battery","Loop","ReplayTheSpireMod:Calculation Training","Self Repair","Tempest","Multi-Cast","Double Energy+1","Capacitor","Self Repair","Leap+1","Thunder Strike","Heatsinks","Self Repair","Heatsinks","ReplaySort","Reboot","Consume","Loop","ReplayRNGCard","Force Field+1","Seek","Double Energy"],"relics":["FrozenCore","Hammer of Thor","Seething Fire","Anvil of the Gods","DataDisk","White Beast Statue","Golden Idol","Potion Belt","Prayer Wheel","Prayer Wheel","Prayer Wheel","ReplayTheSpireMod:CursedCoin","Orichalcum","Letter Opener","Prayer Wheel","conspire:GlowingRock"],"acts_visited":["Exordium","TheCity"],"potions_floor_usage":[2,7,7,16,16,16,16,16,16,18,18,18,20,20,21,21,21,22,22,22,22,22,22,22,27,27,27,27,27,29,29],"damage_taken":[{"damage":4,"enemies":"Small Slimes","floor":1,"turns":3},{"damage":0,"enemies":"Jaw Worm","floor":2,"turns":3},{"damage":0,"enemies":"Cultist","floor":5,"turns":2},{"damage":16,"enemies":"Lots of Slimes","floor":7,"turns":5},{"damage":6,"enemies":"Looter","floor":12,"turns":3},{"damage":9,"enemies":"Red Slaver","floor":13,"turns":2},{"damage":17,"enemies":"Fading Forest","floor":16,"turns":13},{"damage":7,"enemies":"3 Byrds","floor":18,"turns":4},{"damage":8,"enemies":"Shell Parasite","floor":20,"turns":7},{"damage":14,"enemies":"Snecko","floor":21,"turns":5},{"damage":30,"enemies":"Chosen and Byrds","floor":22,"turns":8},{"damage":0,"enemies":"3 Cultists","floor":27,"turns":8},{"damage":82,"enemies":"Gremlin Leader","floor":29,"turns":4}],"seed_played":"3780815768801083926","potions_obtained":[{"floor":1,"key":"Adrenaline Potion"},{"floor":2,"key":"Languid Potion"},{"floor":5,"key":"Strength Potion"},{"floor":7,"key":"PotionOfCapacity"},{"floor":12,"key":"DistilledChaos"},{"floor":13,"key":"SteroidPotion"},{"floor":16,"key":"Explosive Potion"},{"floor":18,"key":"GamblersBrew"},{"floor":20,"key":"champ:CounterPotion"},{"floor":22,"key":"Weak Potion"},{"floor":27,"key":"hexamod:EctoCoolerPotion"}],"is_trial":false,"path_per_floor":["M","M","?","?","M","R","M","R","T","?","$","M","M","$","R","B",null,"M","$","M","M","M","$","?","R","T","M","?","E"],"character_chosen":"DEFECT","items_purchased":["DataDisk","Defragment","ReplayTheSpireMod:Brewmster","White Beast Statue","Panic Button","Ball Lightning","ReplayTheSpireMod:Calculation Training","Self Repair","Leap+1","ReplayTheSpireMod:CursedCoin"],"campfire_rested":4,"item_purchase_floors":[0,0,0,0,0,0,11,11,19,23],"current_hp_per_floor":[60,60,36,36,36,57,41,62,62,67,67,61,59,59,76,66,74,67,67,73,73,57,57,57,76,76,76,76,0,0],"gold":127,"neow_bonus":"","is_daily":false,"chose_seed":false,"campfire_upgraded":0,"win_rate":0.0,"timestamp":1609178167,"path_taken":["M","M","?","?","M","R","M","R","T","?","?","M","M","$","R","BOSS","M","$","?","?","M","$","?","R","T","?","?","E"],"items_purchased_type":["Relic","Card","Card","Relic","Card","Card","Card","Card","Card","Relic"],"build_version":"2020-12-22","purchased_purges":2,"victory":false,"max_hp_per_floor":[71,71,71,71,71,71,71,71,71,76,76,76,76,76,76,76,76,76,76,76,76,76,76,76,76,76,76,76,76,76],"card_choices":[{"not_picked":["FIFO Queue","Ball Lightning"],"picked":"Conserve Battery","floor":1},{"not_picked":["Lockon","Darkness"],"picked":"Loop","floor":2},{"not_picked":["Coolheaded","Rebound","Stack"],"picked":"SKIP","floor":5},{"not_picked":["Ball Lightning","Compile Driver","Steam"],"picked":"SKIP","floor":7},{"not_picked":["Ball Lightning","Rebound"],"picked":"Tempest","floor":12},{"not_picked":["Coolheaded","ReplayTheSpireMod:Calculation Training"],"picked":"ReplayTheSpireMod:Fabricate Wheel","floor":13},{"not_picked":["Reboot","Buffer"],"picked":"ReplayTheSpireMod:Fabricate Wheel","floor":16},{"not_picked":["Melter+1","Darkness+1"],"picked":"Double Energy+1","floor":18},{"not_picked":["White Noise","ReplayTheSpireMod:Dual Polarity"],"picked":"Capacitor","floor":18},{"not_picked":["Steam+1","Hologram"],"picked":"Self Repair","floor":18},{"not_picked":["ReplaySort","Panic Button"],"picked":"Heatsinks","floor":20},{"not_picked":["ReplayGash","Scrape"],"picked":"Self Repair","floor":20},{"not_picked":["ReplayTheSpireMod:GoodbyeWorld","Rebound"],"picked":"Heatsinks","floor":20},{"not_picked":["Hello World","Sweeping Beam","Turbo"],"picked":"SKIP","floor":20},{"not_picked":["Coolheaded+1","ReplaySolidLightProjector"],"picked":"ReplaySort","floor":21},{"not_picked":["Steam","Compile Driver"],"picked":"Reboot","floor":21},{"not_picked":["Compile Driver","ReplayTheSpireMod:System Scan"],"picked":"Consume","floor":21},{"not_picked":["Steam","Beam Cell","ReplaySort"],"picked":"SKIP","floor":21},{"not_picked":["Steam","Rip and Tear"],"picked":"ReplayTheSpireMod:Fabricate Wheel","floor":22},{"not_picked":["Steam","Hologram"],"picked":"Loop","floor":22},{"not_picked":["BasicCrystalCard","Ball Lightning","Barrage"],"picked":"SKIP","floor":22},{"not_picked":["Compile Driver","Coolheaded","Barrage"],"picked":"SKIP","floor":22},{"not_picked":["Conserve Battery","Steam"],"picked":"Force Field+1","floor":27},{"not_picked":["Rebound","Cold Snap"],"picked":"Seek","floor":27},{"not_picked":["Coolheaded","Reprogram"],"picked":"Double Energy","floor":27},{"not_picked":["Barrage","Coolheaded+1","Stack"],"picked":"SKIP","floor":27},{"not_picked":["Sweeping Beam","Darkness","Turbo"],"picked":"SKIP","floor":27}],"player_experience":2685880,"relics_obtained":[{"floor":9,"key":"Potion Belt"},{"floor":26,"key":"Letter Opener"}],"event_choices":[{"damage_healed":0,"gold_gain":0,"player_choice":"Take Damage","damage_taken":24,"relics_obtained":["Golden Idol"],"max_hp_gain":0,"max_hp_loss":0,"event_name":"Golden Idol","floor":3,"gold_loss":0},{"cards_removed":["Strike_B"],"damage_healed":0,"gold_gain":0,"player_choice":"Forget","damage_taken":0,"max_hp_gain":0,"max_hp_loss":0,"event_name":"Living Wall","floor":4,"gold_loss":0},{"damage_healed":0,"gold_gain":0,"player_choice":"Donut","damage_taken":0,"max_hp_gain":5,"max_hp_loss":0,"event_name":"Big Fish","floor":10,"gold_loss":0},{"damage_healed":0,"gold_gain":0,"player_choice":"Gave Potion","damage_taken":0,"relics_obtained":["Orichalcum"],"max_hp_gain":0,"max_hp_loss":0,"event_name":"WeMeetAgain","floor":24,"gold_loss":0},{"damage_healed":0,"gold_gain":0,"player_choice":"Obtained Relic","damage_taken":0,"relics_obtained":["conspire:GlowingRock"],"max_hp_gain":0,"max_hp_loss":0,"event_name":"Addict","floor":28,"gold_loss":85}],"is_beta":false,"boss_relics":[{"not_picked":["ReplayTheSpireMod:DimensionalGlitch","Ectoplasm"],"picked":"FrozenCore"}],"items_purged_floors":[14,23],"is_endless":false,"potions_floor_spawned":[1,2,5,7,12,13,16,18,20,21,22,27],"killed_by":"Gremlin Leader","ascension_level":20}}