{"host":"ye7dkdlypz0ka1od","time":1609170458,"event":{"mods":["Act Like it!","Aspiration","BaseMod","Better Third Choice","Downfall","Gensokyo","Hallownest","Infinite Spire","Minty Spire (QoL Compilation)","StSLib","The Exalted"],"gold_per_floor":[99,117,128,128,128,128,196,196,196,210,210,210,224,237,251,350,350,350,370,388,153,188,188,188,228,228,230,230,252,252,278,315,325,325,325],"floor_reached":33,"playtime":1555,"items_purged":["hexamod:Strike"],"score":284,"play_id":"41a1249b-61b7-4166-94f1-582656e0a0c4","local_time":"20201228104738","is_ascension_mode":false,"campfire_choices":[{"data":"hexamod:Float","floor":1.0,"key":"SMITH"},{"data":"hexamod:SkipABeat","floor":6.0,"key":"SMITH"},{"data":"hexamod:HeatMetal","floor":8.0,"key":"SMITH"},{"data":"hexamod:InspiringFlames","floor":11.0,"key":"SMITH"},{"data":"hexamod:Sear","floor":18.0,"key":"SMITH"},{"floor":26,"key":"REST"},{"floor":30,"key":"REST"}],"circlet_count":0,"master_deck":["hexamod:Strike+1","hexamod:Strike+1","hexamod:Defend+1","hexamod:Defend","hexamod:Defend+1","hexamod:Sear+1","hexamod:Float+1","hexamod:SkipABeat+1","hexamod:HeatMetal+1","Heatsinks+1","hexamod:InspiringFlames+1","hexamod:WildfireWeapon","hexamod:FifthSeal","hexamod:HeatShield","hexamod:SixthSeal","hexamod:SecondSeal","Chill","hexamod:FirstSeal","hexamod:ThirdSeal","hexamod:SpectralAdrenaline+1"],"relics":["hexamod:SpiritBrand","Bromod:ArcaneAwakening","Singing Bowl","Lizard Tail","aspiration:IroncladSkillbook","Membership Card","PrismaticShard","Oddly Smooth Stone","infinitespire:Midas Blood"],"acts_visited":["Exordium","TheCity"],"potions_floor_usage":[25,25,25,32],"damage_taken":[{"damage":1.0,"enemies":"Jaw Worm","floor":2.0,"turns":4.0},{"damage":4.0,"enemies":"2 Louse","floor":3.0,"turns":3.0},{"damage":0.0,"enemies":"Small Slimes","floor":10.0,"turns":3.0},{"damage":2.0,"enemies":"Gremlin Gang","floor":13.0,"turns":5.0},{"damage":0.0,"enemies":"Exordium Wildlife","floor":14.0,"turns":3.0},{"damage":0.0,"enemies":"Blue Slaver","floor":15.0,"turns":4.0},{"damage":71.0,"enemies":"downfall:Defect","floor":16.0,"turns":7.0},{"damage":23.0,"enemies":"3 Byrds","floor":19.0,"turns":7.0},{"damage":16.0,"enemies":"Shell Parasite","floor":20.0,"turns":6.0},{"damage":10.0,"enemies":"downfall:FleeingMerchant","floor":21.0,"turns":4.0},{"damage":36.0,"enemies":"Snake Plant","floor":22.0,"turns":7.0},{"damage":35,"enemies":"Slavers","floor":25,"turns":6},{"damage":22,"enemies":"Snecko","floor":29,"turns":6},{"damage":2,"enemies":"Centurion and Healer","floor":31,"turns":8},{"damage":25,"enemies":"Snake Plant","floor":32,"turns":7},{"damage":46,"enemies":"downfall:Watcher","floor":33,"turns":4}],"seed_played":"235143930379718406","potions_obtained":[{"floor":3.0,"key":"FairyPotion"},{"floor":13.0,"key":"Ancient Potion"},{"floor":15.0,"key":"SteroidPotion"},{"floor":22.0,"key":"sneckomod:MuddlingPotion"},{"floor":25,"key":"hexamod:DoubleChargePotion"},{"floor":29,"key":"GamblersBrew"},{"floor":32,"key":"champ:CounterPotion"}],"is_trial":false,"path_per_floor":["R","M","M","?","?","R","T","R","?","M","R","?","M","M","M","B",null,"R","M","M","$","M","?","T","E","R","?","?","M","R","M","M","B"],"character_chosen":"THE_SPIRIT","items_purchased":["Membership Card","hexamod:SecondSeal"],"campfire_rested":2,"item_purchase_floors":[21,21],"current_hp_per_floor":[77,76,72,56,56,56,56,56,56,56,56,56,54,56,58,38,81,81,62,52,48,18,12,12,34,60,43,43,27,55,59,45,0,0,0],"gold":325,"neow_bonus":"TEN_PERCENT_HP_BONUS","is_daily":false,"chose_seed":false,"campfire_upgraded":5,"win_rate":0.0,"timestamp":1609170458,"path_taken":["R","M","M","?","?","R","T","R","?","M","R","?","M","M","M","BOSS","R","M","M","$","?","?","T","E","R","?","?","M","R","M","M","BOSS"],"items_purchased_type":["Relic","Card"],"build_version":"2020-12-22","purchased_purges":1,"victory":false,"max_hp_per_floor":[77,77,77,77,77,77,77,77,77,77,77,77,77,79,81,81,81,81,81,83,85,87,89,89,89,89,94,94,96,96,98,98,98,98,98],"card_choices":[{"not_picked":["hexamod:NightmareGuise","hexamod:GhostShield"],"picked":"hexamod:SkipABeat","floor":2.0},{"not_picked":["hexamod:ThermalTransfer","hexamod:SwordOfDarkness"],"picked":"hexamod:HeatMetal","floor":3.0},{"not_picked":["hexamod:NightmareStrike","hexamod:BurningTouch"],"picked":"hexamod:InspiringFlames","floor":10.0},{"not_picked":["hexamod:GhostLash","hexamod:InspiringFlames"],"picked":"hexamod:WildfireWeapon","floor":13.0},{"not_picked":["hexamod:NightmareGuise","hexamod:Hexaguard","hexamod:RainOfEmbers"],"picked":"Singing Bowl","floor":14.0},{"not_picked":["hexamod:Incineration","hexamod:BacktrackSmack","hexamod:SpectralAdrenaline"],"picked":"Singing Bowl","floor":15.0},{"not_picked":["hexamod:SearingWound","hexamod:ParanormalForm"],"picked":"hexamod:FifthSeal","floor":16.0},{"not_picked":["Warcry+1","hexamod:FastForward+1","hexamod:HeatMetal"],"picked":"hexamod:HeatShield","floor":19.0},{"not_picked":["hexamod:SecondSeal","hexamod:FourthSeal","hexamod:FirstSeal"],"picked":"hexamod:SixthSeal","floor":20.0},{"not_picked":["Pommel Strike+1","Dropkick+1","hexamod:SuperheatedStrike+1","hexamod:Incineration"],"picked":"Singing Bowl","floor":20.0},{"not_picked":["hexamod:SixthSeal","hexamod:ThirdSeal","hexamod:FirstSeal"],"picked":"hexamod:SecondSeal","floor":21.0},{"not_picked":["hexamod:PowerFromBeyond","hexamod:WildfireWeapon","Sword Boomerang+1","hexamod:GhostOfSpireFuture+1"],"picked":"Singing Bowl","floor":21.0},{"not_picked":["hexamod:SuperheatedStrike","Twin Strike","Pommel Strike","Evolve"],"picked":"Singing Bowl","floor":22.0},{"not_picked":["Combust","Dropkick","hexamod:GhostShield","Entrench"],"picked":"Singing Bowl","floor":23.0},{"not_picked":["champ:FalseCounter+1","hexamod:GhostLash","Guardian:Gem_Cyan"],"picked":"Chill","floor":25},{"not_picked":["CrushJoints+1","Cloak And Dagger+1","Choke","Recycle"],"picked":"Singing Bowl","floor":29},{"not_picked":["hexamod:SixthSeal","hexamod:ThirdSeal","hexamod:FourthSeal"],"picked":"hexamod:FirstSeal","floor":31},{"not_picked":["Slimebound:SplitLeeching","hexamod:SpectersWail","True Grit","champ:FlashCut+1"],"picked":"Singing Bowl","floor":31},{"not_picked":["hexamod:FirstSeal","hexamod:SecondSeal","hexamod:SixthSeal"],"picked":"hexamod:ThirdSeal","floor":32},{"not_picked":["Guardian:MultiBeam","hexamod:Hexaguard+1","Bromod:PointStrike"],"picked":"hexamod:SpectralAdrenaline+1","floor":32}],"player_experience":1418304,"relics_obtained":[{"floor":7.0,"key":"Singing Bowl"},{"floor":9.0,"key":"Lizard Tail"},{"floor":23.0,"key":"PrismaticShard"},{"floor":24.0,"key":"Oddly Smooth Stone"},{"floor":25,"key":"infinitespire:Midas Blood"}],"event_choices":[{"cards_removed":["hexamod:Strike"],"damage_healed":0.0,"max_hp_gain":0.0,"max_hp_loss":0.0,"gold_gain":0.0,"event_name":"Living Wall","player_choice":"Forget","floor":5.0,"gold_loss":0.0,"damage_taken":0.0},{"cards_removed":["hexamod:Defend"],"damage_healed":0.0,"max_hp_gain":0.0,"max_hp_loss":0.0,"gold_gain":0.0,"event_name":"Bonfire Elementals","player_choice":"Offered Basic","floor":12.0,"gold_loss":0.0,"damage_taken":0.0},{"cards_removed":["hexamod:SecondSeal"],"damage_healed":0,"gold_gain":0,"player_choice":"Purged","damage_taken":0,"max_hp_gain":0,"max_hp_loss":0,"event_name":"Purifier","floor":28,"gold_loss":0}],"is_beta":false,"boss_relics":[{"not_picked":["Coffee Dripper","hexamod:IceCube"],"picked":"aspiration:IroncladSkillbook"}],"items_purged_floors":[21],"is_endless":false,"potions_floor_spawned":[3,13,15,22,25,29,32],"killed_by":"downfall:Watcher","ascension_level":0}}