{"host":"uyrebrj0204enqpc","time":1609122111,"event":{"mods":["Act Like it!","Bard","BaseMod","Block Reminder","Challenge The Spire","Colored Map","Colored Powertips","DeckTracker","Downfall","GifTheSpireLib","HexUI Lib","Highlight Path","Hubris","Infinite Spire","Minty Spire (QoL Compilation)","Quick Restart","Random Character Button","Relic Sorter","Relic Stats","Replay The Spire","Shop Mod","StSLib","The Blue Laboratory","The Bug Knight","The Cursed","The Jungle","The Marked","Wandering Minibosses"],"gold_per_floor":[119,119,136,136,136,167,167,185,185,205,240,255,255,286,286,383,383,399,410,410,429,49,76,76,107,107,140,157,157,157,187,187,286,286,297,297,347,357,376,409,409,441,441,441,476,476,489,507,507,602,602,612,612,612,621,369,397,397,392,466,498,498,510,523,523,523,620,620,625,540,540,555,558,558,589,589,613,618,627,644,644,668,668,765,765,781,786,797,797,766,766],"floor_reached":90,"playtime":8588,"items_purged":["Strike_R","Strike_R","Defend_R","Anger","Bash+1"],"score":2171,"play_id":"d7c1dc01-f1dc-4b54-a36d-a90bf40e71d0","local_time":"20201227212151","is_ascension_mode":true,"campfire_choices":[{"data":"hubris:InfiniteBlow+4","floor":7.0,"key":"SMITH"},{"data":"True Grit","floor":13.0,"key":"SMITH"},{"data":"hubris:InfiniteBlow+9","floor":15.0,"key":"SMITH"},{"data":"hubris:InfiniteBlow+14","floor":24.0,"key":"SMITH"},{"floor":32.0,"key":"DIG"},{"data":"hubris:InfiniteBlow+16","floor":41.0,"key":"SMITH"},{"data":"hubris:InfiniteBlow+17","floor":44.0,"key":"SMITH"},{"data":"hubris:InfiniteBlow+18","floor":46.0,"key":"SMITH"},{"data":"Doubt","floor":49.0,"key":"PURGE"},{"floor":58.0,"key":"DIG"},{"floor":66.0,"key":"DIG"},{"floor":74.0,"key":"DIG"},{"floor":76.0,"key":"DIG"},{"data":"ReplayTheSpireMod:LeadingStrike","floor":81.0,"key":"SMITH"},{"floor":83.0,"key":"DIG"}],"circlet_count":0,"master_deck":["Pommel Strike","hubris:InfiniteBlow+28","Armaments","hubris:ReadiedAction","ReplayReversal","True Grit+1","ReplayTheSpireMod:LeadingStrike+1","Shrug It Off+1","Shrug It Off+1","Double Tap+1","Headbutt+1","Impatience+1","Offering+1"],"relics":["Black Blood","hubris:Icosahedron","CultistMask","Paper Frog","hubris:TinFlute","Pen Nib","Toxic Egg 2","ChewingGum","Bottled Flame","TungstenRod","Shovel","hubris:SphereOfDissonance","Gremlin Horn","Akabeko","MutagenicStrength","Strawberry","Replay:Bottled Snecko","Kintsugi","Unceasing Top","Whetstone","hubris:Stopwatch","OrangePellets","Regal Pillow","Mummified Hand","Art of War","MealTicket","HollowMod:LifeEnderRelic","hubris:PeanutButter","Pear","Nunchaku","Calling Bell","infinitespire:PuzzleCube","Iron Hammer","Prayer Wheel","Counterbalance","Meat on the Bone","Matryoshka","Juzu Bracelet","ReplayFunnel","Vajra","Red Mask","Turnip","hubris:ToyBattleship","Potion Belt"],"acts_visited":["Exordium","TheCity","TheBeyond","Exordium","TheCity","TheBeyond"],"potions_floor_usage":[90,90],"damage_taken":[{"damage":1.0,"enemies":"2 Louse","floor":1.0,"turns":2.0},{"damage":0.0,"enemies":"Small Slimes","floor":3.0,"turns":2.0},{"damage":17.0,"enemies":"3 Sentries","floor":6.0,"turns":7.0},{"damage":0.0,"enemies":"Cultist","floor":8.0,"turns":2.0},{"damage":14.0,"enemies":"Lots of Slimes","floor":10.0,"turns":4.0},{"damage":4.0,"enemies":"Replay:BlueRogue","floor":11.0,"turns":4.0},{"damage":0.0,"enemies":"Blue Slaver","floor":12.0,"turns":2.0},{"damage":9.0,"enemies":"Lagavulin","floor":14.0,"turns":5.0},{"damage":11.0,"enemies":"The Guardian","floor":16.0,"turns":4.0},{"damage":0.0,"enemies":"Chosen","floor":18.0,"turns":2.0},{"damage":5.0,"enemies":"3 Byrds","floor":19.0,"turns":4.0},{"damage":7.0,"enemies":"Centurion and Healer","floor":21.0,"turns":4.0},{"damage":0.0,"enemies":"Gremlin Leader","floor":23.0,"turns":1.0},{"damage":0.0,"enemies":"Nightmare","floor":25.0,"turns":1.0},{"damage":9.0,"enemies":"Slavers","floor":27.0,"turns":6.0},{"damage":0.0,"enemies":"Snake Plant","floor":28.0,"turns":1.0},{"damage":21.0,"enemies":"HollowMod:Nosk","floor":31.0,"turns":5.0},{"damage":4.0,"enemies":"hubris:MusketHawk","floor":33.0,"turns":2.0},{"damage":23.0,"enemies":"3 Darklings","floor":35.0,"turns":5.0},{"damage":0.0,"enemies":"Mind Bloom Boss Battle","floor":37.0,"turns":1.0},{"damage":0.0,"enemies":"Orb Walker","floor":38.0,"turns":1.0},{"damage":6.0,"enemies":"Sphere and 2 Shapes","floor":39.0,"turns":3.0},{"damage":0.0,"enemies":"R_Hoarder","floor":40.0,"turns":1.0},{"damage":0.0,"enemies":"HollowMod:StalkingDevout","floor":42.0,"turns":1.0},{"damage":0.0,"enemies":"R_Hoarder","floor":45.0,"turns":1.0},{"damage":0.0,"enemies":"Jaw Worm Horde","floor":47.0,"turns":2.0},{"damage":0.0,"enemies":"4 Shapes","floor":48.0,"turns":3.0},{"damage":0.0,"enemies":"Time Eater","floor":50.0,"turns":1.0},{"damage":0.0,"enemies":"Small Slimes","floor":52.0,"turns":1.0},{"damage":0.0,"enemies":"Cultist","floor":55.0,"turns":1.0},{"damage":0.0,"enemies":"Lagavulin","floor":57.0,"turns":1.0},{"damage":4.0,"enemies":"3 Sentries","floor":59.0,"turns":6.0},{"damage":0.0,"enemies":"Lagavulin","floor":61.0,"turns":1.0},{"damage":0.0,"enemies":"2 Louse","floor":63.0,"turns":1.0},{"damage":0.0,"enemies":"Looter","floor":64.0,"turns":1.0},{"damage":0.0,"enemies":"The Guardian","floor":67.0,"turns":1.0},{"damage":0.0,"enemies":"2 Thieves","floor":69.0,"turns":1.0},{"damage":0.0,"enemies":"Spheric Guardian","floor":72.0,"turns":1.0},{"damage":0.0,"enemies":"Chosen and Byrds","floor":73.0,"turns":1.0},{"damage":0.0,"enemies":"Gremlin Leader","floor":75.0,"turns":1.0},{"damage":0.0,"enemies":"Centurion and Healer","floor":78.0,"turns":2.0},{"damage":0.0,"enemies":"Sentry and Sphere","floor":79.0,"turns":1.0},{"damage":0.0,"enemies":"Masked Bandits","floor":80.0,"turns":1.0},{"damage":0.0,"enemies":"Book of Stabbing","floor":82.0,"turns":1.0},{"damage":1.0,"enemies":"Champ","floor":84.0,"turns":1.0},{"damage":0.0,"enemies":"Orb Walker","floor":86.0,"turns":1.0},{"damage":2.0,"enemies":"3 Shapes","floor":87.0,"turns":3.0},{"damage":0.0,"enemies":"Writhing Mass","floor":88.0,"turns":1.0},{"damage":0,"enemies":"infinitespire:Three Voidlings","floor":90,"turns":2},{"damage":116,"enemies":"Nightmare_Alpha","floor":90,"turns":5}],"seed_played":"-1547791219204212942","potions_obtained":[{"floor":1.0,"key":"AttackPotion"},{"floor":3.0,"key":"blueLaboratory:PyrophylliteBrew"},{"floor":6.0,"key":"SpeedPotion"},{"floor":11.0,"key":"SpeedPotion"},{"floor":16.0,"key":"blueLaboratory:BottleOfVodka"},{"floor":21.0,"key":"CultistPotion"},{"floor":33.0,"key":"blueLaboratory:IronCompound"},{"floor":37.0,"key":"blueLaboratory:Moonshine"}],"is_trial":false,"path_per_floor":["M","?","M","?","?","E","R","M","T","M","E","M","R","E","R_BF","B",null,"M","M","AVR","M","$","E","R","NM","T","E","M","?","?","E","R_BF","B",null,"M","?","?","M","M","E","R","E","T","R","E","R","M","M","R_BF","B",null,"M","?","AVR","M","$","E","R","E","T","E","?","M","M","T","R_BF","B",null,"M","?","?","M","M","R","E","R","T","M","M","?","R","E","R","B",null,"M","M","M","AVR","?"],"character_chosen":"IRONCLAD","items_purchased":["TungstenRod","Regal Pillow"],"campfire_rested":0,"item_purchase_floors":[22,56],"current_hp_per_floor":[72,55,61,61,61,50,50,56,56,48,50,56,56,53,53,48,72,72,72,72,71,71,72,72,72,72,69,72,72,72,64,64,66,79,62,58,64,70,70,76,76,79,79,79,79,79,79,79,79,79,79,79,79,79,79,79,79,79,79,79,79,79,79,79,89,89,89,89,89,89,89,89,89,89,89,89,89,89,89,89,89,89,89,89,89,89,89,89,89,0,0],"gold":766,"neow_bonus":"TRANSFORM_TWO_CARDS","is_daily":false,"chose_seed":false,"campfire_upgraded":8,"win_rate":0.0,"timestamp":1609122111,"path_taken":["M","?","M","?","?","E","R","M","T","M","E","M","R","E","R_BF","BOSS","M","?","AVR","M","?","E","R","NM","T","E","M","?","?","E","R_BF","BOSS","M","?","?","?","M","E","R","E","T","R","E","R","M","?","R_BF","BOSS","M","?","AVR","?","$","E","R","E","T","E","?","?","M","?","R_BF","BOSS","M","?","?","?","M","R","E","R","T","M","M","?","R","E","R","BOSS","M","M","M","AVR","?"],"items_purchased_type":["Relic","Relic"],"build_version":"2020-12-22","purchased_purges":5,"victory":false,"max_hp_per_floor":[72,72,72,72,72,72,72,72,72,72,72,72,72,72,72,72,72,72,72,72,72,72,72,72,72,72,72,72,72,72,79,79,79,79,79,79,79,79,79,79,79,79,79,79,79,79,79,79,79,79,79,79,79,79,79,79,79,79,79,79,79,79,79,79,89,89,89,89,89,89,89,89,89,89,89,89,89,89,89,89,89,89,89,89,89,89,89,89,89,89,89],"relic_stats":{"Regal Pillow":0,"Gremlin Horn":[28,28],"counters":[50,112],"Black Blood":122,"Pen Nib":[17],"Juzu Bracelet":0,"Whetstone":["hubris:InfiniteBlow","Bash"],"OrangePellets":[0],"Nunchaku":[5],"Shovel":6,"Mummified Hand":[0],"MealTicket":0,"Prayer Wheel":8,"Turnip":[0],"Art of War":[0],"obtain_stats":[{"ReplayFunnel":77,"Regal Pillow":56,"Gremlin Horn":26,"Vajra":77,"Black Blood":85,"Juzu Bracelet":76,"Whetstone":40,"Burning Blood":0,"Nunchaku":66,"Shovel":23,"hubris:Icosahedron":30,"Matryoshka":75,"Mummified Hand":57,"Strawberry":31,"hubris:Stopwatch":51,"MealTicket":59,"Prayer Wheel":68,"Iron Hammer":68,"Red Mask":80,"Replay:Bottled Snecko":32,"Toxic Egg 2":14,"hubris:TinFlute":9,"Paper Frog":6,"Potion Belt":89,"HollowMod:LifeEnderRelic":60,"Pear":65,"Counterbalance":70,"hubris:SphereOfDissonance":25,"Pen Nib":11,"Akabeko":27,"Calling Bell":68,"OrangePellets":54,"Bottled Flame":20,"MutagenicStrength":29,"ChewingGum":17,"hubris:PeanutButter":61,"CultistMask":5,"Turnip":82,"Art of War":58,"hubris:ToyBattleship":83,"Kintsugi":34,"TungstenRod":22,"Unceasing Top":37,"infinitespire:PuzzleCube":68,"Meat on the Bone":74},{"ReplayFunnel":40,"Regal Pillow":30,"Gremlin Horn":14,"Vajra":40,"Black Blood":45,"Juzu Bracelet":40,"Whetstone":23,"Burning Blood":0,"Nunchaku":35,"Shovel":13,"hubris:Icosahedron":16,"Matryoshka":40,"Mummified Hand":31,"Strawberry":17,"hubris:Stopwatch":28,"MealTicket":32,"Prayer Wheel":36,"Iron Hammer":36,"Red Mask":43,"Replay:Bottled Snecko":17,"Toxic Egg 2":8,"hubris:TinFlute":4,"Paper Frog":3,"Potion Belt":48,"HollowMod:LifeEnderRelic":32,"Pear":35,"Counterbalance":37,"hubris:SphereOfDissonance":14,"Pen Nib":6,"Akabeko":15,"Calling Bell":36,"OrangePellets":29,"Bottled Flame":11,"MutagenicStrength":16,"ChewingGum":9,"hubris:PeanutButter":33,"CultistMask":2,"Turnip":44,"Art of War":31,"hubris:ToyBattleship":44,"Kintsugi":18,"TungstenRod":12,"Unceasing Top":20,"infinitespire:PuzzleCube":36,"Meat on the Bone":39},{"ReplayFunnel":94,"Regal Pillow":79,"Gremlin Horn":44,"Vajra":94,"Black Blood":100,"Juzu Bracelet":94,"Whetstone":69,"Burning Blood":0,"Nunchaku":89,"Shovel":43,"hubris:Icosahedron":51,"Matryoshka":94,"Mummified Hand":80,"Strawberry":56,"hubris:Stopwatch":77,"MealTicket":86,"Prayer Wheel":90,"Iron Hammer":90,"Red Mask":98,"Replay:Bottled Snecko":56,"Toxic Egg 2":28,"hubris:TinFlute":13,"Paper Frog":11,"Potion Belt":105,"HollowMod:LifeEnderRelic":86,"Pear":89,"Counterbalance":91,"hubris:SphereOfDissonance":44,"Pen Nib":21,"Akabeko":50,"Calling Bell":90,"OrangePellets":78,"Bottled Flame":38,"MutagenicStrength":51,"ChewingGum":32,"hubris:PeanutButter":87,"CultistMask":4,"Turnip":99,"Art of War":80,"hubris:ToyBattleship":99,"Kintsugi":58,"TungstenRod":42,"Unceasing Top":64,"infinitespire:PuzzleCube":90,"Meat on the Bone":93}],"TungstenRod":23,"Unceasing Top":[1],"Meat on the Bone":0},"card_choices":[{"not_picked":["Run Through","Uppercut"],"picked":"Anger","floor":1.0},{"not_picked":["infinitespire:Punishment","infinitespire:Collect"],"picked":"hubris:InfiniteBlow+4","floor":2.0},{"not_picked":["Ghostly Armor","Spot Weakness"],"picked":"Armaments","floor":3.0},{"not_picked":["Reaper","Body Slam"],"picked":"hubris:ReadiedAction","floor":6.0},{"not_picked":["ReplayTheSpireMod:Strike From Hell","Fire Breathing","hubris:SharpeningStone"],"picked":"SKIP","floor":8.0},{"not_picked":["Run Through","Clash"],"picked":"ReplayReversal","floor":10.0},{"not_picked":["ReplayTheSpireMod:Strike From Hell","Disarm","Power Through"],"picked":"SKIP","floor":11.0},{"not_picked":["Abandon","Headbutt"],"picked":"True Grit","floor":12.0},{"not_picked":["Shockwave+1","Berserk","Run Through"],"picked":"SKIP","floor":14.0},{"not_picked":["Battle Trance+1","Feel No Pain+1"],"picked":"ReplayTheSpireMod:LeadingStrike","floor":18.0},{"not_picked":["Sword Boomerang","Searing Blow+1"],"picked":"Shrug It Off+1","floor":19.0},{"not_picked":["Thunderclap","Run Through","Infernal Blade+1"],"picked":"SKIP","floor":21.0},{"not_picked":["Cleave","Searing Blow","Body Slam"],"picked":"SKIP","floor":23.0},{"not_picked":["Anger","ReplayReversal+1"],"picked":"Shrug It Off+1","floor":25.0},{"not_picked":["Replay:Undeath\u0027s Touch","Battle Trance+1","Body Slam"],"picked":"SKIP","floor":27.0},{"not_picked":["Armaments+1","Anger","Limit Break+1"],"picked":"SKIP","floor":28.0},{"not_picked":["Sever Soul","Feel No Pain+1","Dropkick"],"picked":"SKIP","floor":31.0},{"not_picked":["Limit Break+1","Exhume+1"],"picked":"Double Tap+1","floor":33.0},{"not_picked":["Anger","Massacre"],"picked":"Headbutt+1","floor":35.0},{"not_picked":["Swift Strike","expansioncontent:Hexaburn"],"picked":"Impatience+1","floor":36.0},{"not_picked":["ReplayTheSpireMod:Strike From Hell","Carnage","Inflame"],"picked":"SKIP","floor":38.0},{"not_picked":["ReplayTheSpireMod:Strike From Hell","Carnage","Inflame"],"picked":"SKIP","floor":38.0},{"not_picked":["Wild Strike","Havoc+1","Flex+1"],"picked":"SKIP","floor":39.0},{"not_picked":["Clothesline+1","Hemokinesis","Body Slam+1"],"picked":"SKIP","floor":40.0},{"not_picked":["Warcry+1","Replay:Undeath\u0027s Touch","Rampage"],"picked":"SKIP","floor":42.0},{"not_picked":["Perfected Strike","Dual Wield+1","Wild Strike"],"picked":"SKIP","floor":45.0},{"not_picked":["ReplayTheSpireMod:Strike From Hell+1","Power Through+1","hubris:ReadiedAction+1"],"picked":"SKIP","floor":47.0},{"not_picked":["Clash+1","Double Tap+1","Run Through+1"],"picked":"SKIP","floor":48.0},{"not_picked":["Defy Death+1","Anger","Wild Strike"],"picked":"SKIP","floor":52.0},{"not_picked":["Rupture","Warcry+1","hubris:SharpeningStone+1"],"picked":"SKIP","floor":55.0},{"not_picked":["Headbutt","Warcry+1","Heavy Blade"],"picked":"SKIP","floor":57.0},{"not_picked":["Whirlwind","Ghostly Armor+1","Wild Strike"],"picked":"SKIP","floor":59.0},{"not_picked":["Perfected Strike","hubris:StunningStrike","Battle Trance+1"],"picked":"SKIP","floor":61.0},{"not_picked":["hubris:ReadiedAction+1","Wild Strike","Bloodletting+1"],"picked":"SKIP","floor":63.0},{"not_picked":["Iron Wave","Thunderclap","Pommel Strike"],"picked":"SKIP","floor":64.0},{"not_picked":["Impervious+1","Reaper"],"picked":"Offering+1","floor":67.0},{"not_picked":["Anger","Second Wind+1","Heavy Blade"],"picked":"SKIP","floor":69.0},{"not_picked":["Cleave+1","Havoc+1","Run Through"],"picked":"SKIP","floor":69.0},{"not_picked":["Anger+1","Spot Weakness+1","ReplayTheSpireMod:Muscle Training+1"],"picked":"SKIP","floor":72.0},{"not_picked":["Clash+1","Havoc+1","ReplayTheSpireMod:Corrosion Curse+1"],"picked":"SKIP","floor":72.0},{"not_picked":["Body Slam+1","Twin Strike","Flame Barrier+1"],"picked":"SKIP","floor":73.0},{"not_picked":["Body Slam","Run Through","Armaments+1"],"picked":"SKIP","floor":73.0},{"not_picked":["Shrug It Off+1","Thunderclap","Twin Strike"],"picked":"SKIP","floor":75.0},{"not_picked":["Sword Boomerang+1","Warcry+1","Brutality"],"picked":"SKIP","floor":78.0},{"not_picked":["Anger","Rupture","hubris:SharpeningStone+1"],"picked":"SKIP","floor":78.0},{"not_picked":["Pommel Strike","Flex+1","Rage+1"],"picked":"SKIP","floor":79.0},{"not_picked":["Headbutt+1","Wild Strike","Rage+1"],"picked":"SKIP","floor":79.0},{"not_picked":["Thunderclap","ReplayTheSpireMod:Corrosion Curse+1","infinitespire:OneForAll"],"picked":"SKIP","floor":82.0},{"not_picked":["hubris:CleavingFinish","Heavy Blade+1","Havoc+1"],"picked":"SKIP","floor":86.0},{"not_picked":["Iron Wave","Havoc+1","Warcry+1"],"picked":"SKIP","floor":86.0},{"not_picked":["Twin Strike+1","True Grit+1","Heavy Blade"],"picked":"SKIP","floor":87.0},{"not_picked":["Body Slam","Clothesline+1","Sword Boomerang+1"],"picked":"SKIP","floor":87.0},{"not_picked":["Rupture+1","Headbutt+1","ReplayTheSpireMod:Limb From Limb"],"picked":"SKIP","floor":88.0},{"not_picked":["Replay:Undeath\u0027s Touch+1","ReplayTheSpireMod:Corrosion Curse+1","True Grit+1"],"picked":"SKIP","floor":88.0}],"player_experience":961133,"relics_obtained":[{"floor":6.0,"key":"Paper Frog"},{"floor":9.0,"key":"hubris:TinFlute"},{"floor":11.0,"key":"Pen Nib"},{"floor":14.0,"key":"Toxic Egg 2"},{"floor":23.0,"key":"Shovel"},{"floor":25.0,"key":"hubris:SphereOfDissonance"},{"floor":26.0,"key":"Gremlin Horn"},{"floor":27.0,"key":"Akabeko"},{"floor":31.0,"key":"Strawberry"},{"floor":32.0,"key":"Replay:Bottled Snecko"},{"floor":37.0,"key":"Unceasing Top"},{"floor":40.0,"key":"Whetstone"},{"floor":57.0,"key":"Mummified Hand"},{"floor":58.0,"key":"Art of War"},{"floor":59.0,"key":"MealTicket"},{"floor":60.0,"key":"HollowMod:LifeEnderRelic"},{"floor":61.0,"key":"hubris:PeanutButter"},{"floor":65.0,"key":"Pear"},{"floor":66.0,"key":"Nunchaku"},{"floor":68.0,"key":"infinitespire:PuzzleCube"},{"floor":68.0,"key":"Iron Hammer"},{"floor":68.0,"key":"Prayer Wheel"},{"floor":74.0,"key":"Meat on the Bone"},{"floor":75.0,"key":"Matryoshka"},{"floor":76.0,"key":"Juzu Bracelet"},{"floor":77.0,"key":"ReplayFunnel"},{"floor":77.0,"key":"Vajra"},{"floor":80.0,"key":"Red Mask"},{"floor":82.0,"key":"Turnip"},{"floor":83.0,"key":"hubris:ToyBattleship"}],"event_choices":[{"damage_healed":0.0,"max_hp_gain":0.0,"max_hp_loss":0.0,"gold_gain":0.0,"event_name":"Liars Game","player_choice":"Ignored","floor":4.0,"gold_loss":0.0,"damage_taken":0.0},{"damage_healed":0.0,"max_hp_gain":0.0,"max_hp_loss":0.0,"gold_gain":0.0,"event_name":"FaceTrader","player_choice":"Trade","floor":5.0,"gold_loss":0.0,"damage_taken":0.0,"relics_obtained":["CultistMask"]},{"damage_healed":0.0,"max_hp_gain":0.0,"max_hp_loss":0.0,"gold_gain":0.0,"event_name":"Drug Dealer","player_choice":"Inject Mutagens","floor":29.0,"gold_loss":0.0,"damage_taken":0.0,"relics_obtained":["MutagenicStrength"]},{"damage_healed":0.0,"max_hp_gain":0.0,"max_hp_loss":0.0,"gold_gain":0.0,"event_name":"SensoryStone","player_choice":"Memory 2","floor":36.0,"gold_loss":0.0,"damage_taken":5.0},{"damage_healed":0.0,"max_hp_gain":0.0,"max_hp_loss":0.0,"gold_gain":0.0,"event_name":"MindBloom","player_choice":"Fight","floor":37.0,"gold_loss":0.0,"damage_taken":0.0},{"cards_removed":["ReplayTheSpireMod:Doomed"],"damage_healed":0.0,"max_hp_gain":0.0,"max_hp_loss":0.0,"gold_gain":0.0,"event_name":"Fountain of Cleansing","player_choice":"Removed Curses","floor":53.0,"gold_loss":0.0,"damage_taken":0.0},{"damage_healed":0.0,"max_hp_gain":0.0,"max_hp_loss":0.0,"gold_gain":0.0,"event_name":"Match and Keep!","player_choice":"0 cards matched","floor":62.0,"gold_loss":0.0,"damage_taken":0.0,"cards_obtained":[]},{"damage_healed":0.0,"max_hp_gain":0.0,"max_hp_loss":0.0,"gold_gain":0.0,"event_name":"Addict","player_choice":"Obtained Relic","floor":70.0,"gold_loss":85.0,"damage_taken":0.0,"relics_obtained":["Counterbalance"]},{"damage_healed":0.0,"max_hp_gain":0.0,"max_hp_loss":0.0,"gold_gain":0.0,"event_name":"Accursed Blacksmith","player_choice":"Forge","floor":71.0,"gold_loss":0.0,"damage_taken":0.0,"cards_upgraded":["hubris:InfiniteBlow"]},{"damage_healed":0.0,"max_hp_gain":0.0,"max_hp_loss":0.0,"gold_gain":0.0,"event_name":"Masked Bandits","player_choice":"Fought Bandits","floor":80.0,"gold_loss":0.0,"damage_taken":0.0}],"is_beta":false,"boss_relics":[{"not_picked":["Abe\u0027s Treasure","SlaversCollar"],"picked":"ChewingGum"},{"not_picked":["Replay:Drink Me","hubris:BlackHole"],"picked":"Kintsugi"},{"not_picked":["hubris:RunicObelisk","ReplayTheSpireMod:SealedPack"],"picked":"hubris:Stopwatch"},{"not_picked":["Replay:Fungal Core","Replay:Grab Bag"],"picked":"Calling Bell"},{"not_picked":["Busted Crown","hubris:RunicObelisk"],"picked":"Black Blood"}],"items_purged_floors":[20,22,54,56,89],"is_endless":true,"potions_floor_spawned":[1,3,6,11,16,18,21,25,31,33,37,40,42,48,57,63,72,73,75,84,86,90],"killed_by":"Nightmare_Alpha","ascension_level":1}}