{"host":"8jwif9mna8ud19ho","time":1609135584,"event":{"mods":["BaseMod","Better Vampires","Lobotomy","Marisa£¨ìFÓê¡¡Ä§ÀíÉ³£©","Minty Spire (QoL Compilation)","Reimu£¨²©ÀöÁéÃÎ£©","RumiaBox-Â¶Ã×æ«µÄÉñÃØºÐ×Ó","StSLib","¡¾ÒÅÎï¿¨ÅÆ¡¿REMEMod"],"gold_per_floor":[114,114,128,2,27,27,27,27],"floor_reached":7,"playtime":197,"items_purged":["Defend_Lin:ReiMu"],"score":78,"play_id":"ab1bf92c-1076-42f9-bc31-1941bc6a6547","local_time":"20201228140624","is_ascension_mode":true,"campfire_choices":[{"data":"FoulBorder2:ReiMu","floor":6,"key":"SMITH"}],"circlet_count":0,"master_deck":["AscendersBane","Strike_Lin:ReiMu","Strike_Lin:ReiMu","Strike_Lin:ReiMu","Defend_Lin:ReiMu","Defend_Lin:ReiMu","Defend_Lin:ReiMu","NB:ReiMu","Stagnation:ReiMu","FoulBorder2:ReiMu+1","UniverseFragment","Gathering:ReiMu","LearningPray:ReiMu","Enchanting:ReiMu"],"relics":["FlyPower:ReiMu","REME_ComplimentaryCards","CogitoBucket","Vajra"],"acts_visited":["Exordium"],"potions_floor_usage":[],"damage_taken":[{"damage":3,"enemies":"Jaw Worm","floor":1,"turns":7},{"damage":19,"enemies":"Cultist","floor":3,"turns":7},{"damage":24,"enemies":"Gremlin Nob","floor":7,"turns":5}],"seed_played":"-3503996987628234582","potions_obtained":[{"floor":3,"key":"Weak Potion"}],"is_trial":false,"path_per_floor":["M","?","M","$","T","R","E"],"character_chosen":"REIMU","items_purchased":["Enchanting:ReiMu"],"campfire_rested":0,"item_purchase_floors":[4],"current_hp_per_floor":[51,51,32,32,32,32,8,8],"gold":27,"neow_bonus":"","is_daily":false,"chose_seed":false,"campfire_upgraded":1,"win_rate":0.0,"timestamp":1609135584,"path_taken":["M","?","M","$","?","R","E"],"items_purchased_type":["Card"],"build_version":"2020-12-22","purchased_purges":1,"victory":false,"max_hp_per_floor":[60,60,60,60,60,60,60,60],"card_choices":[{"not_picked":["SnowQueen","CrumblingArmor"],"picked":"UniverseFragment","floor":1},{"not_picked":["SafetyPray:ReiMu","WonderfulDomain:ReiMu"],"picked":"Gathering:ReiMu","floor":1},{"not_picked":["KamiSacrifice:ReiMu","ForcedLanding:ReiMu"],"picked":"LearningPray:ReiMu","floor":3}],"player_experience":1102495,"relics_obtained":[{"floor":5,"key":"Vajra"}],"event_choices":[{"cards_removed":["Strike_Lin:ReiMu"],"damage_healed":0,"gold_gain":0,"player_choice":"Purged","damage_taken":0,"max_hp_gain":0,"max_hp_loss":0,"event_name":"Purifier","floor":2,"gold_loss":0}],"is_beta":false,"boss_relics":[],"items_purged_floors":[4],"is_endless":false,"potions_floor_spawned":[3],"killed_by":"Gremlin Nob","ascension_level":20}}