{"host":"le69utka9ynaq64d","time":1609182045,"event":{"mods":["AchievementEnabler","Aspiration","BaseMod","Block Reminder","Conspire","Energized Spire","GifTheSpireLib","Halation","Hubris","Minty Spire (QoL Compilation)","Permanent Neow","Quick Restart","Replay The Spire","RiskOfSpire","StSLib","Stuff the Spire","Trackpad","vexMod"],"gold_per_floor":[241,260,260,260,108,108,139,158,158,158,128,163,163,181,181,190,190,209,10,10,10,27,27,53,78,78,18,96,115,115,74,74,177,177,143,143,143,133,164,162,208,243,293,327,341,499,499,52,52,52,52],"floor_reached":50,"playtime":3559,"items_purged":["CommonCold"],"score":811,"play_id":"6d20be74-a997-4236-8234-98e5a080b6f0","local_time":"20201228140045","daily_mods":["Heirloom","DeadlyEvents","Elite Swarm"],"is_ascension_mode":false,"campfire_choices":[{"data":"Bash","floor":6.0,"key":"SMITH"},{"data":"Exhume","floor":13.0,"key":"SMITH"},{"data":"Anger","floor":15.0,"key":"SMITH"},{"data":"Anger","floor":23.0,"key":"SMITH"},{"floor":32.0,"key":"REST"},{"floor":49.0,"key":"REST"}],"circlet_count":0,"master_deck":["Strike_R+1","Strike_R","Strike_R","Strike_R","Strike_R","Defend_R","Defend_R","Defend_R","Defend_R+1","Bash+1","Anger+1","Self Repair+1","Anger+1","Anger+1","Exhume+1","Anger","ReplayTheSpireMod:Splinters","Shrug It Off","Juggernaut","Anger","ReplayTheSpireMod:Muscle Training+1","Limit Break","Demonic Infusion+1","Feed","Offering","Heavy Blade","Rampage"],"relics":["Charon\u0027s Ashes","Iron Core","trackpad:BottledAnger","StuffTheSpire:HeavyRock","riskOfSpire:ShapedGlass","trackpad:AdjectivePendant","riskOfSpire:TougherTimes","Durian","riskOfSpire:RejuvenationRack","Replay:Ancient Bell","Gremlin Food","The Courier","vexMod:RedPlottingStone","Quantum Egg","trackpad:PetRock","Regal Pillow","Blood Vial","riskOfSpire:ShieldGenerator","conspire:SlowCooker","riskOfSpire:CautiousSlug","riskOfSpire:FiftySevenLeafClover","riskOfSpire:BustlingFungus","trackpad:WritersBlock","riskOfSpire:ArmorPiercingRounds","ReplayTheSpireMod:Shallot","StuffTheSpire:Gunfinga","trackpad:BottledTsunami","King of Hearts","Shuriken","War Paint","hubris:FruitBowl","halation:LettersToHer","Thread and Needle"],"acts_visited":["Exordium","TheCity","TheBeyond"],"potions_floor_usage":[50,50],"damage_taken":[{"damage":0.0,"enemies":"Cultist","floor":1.0,"turns":4.0},{"damage":2.0,"enemies":"Small Slimes","floor":2.0,"turns":4.0},{"damage":30.0,"enemies":"3 Sentries","floor":7.0,"turns":8.0},{"damage":1.0,"enemies":"Jaw Worm","floor":8.0,"turns":3.0},{"damage":0.0,"enemies":"2 Fungi Beasts","floor":11.0,"turns":1.0},{"damage":7.0,"enemies":"Lagavulin","floor":12.0,"turns":3.0},{"damage":0.0,"enemies":"Large Slime","floor":14.0,"turns":1.0},{"damage":11.0,"enemies":"The Guardian","floor":16.0,"turns":9.0},{"damage":0.0,"enemies":"2 Thieves","floor":18.0,"turns":2.0},{"damage":0.0,"enemies":"Shell Parasite","floor":22.0,"turns":1.0},{"damage":0.0,"enemies":"Book of Stabbing","floor":24.0,"turns":1.0},{"damage":36.0,"enemies":"Gremlin Leader","floor":25.0,"turns":7.0},{"damage":0.0,"enemies":"Sentry and Sphere","floor":28.0,"turns":3.0},{"damage":8.0,"enemies":"3 Cultists","floor":29.0,"turns":4.0},{"damage":10.0,"enemies":"Centurion and Healer","floor":31.0,"turns":3.0},{"damage":7.0,"enemies":"conspire:MysteriousRune","floor":33.0,"turns":7.0},{"damage":8.0,"enemies":"3 Shapes","floor":35.0,"turns":4.0},{"damage":0.0,"enemies":"Orb Walker","floor":38.0,"turns":1.0},{"damage":28.0,"enemies":"Reptomancer","floor":39.0,"turns":5.0},{"damage":9.0,"enemies":"R_Hoarder","floor":40.0,"turns":5.0},{"damage":15.0,"enemies":"Reptomancer","floor":42.0,"turns":4.0},{"damage":24.0,"enemies":"Giant Head","floor":44.0,"turns":6.0},{"damage":0.0,"enemies":"Transient","floor":45.0,"turns":5.0},{"damage":0.0,"enemies":"R_Hoarder","floor":46.0,"turns":4.0},{"damage":55,"enemies":"Donu and Deca","floor":50,"turns":4}],"seed_played":"-7515899138666204304","potions_obtained":[{"floor":2.0,"key":"Languid Potion"},{"floor":7.0,"key":"PowerPotion"},{"floor":12.0,"key":"Explosive Potion"},{"floor":18.0,"key":"SneckoOil"},{"floor":22.0,"key":"Fire Potion"},{"floor":28.0,"key":"Fire Potion"},{"floor":31.0,"key":"Fire Potion"},{"floor":39.0,"key":"PowerPotion"},{"floor":44.0,"key":"AttackPotion"},{"floor":46.0,"key":"BlessingOfTheForge"}],"is_trial":true,"path_per_floor":["M","M","?","?","$","R","E","M","T","?","M","E","R","M","R","B",null,"M","$","?","?","M","R","E","E","T","$","M","M","$","M","R","B",null,"M","?","?","M","E","E","T","E","T","E","M","E","$","$","R","B"],"character_chosen":"IRONCLAD","items_purchased":["trackpad:BottledAnger","Quantum Egg","hubris:FruitBowl","halation:LettersToHer","Thread and Needle","Heavy Blade","Rampage"],"campfire_rested":2,"item_purchase_floors":[5,19,47,48,48,48,48],"current_hp_per_floor":[58,62,62,62,62,62,42,51,40,15,15,23,23,33,33,32,45,45,45,45,45,45,45,45,21,21,21,26,32,32,27,45,45,45,45,45,45,45,30,35,35,23,23,38,42,26,7,7,42,0,0],"gold":52,"neow_bonus":"","is_daily":false,"chose_seed":false,"campfire_upgraded":4,"win_rate":0.0,"timestamp":1609182045,"path_taken":["M","M","?","?","$","R","E","M","T","?","M","?","R","M","R","BOSS","M","$","?","?","?","R","?","E","T","$","M","M","?","M","R","BOSS","M","?","?","?","?","E","?","E","T","E","M","?","?","$","R","BOSS"],"items_purchased_type":["Relic","Relic","Relic","Relic","Relic","Card","Card"],"build_version":"2020-12-22","purchased_purges":1,"victory":false,"max_hp_per_floor":[80,80,80,80,80,80,80,80,40,40,40,45,45,45,45,45,45,45,45,45,45,45,45,45,45,45,45,45,45,45,45,45,45,45,45,45,45,45,45,45,45,45,45,45,45,45,45,45,45,45,45],"card_choices":[{"not_picked":["Clash","ReplayTheSpireMod:LeadingStrike"],"picked":"Anger","floor":1.0},{"not_picked":["hubris:ReadiedAction","Blood for Blood","Flex"],"picked":"SKIP","floor":2.0},{"not_picked":["Replay:Many Hands","Mirror Shield","Hemogenesis"],"picked":"Anger","floor":7.0},{"not_picked":["Shockwave","Anger","Turbo"],"picked":"Anger","floor":8.0},{"not_picked":["Replay:Many Hands","ReplayTheSpireMod:Omega Cannon","Anger"],"picked":"Exhume","floor":12.0},{"not_picked":["Abandon","StuffTheSpire:Incineration","Force Field"],"picked":"Anger","floor":14.0},{"not_picked":["Looming Evil","Overencumbered","Injury"],"picked":"ReplayTheSpireMod:IOU","floor":17.0},{"not_picked":["ReplayTheSpireMod:Restless Dread","Replay:Hysterical Blindness","Delirium"],"picked":"CommonCold","floor":17.0},{"not_picked":["conspire:NecroticWound","Doubt","Delirium"],"picked":"ReplayTheSpireMod:Splinters","floor":17.0},{"not_picked":["StuffTheSpire:BloodClot","Burning Pact","Flame Barrier+1","Anger+1"],"picked":"SKIP","floor":18.0},{"not_picked":["Armaments","Sword Boomerang+1","Anger"],"picked":"Shrug It Off","floor":22.0},{"not_picked":["Immolate","Reaper","Hemogenesis","Anger+1"],"picked":"SKIP","floor":24.0},{"not_picked":["Demon Form","conspire:Purge","Anger"],"picked":"Juggernaut","floor":25.0},{"not_picked":["Perfected Strike","Reckless Charge","Twin Strike"],"picked":"Anger","floor":28.0},{"not_picked":["Run Through","Wild Strike+1","Anger"],"picked":"ReplayTheSpireMod:Muscle Training","floor":29.0},{"not_picked":["Fiend Fire","Replay:Many Hands","Anger"],"picked":"Limit Break","floor":39.0},{"not_picked":["Demon Form","Reaper","Anger+1"],"picked":"Demonic Infusion","floor":42.0},{"not_picked":["Reaper","Demon Form","Anger+1"],"picked":"Feed","floor":44.0},{"not_picked":["Havoc","StuffTheSpire:RockThrow+1","Flex","Anger"],"picked":"SKIP","floor":45.0},{"not_picked":["Immolate","Demonic Infusion","Anger"],"picked":"Offering","floor":46.0}],"player_experience":332423,"relics_obtained":[{"floor":7.0,"key":"riskOfSpire:ForeignFruit"},{"floor":9.0,"key":"StuffTheSpire:HeavyRock"},{"floor":9.0,"key":"riskOfSpire:ShapedGlass"},{"floor":11.0,"key":"riskOfSpire:TougherTimes"},{"floor":12.0,"key":"Durian"},{"floor":16.0,"key":"riskOfSpire:RejuvenationRack"},{"floor":24.0,"key":"Regal Pillow"},{"floor":26.0,"key":"Blood Vial"},{"floor":31.0,"key":"riskOfSpire:ShieldGenerator"},{"floor":35.0,"key":"riskOfSpire:CautiousSlug"},{"floor":38.0,"key":"riskOfSpire:BustlingFungus"},{"floor":39.0,"key":"trackpad:WritersBlock"},{"floor":39.0,"key":"riskOfSpire:ArmorPiercingRounds"},{"floor":40.0,"key":"ReplayTheSpireMod:Shallot"},{"floor":40.0,"key":"riskOfSpire:BustlingFungus"},{"floor":41.0,"key":"StuffTheSpire:Gunfinga"},{"floor":42.0,"key":"trackpad:BottledTsunami"},{"floor":43.0,"key":"King of Hearts"},{"floor":44.0,"key":"Shuriken"},{"floor":46.0,"key":"War Paint"}],"event_choices":[{"damage_healed":0.0,"max_hp_gain":0.0,"max_hp_loss":0.0,"gold_gain":0.0,"event_name":"Living Wall","player_choice":"Grow","floor":3.0,"gold_loss":0.0,"damage_taken":0.0,"cards_upgraded":["Anger"]},{"damage_healed":0.0,"max_hp_gain":0.0,"max_hp_loss":0.0,"gold_gain":0.0,"event_name":"Scrap Ooze","player_choice":"Success","floor":10.0,"gold_loss":0.0,"damage_taken":25.0,"relics_obtained":["trackpad:AdjectivePendant"]},{"damage_healed":0.0,"max_hp_gain":0.0,"max_hp_loss":0.0,"gold_gain":0.0,"event_name":"Ghosts","player_choice":"Ignored","floor":21.0,"gold_loss":0.0,"damage_taken":0.0}],"is_beta":false,"boss_relics":[{"not_picked":["hubris:CrackedHourglass","halation:MonkeysPaw"],"picked":"Replay:Ancient Bell"},{"not_picked":["Replay:Bandana","MealTicket"],"picked":"Gremlin Food"},{"not_picked":["Pantograph","hubris:CrystalStatue"],"picked":"The Courier"},{"not_picked":["StoneCalendar","Old Coin"],"picked":"vexMod:RedPlottingStone"},{"not_picked":["halation:PinkAlligatorPlush","energizedSpire:DecayingSkull"],"picked":"conspire:SlowCooker"}],"items_purged_floors":[27],"is_endless":false,"potions_floor_spawned":[2,7,12,18,22,28,31,39,44,46],"killed_by":"Donu and Deca","ascension_level":0}}