{"host":"0ydzwspkajt4brzd","time":1609154019,"event":{"mods":["AchievementEnabler","BaseMod","Colored Map","DeckTracker","Googly Eyes","Highlight Path","Minty Spire (QoL Compilation)","Quick Restart","Random Character Button","Rare Cards Sparkle"],"gold_per_floor":[11,28,43,43,53,78,94,127,127,127,127,144,144,171,171,273,273,288,387,162,180,180,206,225,225,225],"floor_reached":25,"playtime":1623,"items_purged":["Anger"],"score":292,"play_id":"44d40aa2-6077-4ac2-b6bc-2505cc696ea3","local_time":"20201228031339","is_ascension_mode":true,"campfire_choices":[{"data":"1","floor":10,"key":"LIFT"},{"data":"2","floor":13,"key":"LIFT"},{"floor":15,"key":"REST"}],"circlet_count":0,"master_deck":["Bash","Heavy Blade","Carnage","Shrug It Off","Seeing Red","True Grit+1","Clothesline+1","Shockwave","Immolate+1","Offering+1","Entrench","Exhume","Rupture+1","Demon Form+1","Juggernaut+1","Twin Strike+1","Searing Blow+1","Ghostly Armor","Hemokinesis+1","Bludgeon+1","Power Through+1"],"relics":["Burning Blood","Champion Belt","Molten Egg 2","Letter Opener","Girya","Frozen Egg 2","Pandora\u0027s Box","War Paint","Dead Branch"],"acts_visited":["Exordium","TheCity"],"potions_floor_usage":[6,12,14,18,24,25],"damage_taken":[{"damage":13,"enemies":"2 Louse","floor":1,"turns":2},{"damage":0,"enemies":"Cultist","floor":2,"turns":3},{"damage":10,"enemies":"Small Slimes","floor":3,"turns":3},{"damage":16,"enemies":"Exordium Thugs","floor":5,"turns":5},{"damage":20,"enemies":"3 Sentries","floor":6,"turns":7},{"damage":22,"enemies":"Gremlin Gang","floor":7,"turns":4},{"damage":23,"enemies":"Gremlin Nob","floor":8,"turns":4},{"damage":12,"enemies":"Large Slime","floor":12,"turns":4},{"damage":17,"enemies":"Lagavulin","floor":14,"turns":5},{"damage":28,"enemies":"The Guardian","floor":16,"turns":11},{"damage":6,"enemies":"2 Thieves","floor":18,"turns":2},{"damage":14,"enemies":"Chosen","floor":21,"turns":3},{"damage":47,"enemies":"Gremlin Leader","floor":23,"turns":5},{"damage":23,"enemies":"Snake Plant","floor":24,"turns":4},{"damage":22,"enemies":"Slavers","floor":25,"turns":1}],"seed_played":"-3865414098036938193","potions_obtained":[{"floor":2,"key":"FearPotion"},{"floor":5,"key":"Fire Potion"},{"floor":11,"key":"BloodPotion"},{"floor":11,"key":"CultistPotion"},{"floor":12,"key":"AttackPotion"},{"floor":14,"key":"DistilledChaos"},{"floor":23,"key":"Energy Potion"},{"floor":24,"key":"Dexterity Potion"}],"is_trial":false,"path_per_floor":["M","M","M","$","M","E","M","E","T","R","?","M","R","E","R","B",null,"M","?","$","M","?","E","M","E"],"character_chosen":"IRONCLAD","items_purchased":["War Paint"],"campfire_rested":1,"item_purchase_floors":[20],"current_hp_per_floor":[73,79,75,75,65,51,35,18,18,18,18,28,28,17,41,19,80,80,80,80,72,72,31,14,0,0],"gold":225,"neow_bonus":"ONE_RARE_RELIC","is_daily":false,"chose_seed":false,"campfire_upgraded":0,"win_rate":0.0,"timestamp":1609154019,"path_taken":["M","M","M","$","M","E","M","E","T","R","?","M","R","E","R","BOSS","M","?","$","M","?","E","?","E"],"items_purchased_type":["Relic"],"build_version":"2020-12-22","purchased_purges":1,"victory":false,"max_hp_per_floor":[80,80,80,80,80,80,80,80,80,80,80,80,80,80,80,80,80,80,80,80,80,80,80,80,80,80],"card_choices":[{"not_picked":["Warcry","Perfected Strike"],"picked":"Anger","floor":1},{"not_picked":["Blood for Blood","Anger"],"picked":"Heavy Blade","floor":2},{"not_picked":["Dropkick","Perfected Strike"],"picked":"Carnage","floor":3},{"not_picked":["Clothesline","Brutality"],"picked":"Shrug It Off","floor":5},{"not_picked":["Berserk","Clash+1"],"picked":"Seeing Red","floor":6},{"not_picked":["Entrench","Heavy Blade+1"],"picked":"True Grit","floor":7},{"not_picked":["Pommel Strike+1","Wild Strike+1"],"picked":"Clothesline+1","floor":8},{"not_picked":["Havoc","Pommel Strike+1"],"picked":"Shockwave","floor":12},{"not_picked":["Berserk+1","Havoc"],"picked":"Immolate+1","floor":14},{"not_picked":["Fiend Fire+1","Immolate+1"],"picked":"Offering","floor":16},{"not_picked":["Shrug It Off","Sever Soul+1"],"picked":"Hemokinesis+1","floor":18},{"not_picked":["Evolve+1","Dual Wield+1","Clash+1"],"picked":"SKIP","floor":21},{"not_picked":["Shockwave","Hemokinesis+1"],"picked":"Bludgeon+1","floor":23},{"not_picked":["Thunderclap+1","Havoc"],"picked":"Power Through+1","floor":24}],"player_experience":314199,"relics_obtained":[{"floor":6,"key":"Molten Egg 2"},{"floor":8,"key":"Letter Opener"},{"floor":9,"key":"Girya"},{"floor":14,"key":"Frozen Egg 2"},{"floor":23,"key":"Dead Branch"}],"event_choices":[{"damage_healed":0,"gold_gain":0,"player_choice":"Got Potions","damage_taken":0,"max_hp_gain":0,"max_hp_loss":0,"event_name":"Lab","floor":11,"gold_loss":0},{"damage_healed":0,"gold_gain":99,"player_choice":"Stole From Cult","damage_taken":0,"max_hp_gain":0,"max_hp_loss":0,"event_name":"Nest","floor":19,"gold_loss":0},{"cards_removed":["Feel No Pain"],"damage_healed":0,"gold_gain":0,"player_choice":"Purged","damage_taken":0,"max_hp_gain":0,"max_hp_loss":0,"event_name":"Purifier","floor":22,"gold_loss":0}],"is_beta":false,"boss_relics":[{"not_picked":["Tiny House","Calling Bell"],"picked":"Pandora\u0027s Box"}],"items_purged_floors":[20],"is_endless":false,"potions_floor_spawned":[2,5,12,14,16,23,24],"killed_by":"Slavers","ascension_level":4}}