{"host":"wbjiqg83duq292na","time":1609173812,"event":{"mods":["BaseMod","Minty Spire (QoL Compilation)"],"gold_per_floor":[112,187,197,213,213,213,229,229,229,248,280,292,326,340,340,445,445,445,385,165,165,165,165,165,165,165,165,165],"floor_reached":27,"playtime":1679,"items_purged":[],"score":259,"play_id":"89f3c02b-78a5-4099-a80b-bcf16a6025f2","local_time":"20201228144332","is_ascension_mode":true,"campfire_choices":[{"data":"Deadly Poison","floor":6,"key":"SMITH"},{"data":"Deadly Poison","floor":8,"key":"SMITH"},{"floor":15,"key":"REST"},{"floor":23,"key":"REST"}],"circlet_count":0,"master_deck":["Strike_G","Strike_G","Strike_G","Strike_G","Strike_G","Defend_G","Defend_G","Defend_G","Defend_G","Defend_G","Survivor","Neutralize","Deadly Poison+1","Deadly Poison+1","Infinite Blades","Caltrops","Cloak And Dagger","Slice","Blur","Accuracy","Grand Finale","Accuracy","Noxious Fumes","Expertise+1","Bouncing Flask"],"relics":["Ring of the Snake","Shuriken","Gambling Chip","Anchor","Ectoplasm","Akabeko","Oddly Smooth Stone"],"acts_visited":["Exordium","TheCity"],"potions_floor_usage":[10,13,13],"damage_taken":[{"damage":0,"enemies":"2 Louse","floor":1,"turns":3},{"damage":7,"enemies":"Small Slimes","floor":3,"turns":5},{"damage":0,"enemies":"Cultist","floor":4,"turns":4},{"damage":19,"enemies":"Lots of Slimes","floor":7,"turns":6},{"damage":1,"enemies":"Red Slaver","floor":10,"turns":4},{"damage":21,"enemies":"Lagavulin","floor":11,"turns":5},{"damage":4,"enemies":"Exordium Thugs","floor":12,"turns":5},{"damage":20,"enemies":"3 Sentries","floor":13,"turns":7},{"damage":0,"enemies":"Large Slime","floor":14,"turns":5},{"damage":24,"enemies":"The Guardian","floor":16,"turns":8},{"damage":22,"enemies":"3 Byrds","floor":18,"turns":5},{"damage":13,"enemies":"2 Thieves","floor":19,"turns":4},{"damage":11,"enemies":"Snake Plant","floor":21,"turns":5},{"damage":19,"enemies":"Centurion and Healer","floor":22,"turns":7},{"damage":29,"enemies":"Book of Stabbing","floor":24,"turns":5},{"damage":22,"enemies":"3 Cultists","floor":27,"turns":4}],"seed_played":"8062114929154944813","potions_obtained":[{"floor":3,"key":"Block Potion"},{"floor":7,"key":"SkillPotion"},{"floor":11,"key":"FearPotion"},{"floor":12,"key":"FairyPotion"},{"floor":16,"key":"SpeedPotion"},{"floor":21,"key":"CultistPotion"}],"is_trial":false,"path_per_floor":["M","?","M","M","?","R","M","R","T","M","E","M","E","M","R","B",null,"M","M","$","M","M","R","E","$","T","M"],"character_chosen":"THE_SILENT","items_purchased":["Noxious Fumes","Akabeko"],"campfire_rested":2,"item_purchase_floors":[20,20],"current_hp_per_floor":[70,59,52,52,70,70,51,51,51,50,29,25,5,5,26,2,70,48,35,35,24,5,26,21,21,21,0,0],"gold":165,"neow_bonus":"THREE_CARDS","is_daily":false,"chose_seed":false,"campfire_upgraded":2,"win_rate":0.0,"timestamp":1609173812,"path_taken":["M","?","M","M","?","R","M","R","T","?","E","M","E","M","R","BOSS","M","M","$","M","M","R","E","?","T","M"],"items_purchased_type":["Card","Relic"],"build_version":"2020-12-22","purchased_purges":0,"victory":false,"max_hp_per_floor":[70,70,70,70,70,70,70,70,70,70,70,70,70,70,70,70,70,70,70,70,70,70,70,70,70,70,70,70],"card_choices":[{"not_picked":["Endless Agony","Escape Plan"],"picked":"Deadly Poison","floor":0},{"not_picked":["Slice","Cloak And Dagger"],"picked":"Distraction","floor":1},{"not_picked":["Bane","Masterful Stab"],"picked":"Deadly Poison","floor":3},{"not_picked":["Sucker Punch","Predator"],"picked":"Infinite Blades","floor":4},{"not_picked":["Backflip","Dash","Escape Plan"],"picked":"SKIP","floor":7},{"not_picked":["Dagger Throw","Infinite Blades"],"picked":"Caltrops","floor":10},{"not_picked":["Well Laid Plans","Dodge and Roll"],"picked":"Cloak And Dagger","floor":11},{"not_picked":["Flying Knee","Deadly Poison"],"picked":"Slice","floor":12},{"not_picked":["Well Laid Plans","Grand Finale"],"picked":"Blur","floor":13},{"not_picked":["Dagger Throw","Slice"],"picked":"Accuracy","floor":14},{"not_picked":["Malaise","Wraith Form v2"],"picked":"Grand Finale","floor":16},{"not_picked":["Flechettes+1","Dagger Spray+1"],"picked":"Accuracy","floor":18},{"not_picked":["Riddle With Holes","Quick Slash","Eviscerate"],"picked":"SKIP","floor":19},{"not_picked":["Eviscerate","Predator"],"picked":"Expertise+1","floor":21},{"not_picked":["Sucker Punch+1","Riddle With Holes","Leg Sweep"],"picked":"SKIP","floor":22},{"not_picked":["Blur","Unload"],"picked":"Bouncing Flask","floor":24}],"player_experience":245253,"relics_obtained":[{"floor":9,"key":"Shuriken"},{"floor":11,"key":"Gambling Chip"},{"floor":13,"key":"Anchor"},{"floor":24,"key":"Oddly Smooth Stone"}],"event_choices":[{"damage_healed":0,"gold_gain":75,"player_choice":"Gather Gold","damage_taken":11,"max_hp_gain":0,"max_hp_loss":0,"event_name":"World of Goop","floor":2,"gold_loss":0},{"cards_removed":["Distraction"],"damage_healed":18,"gold_gain":0,"player_choice":"Offered Uncommon","damage_taken":0,"max_hp_gain":0,"max_hp_loss":0,"event_name":"Bonfire Elementals","floor":5,"gold_loss":0}],"is_beta":false,"boss_relics":[{"not_picked":["Coffee Dripper","Calling Bell"],"picked":"Ectoplasm"}],"items_purged_floors":[],"is_endless":false,"potions_floor_spawned":[3,7,11,12,16,21],"killed_by":"3 Cultists","ascension_level":1}}