{"host":"ab2s6ezjqdgtrlyf","time":1609165305,"event":{"mods":["BaseMod","Colored Map","Downfall","Highlight Path","Marked Mod","Minty Spire (QoL Compilation)","Quick Restart","Relic Stats","Spicy Shops","StSLib","Waifu the Spire","vexMod","¡¾ÒÅÎï¿¨ÅÆ¡¿REMEMod"],"gold_per_floor":[114,114,165,180,105,105,5,5,50,60,93,93,153,169,169,246,246,259,275,293,358,370,370,87,87,113,163,192,242,292,308,308,308,308],"floor_reached":33,"playtime":1040,"items_purged":["Strike_P","Defend_P"],"score":454,"play_id":"cccf27cc-8e8d-4512-85a4-7205cdeed8d2","local_time":"20201228222145","is_ascension_mode":true,"campfire_choices":[{"data":"Eruption","floor":6.0,"key":"SMITH"},{"data":"Wallop","floor":15.0,"key":"SMITH"},{"floor":23.0,"key":"REST"},{"data":"Swivel","floor":25.0,"key":"SMITH"},{"floor":32,"key":"REST"}],"circlet_count":0,"master_deck":["AscendersBane","Eruption+1","Vigilance+1","WindmillStrike+1","FearNoEvil","Wallop+1","DeusExMachina+1","Brilliance","WaveOfTheHand+1","LessonLearned+1","Swivel+1","Crescendo+1","CrushJoints+1"],"relics":["PureWater","REME_ComplimentaryCards","NeowsBlessing","Strawberry","Lantern","Bottled Flame","SsserpentHead","Pandora\u0027s Box","Eternal Feather","Regal Pillow","Orichalcum","Smiling Mask","Gremlin Horn"],"acts_visited":["Exordium","TheCity"],"potions_floor_usage":[],"damage_taken":[{"damage":0.0,"enemies":"Jaw Worm","floor":1.0,"turns":1.0},{"damage":0.0,"enemies":"2 Louse","floor":4.0,"turns":1.0},{"damage":0.0,"enemies":"Cultist","floor":10.0,"turns":1.0},{"damage":2.0,"enemies":"Gremlin Nob","floor":11.0,"turns":3.0},{"damage":0.0,"enemies":"Looter","floor":13.0,"turns":2.0},{"damage":32.0,"enemies":"Gremlin Gang","floor":14.0,"turns":5.0},{"damage":33.0,"enemies":"Hexaghost","floor":16.0,"turns":8.0},{"damage":23.0,"enemies":"3 Byrds","floor":18.0,"turns":5.0},{"damage":0.0,"enemies":"Spheric Guardian","floor":19.0,"turns":2.0},{"damage":15.0,"enemies":"Shelled Parasite and Fungi","floor":20.0,"turns":4.0},{"damage":6.0,"enemies":"Centurion and Healer","floor":21.0,"turns":3.0},{"damage":0.0,"enemies":"Sentry and Sphere","floor":22.0,"turns":3.0},{"damage":21,"enemies":"Book of Stabbing","floor":28,"turns":4},{"damage":12,"enemies":"Snake Plant","floor":31,"turns":3},{"damage":65,"enemies":"Champ","floor":33,"turns":6}],"seed_played":"5462434932348214090","potions_obtained":[{"floor":11.0,"key":"MarkedMod:BlackLotusJuice"},{"floor":14.0,"key":"PowerPotion"}],"is_trial":false,"path_per_floor":["M","?","T","M","$","R","$","?","T","M","E","?","M","M","R","B",null,"M","M","M","M","M","R","$","R","T","?","E","?","?","M","R","B"],"character_chosen":"WATCHER","items_purchased":["Eternal Feather","Regal Pillow"],"campfire_rested":2,"item_purchase_floors":[24,24],"current_hp_per_floor":[61,66,73,73,73,73,73,73,73,73,71,71,71,39,39,6,62,39,39,24,18,18,42,42,48,48,48,27,27,27,15,60,0,0],"gold":308,"neow_bonus":"THREE_ENEMY_KILL","is_daily":false,"chose_seed":false,"campfire_upgraded":3,"win_rate":0.0,"timestamp":1609165305,"path_taken":["M","?","?","M","$","R","?","?","T","?","E","?","?","M","R","BOSS","M","M","M","?","M","R","$","R","T","?","E","?","?","M","R","BOSS"],"items_purchased_type":["Relic","Relic"],"build_version":"2020-12-22","purchased_purges":2,"victory":false,"max_hp_per_floor":[68,73,80,80,80,80,80,80,80,80,80,80,80,80,80,80,80,80,80,80,80,80,80,80,80,80,80,80,80,80,80,80,80,80],"relic_stats":{"SsserpentHead":250,"Regal Pillow":15,"Gremlin Horn":[0,0],"counters":[15,51],"Pandora\u0027s Box":["Brilliance","WaveOfTheHand","LessonLearned","Swivel","Crescendo"],"Eternal Feather":12,"Orichalcum":[18],"Smiling Mask":0,"obtain_stats":[{"Lantern":9,"Regal Pillow":24,"NeowsBlessing":0,"Gremlin Horn":29,"Eternal Feather":24,"Orichalcum":26,"Smiling Mask":28,"SsserpentHead":12,"Bottled Flame":11,"Strawberry":3,"Pandora\u0027s Box":17,"PureWater":0,"REME_ComplimentaryCards":0},{"Lantern":2,"Regal Pillow":12,"NeowsBlessing":0,"Gremlin Horn":13,"Eternal Feather":12,"Orichalcum":12,"Smiling Mask":13,"SsserpentHead":4,"Bottled Flame":4,"Strawberry":1,"Pandora\u0027s Box":7,"PureWater":0,"REME_ComplimentaryCards":0},{"Lantern":2,"Regal Pillow":38,"NeowsBlessing":0,"Gremlin Horn":42,"Eternal Feather":38,"Orichalcum":38,"Smiling Mask":42,"SsserpentHead":6,"Bottled Flame":6,"Strawberry":1,"Pandora\u0027s Box":21,"PureWater":0,"REME_ComplimentaryCards":0}]},"card_choices":[{"not_picked":["Prostrate","MarkedMod:OneThousandNeedles"],"picked":"WindmillStrike","floor":1.0},{"not_picked":["MarkedMod:FirstStrike","JustLucky"],"picked":"FearNoEvil","floor":4.0},{"not_picked":["MarkedMod:Acupuncture","JustLucky","Crescendo"],"picked":"SKIP","floor":10.0},{"not_picked":["EmptyBody","MarkedMod:Acupuncture"],"picked":"Wallop","floor":11.0},{"not_picked":["Perseverance","SashWhip","LikeWater"],"picked":"SKIP","floor":13.0},{"not_picked":["Wireheading","BowlingBash","Protect"],"picked":"SKIP","floor":14.0},{"not_picked":["Brilliance","Scrawl"],"picked":"DeusExMachina","floor":16.0},{"not_picked":["Nirvana+1","Fasting2","MarkedMod:GentlePulse"],"picked":"SKIP","floor":18.0},{"not_picked":["Prostrate","ThirdEye","Weave+1"],"picked":"SKIP","floor":19.0},{"not_picked":["ForeignInfluence","CarveReality","EmptyFist"],"picked":"SKIP","floor":20.0},{"not_picked":["Protect","REME_MusicOfDeath+1"],"picked":"CrushJoints+1","floor":21.0},{"not_picked":["FollowUp+1","MarkedMod:OneThousandNeedles","Prostrate"],"picked":"SKIP","floor":22.0},{"not_picked":["Consecrate","Worship","FlurryOfBlows"],"picked":"SKIP","floor":28},{"not_picked":["ClearTheMind+1","Evaluate","MarkedMod:OneThousandNeedles"],"picked":"SKIP","floor":31}],"player_experience":649011,"relics_obtained":[{"floor":3.0,"key":"Strawberry"},{"floor":9.0,"key":"Lantern"},{"floor":11.0,"key":"Bottled Flame"},{"floor":26.0,"key":"Orichalcum"},{"floor":28,"key":"Smiling Mask"}],"event_choices":[{"damage_healed":0.0,"max_hp_gain":5.0,"max_hp_loss":0.0,"gold_gain":0.0,"event_name":"Big Fish","player_choice":"Donut","floor":2.0,"gold_loss":0.0,"damage_taken":0.0},{"cards_removed":["Defend_P"],"damage_healed":0.0,"max_hp_gain":0.0,"max_hp_loss":0.0,"gold_gain":0.0,"event_name":"Purifier","player_choice":"Purged","floor":8.0,"gold_loss":0.0,"damage_taken":0.0},{"damage_healed":0.0,"max_hp_gain":0.0,"max_hp_loss":0.0,"gold_gain":0.0,"event_name":"FaceTrader","player_choice":"Trade","floor":12.0,"gold_loss":0.0,"damage_taken":0.0,"relics_obtained":["SsserpentHead"]},{"damage_healed":0,"gold_gain":0,"player_choice":"Opened","damage_taken":0,"relics_obtained":["Gremlin Horn"],"max_hp_gain":0,"max_hp_loss":0,"event_name":"The Mausoleum","floor":29,"gold_loss":0},{"damage_healed":0,"gold_gain":0,"player_choice":"Ignored","damage_taken":0,"max_hp_gain":0,"max_hp_loss":0,"event_name":"Cursed Tome","floor":30,"gold_loss":0}],"is_beta":false,"boss_relics":[{"not_picked":["Calling Bell","REME_ChargedStone"],"picked":"Pandora\u0027s Box"}],"items_purged_floors":[5,7],"is_endless":false,"potions_floor_spawned":[11,14,18,19],"killed_by":"Champ","ascension_level":14}}