{"host":"1637j8siz7lzgd5k","time":1609140008,"event":{"mods":["BaseMod","Colored Map","Minty Spire (QoL Compilation)","StSLib","SuperFastMode"],"gold_per_floor":[138,168,168,93,146,146,146,221,521,521,565,659,659,749,749,849,849,887,308,319,230,265,265,275,275,275,275,310,346,346,365,365,436,436,454,19,319,344,344],"floor_reached":38,"playtime":848,"items_purged":["Strike_P","Strike_P","JustLucky"],"score":693,"play_id":"a230f923-3500-4c6e-af7d-6e774b0b74ef","local_time":"20201228162008","is_ascension_mode":true,"campfire_choices":[{"data":"HandOfGreed","floor":6.0,"key":"SMITH"},{"data":"Eruption","floor":10.0,"key":"SMITH"},{"floor":13.0,"key":"REST"},{"data":"Tantrum","floor":15.0,"key":"SMITH"},{"floor":23,"key":"REST"},{"floor":25,"key":"REST"},{"floor":32,"key":"REST"}],"circlet_count":0,"master_deck":["AscendersBane","Eruption+1","Vigilance","HandOfGreed+1","Swivel","Tantrum+1","Ragnarok","Adaptation","Flash of Steel","TalkToTheHand","FlurryOfBlows","ClearTheMind+1","TalkToTheHand","LikeWater","DeusExMachina","Perseverance","Indignation","BattleHymn+1"],"relics":["PureWater","Old Coin","Philosopher\u0027s Stone","Mercury Hourglass","Pen Nib","Bronze Scales","Pandora\u0027s Box","Ice Cream"],"acts_visited":["Exordium","TheCity","TheBeyond"],"potions_floor_usage":[20,31,33],"damage_taken":[{"damage":0.0,"enemies":"Cultist","floor":1.0,"turns":4.0},{"damage":0.0,"enemies":"2 Louse","floor":2.0,"turns":3.0},{"damage":0.0,"enemies":"Small Slimes","floor":5.0,"turns":3.0},{"damage":0.0,"enemies":"Blue Slaver","floor":11.0,"turns":1.0},{"damage":8.0,"enemies":"Lots of Slimes","floor":12.0,"turns":8.0},{"damage":10.0,"enemies":"3 Louse","floor":14.0,"turns":6.0},{"damage":10.0,"enemies":"Slime Boss","floor":16.0,"turns":5.0},{"damage":1.0,"enemies":"Chosen","floor":18.0,"turns":2.0},{"damage":35,"enemies":"3 Byrds","floor":20,"turns":3},{"damage":2,"enemies":"Centurion and Healer","floor":22,"turns":3},{"damage":14,"enemies":"Snecko","floor":24,"turns":3},{"damage":4,"enemies":"3 Cultists","floor":28,"turns":3},{"damage":4,"enemies":"Cultist and Chosen","floor":29,"turns":3},{"damage":20,"enemies":"Centurion and Healer","floor":31,"turns":4},{"damage":32,"enemies":"Automaton","floor":33,"turns":6},{"damage":2,"enemies":"3 Darklings","floor":35,"turns":4},{"damage":61,"enemies":"3 Shapes","floor":38,"turns":3}],"seed_played":"-3733360092818450343","potions_obtained":[{"floor":5.0,"key":"BottledMiracle"},{"floor":11.0,"key":"FearPotion"},{"floor":18.0,"key":"SteroidPotion"},{"floor":20,"key":"Energy Potion"},{"floor":28,"key":"Energy Potion"},{"floor":33,"key":"Fire Potion"}],"is_trial":false,"path_per_floor":["M","M","?","$","M","R","?","?","T","R","M","M","R","M","R","B",null,"M","$","M","$","M","R","M","R","T","?","M","M","?","M","R","B",null,"M","$","?","M"],"character_chosen":"WATCHER","items_purchased":["Adaptation","Mercury Hourglass","Pen Nib","Flash of Steel","Ice Cream"],"campfire_rested":4,"item_purchase_floors":[19,19,19,21,36],"current_hp_per_floor":[43,43,43,43,43,43,48,37,37,37,37,29,50,40,40,30,62,61,61,26,26,24,45,31,52,52,39,35,31,31,11,34,2,59,57,57,57,0,0],"gold":344,"neow_bonus":"RANDOM_COLORLESS_2","is_daily":false,"chose_seed":false,"campfire_upgraded":3,"win_rate":0.0,"timestamp":1609140008,"path_taken":["M","M","?","$","M","R","?","?","T","R","M","M","R","?","R","BOSS","M","$","M","$","?","R","M","R","T","?","M","M","?","M","R","BOSS","M","$","?","?"],"items_purchased_type":["Card","Relic","Relic","Card","Relic"],"build_version":"2020-12-22","purchased_purges":3,"victory":false,"max_hp_per_floor":[68,68,68,68,68,68,73,73,73,73,73,73,73,73,73,73,73,73,73,73,73,73,73,73,73,73,78,78,78,78,78,78,78,78,78,78,78,78,78],"card_choices":[{"not_picked":["Secret Weapon","Thinking Ahead"],"picked":"HandOfGreed","floor":0.0},{"not_picked":["EmptyBody","BowlingBash","ThirdEye"],"picked":"SKIP","floor":1.0},{"not_picked":["FlyingSleeves","EmptyBody","FearNoEvil"],"picked":"SKIP","floor":2.0},{"not_picked":["EmptyBody","WheelKick"],"picked":"Swivel","floor":5.0},{"not_picked":["EmptyBody","Weave","LikeWater"],"picked":"SKIP","floor":11.0},{"not_picked":["WheelKick","CutThroughFate","Wireheading"],"picked":"SKIP","floor":12.0},{"not_picked":["EmptyFist","InnerPeace"],"picked":"Tantrum","floor":14.0},{"not_picked":["ConjureBlade","Establishment"],"picked":"Ragnarok","floor":16.0},{"not_picked":["Halt","SandsOfTime","PathToVictory"],"picked":"SKIP","floor":18.0},{"not_picked":["Protect","PathToVictory","Collect"],"picked":"SKIP","floor":20},{"not_picked":["Crescendo","Wireheading"],"picked":"TalkToTheHand","floor":22},{"not_picked":["Crescendo","Wallop","Evaluate"],"picked":"SKIP","floor":24},{"not_picked":["Blasphemy","JustLucky","Wallop+1"],"picked":"SKIP","floor":28},{"not_picked":["Prostrate","JustLucky"],"picked":"FlurryOfBlows","floor":29},{"not_picked":["Consecrate","Evaluate+1"],"picked":"ClearTheMind+1","floor":31},{"not_picked":["TalkToTheHand","Consecrate"],"picked":"BattleHymn+1","floor":35}],"player_experience":822190,"relics_obtained":[{"floor":9.0,"key":"Old Coin"},{"floor":26,"key":"Bronze Scales"}],"event_choices":[{"damage_healed":0.0,"max_hp_gain":0.0,"max_hp_loss":0.0,"gold_gain":0.0,"event_name":"Shining Light","player_choice":"Ignored","floor":3.0,"gold_loss":0.0,"damage_taken":0.0},{"damage_healed":0.0,"max_hp_gain":5.0,"max_hp_loss":0.0,"gold_gain":0.0,"event_name":"Big Fish","player_choice":"Donut","floor":7.0,"gold_loss":0.0,"damage_taken":0.0},{"damage_healed":0.0,"max_hp_gain":0.0,"max_hp_loss":0.0,"gold_gain":75.0,"event_name":"World of Goop","player_choice":"Gather Gold","floor":8.0,"gold_loss":0.0,"damage_taken":11.0},{"damage_healed":0,"gold_gain":0,"player_choice":"Shed Blood","damage_taken":18,"max_hp_gain":5,"max_hp_loss":0,"event_name":"Forgotten Altar","floor":27,"gold_loss":0},{"damage_healed":0,"gold_gain":0,"player_choice":"Ignored","damage_taken":0,"max_hp_gain":0,"max_hp_loss":0,"event_name":"Cursed Tome","floor":30,"gold_loss":0},{"damage_healed":0,"gold_gain":300,"player_choice":"Gold","damage_taken":0,"max_hp_gain":0,"max_hp_loss":0,"event_name":"Wheel of Change","floor":37,"gold_loss":0}],"is_beta":false,"boss_relics":[{"not_picked":["Runic Pyramid","Black Star"],"picked":"Philosopher\u0027s Stone"},{"not_picked":["VioletLotus","SacredBark"],"picked":"Pandora\u0027s Box"}],"items_purged_floors":[4,19,36],"is_endless":false,"potions_floor_spawned":[5,11,18,20,28,33],"killed_by":"3 Shapes","ascension_level":14}}