{"host":"8jwif9mna8ud19ho","time":1609141247,"event":{"mods":["BaseMod","Better Vampires","Lobotomy","Marisa£¨ìFÓê¡¡Ä§ÀíÉ³£©","Minty Spire (QoL Compilation)","Reimu£¨²©ÀöÁéÃÎ£©","RumiaBox-Â¶Ã×æ«µÄÉñÃØºÐ×Ó","StSLib","¡¾ÒÅÎï¿¨ÅÆ¡¿REMEMod"],"gold_per_floor":[114,114,114,126,136,136,150,66,91,166,166,6,6,21,21,97,97,117,7,7,57,67,67,67,83,107,119,19,38,48,64,64,135,135,149,149,149,162,180,212,227,52,79,79,97,126,138,163,163,163,163,163,163,13,47,47],"floor_reached":57,"playtime":3045,"items_purged":["Strike_G","Strike_G","Strike_G","Strike_G"],"score":2822,"play_id":"bf6b27a3-09db-4e30-939f-c319a74b7c26","local_time":"20201228154047","is_ascension_mode":true,"campfire_choices":[{"data":"Prepared","floor":6.0,"key":"SMITH"},{"data":"Reflex","floor":11.0,"key":"SMITH"},{"data":"Neutralize","floor":13.0,"key":"SMITH"},{"data":"Calculated Gamble","floor":15.0,"key":"SMITH"},{"data":"Escape Plan","floor":23.0,"key":"SMITH"},{"data":"Calculated Gamble","floor":32.0,"key":"SMITH"},{"data":"Acrobatics","floor":44,"key":"SMITH"},{"floor":49,"key":"RECALL"},{"data":"Prepared","floor":53,"key":"SMITH"}],"circlet_count":0,"master_deck":["AscendersBane","Defend_G","Defend_G","Defend_G","Defend_G","Defend_G+1","Survivor","Neutralize+1","REME_GreenPollution","Prepared+1","Escape Plan+1","Reflex+1","REME_GrazeFinale","Calculated Gamble+1","Grand Finale","PunishingBird","FieryBird","Prepared+1","Calculated Gamble+1","Secret Technique","Terror","Acrobatics+1","Acrobatics+1"],"relics":["Ring of the Serpent","REME_ComplimentaryCards","CogitoBucket","RuthlessExorcism:ReiMu","LuminousBracelet","SkinProphecy","RedLine:ReiMu","Omamori","HonorFeather","AtMidnight","Potion Belt","Boot","TungstenRod","Oddly Smooth Stone","GodSword1"],"acts_visited":["Exordium","TheCity","TheBeyond","TheEnding"],"potions_floor_usage":[56,56,56,56],"damage_taken":[{"damage":3.0,"enemies":"Cultist","floor":1.0,"turns":5.0},{"damage":1.0,"enemies":"2 Louse","floor":4.0,"turns":4.0},{"damage":8.0,"enemies":"Jaw Worm","floor":5.0,"turns":7.0},{"damage":6.0,"enemies":"Looter","floor":7.0,"turns":4.0},{"damage":9.0,"enemies":"Blue Slaver","floor":14.0,"turns":5.0},{"damage":0.0,"enemies":"Hexaghost","floor":16.0,"turns":7.0},{"damage":19.0,"enemies":"2 Thieves","floor":18.0,"turns":6.0},{"damage":1.0,"enemies":"Chosen","floor":22.0,"turns":3.0},{"damage":22.0,"enemies":"Centurion and Healer","floor":25.0,"turns":4.0},{"damage":58.0,"enemies":"Snecko","floor":27.0,"turns":8.0},{"damage":42.0,"enemies":"Sentry and Sphere","floor":29.0,"turns":5.0},{"damage":56.0,"enemies":"Shelled Parasite and Fungi","floor":30.0,"turns":3.0},{"damage":34.0,"enemies":"Cultist and Chosen","floor":31.0,"turns":6.0},{"damage":48.0,"enemies":"Collector","floor":33.0,"turns":6.0},{"damage":43.0,"enemies":"3 Darklings","floor":35.0,"turns":4.0},{"damage":0.0,"enemies":"3 Shapes","floor":38.0,"turns":1.0},{"damage":55.0,"enemies":"Spire Growth","floor":39.0,"turns":7.0},{"damage":29,"enemies":"Nemesis","floor":40,"turns":5},{"damage":16,"enemies":"Sphere and 2 Shapes","floor":41,"turns":3},{"damage":20,"enemies":"Transient","floor":45,"turns":6},{"damage":54,"enemies":"Giant Head","floor":46,"turns":5},{"damage":5,"enemies":"Spire Growth","floor":47,"turns":2},{"damage":4,"enemies":"Reptomancer","floor":48,"turns":3},{"damage":129,"enemies":"Donu and Deca","floor":50,"turns":8},{"damage":60,"enemies":"Time Eater","floor":51,"turns":5},{"damage":21,"enemies":"Shield and Spear","floor":55,"turns":3},{"damage":84,"enemies":"The Heart","floor":56,"turns":4}],"seed_played":"-7622542591875594206","potions_obtained":[{"floor":4.0,"key":"Strength Potion"},{"floor":5.0,"key":"Block Potion"},{"floor":25.0,"key":"SteroidPotion"},{"floor":29.0,"key":"DistilledChaos"},{"floor":40,"key":"Energy Potion"},{"floor":41,"key":"Block Potion"},{"floor":46,"key":"Block Potion"}],"is_trial":false,"path_per_floor":["M","?","?","M","M","R","M","$","T","?","R","$","R","M","R","B",null,"M","?","$","?","M","R","$","M","T","M","$","M","M","M","R","B",null,"M","?","?","M","M","E","M","$","T","R","M","E","M","E","R","B","B",null,"R","$","E","B",null],"character_chosen":"THE_SILENT","items_purchased":["Reflex","REME_GrazeFinale","Acrobatics"],"campfire_rested":0,"item_purchase_floors":[8,12,42],"current_hp_per_floor":[56,56,56,55,47,47,41,41,41,30,30,30,30,21,21,21,55,51,51,51,51,55,55,55,81,81,43,43,77,29,25,25,43,75,37,27,27,23,73,75,59,59,59,77,79,42,82,75,85,89,81,89,91,91,71,95],"gold":47,"neow_bonus":"","is_daily":false,"chose_seed":false,"campfire_upgraded":8,"win_rate":0.0,"timestamp":1609141247,"path_taken":["M","?","?","M","M","R","M","?","T","?","R","?","R","M","R","BOSS","M","?","?","?","M","R","$","M","T","M","?","M","M","M","R","BOSS","M","?","?","M","?","E","M","$","T","R","M","E","?","E","R","BOSS","BOSS","R","$","E","BOSS"],"items_purchased_type":["Card","Card","Card"],"build_version":"2020-12-22","purchased_purges":4,"victory":true,"max_hp_per_floor":[66,66,66,66,66,66,66,66,66,66,66,66,66,66,66,66,66,81,81,81,81,81,81,81,81,81,81,81,81,81,83,83,85,85,87,87,87,89,73,75,77,77,77,77,79,81,83,85,85,89,91,91,91,91,93,95],"card_choices":[{"not_picked":["Caltrops","Catalyst"],"picked":"Prepared","floor":1.0},{"not_picked":["Crippling Poison","Quick Slash"],"picked":"Escape Plan","floor":4.0},{"not_picked":["Underhanded Strike","Setup"],"picked":"REME_ShadowStrike","floor":5.0},{"not_picked":["Poisoned Stab","Cloak And Dagger","Underhanded Strike"],"picked":"SKIP","floor":7.0},{"not_picked":["Endless Agony","Bane"],"picked":"Calculated Gamble","floor":14.0},{"not_picked":["Storm of Steel","Corpse Explosion"],"picked":"Grand Finale","floor":16.0},{"not_picked":["Scorched","SnowQueen"],"picked":"PunishingBird","floor":18.0},{"not_picked":["Quick Slash+1","Backflip","Bouncing Flask"],"picked":"SKIP","floor":18.0},{"not_picked":["Dodge and Roll","Escape Plan","Deadly Poison"],"picked":"SKIP","floor":22.0},{"not_picked":["Variant","Woodsman"],"picked":"FieryBird","floor":25.0},{"not_picked":["Predator","Quick Slash","Caltrops+1"],"picked":"SKIP","floor":25.0},{"not_picked":["Sucker Punch","Slice","Cloak And Dagger"],"picked":"SKIP","floor":27.0},{"not_picked":["Dagger Throw","Slice","Poisoned Stab"],"picked":"SKIP","floor":29.0},{"not_picked":["Dagger Throw","Slice","Poisoned Stab"],"picked":"SKIP","floor":29.0},{"not_picked":["Poisoned Stab","Underhanded Strike"],"picked":"Prepared","floor":30.0},{"not_picked":["Dash","Slice"],"picked":"Calculated Gamble","floor":31.0},{"not_picked":["Dagger Throw","Dash","Bane"],"picked":"SKIP","floor":35.0},{"not_picked":["Transmutation","Flash of Steel"],"picked":"Secret Technique","floor":36.0},{"not_picked":["REME_ShadowStrike","Bane","Sucker Punch+1"],"picked":"SKIP","floor":38.0},{"not_picked":["Predator+1","All Out Attack","Riddle With Holes+1"],"picked":"SKIP","floor":39.0},{"not_picked":["Dodge and Roll+1","Dagger Spray","Sucker Punch"],"picked":"SKIP","floor":40},{"not_picked":["Dagger Spray","Endless Agony"],"picked":"Terror","floor":41},{"not_picked":["Footwork","Endless Agony","Setup"],"picked":"SKIP","floor":45},{"not_picked":["All Out Attack","Footwork"],"picked":"Acrobatics+1","floor":46},{"not_picked":["PiercingWail","Calculated Gamble+1","All Out Attack"],"picked":"SKIP","floor":47},{"not_picked":["Quick Slash","Night Terror","Dodge and Roll+1"],"picked":"SKIP","floor":48},{"not_picked":["Deflect+1","Footwork","Dash"],"picked":"SKIP","floor":55}],"player_experience":1104856,"relics_obtained":[{"floor":9.0,"key":"RuthlessExorcism:ReiMu"},{"floor":39.0,"key":"AtMidnight"},{"floor":40,"key":"Potion Belt"},{"floor":43,"key":"Boot"},{"floor":46,"key":"TungstenRod"},{"floor":48,"key":"Oddly Smooth Stone"},{"floor":55,"key":"GodSword1"}],"event_choices":[{"damage_healed":0.0,"max_hp_gain":0.0,"max_hp_loss":0.0,"gold_gain":0.0,"event_name":"Liars Game","player_choice":"Ignored","floor":3.0,"gold_loss":0.0,"damage_taken":0.0},{"damage_healed":0.0,"max_hp_gain":0.0,"max_hp_loss":0.0,"gold_gain":75.0,"event_name":"World of Goop","player_choice":"Gather Gold","floor":10.0,"gold_loss":0.0,"damage_taken":11.0},{"cards_removed":["Strike_G"],"damage_healed":0.0,"max_hp_gain":0.0,"max_hp_loss":0.0,"gold_gain":0.0,"event_name":"Designer","player_choice":"Upgrade and Remove","floor":19.0,"gold_loss":110.0,"damage_taken":0.0,"cards_upgraded":["Defend_G"]},{"damage_healed":0.0,"max_hp_gain":0.0,"max_hp_loss":0.0,"gold_gain":50.0,"event_name":"Nest","player_choice":"Stole From Cult","floor":21.0,"gold_loss":0.0,"damage_taken":0.0},{"damage_healed":0.0,"max_hp_gain":0.0,"max_hp_loss":0.0,"gold_gain":0.0,"event_name":"SensoryStone","player_choice":"Memory 3","floor":36.0,"gold_loss":0.0,"damage_taken":10.0},{"cards_removed":["REME_ShadowStrike"],"damage_healed":0.0,"max_hp_gain":0.0,"max_hp_loss":0.0,"gold_gain":0.0,"event_name":"WeMeetAgain","player_choice":"Gave Card","floor":37.0,"gold_loss":0.0,"damage_taken":0.0,"relics_obtained":["Omamori"]}],"is_beta":false,"boss_relics":[{"not_picked":["SacredBark","REME_DemonsWealth"],"picked":"Ring of the Serpent"},{"not_picked":["Fusion Hammer","EasyGame_NEW"],"picked":"RedLine:ReiMu"}],"items_purged_floors":[12,28,42,54],"is_endless":false,"potions_floor_spawned":[4,5,22,25,29,40,41,46,55],"ascension_level":20}}