{"host":"BK","time":1609188901,"event":{"mods":["BaseMod","Highlight Path","Minty Spire (QoL Compilation)","StSLib"],"gold_per_floor":[167,179,198,198,210,210,244,244,271,297,311,338,358,36,36,112,112,132,49,64,64,81,81,6,6,6,6,23,43,62,92,92,92,92],"floor_reached":33,"playtime":6399,"items_purged":["Strike_R"],"score":578,"play_id":"5cd5f00b-1c0e-47dc-aea4-41c8463f82ef","local_time":"20201228135501","is_ascension_mode":true,"campfire_choices":[{"data":"Infernal Blade","floor":6.0,"key":"SMITH"},{"floor":8.0,"key":"REST"},{"floor":15.0,"key":"REST"},{"data":"True Grit","floor":23.0,"key":"SMITH"},{"data":"Inflame","floor":25.0,"key":"SMITH"},{"data":"Battle Trance","floor":27.0,"key":"SMITH"},{"floor":32,"key":"REST"}],"circlet_count":0,"master_deck":["AscendersBane","Strike_R+1","Strike_R+1","Strike_R","Defend_R","Defend_R","Defend_R","Defend_R","Bash+1","Anger","Whirlwind+1","Metallicize","Thunderclap","Iron Wave+1","Battle Trance+1","True Grit+1","Inflame+1","Doubt","Flame Barrier","Power Through","Shrug It Off","Shockwave"],"relics":["Tiny House","Whetstone","Strawberry","Dream Catcher","Molten Egg 2","Chemical X","Cursed Key","Ginger"],"acts_visited":["Exordium","TheCity"],"potions_floor_usage":[31,31],"damage_taken":[{"damage":1.0,"enemies":"Cultist","floor":1.0,"turns":3.0},{"damage":7.0,"enemies":"Small Slimes","floor":2.0,"turns":3.0},{"damage":2.0,"enemies":"Jaw Worm","floor":3.0,"turns":3.0},{"damage":8.0,"enemies":"Exordium Thugs","floor":5.0,"turns":4.0},{"damage":38.0,"enemies":"Lagavulin","floor":7.0,"turns":6.0},{"damage":5.0,"enemies":"Gremlin Nob","floor":10.0,"turns":3.0},{"damage":11.0,"enemies":"Blue Slaver","floor":11.0,"turns":3.0},{"damage":24.0,"enemies":"Lagavulin","floor":12.0,"turns":5.0},{"damage":7.0,"enemies":"2 Fungi Beasts","floor":13.0,"turns":2.0},{"damage":2.0,"enemies":"Slime Boss","floor":16.0,"turns":4.0},{"damage":4.0,"enemies":"3 Byrds","floor":18.0,"turns":4.0},{"damage":0.0,"enemies":"Chosen","floor":20.0,"turns":3.0},{"damage":21.0,"enemies":"Snake Plant","floor":22.0,"turns":3.0},{"damage":24.0,"enemies":"Cultist and Chosen","floor":28.0,"turns":5.0},{"damage":0.0,"enemies":"3 Cultists","floor":29.0,"turns":2.0},{"damage":7.0,"enemies":"Shelled Parasite and Fungi","floor":30.0,"turns":5.0},{"damage":23,"enemies":"Slavers","floor":31,"turns":5},{"damage":72,"enemies":"Automaton","floor":33,"turns":6}],"seed_played":"-5937828517385134052","potions_obtained":[{"floor":0.0,"key":"Swift Potion"},{"floor":2.0,"key":"SkillPotion"},{"floor":13.0,"key":"SteroidPotion"},{"floor":16.0,"key":"HeartOfIron"},{"floor":18.0,"key":"DuplicationPotion"},{"floor":30.0,"key":"BlessingOfTheForge"}],"is_trial":false,"path_per_floor":["M","M","M","?","M","R","E","R","T","E","M","E","M","$","R","B",null,"M","$","M","?","M","R","?","R","T","R","M","M","M","E","R","B"],"character_chosen":"IRONCLAD","items_purchased":["Chemical X","Battle Trance","Inflame"],"campfire_rested":3,"item_purchase_floors":[14,14,19],"current_hp_per_floor":[72,65,63,63,55,55,17,41,48,43,32,8,1,1,27,25,72,68,68,68,87,66,66,66,66,66,66,42,42,35,12,38,0,0],"gold":92,"neow_bonus":"BOSS_RELIC","is_daily":false,"chose_seed":false,"campfire_upgraded":4,"win_rate":0.0,"timestamp":1609188901,"path_taken":["M","M","?","?","M","R","E","R","T","E","M","E","?","$","R","BOSS","M","?","M","?","?","R","?","R","T","R","M","M","M","E","R","BOSS"],"items_purchased_type":["Relic","Card","Card"],"build_version":"2020-12-18","purchased_purges":1,"victory":false,"max_hp_per_floor":[80,80,80,80,80,80,80,80,87,87,87,87,87,87,87,87,87,87,87,87,87,87,87,87,87,87,87,87,87,87,87,87,87,87],"card_choices":[{"not_picked":["Warcry","Flame Barrier"],"picked":"Infernal Blade","floor":0.0},{"not_picked":["Warcry","Headbutt"],"picked":"Anger","floor":1.0},{"not_picked":["Clash","Headbutt"],"picked":"Whirlwind","floor":2.0},{"not_picked":["Havoc","Searing Blow","Sentinel"],"picked":"SKIP","floor":3.0},{"not_picked":["Searing Blow","Flex"],"picked":"Metallicize","floor":5.0},{"not_picked":["Shockwave","Clothesline","Warcry"],"picked":"SKIP","floor":7.0},{"not_picked":["Iron Wave","Seeing Red"],"picked":"Thunderclap","floor":10.0},{"not_picked":["Clash","Second Wind","Cleave"],"picked":"SKIP","floor":11.0},{"not_picked":["Pommel Strike+1","True Grit"],"picked":"Iron Wave+1","floor":12.0},{"not_picked":["Demon Form","Perfected Strike+1","Wild Strike+1"],"picked":"SKIP","floor":13.0},{"not_picked":["Sword Boomerang+1","Wild Strike+1"],"picked":"True Grit","floor":18.0},{"not_picked":["True Grit","Rupture","Twin Strike+1"],"picked":"SKIP","floor":20.0},{"not_picked":["Armaments+1","Dark Embrace","Anger+1"],"picked":"SKIP","floor":22.0},{"not_picked":["Searing Blow+1","Heavy Blade+1","Evolve"],"picked":"SKIP","floor":28.0},{"not_picked":["Cleave+1","Clash+1"],"picked":"Flame Barrier","floor":29.0},{"not_picked":["True Grit","Pommel Strike+1"],"picked":"Power Through","floor":30.0},{"not_picked":["Juggernaut","Shockwave"],"picked":"Shrug It Off","floor":31},{"not_picked":["Armaments","Havoc"],"picked":"Shockwave","floor":32}],"player_experience":2455598,"relics_obtained":[{"floor":7.0,"key":"Whetstone"},{"floor":9.0,"key":"Strawberry"},{"floor":10.0,"key":"Dream Catcher"},{"floor":12.0,"key":"Molten Egg 2"},{"floor":31,"key":"Ginger"}],"event_choices":[{"damage_healed":0.0,"max_hp_gain":0.0,"max_hp_loss":0.0,"gold_gain":0.0,"event_name":"Upgrade Shrine","player_choice":"Upgraded","floor":4.0,"gold_loss":0.0,"damage_taken":0.0,"cards_upgraded":["Whirlwind"]},{"cards_removed":["Infernal Blade"],"damage_healed":19.0,"max_hp_gain":0.0,"max_hp_loss":0.0,"gold_gain":0.0,"event_name":"Bonfire Elementals","player_choice":"Offered Uncommon","floor":21.0,"gold_loss":0.0,"damage_taken":0.0},{"cards_removed":["Strike_R"],"damage_healed":0.0,"max_hp_gain":0.0,"max_hp_loss":0.0,"gold_gain":0.0,"event_name":"Beggar","player_choice":"Gave Gold","floor":24.0,"gold_loss":75.0,"damage_taken":0.0}],"is_beta":true,"boss_relics":[{"not_picked":["Runic Cube","Sozu"],"picked":"Cursed Key"}],"items_purged_floors":[14],"is_endless":false,"potions_floor_spawned":[2,3,13,16,18,30],"killed_by":"Automaton","ascension_level":20}}