{"host":"l017gercouzhorma","time":1609136181,"event":{"mods":["AchievementEnabler","Aspiration","BaseMod","Challenge The Spire","Conspire","Downfall","Halation","Hermit","Hubris","Infinite Spire","Jorbs\u0027s Wanderer Trilogy","Mad Scientist","Marisa????????","Mimic Mod","Minty Spire (QoL Compilation)","Random Character Button","Rare Cards Sparkle","Relic Stats","Replay The Spire","Shade Mod","StSLib","The Cursed","The Disciple","The Hierophant","The Jungle","The Runesmith","The Servant 0.9.4"],"gold_per_floor":[115,131,148,248,268,280,311,18,64,64,96,113,127,153,153,153,153],"floor_reached":16,"playtime":733,"items_purged":[],"score":174,"play_id":"6a1a5015-d10c-487d-98d7-f7c5d63a777b","local_time":"20201227231621","is_ascension_mode":false,"campfire_choices":[{"data":"Shade:CallOfTheGrave","floor":15,"key":"SMITH"}],"circlet_count":0,"master_deck":["Shade:Strike_Shade","Shade:Strike_Shade","Shade:Strike_Shade","Shade:Defend_Shade","Shade:Defend_Shade","Shade:Defend_Shade","Shade:Defend_Shade","Shade:AnimateDead","Shade:CarefulCut","Shade:FeralStrike","Shade:ExtraLimbs","Shade:FingerOfDeath","Shade:Bonestorm","Shade:AncientSpear","Shade:SoulToxin","Shade:CallOfTheGrave+1","Shade:CallWraith","Shade:Frenzy","Shade:SoulPierce","Shade:SensePrey","Shade:WallOfFlesh"],"relics":["Shade:YorickSkull","conspire:Flyswatter","Replay:Baseball","PreservedInsect","Anchor","aspiration:Lifesprig"],"acts_visited":["Exordium"],"potions_floor_usage":[7,7,11,14],"damage_taken":[{"damage":2,"enemies":"Cultist","floor":1,"turns":3},{"damage":0,"enemies":"Small Slimes","floor":2,"turns":2},{"damage":0,"enemies":"2 Louse","floor":3,"turns":1},{"damage":1,"enemies":"Lots of Slimes","floor":5,"turns":2},{"damage":0,"enemies":"Looter","floor":6,"turns":2},{"damage":20,"enemies":"Lagavulin","floor":7,"turns":5},{"damage":0,"enemies":"Gremlin Nob","floor":11,"turns":2},{"damage":0,"enemies":"Blue Slaver","floor":12,"turns":2},{"damage":18,"enemies":"3 Louse","floor":13,"turns":3},{"damage":5,"enemies":"Lagavulin","floor":14,"turns":2},{"damage":29,"enemies":"The Guardian","floor":16,"turns":4}],"seed_played":"-8865057547201413316","potions_obtained":[{"floor":1,"key":"Adrenaline Potion"},{"floor":5,"key":"Languid Potion"},{"floor":7,"key":"Toxic Potion"},{"floor":13,"key":"sneckomod:MuddlingPotion"},{"floor":14,"key":"Elixir"}],"is_trial":false,"path_per_floor":["M","M","M","?","M","M","E","$","T","?","E","M","M","E","R","B"],"character_chosen":"SHADE","items_purchased":["Shade:CallOfTheGrave","Shade:CallWraith","Replay:Baseball"],"campfire_rested":0,"item_purchase_floors":[8,8,8],"current_hp_per_floor":[69,69,69,69,68,68,48,48,48,48,48,48,30,25,25,0,0],"gold":153,"neow_bonus":"TEN_PERCENT_HP_BONUS","is_daily":false,"chose_seed":false,"campfire_upgraded":1,"win_rate":0.0,"timestamp":1609136181,"path_taken":["M","M","M","?","M","M","E","?","T","?","E","?","M","E","R","BOSS"],"items_purchased_type":["Card","Card","Relic"],"build_version":"2020-12-22","purchased_purges":0,"victory":false,"max_hp_per_floor":[71,71,71,71,71,71,71,71,71,71,71,71,71,71,71,71,71],"relic_stats":{"counters":[11,27],"PreservedInsect":49,"obtain_stats":[{"Replay:Baseball":8,"Anchor":11,"aspiration:Lifesprig":14,"Shade:YorickSkull":0,"PreservedInsect":9,"conspire:Flyswatter":7},{"Replay:Baseball":6,"Anchor":7,"aspiration:Lifesprig":10,"Shade:YorickSkull":0,"PreservedInsect":6,"conspire:Flyswatter":6},{"Replay:Baseball":15,"Anchor":17,"aspiration:Lifesprig":23,"Shade:YorickSkull":0,"PreservedInsect":15,"conspire:Flyswatter":15}]},"card_choices":[{"not_picked":["Shade:Awaken","Shade:PoundOfFlesh"],"picked":"Shade:FeralStrike","floor":1},{"not_picked":["Shade:SkeletonHug","Shade:FuneraryJewels"],"picked":"Shade:ExtraLimbs","floor":2},{"not_picked":["Shade:FleshToFlesh","Shade:BoneShards"],"picked":"Shade:FingerOfDeath","floor":3},{"not_picked":["Shade:GraveStillness","Shade:PressTheAttack"],"picked":"Shade:Bonestorm","floor":5},{"not_picked":["Shade:FuneraryArmor","Shade:Brains"],"picked":"Shade:AncientSpear","floor":6},{"not_picked":["Shade:CoffinDance","Shade:Premonition"],"picked":"Shade:SoulToxin","floor":7},{"not_picked":["Shade:FleshToFlesh","Shade:ExtraLimbs"],"picked":"Shade:Frenzy","floor":11},{"not_picked":["Shade:PoundOfFlesh","Shade:Asphyxiate"],"picked":"Shade:SoulPierce","floor":12},{"not_picked":["Shade:GreyBargain","Shade:LyeBath"],"picked":"Shade:SensePrey","floor":13},{"not_picked":["Shade:BoneShards","Shade:RitualOffering"],"picked":"Shade:WallOfFlesh","floor":14}],"player_experience":789268,"relics_obtained":[{"floor":7,"key":"conspire:Flyswatter"},{"floor":9,"key":"PreservedInsect"},{"floor":11,"key":"Anchor"},{"floor":14,"key":"aspiration:Lifesprig"}],"event_choices":[{"damage_healed":0,"gold_gain":100,"player_choice":"Gold","damage_taken":0,"max_hp_gain":0,"max_hp_loss":0,"event_name":"Wheel of Change","floor":4,"gold_loss":0},{"cards_removed":["Shade:Strike_Shade"],"damage_healed":0,"gold_gain":0,"player_choice":"Purged","damage_taken":0,"max_hp_gain":0,"max_hp_loss":0,"event_name":"Purifier","floor":10,"gold_loss":0}],"is_beta":false,"boss_relics":[],"items_purged_floors":[],"is_endless":false,"potions_floor_spawned":[1,5,7,13,14],"killed_by":"The Guardian","ascension_level":0}}