{"host":"dhyczjm99amxd3qx","time":1609180834,"event":{"mods":["BaseMod","Colored Map","Googly Eyes","Highlight Path","Minty Spire (QoL Compilation)","Quick Restart","StSLib"],"gold_per_floor":[11,11,29,48,48,81,81,81,81],"floor_reached":8,"playtime":411,"items_purged":[],"score":62,"play_id":"0772501b-0dd7-46d9-9bb8-3b58c5820ca0","local_time":"20201228134034","is_ascension_mode":true,"campfire_choices":[{"data":"Survivor","floor":7.0,"key":"SMITH"}],"circlet_count":0,"master_deck":["Strike_G","Strike_G","Strike_G","Strike_G","Strike_G","Defend_G","Defend_G","Defend_G","Defend_G","Defend_G","Survivor+1","Neutralize","Secret Technique","Cloak And Dagger"],"relics":["Ring of the Snake","Bird Faced Urn","Mummified Hand"],"acts_visited":["Exordium"],"potions_floor_usage":[],"damage_taken":[{"damage":0.0,"enemies":"2 Louse","floor":1.0,"turns":5.0},{"damage":1.0,"enemies":"Cultist","floor":3.0,"turns":4.0},{"damage":3.0,"enemies":"Small Slimes","floor":4.0,"turns":5.0},{"damage":39.0,"enemies":"Gremlin Nob","floor":6.0,"turns":6.0},{"damage":0,"enemies":"3 Sentries","floor":8,"turns":1}],"seed_played":"-8026939220221076586","potions_obtained":[{"floor":1.0,"key":"Swift Potion"},{"floor":2.0,"key":"GhostInAJar"},{"floor":2.0,"key":"FairyPotion"},{"floor":4.0,"key":"Weak Potion"}],"is_trial":false,"path_per_floor":["M","?","M","M","T","E","R","E"],"character_chosen":"THE_SILENT","items_purchased":[],"campfire_rested":0,"item_purchase_floors":[],"current_hp_per_floor":[70,70,69,66,66,27,27,27,27],"gold":81,"neow_bonus":"RANDOM_COLORLESS_2","is_daily":false,"chose_seed":false,"campfire_upgraded":1,"win_rate":0.0,"timestamp":1609180834,"path_taken":["M","?","?","M","?","E","R","E"],"items_purchased_type":[],"build_version":"2020-12-22","purchased_purges":0,"victory":false,"max_hp_per_floor":[70,70,70,70,70,70,70,70,70],"card_choices":[{"not_picked":["Mayhem","Apotheosis"],"picked":"Secret Technique","floor":0.0},{"not_picked":["Blade Dance","Flying Knee","Outmaneuver"],"picked":"SKIP","floor":1.0},{"not_picked":["Backflip","Eviscerate"],"picked":"Cloak And Dagger","floor":3.0},{"not_picked":["Outmaneuver","Dagger Throw","Bouncing Flask"],"picked":"SKIP","floor":4.0},{"not_picked":["Backflip","Deadly Poison","Slice"],"picked":"SKIP","floor":6.0}],"player_experience":144320,"relics_obtained":[{"floor":5.0,"key":"Bird Faced Urn"},{"floor":6.0,"key":"Mummified Hand"}],"event_choices":[{"damage_healed":0.0,"max_hp_gain":0.0,"max_hp_loss":0.0,"gold_gain":0.0,"event_name":"Lab","player_choice":"Got Potions","floor":2.0,"gold_loss":0.0,"damage_taken":0.0}],"is_beta":false,"boss_relics":[],"items_purged_floors":[],"is_endless":false,"potions_floor_spawned":[1,4],"killed_by":"3 Sentries","ascension_level":2}}