{"host":"m9b9nkcj1hzhp9h6","time":1609170543,"event":{"mods":["AchievementEnabler","Act Like it!","AlwaysNeverKeys","Aspiration","BaseMod","Better Altar","Better Match","Better Note","Better Sensory Stone","Better Silent Start","Better Skull","Better Third Choice","Better Vampires","BetterRewards","Booster Modes","Colored Map","Colored Powertips","Colorless Booster Pack","Conspire","Custom Start","Defective Defect","Dio Mod","Displayed Cursed Tome","Dota2Spire","Downfall","Elementarium","Emptier Cage","Energized Spire","Friendly Minions","Gensokyo","GifTheSpireLib","Halation","HexUI Lib","Hubris","Infinite Spire","Ironclad Rager","Jedi Mod","Mari Mod (Legacy)","Mari\u0027s V1 Patch","Marked Mod","Menagerie","Mimic Mod","Minty Spire (QoL Compilation)","Pale of the Ancients","Permanent Neow","Prisma Mod","RRrroohrrRGHHhhh!!","Random Character Button","Random Character Mod","Relic Sorter","Relic Stats","Remilia??????","Replay The Spire","Reworked Bosses","Robot Space Explorer","RumiaBox-????????","SCP261 Mod","SacredBarkPlus","Small Relic Pack","Spikes Relics","StSLib","Stuff the Spire","The Animator","The Blue Laboratory","The Factory","The IronCluck","The Jungle","Trackpad","Transform Curses","Useless Jewels Mod","Virulent Crown","Waifu the Spire","Wandering Minibosses","Yohane!","Yuri Mod","egg","slay the spire mod where everything is the same but ironclad has a cowboy hat","thorton","vexMod"],"gold_per_floor":[111,127,56,500,515,515,547,564,579,591,583,508,433,445,445,525,525,532,535,460,1268,1268,1388,1388,1388,1420,1182,1182,1201,1201,1218,1218,1321,1321,1331,1354,1366,1384,1384,1384,1259,1276,1351,1366,1381,821,841,953,953,953,953,953,586,636,691,771,771,58,133,213,213,176,271,341,341,141,256,256,256],"floor_reached":70,"playtime":3388,"items_purged":["Yohane:Little_Demon_Lily","Yohane:Strike_Grey","Yohane:Strike_Grey","Yohane:Well_Laid_Ambush","Yohane:Defend_Grey","Yohane:Livestream_Donation+1","Yohane:Gluttony+1"],"score":1391,"play_id":"1ca93769-39c8-4afa-ad25-f72455653467","local_time":"20201228174903","is_ascension_mode":false,"campfire_choices":[{"data":"Yohane:Little_Demon_Ruby","floor":6.0,"key":"SMITH"},{"data":"Yohane:Allure_of_Darkness","floor":15.0,"key":"SMITH"},{"data":"Yohane:Little_Demon_Ruby","floor":24.0,"key":"SMITH"},{"data":"Yohane:Unstable_World","floor":28.0,"key":"SMITH"},{"data":"Yohane:Grand_Entrance","floor":32.0,"key":"SMITH"},{"data":"Yohane:Mijuku_Dreamer","floor":40.0,"key":"SMITH"},{"floor":49.0,"key":"RECALL"},{"floor":52.0,"key":"REST"},{"floor":68.0,"key":"REST"}],"circlet_count":0,"master_deck":["Yohane:Little_Demon_Ruby+1","Yohane:Little_Demon_Mari+1","Yohane:Little_Demon_Ruby+1","Yohane:Mijuku_Dreamer+1","Yohane:Little_Demon_Ruby+1","Yohane:Little_Demon_Ruby+1","Yohane:Little_Demon_Mari+1","Yohane:Allure_of_Darkness+1","Yohane:Energetic_Performance+1","Yohane:Unstable_World+1","Yohane:Grand_Entrance+1","Yohane:Inspiration+1","Yohane:Inspiration+1","Yohane:Grand_Entrance+1","Yohane:Little_Demon_Ruby+1","Yohane:Little_Demon_Ruby+1","Yohane:Little_Demon_Ruby+1","Yohane:Little_Demon_Ruby+1","Yohane:Little_Demon_Ruby+1","Yohane:Dark_Rest+1"],"relics":["animator:TheWolleyCore","animator:AncientMedallion"],"acts_visited":["Menagerie:Menagerie","TheCity","TheBeyond","TheEnding","EYB:TheUnnamedReign"],"potions_floor_usage":[69],"damage_taken":[{"damage":0.0,"enemies":"Menagerie:2_RABBITS","floor":1.0,"turns":1.0},{"damage":0.0,"enemies":"Menagerie:WhisperingWraith","floor":2.0,"turns":1.0},{"damage":0.0,"enemies":"Menagerie:MonstrousExperiment","floor":5.0,"turns":1.0},{"damage":6.0,"enemies":"Menagerie:VoidReaper","floor":7.0,"turns":6.0},{"damage":0.0,"enemies":"Menagerie:DREAD_MOTH_AND_GRAFTED_WORMS","floor":8.0,"turns":3.0},{"damage":0.0,"enemies":"Menagerie:MENAGERIE_WILDLIFE","floor":9.0,"turns":6.0},{"damage":9.0,"enemies":"Menagerie:MENAGERIE_WILDLIFE","floor":10.0,"turns":3.0},{"damage":2.0,"enemies":"Menagerie:RedMage","floor":11.0,"turns":6.0},{"damage":3.0,"enemies":"Menagerie:EntropyWarlock","floor":14.0,"turns":4.0},{"damage":0.0,"enemies":"Menagerie:Chimera","floor":16.0,"turns":6.0},{"damage":0.0,"enemies":"Chosen","floor":18.0,"turns":5.0},{"damage":0.0,"enemies":"Spheric Guardian","floor":19.0,"turns":5.0},{"damage":0.0,"enemies":"Centurion and Healer","floor":21.0,"turns":6.0},{"damage":26.0,"enemies":"Gremlin Leader","floor":23.0,"turns":8.0},{"damage":0.0,"enemies":"3 Cultists","floor":26.0,"turns":5.0},{"damage":1.0,"enemies":"3 Cultists","floor":29.0,"turns":3.0},{"damage":0.0,"enemies":"conspire:HollyBat","floor":31.0,"turns":4.0},{"damage":0.0,"enemies":"bossMod:newCollector","floor":33.0,"turns":8.0},{"damage":2.0,"enemies":"3 Shapes","floor":35.0,"turns":2.0},{"damage":0.0,"enemies":"Orb Walker","floor":37.0,"turns":3.0},{"damage":0.0,"enemies":"3 Darklings","floor":38.0,"turns":3.0},{"damage":0.0,"enemies":"Writhing Mass","floor":42.0,"turns":6.0},{"damage":0.0,"enemies":"Jaw Worm Horde","floor":44.0,"turns":2.0},{"damage":2.0,"enemies":"Spire Growth","floor":45.0,"turns":3.0},{"damage":21.0,"enemies":"Transient","floor":47.0,"turns":5.0},{"damage":0.0,"enemies":"Nemesis","floor":48.0,"turns":5.0},{"damage":4.0,"enemies":"bossMod:newShapes","floor":50.0,"turns":5.0},{"damage":0.0,"enemies":"animator:UNNAMED_CULTIST_1","floor":54.0,"turns":5.0},{"damage":12.0,"enemies":"animator:TRIPLE_SHAPES_WEAK","floor":55.0,"turns":7.0},{"damage":0.0,"enemies":"animator:UNNAMED_CULTIST_2","floor":59.0,"turns":3.0},{"damage":3.0,"enemies":"animator:LARGE_CRYSTAL","floor":60.0,"turns":3.0},{"damage":16.0,"enemies":"animator:ULTIMATE_CUBE","floor":63.0,"turns":8.0},{"damage":4.0,"enemies":"animator:ULTIMATE_CRYSTAL","floor":67.0,"turns":6.0}],"seed_played":"-7361530029396330483","potions_obtained":[{"floor":7.0,"key":"SteroidPotion"},{"floor":8.0,"key":"Guardian:BlockOnCardUsePotion"},{"floor":10.0,"key":"BlessingOfTheForge"},{"floor":19.0,"key":"SCP261:BlastolaColaPotion"},{"floor":21.0,"key":"SCP261:BarrettColaPotion"},{"floor":44.0,"key":"sneckomod:MuddlingPotion"},{"floor":54.0,"key":"animator:FalseLifePotion"},{"floor":55.0,"key":"animator:FalseLifePotion"},{"floor":59.0,"key":"animator:FalseLifePotion"},{"floor":67.0,"key":"animator:FalseLifePotion"}],"is_trial":false,"path_per_floor":["M","M","$","?","M","R","E","M","MIM","M","M","?","$","M","R","B",null,"M","M","?","M","?","E","R","?","MIM","$","R","M","?","M","R","B",null,"M","T","M","M","AVR","R","$","M","T","M","M","$","M","E","R","B",null,"R","??","M","M","T","?","$","M","M","?","$","E","T","?","$","E","R","B",null],"character_chosen":"FallenAngel","items_purchased":["Yohane:Little_Demon_Mari","Yohane:Unstable_World","StrikeDummy","hubris:TenFootPole","Yohane:Little_Demon_Ruby","animator:AncientMedallion","animator:AncientMedallion","Yohane:Little_Demon_Ruby"],"campfire_rested":2,"item_purchase_floors":[3,27,46,46,58,58,58,62],"current_hp_per_floor":[60,60,60,33,33,33,27,27,27,18,16,16,16,13,13,13,60,60,60,60,60,60,34,34,40,40,40,40,39,39,39,39,39,60,58,58,58,58,58,58,58,58,58,58,56,56,35,35,35,31,60,60,89,89,77,77,42,42,54,63,63,63,59,59,59,59,75,89,89],"gold":256,"neow_bonus":"THREE_ENEMY_KILL","is_daily":false,"chose_seed":false,"campfire_upgraded":6,"win_rate":0.0,"timestamp":1609170543,"path_taken":["M","M","$","?","?","R","E","M","MIM","M","M","?","$","M","R","BOSS","M","M","?","M","?","E","R","?","MIM","$","R","?","?","?","R","BOSS","M","?","M","M","AVR","R","$","M","T","M","M","$","?","E","R","BOSS","R","??","M","M","T","?","$","M","M","?","$","E","T","?","$","E","R","BOSS"],"items_purchased_type":["Card","Card","Relic","Relic","Card","Relic","Relic","Card"],"build_version":"2020-12-22","purchased_purges":7,"victory":true,"max_hp_per_floor":[60,60,60,60,60,60,60,60,60,60,60,60,60,60,60,60,60,60,60,60,60,60,60,60,60,60,60,60,60,60,60,60,60,60,60,60,60,60,60,60,60,60,60,60,60,60,60,60,60,60,60,60,89,89,89,89,89,89,89,89,89,89,89,89,89,89,89,89,89],"relic_stats":{"counters":[34,158],"obtain_stats":[{"StuffTheSpire:TintedRock":9,"relicPack:DSword":57,"NeowsBlessing":0,"animator:TheWolleyCore":53,"Astrolabe":17,"wanderingMiniBosses:MasterThiefsPresence":21,"Yohane:AngelWings":0,"hubris:Towel":22,"jedi:Pinwheel":26,"Medical Kit":39,"animator:AncientMedallion":56,"infinitespire:Satchel":23,"trackpad:Compendium":36,"hubris:TenFootPole":46,"Dota2Spire:AssaultCuirass":7,"Bottled Lightning":26,"StrikeDummy":46,"halation:LettersToHer":48,"halation:PinkSoulGem":65,"hubris:TinFlute":43,"MariMod:MariFestivalBadge":34},{"StuffTheSpire:TintedRock":6,"relicPack:DSword":29,"NeowsBlessing":0,"animator:TheWolleyCore":27,"Astrolabe":10,"wanderingMiniBosses:MasterThiefsPresence":13,"Yohane:AngelWings":0,"hubris:Towel":13,"jedi:Pinwheel":15,"Medical Kit":21,"animator:AncientMedallion":29,"infinitespire:Satchel":14,"trackpad:Compendium":19,"hubris:TenFootPole":24,"Dota2Spire:AssaultCuirass":4,"Bottled Lightning":15,"StrikeDummy":24,"halation:LettersToHer":26,"halation:PinkSoulGem":32,"hubris:TinFlute":22,"MariMod:MariFestivalBadge":18},{"StuffTheSpire:TintedRock":18,"relicPack:DSword":127,"NeowsBlessing":0,"animator:TheWolleyCore":115,"Astrolabe":37,"wanderingMiniBosses:MasterThiefsPresence":53,"Yohane:AngelWings":0,"hubris:Towel":53,"jedi:Pinwheel":66,"Medical Kit":89,"animator:AncientMedallion":127,"infinitespire:Satchel":61,"trackpad:Compendium":83,"hubris:TenFootPole":100,"Dota2Spire:AssaultCuirass":9,"Bottled Lightning":66,"StrikeDummy":100,"halation:LettersToHer":110,"halation:PinkSoulGem":141,"hubris:TinFlute":95,"MariMod:MariFestivalBadge":81}]},"card_choices":[{"not_picked":["Yohane:Backfoot","Yohane:Gluttony"],"picked":"Yohane:Little_Demon_Ruby","floor":1.0},{"not_picked":["Yohane:Sloth","Yohane:Energetic_Performance","Yohane:Wrath"],"picked":"SKIP","floor":2.0},{"not_picked":["Yohane:Hell_Zone","Yohane:Backfoot"],"picked":"Yohane:Little_Demon_Ruby","floor":5.0},{"not_picked":["Yohane:Little_Demon_Hanamaru","Yohane:Dark_Rest"],"picked":"Yohane:Mijuku_Dreamer","floor":7.0},{"not_picked":["Yohane:Little_Demon_Mari","Yohane:Angel_Tears"],"picked":"Yohane:Little_Demon_Ruby","floor":8.0},{"not_picked":["Yohane:Wrath","Yohane:Mijuku_Dreamer"],"picked":"Yohane:Little_Demon_Ruby","floor":9.0},{"not_picked":["Yohane:Adept_Technology","Yohane:Misfortune"],"picked":"Yohane:Little_Demon_Mari","floor":10.0},{"not_picked":["Yohane:Soul_Peek","Yohane:Impressive_Display"],"picked":"Yohane:Allure_of_Darkness","floor":11.0},{"not_picked":["Yohane:Misfortune","Yohane:Livestream_Donation","Yohane:Ice_Cream_Assault"],"picked":"SKIP","floor":14.0},{"not_picked":["Yohane:Hakodate+1","Yohane:Angel_Tears+1","Yohane:Dark_Shield"],"picked":"SKIP","floor":18.0},{"not_picked":["Yohane:Envious+1","Yohane:Gluttony","Yohane:Energy_Change"],"picked":"SKIP","floor":19.0},{"not_picked":["Yohane:Inspiration+1","Yohane:Kowareyasuki","Yohane:Voodoo_Doll"],"picked":"SKIP","floor":21.0},{"not_picked":["Yohane:Scorn","Yohane:Energy_Change","Yohane:Ice_Cream_Assault"],"picked":"SKIP","floor":23.0},{"not_picked":["Yohane:Mijuku_Dreamer","Yohane:Misfortune"],"picked":"Yohane:Little_Demon_Ruby","floor":26.0},{"not_picked":["Yohane:Inspiration","Yohane:Excitement+1","Yohane:Misfortune"],"picked":"SKIP","floor":29.0},{"not_picked":["Yohane:Miracle_Wave+1","Yohane:Dark_Shield+1"],"picked":"Yohane:Grand_Entrance","floor":31.0},{"not_picked":["Yohane:Fallen_Dragon_Phoenix_Hold+1","Yohane:Debut","Yohane:Reckless_Greed+1"],"picked":"SKIP","floor":35.0},{"not_picked":["Yohane:Ice_Cream_Assault+1","Yohane:Hakodate+1"],"picked":"Yohane:Inspiration","floor":37.0},{"not_picked":["Yohane:Energy_Change","Yohane:Dark_Shield+1","Yohane:Wrath+1"],"picked":"SKIP","floor":38.0},{"not_picked":["Yohane:Hakodate","Yohane:Ice_Cream_Assault"],"picked":"Yohane:Inspiration","floor":42.0},{"not_picked":["Yohane:Energy_Change","Yohane:Kowareyasuki","Yohane:Gluttony+1"],"picked":"SKIP","floor":44.0},{"not_picked":["Yohane:Kowareyasuki","Yohane:Culinary_Genius+1","Yohane:Wrath"],"picked":"SKIP","floor":45.0},{"not_picked":["Yohane:Inspiration+1","Yohane:Misfortune","Yohane:Backfoot"],"picked":"SKIP","floor":47.0},{"not_picked":["Yohane:Gluttony+1","Yohane:Cursed_Strike"],"picked":"Yohane:Grand_Entrance+1","floor":48.0},{"not_picked":["Yohane:Schwarz_Sechs","Yohane:Miracle_Wave+1"],"picked":"Yohane:Little_Demon_Ruby","floor":54.0},{"not_picked":["Yohane:Misfortune","Yohane:Schwarz_Sechs","Yohane:Inspiration+1"],"picked":"SKIP","floor":55.0},{"not_picked":["Yohane:Backfoot","Yohane:Livestream_Donation","Yohane:Hakodate"],"picked":"SKIP","floor":59.0},{"not_picked":["Yohane:Impressive_Display","Yohane:Gluttony+1","Yohane:Dark_Rest"],"picked":"SKIP","floor":60.0},{"not_picked":["Yohane:Adept_Technology","Yohane:Angel_Tears","Yohane:Misfortune"],"picked":"SKIP","floor":63.0},{"not_picked":["Yohane:Schwarz_Sechs","Yohane:Misfortune"],"picked":"Yohane:Dark_Rest","floor":67.0}],"player_experience":1378333,"relics_obtained":[{"floor":7.0,"key":"Dota2Spire:AssaultCuirass"},{"floor":9.0,"key":"StuffTheSpire:TintedRock"},{"floor":21.0,"key":"wanderingMiniBosses:MasterThiefsPresence"},{"floor":23.0,"key":"infinitespire:Satchel"},{"floor":26.0,"key":"Bottled Lightning"},{"floor":26.0,"key":"jedi:Pinwheel"},{"floor":36.0,"key":"trackpad:Compendium"},{"floor":43.0,"key":"hubris:TinFlute"},{"floor":48.0,"key":"halation:LettersToHer"},{"floor":53.0,"key":"animator:TheWolleyCore"},{"floor":56.0,"key":"animator:AncientMedallion"},{"floor":63.0,"key":"animator:AncientMedallion"},{"floor":64.0,"key":"animator:AncientMedallion"},{"floor":67.0,"key":"animator:AncientMedallion"}],"event_choices":[{"damage_healed":0.0,"max_hp_gain":0.0,"max_hp_loss":0.0,"gold_gain":444.0,"event_name":"betterSkull:BetterSkull","player_choice":"GO GO GO GO ","floor":4.0,"gold_loss":0.0,"damage_taken":31.0,"cards_upgraded":[],"relics_obtained":[]},{"damage_healed":0.0,"max_hp_gain":0.0,"max_hp_loss":0.0,"gold_gain":0.0,"event_name":"betterMatch:BetterMatch","player_choice":"2","floor":12.0,"gold_loss":0.0,"damage_taken":0.0,"cards_obtained":["betterMatch:CommonCard","betterMatch:CommonCard"]},{"cards_removed":["Yohane:Livestream_Donation"],"damage_healed":0.0,"max_hp_gain":0.0,"max_hp_loss":0.0,"gold_gain":0.0,"event_name":"Beggar","player_choice":"Gave Gold","floor":20.0,"gold_loss":75.0,"damage_taken":0.0},{"damage_healed":0.0,"max_hp_gain":0.0,"max_hp_loss":0.0,"gold_gain":0.0,"event_name":"Upgrade Shrine","player_choice":"Upgraded","floor":30.0,"gold_loss":0.0,"damage_taken":0.0,"cards_upgraded":["Yohane:Little_Demon_Ruby"]}],"is_beta":false,"boss_relics":[{"not_picked":["ChewingGum","energizedSpire:NeverEndingSparkler"],"picked":"Astrolabe"},{"not_picked":["conspire:SeveredTorchhead","thethorton:BottledFunds"],"picked":"MariMod:MariFestivalBadge"}],"items_purged_floors":[13,27,39,41,46,58,66],"is_endless":false,"potions_floor_spawned":[7,8,10,14,19,21,35,44,45,54,59,60,67],"ascension_level":0}}