{"host":"n9qtmgye2hz5t4ok","time":1609137360,"event":{"mods":["Act Like it!","BaseMod","Colored Map","Downfall","Gensokyo","Infinite Spire","Koishi","Marisa????????","Minty Spire (QoL Compilation)","StSLib","The Jungle","The Servant 0.9.4"],"gold_per_floor":[69000,68120,68138,68153,68170,68184,68184,68200,68227,67430,67458,67418,67435,67504,67504,67604,67604,67617,67617,66450,66460,66460,66494,66494,66520,66520,66531,66543,66563,65872,65798,65798,65897,65897,65910,65924,65432,65432,65432,65432],"floor_reached":39,"playtime":3771,"items_purged":["Defend_G","Strike_G","Strike_G","Strike_G","Defend_G"],"score":473,"play_id":"d1fb04b3-3038-4d6d-9d1d-ea1d80db2b07","local_time":"20201228073600","is_ascension_mode":false,"campfire_choices":[{"data":"A Thousand Cuts","floor":7,"key":"SMITH"},{"data":"Footwork","floor":15,"key":"SMITH"},{"data":"expansioncontent:Corrupt","floor":32,"key":"SMITH"}],"circlet_count":0,"master_deck":["Defend_G","Defend_G","Survivor","Neutralize","Slice","A Thousand Cuts+1","Blade Dance","Footwork+1","Choke","Slice","Flash of Steel","expansioncontent:Corrupt+1","Acrobatics","Prepared","Finisher","Acrobatics","Bullet Time","Outmaneuver+1","Swift Strike","Noxious Fumes+1","Writhe","Unload","Slice+1","Blade Dance","Well Laid Plans+1","Noxious Fumes+1","A Thousand Cuts+1","Backflip+1","Terror+1","Die Die Die+1","Slice","infinitespire:Punishment","Endless Agony+1","Slice+1","Adrenaline"],"relics":["Coffee Dripper","Potion Belt","infinitespire:Beetle Shell","TwistedFunnel","Vajra","Lantern","MealTicket","infinitespire:Eraser","Frozen Egg 2","WristBlade","FossilizedHelix","Ice Cream","Chemical X","Blood Vial","Strawberry","Unceasing Top","Centennial Puzzle","Peace Pipe","Regal Pillow","infinitespire:FocusingShard","Astrolabe","Orrery"],"acts_visited":["Exordium","TheCity","TheBeyond"],"potions_floor_usage":[16,16,16,16,25,25,33,33],"damage_taken":[{"damage":0,"enemies":"Cultist","floor":1,"turns":5},{"damage":0,"enemies":"Small Slimes","floor":3,"turns":2},{"damage":8,"enemies":"infinitespire:Voidling","floor":4,"turns":3},{"damage":11,"enemies":"Exordium Wildlife","floor":5,"turns":3},{"damage":0,"enemies":"Looter","floor":6,"turns":2},{"damage":8,"enemies":"Large Slime","floor":8,"turns":3},{"damage":16,"enemies":"Gremlin Nob","floor":11,"turns":3},{"damage":0,"enemies":"3 Louse","floor":13,"turns":2},{"damage":22,"enemies":"The Guardian","floor":16,"turns":5},{"damage":0,"enemies":"Chosen","floor":18,"turns":3},{"damage":0,"enemies":"Spheric Guardian","floor":21,"turns":1},{"damage":10,"enemies":"Nightmare","floor":23,"turns":5},{"damage":9,"enemies":"Slavers","floor":25,"turns":4},{"damage":0,"enemies":"Centurion and Healer","floor":27,"turns":3},{"damage":0,"enemies":"Shelled Parasite and Fungi","floor":28,"turns":3},{"damage":0,"enemies":"Sentry and Sphere","floor":29,"turns":3},{"damage":25,"enemies":"Collector","floor":33,"turns":4},{"damage":0,"enemies":"Orb Walker","floor":35,"turns":2},{"damage":0,"enemies":"3 Darklings","floor":36,"turns":2},{"damage":1,"enemies":"infinitespire:Three Voidlings","floor":39,"turns":2},{"damage":82,"enemies":"Nightmare_Alpha","floor":39,"turns":5}],"seed_played":"4444587561921126193","potions_obtained":[{"floor":1,"key":"CultistPotion"},{"floor":3,"key":"SteroidPotion"},{"floor":8,"key":"Dexterity Potion"},{"floor":18,"key":"FairyPotion"},{"floor":21,"key":"PowerPotion"},{"floor":25,"key":"Fire Potion"},{"floor":28,"key":"LiquidBronze"},{"floor":29,"key":"Guardian:BlockOnCardUsePotion"},{"floor":35,"key":"EntropicBrew"},{"floor":36,"key":"sneckomod:MuddlingPotion"}],"is_trial":false,"path_per_floor":["M","$","M","M","M","M","R","M","T","$","E","?","M","T","R","B",null,"M","?","$","M","?","NM","?","E","T","M","M","M","$","?","R","B",null,"M","M","?","AVR","?"],"character_chosen":"THE_SILENT","items_purchased":["Potion Belt","infinitespire:Beetle Shell","TwistedFunnel","A Thousand Cuts","Blade Dance","Energy Potion","champ:CounterPotion","DuplicationPotion","Lantern","MealTicket","Flash of Steel","Guardian:BlockOnCardUsePotion","expansioncontent:Corrupt","Acrobatics","Prepared","FossilizedHelix","Ice Cream","Chemical X","Swift Strike","Noxious Fumes+1","champ:CounterPotion","Dexterity Potion","Explosive Potion","Peace Pipe","Regal Pillow","Noxious Fumes+1"],"campfire_rested":0,"item_purchase_floors":[2,2,2,2,2,2,2,2,10,10,10,10,10,10,10,20,20,20,20,20,20,20,20,30,30,30],"current_hp_per_floor":[70,70,70,62,51,51,51,43,43,43,27,27,27,27,27,5,70,70,70,70,70,70,67,67,60,60,62,64,66,77,77,77,52,77,77,77,77,77,18,18],"gold":65432,"neow_bonus":"BOSS_RELIC","is_daily":false,"chose_seed":false,"campfire_upgraded":3,"win_rate":0.0,"timestamp":1609137360,"path_taken":["M","$","M","M","M","M","R","?","T","$","E","?","?","?","R","BOSS","M","?","$","M","?","NM","?","E","T","M","?","M","$","?","R","BOSS","M","?","?","AVR","?"],"items_purchased_type":["Relic","Relic","Relic","Card","Card","Potion","Potion","Potion","Relic","Relic","Card","Potion","Card","Card","Card","Relic","Relic","Relic","Card","Card","Potion","Potion","Potion","Relic","Relic","Card"],"build_version":"2020-12-22","purchased_purges":5,"victory":false,"max_hp_per_floor":[70,70,70,70,70,70,70,70,70,70,70,70,70,70,70,70,70,70,70,70,70,70,77,77,77,77,77,77,77,77,77,77,77,77,77,77,77,77,77,77],"card_choices":[{"not_picked":["Dagger Spray","Eviscerate"],"picked":"Slice","floor":1},{"not_picked":["Bouncing Flask","Sucker Punch","Dodge and Roll"],"picked":"SKIP","floor":3},{"not_picked":["Deadly Poison","Sucker Punch","Outmaneuver"],"picked":"SKIP","floor":4},{"not_picked":["Noxious Fumes","Finisher"],"picked":"Footwork","floor":5},{"not_picked":["Underhanded Strike","Flying Knee"],"picked":"Choke","floor":6},{"not_picked":["Acrobatics","Doppelganger"],"picked":"Slice","floor":8},{"not_picked":["PiercingWail","Dodge and Roll"],"picked":"Finisher","floor":11},{"not_picked":["Deadly Poison","Poisoned Stab"],"picked":"Acrobatics","floor":13},{"not_picked":["Malaise","infinitespire:Neurotoxin"],"picked":"Bullet Time","floor":16},{"not_picked":["Sucker Punch","Heel Hook"],"picked":"Outmaneuver+1","floor":18},{"not_picked":["Bouncing Flask","Slice","Crippling Poison"],"picked":"SKIP","floor":21},{"not_picked":["Reflex","Skewer+1"],"picked":"Unload","floor":23},{"not_picked":["Deflect","Leg Sweep"],"picked":"Slice+1","floor":25},{"not_picked":["Eviscerate","PiercingWail"],"picked":"Blade Dance","floor":27},{"not_picked":["Backstab","Flying Knee"],"picked":"Well Laid Plans+1","floor":28},{"not_picked":["Heel Hook","Flechettes","Distraction"],"picked":"SKIP","floor":29},{"not_picked":["Envenom+1","Tools of the Trade+1"],"picked":"A Thousand Cuts+1","floor":33},{"not_picked":["Poisoned Stab","Sucker Punch+1","Flying Knee"],"picked":"SKIP","floor":35},{"not_picked":["Underhanded Strike","Well Laid Plans+1"],"picked":"Slice","floor":36},{"not_picked":["infinitespire:UltimateForm","infinitespire:Oblivion"],"picked":"infinitespire:Punishment","floor":37},{"not_picked":["Night Terror","Sucker Punch+1"],"picked":"Endless Agony+1","floor":38},{"not_picked":["Blur","Poisoned Stab"],"picked":"Slice+1","floor":38},{"not_picked":["Flying Knee+1","Deflect"],"picked":"Adrenaline","floor":38}],"player_experience":47138,"relics_obtained":[{"floor":9,"key":"Vajra"},{"floor":11,"key":"infinitespire:Eraser"},{"floor":14,"key":"Frozen Egg 2"},{"floor":23,"key":"Strawberry"},{"floor":25,"key":"Unceasing Top"},{"floor":26,"key":"Centennial Puzzle"}],"event_choices":[{"damage_healed":0,"gold_gain":0,"player_choice":"Bought 3 Potions","damage_taken":0,"max_hp_gain":0,"max_hp_loss":0,"event_name":"The Woman in Blue","floor":12,"gold_loss":0},{"damage_healed":0,"gold_gain":0,"player_choice":"Opened","damage_taken":0,"relics_obtained":["Blood Vial"],"max_hp_gain":0,"max_hp_loss":0,"event_name":"The Mausoleum","floor":22,"gold_loss":0,"cards_obtained":["Writhe"]},{"damage_healed":0,"gold_gain":0,"player_choice":"Ignored","damage_taken":0,"max_hp_gain":0,"max_hp_loss":0,"event_name":"Ghosts","floor":24,"gold_loss":0},{"damage_healed":0,"gold_gain":0,"player_choice":"Paid Gold","damage_taken":0,"relics_obtained":["infinitespire:FocusingShard"],"max_hp_gain":0,"max_hp_loss":0,"event_name":"WeMeetAgain","floor":31,"gold_loss":74}],"is_beta":false,"boss_relics":[{"not_picked":["Ectoplasm","SlaversCollar"],"picked":"WristBlade"},{"not_picked":["Cursed Key","Snecko Eye"],"picked":"Astrolabe"}],"items_purged_floors":[2,10,20,30,38],"is_endless":true,"potions_floor_spawned":[1,3,8,11,18,21,25,28,29,35,36,39],"killed_by":"Nightmare_Alpha","ascension_level":0}}