{"host":"9xye55gy2im9zffl","time":1609148302,"event":{"mods":["2.2 Compatiblity","Astrologer","BaseMod","Beaked The Cultist","Better Altar","Better Match","Better Note","Better Sensory Stone","Better Skull","Better Third Choice","Dio Mod","Downfall","Friendly Minions","Hermit","Hero for Fun","Minty Spire (QoL Compilation)","Shop Mod","Small Relic Pack","StSLib","The Animator","The Bladedancer","The Cursed","The Disciple","The Exalted","The Hierophant","The Poker Player","The Runesmith","The Valiant","The Wild Card","TheArtist","Wandering Minibosses"],"gold_per_floor":[99,114,124,136,38,97,109,121,147,84,124,49,69,69,88,192,192,117,137,287,196,211,223,223,238,163,178,209,209,225,28,40,40,40,40],"floor_reached":33,"playtime":5932,"items_purged":[],"score":321,"play_id":"c93f8bba-cedc-4897-b1a5-36402603c382","local_time":"20201228033822","is_ascension_mode":false,"campfire_choices":[{"data":"champ:Taunt","floor":1,"key":"SMITH"},{"floor":10,"key":"REST"},{"floor":18,"key":"RECALL"},{"data":"champ:PerfectedStrike","floor":26,"key":"SMITH"}],"circlet_count":0,"master_deck":["champ:Strike","champ:Strike","champ:Strike","champ:Strike","champ:Defend","champ:Defend","champ:Defend","champ:Defend","champ:Execute","champ:Taunt+1","champ:PerfectedStrike+1","champ:GutPunch","champ:GladiatorStyle","champ:DeathBlow","champ:CalledShot","champ:TornadoPunch","champ:Circumvent","champ:Lariat+1","champ:ArenaPreparation","champ:AdrenalArmor","champ:DefensiveStyle","champ:SteelEdge","champ:BladeFlurry","champ:Improvising","champ:BerserkerStyle","champ:BringItOn+1","champ:Duel","champ:FlashCut+1","champ:FanOfKnives+1","champ:GutPunch","champ:EnragedBash+1","champ:FalseCounter","champ:CheapShot","champ:FaceSlap","champ:IgnorePain","champ:StanceDance","expansioncontent:DonusPower","champ:PerfectedStrike","champ:FanOfKnives"],"relics":["champ:ChampionCrown","downfall:HeartBlessingBlue","Blood Vial","Bromod:ArcaneEnergize","downfall:HeartBlessingGreen","Ginger","downfall:HeartBlessingRed","Letter Opener"],"acts_visited":["Exordium","TheCity"],"potions_floor_usage":[16,16,16,33,33,33],"damage_taken":[{"damage":5,"enemies":"Small Slimes","floor":2,"turns":4},{"damage":5,"enemies":"Cultist","floor":3,"turns":3},{"damage":0,"enemies":"2 Louse","floor":4,"turns":2},{"damage":5,"enemies":"downfall:FleeingMerchant","floor":5,"turns":4},{"damage":35,"enemies":"3 Sentries","floor":6,"turns":6},{"damage":27,"enemies":"Blue Slaver","floor":9,"turns":4},{"damage":38,"enemies":"3 Sentries","floor":11,"turns":4},{"damage":35,"enemies":"downfall:FleeingMerchant","floor":12,"turns":4},{"damage":21,"enemies":"Gremlin Gang","floor":13,"turns":4},{"damage":7,"enemies":"Blue Slaver","floor":15,"turns":3},{"damage":36,"enemies":"downfall:Ironclad","floor":16,"turns":6},{"damage":19,"enemies":"Shell Parasite","floor":19,"turns":6},{"damage":28,"enemies":"downfall:FleeingMerchant","floor":21,"turns":4},{"damage":40,"enemies":"Snake Plant","floor":22,"turns":3},{"damage":10,"enemies":"Sentry and Sphere","floor":23,"turns":5},{"damage":5,"enemies":"Snecko","floor":25,"turns":5},{"damage":34,"enemies":"Centurion and Healer","floor":27,"turns":4},{"damage":79,"enemies":"Gremlin Leader","floor":28,"turns":5},{"damage":37,"enemies":"Cultist and Chosen","floor":30,"turns":5},{"damage":16,"enemies":"downfall:FleeingMerchant","floor":31,"turns":5},{"damage":39,"enemies":"Chosen and Byrds","floor":32,"turns":5},{"damage":22,"enemies":"downfall:Silent","floor":33,"turns":4}],"seed_played":"4590886350075813183","potions_obtained":[{"floor":2,"key":"FearPotion"},{"floor":3,"key":"Strength Potion"},{"floor":8,"key":"SpeedPotion"},{"floor":15,"key":"DuplicationPotion"},{"floor":16,"key":"SteroidPotion"},{"floor":19,"key":"Swift Potion"},{"floor":27,"key":"Ancient Potion"},{"floor":30,"key":"Guardian:BlockOnCardUsePotion"},{"floor":32,"key":"Block Potion"}],"is_trial":false,"path_per_floor":["R","M","M","M","$","?","T","?","M","R","E","$","M","?","M","B",null,"R","M","?","$","M","M","T","M","R","M","E","?","M","$","M","B"],"character_chosen":"THE_CHAMP","items_purchased":["champ:CalledShot","champ:TornadoPunch","champ:DefensiveStyle","champ:Duel","champ:StanceDance","expansioncontent:DonusPower","champ:PerfectedStrike"],"campfire_rested":1,"item_purchase_floors":[5,5,12,21,31,31,31],"current_hp_per_floor":[99,99,99,99,97,72,72,72,60,102,74,67,57,57,52,33,109,109,105,105,107,109,109,109,109,109,82,45,45,28,25,18,0,0,0],"gold":40,"neow_bonus":"TEN_PERCENT_HP_BONUS","is_daily":false,"chose_seed":false,"campfire_upgraded":2,"win_rate":0.0,"timestamp":1609148302,"path_taken":["R","M","M","M","$","?","T","?","M","R","E","$","?","?","M","BOSS","R","M","?","$","?","M","T","M","R","M","E","?","M","$","M","BOSS"],"items_purchased_type":["Card","Card","Card","Card","Card","Card","Card"],"build_version":"2020-12-22","purchased_purges":0,"victory":false,"max_hp_per_floor":[99,99,99,99,99,99,99,99,99,109,109,109,109,109,109,109,109,109,109,109,109,109,109,109,109,109,109,109,109,109,109,109,109,109,109],"card_choices":[{"not_picked":["champ:Circumvent","champ:PreciseThrust"],"picked":"champ:PerfectedStrike","floor":2},{"not_picked":["champ:Haymaker","champ:GladiatorsShout"],"picked":"champ:GutPunch","floor":3},{"not_picked":["champ:GutPunch","champ:IronFortress"],"picked":"champ:GladiatorStyle","floor":4},{"not_picked":["champ:TornadoPunch","champ:FanOfKnives"],"picked":"champ:DeathBlow","floor":5},{"not_picked":["champ:TornadoPunch","champ:FocusedDefense"],"picked":"champ:Circumvent","floor":6},{"not_picked":["champ:ViciousMockery","champ:BerserkersShout"],"picked":"champ:Lariat","floor":9},{"not_picked":["champ:PerfectedStrike","champ:ViciousMockery"],"picked":"champ:ArenaPreparation","floor":11},{"not_picked":["champ:ArenaPreparation","champ:DefensiveShout"],"picked":"champ:AdrenalArmor","floor":12},{"not_picked":["champ:AdrenalArmor","champ:TornadoPunch"],"picked":"champ:SteelEdge","floor":13},{"not_picked":["champ:PerfectedStrike","champ:Haymaker"],"picked":"champ:BladeFlurry","floor":15},{"not_picked":["champ:ShieldThrow","champ:HoldFirm"],"picked":"champ:Improvising","floor":16},{"not_picked":["champ:Circumvent","champ:FocusedGladiator+1"],"picked":"champ:BerserkerStyle","floor":19},{"not_picked":["champ:GladiatorsShout","champ:AdrenalArmor"],"picked":"champ:BringItOn+1","floor":21},{"not_picked":["champ:FocusedBerserking","champ:CrookedStrike"],"picked":"champ:FlashCut+1","floor":22},{"not_picked":["champ:BladeFlurry","champ:FlashCut"],"picked":"champ:FanOfKnives+1","floor":23},{"not_picked":["champ:Duel","champ:GladiatorStyle"],"picked":"champ:GutPunch","floor":25},{"not_picked":["champ:EndlessRage","champ:SteelEdge"],"picked":"champ:EnragedBash+1","floor":27},{"not_picked":["champ:FlashCut","champ:PerfectedStrike"],"picked":"champ:FalseCounter","floor":28},{"not_picked":["champ:TornadoPunch","champ:Haymaker"],"picked":"champ:FaceSlap","floor":30},{"not_picked":["champ:ArenaPreparation","champ:GutPunch"],"picked":"champ:IgnorePain","floor":31},{"not_picked":["champ:EnragedBash","champ:GutPunch"],"picked":"champ:FanOfKnives","floor":32}],"player_experience":335343,"relics_obtained":[{"floor":6,"key":"MawBank"},{"floor":11,"key":"Blood Vial"},{"floor":24,"key":"Ginger"},{"floor":28,"key":"Letter Opener"}],"event_choices":[{"damage_healed":0,"gold_gain":0,"player_choice":"Got Potions","damage_taken":0,"max_hp_gain":0,"max_hp_loss":0,"event_name":"Lab","floor":8,"gold_loss":0},{"damage_healed":0,"gold_gain":0,"player_choice":"Grow","damage_taken":0,"max_hp_gain":0,"max_hp_loss":0,"event_name":"Living Wall","floor":14,"gold_loss":0,"cards_upgraded":["champ:Lariat"]}],"is_beta":false,"boss_relics":[{"not_picked":["Snecko Eye","SacredBark"],"picked":"Bromod:ArcaneEnergize"}],"items_purged_floors":[],"is_endless":false,"potions_floor_spawned":[2,3,15,16,19,23,27,30,32],"killed_by":"downfall:Silent","ascension_level":0}}