{"host":"j3h0p3l2xgzxhnx7","time":1609167843,"event":{"mods":["BaseMod","Luminous","Marisa????????","Minty Spire (QoL Compilation)","Remilia??????","StSLib","The Bug Knight","The Cursed","The Servant 0.9.4"],"gold_per_floor":[117,117,133,133,211,211,226,239,239,257,289,301,301,301,301,404,404,422,20,20,38,51,51,80,91,91,91,16,34,51,51,51],"floor_reached":31,"playtime":1339,"items_purged":[],"score":259,"play_id":"b5e44e65-0a4e-454e-a95e-bed0e87cb9ef","local_time":"20201228230403","is_ascension_mode":false,"campfire_choices":[{"data":"HollowMod:CycloneSlash","floor":6,"key":"SMITH"},{"floor":13,"key":"REST"},{"floor":15,"key":"REST"},{"floor":23,"key":"REST"},{"floor":27,"key":"REST"}],"circlet_count":0,"master_deck":["HollowMod:NailStrikeStart","HollowMod:NailStrikeStart","HollowMod:NailStrikeStart","HollowMod:NailStrikeStart","HollowMod:QuickDashStart","HollowMod:QuickDashStart","HollowMod:FocusHealStart","HollowMod:PogoStrike+1","HollowMod:CycloneSlash+1","HollowMod:SoulShaman","HollowMod:RecoilStrike","HollowMod:ChannelNail","HollowMod:SharpenedNail","HollowMod:SoulMaster","HollowMod:CycloneSlash","HollowMod:QuirrelsAssistance","HollowMod:MantisMark","HollowMod:SlysStrikes+1","HollowMod:NewLittleFool+1","HollowMod:HowlingWraiths","HollowMod:QuirrelsAssistance+1","HollowMod:CornifersMapStart+1","HollowMod:SoulSplash","HollowMod:SoulSplash","HollowMod:DashSlash","HollowMod:FastStrike","HollowMod:DashSlash"],"relics":["HollowMod:VesselMask","Incense Burner","InkBottle","Potion Belt","Dream Catcher","Black Star","AntiCross","Toy Ornithopter","HollowMod:KingsBrand","Oddly Smooth Stone","Boot"],"acts_visited":["Exordium","TheCity"],"potions_floor_usage":[11,16,16,16,16,22,30],"damage_taken":[{"damage":0,"enemies":"Small Slimes","floor":1,"turns":3},{"damage":6,"enemies":"Jaw Worm","floor":3,"turns":4},{"damage":0,"enemies":"2 Louse","floor":7,"turns":2},{"damage":11,"enemies":"Large Slime","floor":8,"turns":5},{"damage":11,"enemies":"Gremlin Gang","floor":10,"turns":2},{"damage":13,"enemies":"3 Sentries","floor":11,"turns":6},{"damage":9,"enemies":"Exordium Wildlife","floor":12,"turns":3},{"damage":58,"enemies":"The Guardian","floor":16,"turns":8},{"damage":37,"enemies":"2 Thieves","floor":18,"turns":4},{"damage":10,"enemies":"Chosen","floor":21,"turns":3},{"damage":6,"enemies":"3 Cultists","floor":22,"turns":3},{"damage":40,"enemies":"Book of Stabbing","floor":24,"turns":4},{"damage":2,"enemies":"Cultist and Chosen","floor":25,"turns":4},{"damage":33,"enemies":"Snake Plant","floor":29,"turns":4},{"damage":7,"enemies":"Snecko","floor":30,"turns":3},{"damage":9,"enemies":"Cultist and Chosen","floor":31,"turns":3}],"seed_played":"5152223464167073918","potions_obtained":[{"floor":1,"key":"BlessingOfTheForge"},{"floor":7,"key":"Block Potion"},{"floor":10,"key":"SkillPotion"},{"floor":11,"key":"PowerPotion"},{"floor":12,"key":"FearPotion"},{"floor":21,"key":"EssenceOfSteel"},{"floor":29,"key":"EssenceOfSteel"}],"is_trial":false,"path_per_floor":["M","?","M","?","T","R","M","M","T","M","E","M","R","?","R","B",null,"M","$","?","M","M","R","E","M","T","R","?","M","M","M"],"character_chosen":"THE_BUGKNIGHT","items_purchased":["AntiCross","Toy Ornithopter"],"campfire_rested":4,"item_purchase_floors":[19,19],"current_hp_per_floor":[60,65,65,65,65,65,71,70,70,59,52,43,67,60,80,32,80,43,43,43,33,32,56,16,20,20,44,44,11,9,0,0],"gold":51,"neow_bonus":"ONE_RARE_RELIC","is_daily":false,"chose_seed":false,"campfire_upgraded":1,"win_rate":0.0,"timestamp":1609167843,"path_taken":["M","?","M","?","?","R","M","M","T","M","E","?","R","?","R","BOSS","M","$","?","?","M","R","E","M","T","R","?","M","M","M"],"items_purchased_type":["Relic","Relic"],"build_version":"2020-12-22","purchased_purges":0,"victory":false,"max_hp_per_floor":[75,80,80,80,80,80,80,80,80,80,80,80,80,80,80,80,80,80,80,80,80,80,80,80,80,80,80,80,80,80,80,80],"card_choices":[{"not_picked":["HollowMod:NewGlowingWomb","HollowMod:GoodIntentions"],"picked":"HollowMod:CycloneSlash","floor":1},{"not_picked":["HollowMod:SoulSplash","HollowMod:ShapeofUnn"],"picked":"HollowMod:SoulShaman","floor":3},{"not_picked":["HollowMod:CycloneSlash","HollowMod:DoubleDash"],"picked":"HollowMod:RecoilStrike","floor":7},{"not_picked":["HollowMod:SoulShaman","HollowMod:RecoilStrike"],"picked":"HollowMod:ChannelNail","floor":8},{"not_picked":["HollowMod:TaintedHusks","HollowMod:InfectedCysts"],"picked":"HollowMod:SharpenedNail","floor":10},{"not_picked":["HollowMod:InfectedCysts","HollowMod:NewJinnsSoul"],"picked":"HollowMod:SoulMaster","floor":11},{"not_picked":["HollowMod:BlackTendrils","HollowMod:DashSlash"],"picked":"HollowMod:CycloneSlash","floor":12},{"not_picked":["HollowMod:SiblingsSouls","HollowMod:DoubleDash"],"picked":"HollowMod:QuirrelsAssistance","floor":13},{"not_picked":["HollowMod:CrystalDash","HollowMod:CornifersMapStart"],"picked":"HollowMod:MantisMark","floor":15},{"not_picked":["HollowMod:ZotesMagnificence","HollowMod:SoulMaster"],"picked":"HollowMod:SlysStrikes","floor":16},{"not_picked":["HollowMod:SharpenedShadows","HollowMod:ChannelNail"],"picked":"HollowMod:NewLittleFool+1","floor":18},{"not_picked":["HollowMod:PureNailStrike+1","HollowMod:WraithStrike+1"],"picked":"HollowMod:HowlingWraiths","floor":21},{"not_picked":["HollowMod:AbyssShriek","HollowMod:SoulVessel"],"picked":"HollowMod:QuirrelsAssistance+1","floor":22},{"not_picked":["HollowMod:SoulEater","HollowMod:AbyssShriek"],"picked":"HollowMod:CornifersMapStart+1","floor":23},{"not_picked":["HollowMod:CornifersMapStart+1","HollowMod:DreamGate"],"picked":"HollowMod:SoulSplash","floor":24},{"not_picked":["HollowMod:DoubleDash","HollowMod:SharpenedNail"],"picked":"HollowMod:SoulSplash","floor":25},{"not_picked":["HollowMod:VengefulVoid","HollowMod:NewJinnsSoul"],"picked":"HollowMod:DashSlash","floor":27},{"not_picked":["HollowMod:NewGlowingWomb","HollowMod:BrokenVessel"],"picked":"HollowMod:FastStrike","floor":29},{"not_picked":["HollowMod:CornifersMapStart","HollowMod:DescendingDark"],"picked":"HollowMod:DashSlash","floor":30}],"player_experience":29700,"relics_obtained":[{"floor":5,"key":"InkBottle"},{"floor":9,"key":"Potion Belt"},{"floor":11,"key":"Dream Catcher"},{"floor":24,"key":"HollowMod:KingsBrand"},{"floor":24,"key":"Oddly Smooth Stone"},{"floor":26,"key":"Boot"}],"event_choices":[{"damage_healed":0,"gold_gain":0,"player_choice":"Donut","damage_taken":0,"max_hp_gain":5,"max_hp_loss":0,"event_name":"Big Fish","floor":2,"gold_loss":0},{"damage_healed":0,"gold_gain":0,"player_choice":"Grow","damage_taken":0,"max_hp_gain":0,"max_hp_loss":0,"event_name":"Living Wall","floor":4,"gold_loss":0,"cards_upgraded":["HollowMod:PogoStrike"]},{"cards_removed":["HollowMod:QuickDashStart"],"damage_healed":0,"gold_gain":0,"player_choice":"Card Removal","damage_taken":7,"max_hp_gain":0,"max_hp_loss":0,"event_name":"Golden Wing","floor":14,"gold_loss":0},{"damage_healed":0,"gold_gain":0,"player_choice":"Upgraded","damage_taken":0,"max_hp_gain":0,"max_hp_loss":0,"event_name":"Upgrade Shrine","floor":20,"gold_loss":0,"cards_upgraded":["HollowMod:SlysStrikes"]},{"cards_removed":["HollowMod:QuickDashStart"],"damage_healed":0,"gold_gain":0,"player_choice":"Gave Gold","damage_taken":0,"max_hp_gain":0,"max_hp_loss":0,"event_name":"Beggar","floor":28,"gold_loss":75}],"is_beta":false,"boss_relics":[{"not_picked":["Coffee Dripper","Ectoplasm"],"picked":"Black Star"}],"items_purged_floors":[],"is_endless":false,"potions_floor_spawned":[1,7,10,11,12,21,29],"killed_by":"Cultist and Chosen","ascension_level":0}}