{"host":"709gjpjg43u3i5a8","time":1609113908,"event":{"mods":["BaseMod","Colored Map","Colored Powertips","Downfall","Hermit","Hubris","Infinite Spire","Marisa????????","Minty Spire (QoL Compilation)","Remilia??????","StSLib","Td1madao Mod","The Animator","The Bug Knight","The Cursed","The Disciple","The Hierophant","The Jungle","The Servant 0.9.4"],"gold_per_floor":[363,379,143,143,68,102,116,145,145,145,183,259,362,362,362,568,568,726,914,914,914,541,541,729,729,729,200,379,379,587,793,793,1087,1087,1277,1481,1124,1124,1328,1541,1739,1990,1990,1990,1162,1402,314,590,590,590,590,590,204,492,492],"floor_reached":56,"playtime":3237,"items_purged":["HollowMod:SoulEater","HollowMod:QuickDashStart","HollowMod:QuickDashStart","HollowMod:QuickDashStart"],"score":1562,"play_id":"f28a6f4b-5d1f-423d-9602-388c6eb620eb","local_time":"20201227170508","is_ascension_mode":false,"campfire_choices":[{"floor":10,"key":"REST"},{"data":"HollowMod:LifebloodCocoon","floor":15,"key":"SMITH"},{"data":"HollowMod:FocusHealStart","floor":23,"key":"SMITH"},{"floor":25,"key":"REST"},{"data":"hubris:Fate","floor":29,"key":"SMITH"},{"floor":32,"key":"RECALL"},{"data":"HollowMod:HornetsHelp","floor":44,"key":"SMITH"},{"data":"HollowMod:HornetsHelp","floor":49,"key":"SMITH"},{"data":"HollowMod:HornetsHelp","floor":52,"key":"SMITH"}],"circlet_count":0,"master_deck":["HollowMod:NailStrikeStart","HollowMod:NailStrikeStart","HollowMod:NailStrikeStart","HollowMod:NailStrikeStart","HollowMod:QuickDashStart","HollowMod:FocusHealStart+1","HollowMod:PogoStrike","HollowMod:HowlingWraiths","HollowMod:LifebloodCocoon+1","HollowMod:MantisMark","HollowMod:HuntersJournal","hubris:Greed","HollowMod:LifebloodCocoon+1","hubris:Greed","hubris:Greed","HollowMod:MantisMark","hubris:Greed","hubris:Greed","hubris:Greed","hubris:Greed","hubris:Greed","hubris:Greed","HollowMod:ChannelNail","hubris:Greed","hubris:Greed","hubris:Greed","hubris:Greed","hubris:Greed","hubris:Greed","hubris:Greed","HollowMod:HornetsHelp+1","hubris:Greed","hubris:Greed","hubris:Greed","hubris:Greed","hubris:Greed","hubris:Greed","hubris:Greed","hubris:Greed","hubris:Greed","hubris:Greed","hubris:Greed","hubris:Greed","hubris:Greed","HollowMod:PerfectDash+1","hubris:Greed","hubris:Greed","hubris:Greed","hubris:Greed","HollowMod:DashSlash+1","hubris:Fate+1","HollowMod:DescendingDark","HollowMod:SharpenedNail","HollowMod:HornetsHelp+1","hubris:Greed","hubris:Greed","HollowMod:NewLittleFool","hubris:Greed","HollowMod:HornetsHelp+1","HollowMod:HuntersJournal","HollowMod:CycloneSlash","HollowMod:VengefulVoid+1","HollowMod:PerfectDash","hubris:Greed","hubris:Greed","hubris:Greed","hubris:Greed","hubris:Greed","hubris:Greed","hubris:Greed","hubris:Greed","HollowMod:HeavyBlow","HollowMod:FallenFury","HollowMod:CycloneSlash","HollowMod:HornetsHelp","HollowMod:MidwifesHunger","HollowMod:CloakDash","hubris:Greed","hubris:Greed","hubris:Greed","hubris:Greed","hubris:Greed","hubris:Greed","hubris:Greed","HollowMod:QuirrelsAssistance","HollowMod:FastStrike+1"],"relics":["HollowMod:VesselMask","Juzu Bracelet","Golden Idol","AntiCross","Bronze Scales","hubris:TinFlute","hubris:Backtick","Du-Vu Doll","Frozen Eye","SlaversCollar","hubris:AstralHammer","Pantograph","Tiny Chest","Ancient Tea Set","Happy Flower","Red Mask","Sozu","Lantern","Mummified Hand","Lizard Tail","Turnip","infinitespire:EmpoweringShard","HandDrill","StoneCalendar","Strawberry","Chemical X","hubris:SlimyHat","Blood Vial","infinitespire:PuzzleCube"],"acts_visited":[],"potions_floor_usage":[12,16,16,31,31,55],"damage_taken":[{"damage":1,"enemies":"Cultist","floor":1,"turns":3},{"damage":0,"enemies":"Small Slimes","floor":2,"turns":4},{"damage":35,"enemies":"3 Sentries","floor":6,"turns":9},{"damage":1,"enemies":"2 Louse","floor":7,"turns":2},{"damage":0,"enemies":"Looter","floor":8,"turns":2},{"damage":11,"enemies":"Large Slime","floor":11,"turns":5},{"damage":8,"enemies":"HollowMod:MossKnight","floor":12,"turns":6},{"damage":1,"enemies":"Blue Slaver","floor":13,"turns":2},{"damage":20,"enemies":"Hexaghost","floor":16,"turns":8},{"damage":5,"enemies":"Spheric Guardian","floor":18,"turns":3},{"damage":15,"enemies":"2 Thieves","floor":19,"turns":3},{"damage":18,"enemies":"Centurion and Healer","floor":24,"turns":4},{"damage":10,"enemies":"Shelled Parasite and Fungi","floor":28,"turns":2},{"damage":4,"enemies":"Book of Stabbing","floor":30,"turns":2},{"damage":0,"enemies":"Masked Bandits","floor":31,"turns":2},{"damage":25,"enemies":"Collector","floor":33,"turns":4},{"damage":3,"enemies":"3 Shapes","floor":35,"turns":1},{"damage":0,"enemies":"Orb Walker","floor":36,"turns":1},{"damage":0,"enemies":"Maw","floor":39,"turns":3},{"damage":0,"enemies":"HollowMod:StalkingDevout","floor":40,"turns":4},{"damage":0,"enemies":"Writhing Mass","floor":41,"turns":1},{"damage":2,"enemies":"Giant Head","floor":42,"turns":4},{"damage":0,"enemies":"HollowMod:SlobberingHusk","floor":46,"turns":2},{"damage":0,"enemies":"Sphere and 2 Shapes","floor":48,"turns":2},{"damage":28,"enemies":"Donu and Deca","floor":50,"turns":4},{"damage":0,"enemies":"Shield and Spear","floor":54,"turns":1},{"damage":43,"enemies":"The Heart","floor":55,"turns":4}],"seed_played":"-4698442968206999731","potions_obtained":[{"floor":1,"key":"SpeedPotion"},{"floor":7,"key":"ColorlessPotion"},{"floor":8,"key":"Dexterity Potion"},{"floor":16,"key":"Fruit Juice"},{"floor":19,"key":"Weak Potion"},{"floor":28,"key":"AttackPotion"},{"floor":31,"key":"SpeedPotion"}],"is_trial":false,"path_per_floor":["M","M","$","?","$","E","M","M","T","R","M","E","M","?","R","B",null,"M","M","AVR","?","$","R","M","R","T","$","M","R","E","?","R","B",null,"M","M","$","?","M","E","M","E","T","R","$","M","$","M","R","B",null,"R","$","E","B",null],"character_chosen":"THE_BUGKNIGHT","items_purchased":["Juzu Bracelet","HollowMod:LifebloodCocoon","HollowMod:MantisMark","HollowMod:HuntersJournal","hubris:AstralHammer","Tiny Chest","Ancient Tea Set","HollowMod:DescendingDark","DuplicationPotion","HollowMod:HuntersJournal","HollowMod:CycloneSlash","Lantern","Turnip","infinitespire:EmpoweringShard","HandDrill","HollowMod:FallenFury","HollowMod:CycloneSlash","StoneCalendar","Strawberry","Chemical X","HollowMod:HornetsHelp","HollowMod:MidwifesHunger","HollowMod:CloakDash","hubris:SlimyHat","Blood Vial","HollowMod:QuirrelsAssistance"],"campfire_rested":2,"item_purchase_floors":[3,3,3,5,22,27,27,27,27,37,37,37,45,45,45,45,45,47,47,47,47,47,47,53,53,53],"current_hp_per_floor":[59,69,69,51,51,26,25,25,25,47,46,38,37,37,37,17,75,70,55,55,37,37,37,25,47,47,47,37,37,33,33,33,33,75,72,72,72,72,72,72,72,73,73,73,73,73,80,82,82,54,82,82,82,82,44],"gold":492,"neow_bonus":"TWO_FIFTY_GOLD","is_daily":false,"chose_seed":false,"campfire_upgraded":6,"win_rate":0.0,"timestamp":1609113908,"path_taken":["M","M","?","?","$","E","M","M","T","R","M","E","M","?","R","BOSS","M","M","AVR","?","$","R","M","R","T","$","M","R","E","?","R","BOSS","M","M","$","?","M","E","M","E","T","R","?","M","$","M","R","BOSS","R","$","E","BOSS"],"items_purchased_type":["Relic","Card","Card","Card","Relic","Relic","Relic","Card","Potion","Card","Card","Relic","Relic","Relic","Relic","Card","Card","Relic","Relic","Relic","Card","Card","Card","Relic","Relic","Card"],"build_version":"2020-12-22","purchased_purges":4,"victory":true,"max_hp_per_floor":[75,75,75,75,75,75,75,75,75,75,75,75,75,75,75,75,75,75,75,75,75,75,75,75,75,75,75,75,75,75,75,75,75,75,75,75,75,75,75,75,75,75,75,75,75,75,82,82,82,82,82,82,82,82,87],"card_choices":[{"not_picked":["HollowMod:InfectedCysts","HollowMod:InfectedAttack"],"picked":"HollowMod:SoulEater","floor":1},{"not_picked":["HollowMod:GreatSlash","HollowMod:CrystalDash"],"picked":"HollowMod:HowlingWraiths","floor":2},{"not_picked":["HollowMod:SiblingsShadow","HollowMod:AbyssShriek","HollowMod:ShadowDash"],"picked":"SKIP","floor":6},{"not_picked":["HollowMod:PerfectDash","HollowMod:AbyssShriek"],"picked":"HollowMod:LifebloodCocoon","floor":7},{"not_picked":["HollowMod:CornifersMapStart","HollowMod:LordofShades"],"picked":"HollowMod:LifebloodCocoon","floor":8},{"not_picked":["HollowMod:SoulStrike","HollowMod:NewJinnsSoul"],"picked":"HollowMod:MantisMark","floor":11},{"not_picked":["HollowMod:CycloneSlash","HollowMod:WraithStrike"],"picked":"HollowMod:ChannelNail","floor":12},{"not_picked":["HollowMod:SoulEater","HollowMod:InfectedAttack","HollowMod:SiblingsSouls"],"picked":"SKIP","floor":13},{"not_picked":["HollowMod:theNailsmith","HollowMod:SoulMaster"],"picked":"HollowMod:HornetsHelp","floor":16},{"not_picked":["HollowMod:ShapeofUnn+1","HollowMod:HowlingWraiths+1"],"picked":"HollowMod:PerfectDash+1","floor":18},{"not_picked":["HollowMod:SoulStrike+1","HollowMod:SoulVessel"],"picked":"HollowMod:DashSlash+1","floor":19},{"not_picked":["infinitespire:SealOfDarkness+","infinitespire:Execution"],"picked":"hubris:Fate","floor":21},{"not_picked":["HollowMod:VengefulVoid","HollowMod:ChannelNail+1","HollowMod:Grubsong"],"picked":"SKIP","floor":24},{"not_picked":["HollowMod:MawleksShell","HollowMod:NewGlowingWomb+1"],"picked":"HollowMod:SharpenedNail","floor":28},{"not_picked":["HollowMod:MonarchWings","HollowMod:SoulSplash+1"],"picked":"HollowMod:HornetsHelp","floor":30},{"not_picked":["HollowMod:WraithStrike","HollowMod:NewJinnsSoul"],"picked":"HollowMod:NewLittleFool","floor":35},{"not_picked":["HollowMod:SoulStrike","HollowMod:HowlingWraiths"],"picked":"HollowMod:HornetsHelp","floor":36},{"not_picked":["HollowMod:InfectionAssault+1","HollowMod:DoubleDash"],"picked":"HollowMod:VengefulVoid+1","floor":39},{"not_picked":["HollowMod:SoulMaster","HollowMod:DoubleDash+1"],"picked":"HollowMod:PerfectDash","floor":40},{"not_picked":["HollowMod:CornifersMapStart","HollowMod:InfectedAttack","HollowMod:CloakDash"],"picked":"SKIP","floor":41},{"not_picked":["HollowMod:MawleksShell+1","HollowMod:ShapeofUnn+1"],"picked":"HollowMod:HeavyBlow","floor":42},{"not_picked":["HollowMod:InfectedCysts+1","HollowMod:BaldurShell","HollowMod:GrimmsGift+1"],"picked":"SKIP","floor":46},{"not_picked":["HollowMod:DoubleDash","HollowMod:GoodIntentions+1","HollowMod:InfectedAttack+1"],"picked":"SKIP","floor":48},{"not_picked":["HollowMod:InfectedAttack+1","HollowMod:GoodIntentions"],"picked":"HollowMod:FastStrike+1","floor":54}],"player_experience":394966,"relics_obtained":[{"floor":6,"key":"AntiCross"},{"floor":9,"key":"Bronze Scales"},{"floor":12,"key":"hubris:TinFlute"},{"floor":26,"key":"Pantograph"},{"floor":30,"key":"Happy Flower"},{"floor":31,"key":"Red Mask"},{"floor":40,"key":"Mummified Hand"},{"floor":42,"key":"Lizard Tail"},{"floor":54,"key":"infinitespire:PuzzleCube"}],"event_choices":[{"damage_healed":0,"gold_gain":0,"player_choice":"Take Damage","damage_taken":18,"relics_obtained":["Golden Idol"],"max_hp_gain":0,"max_hp_loss":0,"event_name":"Golden Idol","floor":4,"gold_loss":0},{"damage_healed":0,"gold_gain":0,"player_choice":"Grow","damage_taken":0,"max_hp_gain":0,"max_hp_loss":0,"event_name":"Living Wall","floor":14,"gold_loss":0,"cards_upgraded":["HollowMod:LifebloodCocoon"]},{"damage_healed":0,"gold_gain":0,"player_choice":"Fought Bandits","damage_taken":0,"max_hp_gain":0,"max_hp_loss":0,"event_name":"Masked Bandits","floor":31,"gold_loss":0},{"cards_removed":["HollowMod:LifebloodCocoon"],"damage_healed":0,"gold_gain":0,"player_choice":"Purged","damage_taken":0,"max_hp_gain":0,"max_hp_loss":0,"event_name":"Purifier","floor":38,"gold_loss":0}],"is_beta":false,"boss_relics":[{"not_picked":["Astrolabe","HollowMod:VoidIdolRelic"],"picked":"hubris:Backtick"},{"not_picked":["hubris:TerracottaHorce","Runic Pyramid"],"picked":"Sozu"}],"items_purged_floors":[22,27,37,47],"is_endless":false,"potions_floor_spawned":[1,7,8,11,16,19,28,31,35,40],"ascension_level":0}}