{"host":"y0g3igjvi2dlgj2k","time":1609172147,"event":{"mods":["BaseMod","Colored Powertips","Defuse TimeMaze Blight","Minty Spire (QoL Compilation)","StSLib","The Animator"],"gold_per_floor":[113,140,157,183,197,116,129,204,259,271,289,307,307,325,325,420,420,330,350,367,383,403,403,415,415,415,415,443,468,408,421,421,522,547,567,567,492,505,518,518,518],"floor_reached":40,"playtime":3500,"items_purged":["animator:Strike"],"score":408,"play_id":"dc7e6578-da29-4e7c-be4d-0b891b1b9d61","local_time":"20201228171547","is_ascension_mode":false,"campfire_choices":[{"data":"animator:Greed","floor":13,"key":"SMITH"},{"floor":15,"key":"REST"},{"floor":23,"key":"REST"},{"floor":27,"key":"REST"},{"floor":32,"key":"REST"}],"circlet_count":0,"master_deck":["animator:Strike_FullmetalAlchemist","animator:Defend_FullmetalAlchemist","animator:Strike","animator:Defend","animator:Defend","animator:Defend","animator:ElricEdward","animator:ElricAlphonse","animator:RinTohsaka","animator:PandorasActor","animator:Greed+1","animator:Evileye","animator:ElricAlphonse","animator:Greed","animator:Tatsumaki+1","animator:RoyMustang","animator:PandorasActor","animator:Benimaru+1","animator:Gilgamesh+3","animator:Ainz"],"relics":["animator:VividPicture","animator:TheMissingPiece","Oddly Smooth Stone","MutagenicStrength","Sundial","Pantograph","Enchiridion","Akabeko","Black Star"],"acts_visited":["Exordium","TheCity","TheBeyond"],"potions_floor_usage":[7,16,16,16,22,24,28,33,33,39,40],"damage_taken":[{"damage":2,"enemies":"Jaw Worm","floor":1,"turns":3},{"damage":3,"enemies":"2 Louse","floor":2,"turns":4},{"damage":0,"enemies":"Small Slimes","floor":3,"turns":4},{"damage":8,"enemies":"3 Louse","floor":4,"turns":6},{"damage":2,"enemies":"Large Slime","floor":5,"turns":8},{"damage":2,"enemies":"2 Fungi Beasts","floor":7,"turns":7},{"damage":0,"enemies":"Lots of Slimes","floor":10,"turns":8},{"damage":0,"enemies":"Large Slime","floor":11,"turns":6},{"damage":0,"enemies":"2 Fungi Beasts","floor":12,"turns":5},{"damage":0,"enemies":"Red Slaver","floor":14,"turns":4},{"damage":8,"enemies":"The Guardian","floor":16,"turns":12},{"damage":5,"enemies":"2 Thieves","floor":18,"turns":5},{"damage":7,"enemies":"Shell Parasite","floor":19,"turns":7},{"damage":36,"enemies":"Cultist and Chosen","floor":20,"turns":8},{"damage":17,"enemies":"Sentry and Sphere","floor":21,"turns":4},{"damage":1,"enemies":"Snecko","floor":22,"turns":7},{"damage":0,"enemies":"Shelled Parasite and Fungi","floor":24,"turns":6},{"damage":2,"enemies":"Gremlin Leader","floor":28,"turns":6},{"damage":0,"enemies":"Centurion and Healer","floor":31,"turns":7},{"damage":10,"enemies":"Collector","floor":33,"turns":10},{"damage":12,"enemies":"Orb Walker","floor":35,"turns":7},{"damage":4,"enemies":"3 Darklings","floor":38,"turns":5},{"damage":41,"enemies":"Transient","floor":39,"turns":5},{"damage":20,"enemies":"Reptomancer","floor":40,"turns":3}],"seed_played":"-3758904561045634081","potions_obtained":[{"floor":3,"key":"Fire Potion"},{"floor":10,"key":"Block Potion"},{"floor":12,"key":"CultistPotion"},{"floor":14,"key":"EssenceOfSteel"},{"floor":16,"key":"Weak Potion"},{"floor":21,"key":"FearPotion"},{"floor":22,"key":"SpeedPotion"},{"floor":24,"key":"DuplicationPotion"},{"floor":28,"key":"EssenceOfSteel"},{"floor":31,"key":"DuplicationPotion"},{"floor":35,"key":"Fire Potion"},{"floor":39,"key":"PowerPotion"}],"is_trial":false,"path_per_floor":["M","M","M","M","M","$","M","?","T","M","M","M","R","M","R","B",null,"M","M","M","M","M","R","M","?","T","R","E","?","?","M","R","B",null,"M","?","$","M","M","E"],"character_chosen":"THE_ANIMATOR","items_purchased":["animator:Evileye"],"campfire_rested":4,"item_purchase_floors":[6],"current_hp_per_floor":[64,61,61,53,51,51,49,38,38,38,38,38,38,38,57,49,66,61,55,19,2,1,21,21,21,21,41,40,24,24,24,44,58,68,56,56,56,52,11,0,0],"gold":518,"neow_bonus":"REMOVE_CARD","is_daily":false,"chose_seed":false,"campfire_upgraded":1,"win_rate":0.0,"timestamp":1609172147,"path_taken":["M","M","M","M","M","$","M","?","T","M","M","M","R","M","R","BOSS","M","M","M","M","M","R","M","?","T","R","E","?","?","M","R","BOSS","M","?","$","M","M","E"],"items_purchased_type":["Card"],"build_version":"2020-12-22","purchased_purges":1,"victory":false,"max_hp_per_floor":[66,66,66,66,66,66,66,66,66,66,66,66,66,66,66,66,66,66,67,67,67,67,67,67,67,67,67,68,68,68,68,68,68,68,68,68,68,68,68,68,68],"card_choices":[{"not_picked":["animator:Millim","animator:Kuribayashi","animator:ShinjiMatou"],"picked":"SKIP","floor":1},{"not_picked":["animator:MumenRider","animator:Hakurou"],"picked":"animator:RinTohsaka","floor":2},{"not_picked":["animator:Shion","animator:Shizu"],"picked":"animator:PandorasActor","floor":3},{"not_picked":["animator:ElricEdward","animator:MaesHughes"],"picked":"animator:Greed","floor":4},{"not_picked":["animator:Millim","animator:CrowleyEusford","animator:Cocytus"],"picked":"SKIP","floor":5},{"not_picked":["animator:Mitsuba","animator:Archer","animator:Cocytus"],"picked":"SKIP","floor":7},{"not_picked":["animator:HiiragiShinya","animator:Kuribayashi","animator:SilverFang"],"picked":"SKIP","floor":10},{"not_picked":["animator:Scar","animator:Pride"],"picked":"animator:ElricAlphonse","floor":11},{"not_picked":["animator:PinaCoLada","animator:Rider","animator:Cocytus"],"picked":"SKIP","floor":12},{"not_picked":["animator:Kaijin","animator:Scar","animator:Rider"],"picked":"SKIP","floor":14},{"not_picked":["animator:Father","animator:Saitama"],"picked":"animator:Greed","floor":16},{"not_picked":["animator:RoryMercury","animator:TukaLunaMarceau"],"picked":"animator:Tatsumaki+1","floor":18},{"not_picked":["animator:Gluttony","animator:WinryRockbell"],"picked":"animator:RoyMustang","floor":19},{"not_picked":["animator:Sloth","animator:Berserker","animator:Mikaela"],"picked":"SKIP","floor":20},{"not_picked":["animator:Souei","animator:YaoHaDucy+1"],"picked":"animator:PandorasActor","floor":21},{"not_picked":["animator:Hakurou","animator:SilverFang+1"],"picked":"animator:Benimaru+1","floor":22},{"not_picked":["animator:MetalKnight+1","animator:Rider"],"picked":"animator:Gilgamesh","floor":28},{"not_picked":["animator:GazelDwargon","animator:Millim","animator:Geryuganshoop"],"picked":"SKIP","floor":31},{"not_picked":["animator:FeridBathory","animator:Saitama"],"picked":"animator:Ainz","floor":33},{"not_picked":["animator:Mikaela","animator:Tatsumaki+1","animator:Shigure+1"],"picked":"SKIP","floor":35},{"not_picked":["animator:Caster","animator:YaoHaDucy+1","animator:MetalKnight"],"picked":"SKIP","floor":39}],"player_experience":136017,"relics_obtained":[{"floor":9,"key":"Oddly Smooth Stone"},{"floor":26,"key":"Sundial"},{"floor":28,"key":"Pantograph"},{"floor":29,"key":"Enchiridion"}],"event_choices":[{"damage_healed":0,"gold_gain":75,"player_choice":"Gather Gold","damage_taken":11,"max_hp_gain":0,"max_hp_loss":0,"event_name":"World of Goop","floor":8,"gold_loss":0},{"damage_healed":0,"gold_gain":0,"player_choice":"Inject Mutagens","damage_taken":0,"relics_obtained":["MutagenicStrength"],"max_hp_gain":0,"max_hp_loss":0,"event_name":"Drug Dealer","floor":25,"gold_loss":0},{"damage_healed":0,"gold_gain":0,"player_choice":"Obtained Book","damage_taken":16,"max_hp_gain":0,"max_hp_loss":0,"event_name":"Cursed Tome","floor":29,"gold_loss":0},{"damage_healed":0,"gold_gain":0,"player_choice":"Obtained Relic","damage_taken":0,"relics_obtained":["Akabeko"],"max_hp_gain":0,"max_hp_loss":0,"event_name":"Addict","floor":30,"gold_loss":85},{"damage_healed":0,"gold_gain":0,"player_choice":"Memory 1","damage_taken":0,"max_hp_gain":0,"max_hp_loss":0,"event_name":"SensoryStone","floor":36,"gold_loss":0}],"is_beta":false,"boss_relics":[{"not_picked":["Tiny House","Fusion Hammer"],"picked":"animator:VividPicture"},{"not_picked":["SlaversCollar","Philosopher\u0027s Stone"],"picked":"Black Star"}],"items_purged_floors":[37],"is_endless":false,"potions_floor_spawned":[3,10,12,14,16,21,22,24,28,31,35,39],"killed_by":"Reptomancer","ascension_level":0}}