{"host":"0z6l31g9ps0v9zzp","time":1609161993,"event":{"mods":["Act Like it!","BaseMod","CapriCore","Gensokyo","Minty Spire (QoL Compilation)","Remilia£®¿Ÿ√◊¿Ú—«£©","StSLib"],"gold_per_floor":[110,110,4,4,4,34,34,62,137,137,137,313,36,69,69,148,148,161,41,41,41,41,73,85,117,117,145,172,203,203,213,213,213,213],"floor_reached":33,"playtime":1248,"items_purged":[],"score":836,"play_id":"a0217716-2cb4-4780-8e13-e046d6663e17","local_time":"20201228212633","daily_mods":["Heirloom","Flight"],"is_ascension_mode":true,"campfire_choices":[{"data":"RedMoon","floor":7.0,"key":"SMITH"},{"data":"ScarletDream","floor":10.0,"key":"SMITH"},{"floor":11.0,"key":"REST"},{"data":"SuperhumanBloodyKnife","floor":15.0,"key":"SMITH"},{"data":"ScarletShoot","floor":30,"key":"SMITH"},{"floor":32,"key":"DIG"}],"circlet_count":0,"master_deck":["AscendersBane","Strike_RM","Strike_RM","Defend_RM","Defend_RM","Defend_RM","Defend_RM","RedMoon+1","ScarletShoot+1","ScarletDream+1","SuperhumanBloodyKnife+1","KillingBlow+1","Writhe","BloodHunter+1","StarOfDavid","EternalNight+1"],"relics":["ScarletHat","Pocketwatch","Gensokyo:NagashiBinaDoll","Strawberry","Gungnir","Ancient Tea Set","Bottled Lightning","Shovel","Toxic Egg 2","Gambling Chip","Akabeko","ScarletEmblem","Gensokyo:FoxMask","Calipers","Pantograph","Bottled Flame","Potion Belt","White Beast Statue","Du-Vu Doll","Sundial"],"acts_visited":["Gensokyo:Gensokyo","Gensokyo:Gensokyoer"],"potions_floor_usage":[29,33,33],"damage_taken":[{"damage":0.0,"enemies":"Gensokyo:Python","floor":1.0,"turns":4.0},{"damage":52.0,"enemies":"Gensokyo:Cirno","floor":6.0,"turns":9.0},{"damage":0.0,"enemies":"Gensokyo:Mamizou","floor":8.0,"turns":13.0},{"damage":4.0,"enemies":"Gensokyo:Aya","floor":12.0,"turns":3.0},{"damage":7.0,"enemies":"Gensokyo:Cirno","floor":14.0,"turns":5.0},{"damage":16.0,"enemies":"Gensokyo:Kokoro","floor":16.0,"turns":7.0},{"damage":0.0,"enemies":"Gensokyo:AngelMirror","floor":18.0,"turns":1.0},{"damage":0.0,"enemies":"Gensokyo:Tenshi","floor":23.0,"turns":1.0},{"damage":7.0,"enemies":"Gensokyo:CosmicMonolith","floor":24.0,"turns":1.0},{"damage":0.0,"enemies":"Gensokyo:Koishi","floor":25.0,"turns":1.0},{"damage":31.0,"enemies":"Gensokyo:Reisen","floor":27.0,"turns":5.0},{"damage":14.0,"enemies":"Gensokyo:Koishi","floor":28.0,"turns":3.0},{"damage":0,"enemies":"Gensokyo:Tenshi","floor":29,"turns":1},{"damage":0,"enemies":"Gensokyo:Chomper_and_Gloop","floor":31,"turns":2},{"damage":62,"enemies":"Gensokyo:Kaguya","floor":33,"turns":4}],"seed_played":"-4207832776256844341","potions_obtained":[{"floor":18.0,"key":"CultistPotion"},{"floor":25.0,"key":"BlessingOfTheForge"},{"floor":29,"key":"AttackPotion"},{"floor":31,"key":"DuplicationPotion"}],"is_trial":true,"path_per_floor":["M","?","COS","?","?","E","R","E","T","R","R","E","$","E","R","B",null,"M","?","?","COS","?","E","M","E","T","E","E","E","R","M","R","B"],"character_chosen":"REMILIA","items_purchased":["Toxic Egg 2"],"campfire_rested":1,"item_purchase_floors":[13],"current_hp_per_floor":[63,63,63,63,56,4,4,9,9,9,32,30,30,23,23,14,61,61,61,61,61,61,63,58,63,63,37,27,28,28,28,28,0,0],"gold":213,"neow_bonus":"","is_daily":false,"chose_seed":false,"campfire_upgraded":4,"win_rate":0.0,"timestamp":1609161993,"path_taken":["M","?","COS","?","?","E","R","E","T","R","R","E","?","E","R","BOSS","M","?","?","COS","?","E","?","E","T","E","E","E","R","M","R","BOSS"],"items_purchased_type":["Relic"],"build_version":"2020-12-22","purchased_purges":0,"victory":false,"max_hp_per_floor":[70,70,70,70,77,77,77,77,77,77,77,77,77,77,77,77,77,77,77,77,77,77,77,77,77,77,77,77,77,77,77,77,77,77],"card_choices":[{"not_picked":["UnstableMagic","MastersStateliness","DiffusionOfMisfortune"],"picked":"SKIP","floor":1.0},{"not_picked":["NightDance","BlasphemousPunishment"],"picked":"ScarletDream","floor":6.0},{"not_picked":["ScarletImprint","HunterOfTheNight","BombardNight"],"picked":"SKIP","floor":8.0},{"not_picked":["CeilingFear","UnderTheZenith"],"picked":"SuperhumanBloodyKnife","floor":12.0},{"not_picked":["ScarletGensokyo+1","NightDance","ScarletImprint"],"picked":"SKIP","floor":14.0},{"not_picked":["BloodRain+1","BloodyCatastrophe+1"],"picked":"KillingBlow","floor":16.0},{"not_picked":["VampirishNight+1","NightDance","ScarletDevilSign"],"picked":"SKIP","floor":18.0},{"not_picked":["FavorOfDestiny+1","RedRainbow","Maim+1"],"picked":"SKIP","floor":23.0},{"not_picked":["Ultimatum","TwelveNightmare"],"picked":"BloodHunter+1","floor":24.0},{"not_picked":["FavorOfDestiny+1","ReincarnationDial+1"],"picked":"StarOfDavid","floor":25.0},{"not_picked":["BlasphemousPunishment+1","BombardNight"],"picked":"EternalNight+1","floor":27.0},{"not_picked":["EmergencyRegeneration+1","MiserableFate+1","RedMagic+1"],"picked":"SKIP","floor":28.0},{"not_picked":["FavorOfDestiny+1","AfternoonTea+1","UnderTheZenith+1"],"picked":"SKIP","floor":29},{"not_picked":["ScarletDevil","BatForm","BloodHunter+1"],"picked":"SKIP","floor":31}],"player_experience":344219,"relics_obtained":[{"floor":6.0,"key":"Gungnir"},{"floor":8.0,"key":"Ancient Tea Set"},{"floor":9.0,"key":"Bottled Lightning"},{"floor":12.0,"key":"Shovel"},{"floor":14.0,"key":"Akabeko"},{"floor":23.0,"key":"Calipers"},{"floor":25.0,"key":"Pantograph"},{"floor":26.0,"key":"Bottled Flame"},{"floor":27.0,"key":"Potion Belt"},{"floor":28.0,"key":"White Beast Statue"},{"floor":29,"key":"Du-Vu Doll"},{"floor":32,"key":"Sundial"}],"event_choices":[],"is_beta":false,"boss_relics":[{"not_picked":["Runic Pyramid","Runic Dome"],"picked":"ScarletEmblem"}],"items_purged_floors":[],"is_endless":false,"potions_floor_spawned":[18,25,29,31],"killed_by":"Gensokyo:Kaguya","ascension_level":20}}