{"host":"r08w9btqjcv5uh42","time":1609187203,"event":{"mods":["Aspiration","BaseMod","Better Third Choice","Colored Map","Colored Powertips","DeckTracker","Highlight Path","Hubris","Infinite Spire","Minty Spire (QoL Compilation)","Quick Restart","Random Character Button","Relic Sorter","Replay The Spire","StSLib","SuperFastMode","Synergy Search","The Cursed","The Disciple","The Jungle","The Runesmith"],"gold_per_floor":[111,111,128,128,128,154,173,189,259,259,85,85,103,103,103,205,205,115,115,130,148,73,73,87,87,87,87,106,106,6,56,56,154,154,164,175,175,175,263,263,289,302,329,329,345,362,377,377,377,377],"floor_reached":51,"playtime":1361,"items_purged":["Sickly","Looming Evil"],"score":802,"play_id":"4fd89ccd-d66a-40af-9bc9-49cc4cc085e2","local_time":"20201228222643","is_ascension_mode":false,"campfire_choices":[{"data":"Skewer","floor":10,"key":"SMITH"},{"data":"Immolate","floor":23,"key":"SMITH"},{"data":"Armaments","floor":25,"key":"SMITH"},{"floor":32,"key":"REST"},{"floor":40,"key":"REST"},{"data":"Heavy Blade","floor":44,"key":"SMITH"},{"floor":49,"key":"REST"}],"circlet_count":0,"master_deck":["Strike_R","Strike_R","Defend_R","Bash","Armaments+1","Shrug It Off","Skewer+1","Predator","Dodge and Roll","Infernal Blade+1","Spot Weakness","Heavy Blade+1","Carnage","Spot Weakness","Immolate+1","True Grit+1","Flex+1","Shrug It Off+1","Fiend Fire","Armaments+1","Impervious+1","ReplayTheSpireMod:Stacked+1","Inflame+1","Inflame"],"relics":["Burning Blood","NeowsBlessing","hubris:TenFootPole","infinitespire:CheckeredPen","Replay:Baseball","aspiration:FrozenJewel","Replay:Ancient Bell","Dream Catcher","Toxic Egg 2","hubris:Spice","Mango","hubris:MysteriousPyramids","Ring of Searing","Ring of Hypnosis","theJungle:WildMango","Velvet Choker","hubris:Icosahedron","King of Hearts","Shovel","aspiration:ChemicalBlood"],"acts_visited":["Exordium","Exordium","TheBeyond"],"potions_floor_usage":[33,41,46,50,50],"damage_taken":[{"damage":0,"enemies":"2 Louse","floor":1,"turns":1},{"damage":0,"enemies":"Cultist","floor":3,"turns":1},{"damage":0,"enemies":"Lagavulin","floor":6,"turns":1},{"damage":0,"enemies":"Small Slimes","floor":7,"turns":2},{"damage":20,"enemies":"Looter","floor":8,"turns":3},{"damage":10,"enemies":"Lots of Slimes","floor":13,"turns":3},{"damage":26,"enemies":"The Guardian","floor":16,"turns":8},{"damage":13,"enemies":"theJungle:5_Spyders","floor":18,"turns":5},{"damage":4,"enemies":"theJungle:MUSHROOMGANG","floor":20,"turns":3},{"damage":21,"enemies":"theJungle:SlimyTreeVines","floor":21,"turns":4},{"damage":0,"enemies":"theJungle:Lyon","floor":24,"turns":3},{"damage":46,"enemies":"theJungle:2_Flameangoes","floor":28,"turns":3},{"damage":57,"enemies":"theJungle:FunGuy","floor":33,"turns":9},{"damage":19,"enemies":"Orb Walker","floor":35,"turns":2},{"damage":17,"enemies":"3 Darklings","floor":36,"turns":3},{"damage":36,"enemies":"R_Hoarder","floor":41,"turns":7},{"damage":0,"enemies":"Transient","floor":42,"turns":5},{"damage":38,"enemies":"4 Shapes","floor":45,"turns":5},{"damage":22,"enemies":"3 Darklings","floor":46,"turns":3},{"damage":0,"enemies":"Transient","floor":47,"turns":5},{"damage":49,"enemies":"infinitespire:MassOfShapes","floor":50,"turns":7}],"seed_played":"-4271334767132879564","potions_obtained":[{"floor":5,"key":"Fire Potion"},{"floor":5,"key":"LiquidBronze"},{"floor":5,"key":"SkillPotion"},{"floor":24,"key":"BlessingOfTheForge"},{"floor":35,"key":"Adrenaline Potion"},{"floor":46,"key":"EssenceOfSteel"},{"floor":47,"key":"Fire Potion"}],"is_trial":false,"path_per_floor":["M","?","M","?","?","E","M","M","T","R","$","?","M","T","R_BF","B",null,"M","T","M","M","$","R","M","R","T","?","M","?","$","?","R","B",null,"M","M","?","?","?","R","E","M","T","R","M","M","M","?","R","B",null],"character_chosen":"IRONCLAD","items_purchased":["Replay:Baseball","Heavy Blade"],"campfire_rested":3,"item_purchase_floors":[11,11],"current_hp_per_floor":[80,80,80,80,80,80,80,66,66,66,66,66,62,62,62,42,88,81,95,97,87,87,87,93,93,93,93,53,67,67,59,93,42,116,103,92,92,92,69,103,73,79,79,79,47,36,42,42,78,35],"gold":377,"neow_bonus":"THREE_ENEMY_KILL","is_daily":false,"chose_seed":false,"campfire_upgraded":4,"win_rate":0.0,"timestamp":1609187203,"path_taken":["M","?","?","?","?","E","?","M","T","R","$","?","M","?","R_BF","BOSS","M","?","M","M","?","R","M","R","T","?","M","?","$","?","R","BOSS","M","M","?","?","?","R","E","M","T","R","?","M","M","?","R","BOSS"],"items_purchased_type":["Relic","Card"],"build_version":"2020-12-22","purchased_purges":2,"victory":true,"max_hp_per_floor":[80,80,80,80,80,80,80,80,80,80,80,80,80,80,80,80,88,88,102,102,102,102,102,102,102,102,102,102,116,116,116,116,116,116,116,116,116,116,116,116,116,116,116,116,116,121,121,121,121,121],"card_choices":[{"not_picked":["Shrug It Off","Thunderclap"],"picked":"Armaments","floor":1},{"not_picked":["Replay:Undeath\u0027s Touch","Iron Wave"],"picked":"Shrug It Off","floor":3},{"not_picked":["Run Through","Feel No Pain"],"picked":"Infernal Blade","floor":6},{"not_picked":["Run Through","Hemokinesis","Dropkick"],"picked":"SKIP","floor":7},{"not_picked":["Blood for Blood","ReplayTheSpireMod:Strike From Hell"],"picked":"Spot Weakness","floor":8},{"not_picked":["Battle Trance","Heavy Blade"],"picked":"Carnage","floor":13},{"not_picked":["Bludgeon","Demonic Infusion"],"picked":"Immolate","floor":16},{"not_picked":["Regret","Delirium"],"picked":"Sickly","floor":17},{"not_picked":["SwitchThreat","Normality"],"picked":"ReplayTheSpireMod:IOU","floor":17},{"not_picked":["hubris:Envy","hubris:Greed"],"picked":"hubris:Despair","floor":17},{"not_picked":["Anger","Dual Wield+1"],"picked":"True Grit+1","floor":18},{"not_picked":["Warcry+1","Headbutt+1"],"picked":"Flex+1","floor":20},{"not_picked":["Pommel Strike","Life Link","Heavy Blade"],"picked":"SKIP","floor":21},{"not_picked":["Corruption","Dark Embrace"],"picked":"Shrug It Off+1","floor":24},{"not_picked":["Sentinel+1","Thunderclap","Wild Strike"],"picked":"SKIP","floor":28},{"not_picked":["Corruption","Offering+1"],"picked":"Fiend Fire","floor":33},{"not_picked":["Bloodletting+1","Sword Boomerang","Rampage"],"picked":"SKIP","floor":35},{"not_picked":["Headbutt+1","Perfected Strike+1"],"picked":"Armaments+1","floor":36},{"not_picked":["Intimidate+1","Sentinel+1"],"picked":"Impervious+1","floor":39},{"not_picked":["Warcry+1","Sword Boomerang","Offering+1"],"picked":"SKIP","floor":41},{"not_picked":["Shockwave+1","Thunderclap"],"picked":"ReplayTheSpireMod:Stacked+1","floor":42},{"not_picked":["Pommel Strike","Warcry+1","hubris:SharpeningStone+1"],"picked":"SKIP","floor":45},{"not_picked":["Replay:Undeath\u0027s Touch","Intimidate+1","Metallicize+1"],"picked":"SKIP","floor":46},{"not_picked":["Armaments+1","Cleave"],"picked":"Inflame+1","floor":47},{"not_picked":["Dual Wield+1","Heavy Blade+1"],"picked":"Inflame","floor":49}],"player_experience":99975,"relics_obtained":[{"floor":6,"key":"hubris:TenFootPole"},{"floor":9,"key":"infinitespire:CheckeredPen"},{"floor":14,"key":"aspiration:FrozenJewel"},{"floor":19,"key":"Mango"},{"floor":26,"key":"hubris:MysteriousPyramids"},{"floor":27,"key":"Ring of Searing"},{"floor":27,"key":"Ring of Hypnosis"},{"floor":39,"key":"King of Hearts"},{"floor":41,"key":"Shovel"},{"floor":43,"key":"aspiration:ChemicalBlood"}],"event_choices":[{"cards_removed":["Defend_R"],"damage_healed":0,"gold_gain":0,"player_choice":"Offered Basic","damage_taken":0,"max_hp_gain":0,"max_hp_loss":0,"event_name":"Bonfire Elementals","floor":2,"gold_loss":0},{"damage_healed":0,"gold_gain":0,"player_choice":"Got Potions","damage_taken":0,"max_hp_gain":0,"max_hp_loss":0,"event_name":"Lab","floor":5,"gold_loss":0},{"cards_removed":["Strike_R"],"damage_healed":0,"gold_gain":0,"player_choice":"Removed Attack","damage_taken":0,"max_hp_gain":0,"max_hp_loss":0,"event_name":"Falling","floor":38,"gold_loss":0},{"cards_removed":["hubris:Despair"],"damage_healed":0,"gold_gain":0,"player_choice":"Removed Curses","damage_taken":0,"max_hp_gain":0,"max_hp_loss":0,"event_name":"Fountain of Cleansing","floor":48,"gold_loss":0}],"is_beta":false,"boss_relics":[{"not_picked":["Pandora\u0027s Box","Honey Jar"],"picked":"Replay:Ancient Bell"},{"not_picked":["Tiny Chest","aspiration:Lifesprig"],"picked":"Dream Catcher"},{"not_picked":["infinitespire:FocusingShard","aspiration:SeaSaltIceCream"],"picked":"Toxic Egg 2"},{"not_picked":["Incense Burner","hubris:BundleOfHerbs"],"picked":"hubris:Spice"},{"not_picked":["hubris:Spice","Mark of Pain"],"picked":"Velvet Choker"}],"items_purged_floors":[22,30],"is_endless":false,"potions_floor_spawned":[6,8,20,24,28,35,36,46,47],"ascension_level":0}}