{"host":"0cnf9zf1gia27zti","time":1609186246,"event":{"mods":["BaseMod","BetterRewards","Card Forge","Colored Map","Colored Powertips","Conspire","Downfall","Minty Spire (QoL Compilation)","Practice Mode","Quick Restart","Replay The Spire","Robot Space Explorer","Shade Mod","Spicy Shops","StSLib"],"gold_per_floor":[117,137,48,105,30,30,50,50,77,77,111,123,152,171,171,249,249,264,264,2,2,2,2,35,35,112,130,163,180,199,210,210,288,288,305,318,66,76,94,94,105,121,121,121,121,121,146,38,38,38,38],"floor_reached":52,"playtime":2702,"items_purged":["Strike_B"],"score":1664,"play_id":"64140b6d-afdd-44b5-a844-3fa9492fd063","local_time":"20201228201046","is_ascension_mode":true,"campfire_choices":[{"floor":6,"key":"REST"},{"data":"Zap","floor":8,"key":"SMITH"},{"data":"Reprogram","floor":15,"key":"SMITH"},{"data":"Machine Learning","floor":23,"key":"SMITH"},{"floor":25,"key":"REST"},{"floor":32,"key":"REST"},{"data":"Echo Form","floor":40,"key":"SMITH"},{"floor":44,"key":"REST"},{"data":"Reinforced Body","floor":46,"key":"SMITH"},{"data":"Defend_B","floor":49,"key":"SMITH"}],"circlet_count":0,"master_deck":["AscendersBane","Strike_B","Strike_B","Defend_B+1","Defend_B+1","Defend_B+1","Defend_B","Zap+1","Scrape+1","Gash+1","Go for the Eyes+1","FTL+1","Go for the Eyes+1","Gash+1","Bash+1","Reprogram+1","Sweeping Beam+1","Machine Learning+1","Auto Shields+1","Gash+1","Go for the Eyes+1","Go for the Eyes+1","Echo Form+1","Scrape+1","Echo Form+1","ReplayGash+1","BootSequence","FTL+1","Fusion+1","Steam+1","Reinforced Body+1","All For One+1","All For One+1"],"relics":["Hammer of Thor","Seething Fire","Anvil of the Gods","Molten Egg 2","Onion Ring","Pen Nib","ReplayFunnel","Art of War","Iron Core","Replay:Wax Seal","MealTicket","Painkiller Herb","Shuriken","Blue Doll","conspire:Flyswatter","Replay:Rubber Ducky","conspire:RoyalGoblet","Prayer Wheel","Anchor","Replay:Frozen Program","Boot","StoneCalendar"],"acts_visited":["Exordium","TheCity","TheBeyond"],"potions_floor_usage":[13,16,16,27,33,35,35,36,47],"damage_taken":[{"damage":0,"enemies":"Cultist","floor":1,"turns":2},{"damage":2,"enemies":"2 Louse","floor":2,"turns":3},{"damage":0,"enemies":"Small Slimes","floor":7,"turns":1},{"damage":0,"enemies":"Gremlin Nob","floor":11,"turns":2},{"damage":0,"enemies":"2 Fungi Beasts","floor":12,"turns":1},{"damage":0,"enemies":"Lagavulin","floor":13,"turns":3},{"damage":0,"enemies":"Large Slime","floor":14,"turns":2},{"damage":8,"enemies":"The Guardian","floor":16,"turns":7},{"damage":0,"enemies":"Spheric Guardian","floor":18,"turns":2},{"damage":14,"enemies":"Gremlin Leader","floor":24,"turns":5},{"damage":8,"enemies":"Shell Parasite","floor":27,"turns":2},{"damage":9,"enemies":"Book of Stabbing","floor":28,"turns":3},{"damage":0,"enemies":"Snecko","floor":29,"turns":3},{"damage":8,"enemies":"Centurion and Healer","floor":30,"turns":4},{"damage":0,"enemies":"Sentry and Sphere","floor":31,"turns":2},{"damage":0,"enemies":"Champ","floor":33,"turns":6},{"damage":16,"enemies":"3 Darklings","floor":35,"turns":5},{"damage":3,"enemies":"3 Shapes","floor":36,"turns":7},{"damage":0,"enemies":"Writhing Mass","floor":38,"turns":5},{"damage":5,"enemies":"4 Shapes","floor":39,"turns":7},{"damage":0,"enemies":"3 Darklings","floor":41,"turns":4},{"damage":22,"enemies":"Maw","floor":42,"turns":7},{"damage":0,"enemies":"R_Hoarder","floor":47,"turns":8},{"damage":5,"enemies":"Replay:Hell Engine","floor":50,"turns":7},{"damage":22,"enemies":"conspire:OrnateMirror","floor":51,"turns":11}],"seed_played":"-7569063717477813287","potions_obtained":[{"floor":2,"key":"EssenceOfDarkness"},{"floor":4,"key":"Explosive Potion"},{"floor":4,"key":"DuplicationPotion"},{"floor":13,"key":"Ancient Potion"},{"floor":24,"key":"champ:CounterPotion"},{"floor":29,"key":"Venom Potion"},{"floor":30,"key":"Slimebound:ThreeZeroPotion"},{"floor":31,"key":"Guardian:BlockOnCardUsePotion"},{"floor":33,"key":"LifebloodPotion"},{"floor":35,"key":"Languid Potion"},{"floor":42,"key":"champ:CounterPotion"}],"is_trial":false,"path_per_floor":["M","M","$","?","$","R","M","R","T","?","E","M","E","M","R_BF","B",null,"?","?","T","?","T","T","E","T","T","?","E","?","?","?","T","B",null,"?","?","T","?","?","T","?","?","T","T","?","T","E","T","T","B","B",null],"character_chosen":"DEFECT","items_purchased":["Molten Egg 2","Onion Ring","Scrape+1","Pen Nib","FTL+1","Shuriken","Anchor","Replay:Frozen Program","All For One+1"],"campfire_rested":4,"item_purchase_floors":[0,0,0,0,3,20,37,37,48],"current_hp_per_floor":[64,62,62,34,34,55,55,55,55,55,55,55,55,55,55,47,65,65,45,60,60,75,75,61,76,76,68,59,59,51,51,73,73,75,59,56,71,71,66,66,66,44,44,66,66,66,66,76,76,71,49],"gold":38,"neow_bonus":"","is_daily":false,"chose_seed":false,"campfire_upgraded":6,"win_rate":0.0,"timestamp":1609186246,"path_taken":["M","?","$","?","$","R","M","R","T","?","E","M","E","M","R_BF","BOSS","?","?","T","?","T","T","E","T","T","?","E","?","?","?","T","BOSS","?","?","T","?","?","T","?","?","T","T","?","T","E","T","T","BOSS","BOSS"],"items_purchased_type":["Relic","Relic","Card","Relic","Card","Relic","Relic","Relic","Card"],"build_version":"2020-12-22","purchased_purges":1,"victory":true,"max_hp_per_floor":[71,71,71,71,71,71,71,71,71,71,71,71,71,71,71,71,71,71,76,76,76,76,76,76,76,76,76,76,76,76,76,76,76,76,76,76,76,76,76,76,76,76,76,76,76,76,76,76,76,76,76],"card_choices":[{"not_picked":["Tempest","White Noise"],"picked":"Go for the Eyes+1","floor":1},{"not_picked":["Panic Button","Heatsinks","Turbo"],"picked":"SKIP","floor":2},{"not_picked":["Time Bomb","Compile Driver+1"],"picked":"Go for the Eyes+1","floor":4},{"not_picked":["Glacier","Cold Snap+1"],"picked":"Gash+1","floor":7},{"not_picked":["Redo","Conserve Battery"],"picked":"Reprogram","floor":11},{"not_picked":["Turbo","Redo","BasicCrystalCard"],"picked":"SKIP","floor":12},{"not_picked":["Consume","Redo","Undo"],"picked":"SKIP","floor":13},{"not_picked":["Self Repair","Tempest"],"picked":"Sweeping Beam+1","floor":14},{"not_picked":["ReplayTheSpireMod:Omega Cannon+1","ReplayRNGCard"],"picked":"Machine Learning","floor":16},{"not_picked":["Lockon+1","Aggregate"],"picked":"Auto Shields","floor":18},{"not_picked":["Sweeping Beam+1","Cold Snap+1"],"picked":"Gash+1","floor":24},{"not_picked":["Turbo","Tempest"],"picked":"Go for the Eyes+1","floor":27},{"not_picked":["Capacitor","Stack"],"picked":"Go for the Eyes+1","floor":28},{"not_picked":["Static Discharge","Coolheaded"],"picked":"ReplayTheSpireMod:Fabricate Wheel","floor":29},{"not_picked":["Recycle","Barrage+1","Coolheaded"],"picked":"SKIP","floor":30},{"not_picked":["Rip and Tear+1","Streamline+1","Genetic Algorithm+1"],"picked":"SKIP","floor":31},{"not_picked":["ReplayTheSpireMod:Omega Cannon+1","Biased Cognition"],"picked":"Echo Form","floor":33},{"not_picked":["ReplayTheSpireMod:System Scan","Cold Snap+1","Force Field"],"picked":"SKIP","floor":35},{"not_picked":["ReplayTheSpireMod:Dual Polarity+1","Stack","Ball Lightning+1"],"picked":"SKIP","floor":35},{"not_picked":["Hologram+1","BasicCrystalCard+1"],"picked":"ReplayGash+1","floor":36},{"not_picked":["FIFO Queue+1","Cold Snap+1","BasicCrystalCard"],"picked":"SKIP","floor":36},{"not_picked":["conspire:SharedLibrary+1","ReplayRNGCard"],"picked":"BootSequence","floor":38},{"not_picked":["Barrage+1","Hologram","Compile Driver+1"],"picked":"SKIP","floor":38},{"not_picked":["Force Field","Sweeping Beam+1"],"picked":"FTL+1","floor":39},{"not_picked":["Hologram","Redo+1"],"picked":"Fusion","floor":39},{"not_picked":["Panic Button","Cold Snap+1","Leap"],"picked":"SKIP","floor":41},{"not_picked":["Capacitor","Streamline+1","Panic Button"],"picked":"SKIP","floor":41},{"not_picked":["Cold Snap+1","ReplayTheSpireMod:Calculation Training+1"],"picked":"Steam","floor":42},{"not_picked":["Coolheaded","Streamline+1"],"picked":"Reinforced Body","floor":42},{"not_picked":["conspire:Rain","Redo"],"picked":"Self Repair","floor":47}],"player_experience":2685880,"relics_obtained":[{"floor":4,"key":"ReplayFunnel"},{"floor":9,"key":"Art of War"},{"floor":11,"key":"Replay:Wax Seal"},{"floor":13,"key":"MealTicket"},{"floor":24,"key":"Blue Doll"},{"floor":26,"key":"conspire:Flyswatter"},{"floor":28,"key":"Replay:Rubber Ducky"},{"floor":43,"key":"Boot"},{"floor":47,"key":"StoneCalendar"}],"event_choices":[{"damage_healed":0,"gold_gain":0,"player_choice":"Shed Blood","damage_taken":25,"max_hp_gain":5,"max_hp_loss":0,"event_name":"Forgotten Altar","floor":19,"gold_loss":0},{"cards_removed":["Strike_B"],"damage_healed":0,"gold_gain":0,"player_choice":"Offered Basic","damage_taken":0,"max_hp_gain":0,"max_hp_loss":0,"event_name":"Bonfire Elementals","floor":21,"gold_loss":0},{"damage_healed":0,"gold_gain":0,"player_choice":"Ignored","damage_taken":0,"max_hp_gain":0,"max_hp_loss":0,"event_name":"Tomb of Lord Red Mask","floor":45,"gold_loss":0}],"is_beta":false,"boss_relics":[{"not_picked":["Velvet Choker","Replay:Drink Me"],"picked":"Painkiller Herb"},{"not_picked":["Replay:Ancient Bell","Snecko Eye"],"picked":"conspire:RoyalGoblet"}],"items_purged_floors":[5],"is_endless":false,"potions_floor_spawned":[2,7,11,12,13,24,29,30,31,33,35,42],"ascension_level":20}}