{"host":"6im5s6zqmlhvz0yl","time":1609119963,"event":{"mods":["Act Like it!","Bartender","BaseMod","Elementarium","Energized Spire","Halation","Hermit","Hubris","Infinite Spire","Minty Spire (QoL Compilation)","RumiaBox-????????","StSLib","The Blue Laboratory","The Factory","The Florist","The Marked","TheArtist","Trackpad","Wandering Minibosses","vexMod"],"gold_per_floor":[110,128,152,152,167,198,198,210,210,230,230,262,85,99,99,202,202,222,222,233,233,233],"floor_reached":21,"playtime":1874,"items_purged":["Foot_Thrust","hermit:HighCaliber"],"score":337,"play_id":"5c67088b-3de9-4e2b-b342-3127301b3ee8","local_time":"20201227234603","daily_mods":["Draft","Red Cards","Green Cards","Blue Cards","Colorless Cards","DeadlyEvents","Elite Swarm"],"is_ascension_mode":true,"campfire_choices":[{"floor":11,"key":"REST"},{"floor":15,"key":"REST"}],"circlet_count":0,"master_deck":["AscendersBane","hermit:CalledShot","theMarked:EmpowerWeapon","artistmod:AquaAnnoyance","hermit:Vantage","Flying Knee","Backflip","artistmod:EnlightenedEpiphany","Agrypnos:Rose","Ripple","artistmod:ColorfulClobber","theMarked:BanishingStrike","theMarked:BanishingStrike","Disarm","Training_Dummy","Envenom","theMarked:ElectricStrings","artistmod:BlueBurst","Agrypnos:SeedPacket","Agrypnos:Fertilize","Coeurl_Form","Corpse Explosion","hermit:Gambit","theMarked:HeritageOfTheMarked","hermit:Dive","hubris:SharpeningStone","theMarked:ElectricStrings","hermit:Quickdraw","Scowl","Agrypnos:Wolffia","artistmod:RadicalRainbows","theMarked:SoldierForm","Coolheaded","Rebound","Calculated Gamble","Agrypnos:Fertilize","artistmod:RedRage","theMarked:Challenge","After Image","Iron Wave","theMarked:BanishingStrike","theMarked:ComboAttacks","Agrypnos:Wolfsbane","infinitespire:Starlight","Jack Of All Trades+1","theMarked:BanishingStrike","Prepared"],"relics":["theMarked:ArtifactOfAir","Baka","Bag of Marbles","hubris:Towel","Boot","Shuriken","trackpad:FieryHotPepper","theMarked:SpiritSword"],"acts_visited":["Exordium","Elementarium:Elementarium"],"potions_floor_usage":[6],"damage_taken":[{"damage":4,"enemies":"Cultist","floor":1,"turns":3},{"damage":0,"enemies":"Small Slimes","floor":2,"turns":3},{"damage":2,"enemies":"2 Louse","floor":5,"turns":5},{"damage":27,"enemies":"Lagavulin","floor":6,"turns":6},{"damage":8,"enemies":"Exordium Wildlife","floor":8,"turns":4},{"damage":18,"enemies":"Large Slime","floor":10,"turns":5},{"damage":22,"enemies":"Gremlin Nob","floor":12,"turns":4},{"damage":0,"enemies":"Blue Slaver","floor":14,"turns":3},{"damage":1,"enemies":"Hexaghost","floor":16,"turns":12},{"damage":22,"enemies":"Elementarium:MUD_AND_TAR_GOLEMS","floor":18,"turns":2},{"damage":6,"enemies":"Elementarium:2_ELEMENTALS","floor":20,"turns":3},{"damage":63,"enemies":"Elementarium:Hydrostalker","floor":21,"turns":7}],"seed_played":"-7964898525623740410","potions_obtained":[{"floor":1,"key":"blueLaboratory:PolymorphPotion"}],"is_trial":true,"path_per_floor":["M","M","T","?","M","E","?","M","T","M","R","E","$","M","R","B",null,"M","AVR","M","M"],"character_chosen":"THE_DEFAULT","items_purchased":["Coolheaded","Rebound"],"campfire_rested":2,"item_purchase_floors":[13,13],"current_hp_per_floor":[59,59,59,59,57,30,35,27,27,9,31,9,9,9,31,30,64,42,42,37,0,0],"gold":233,"neow_bonus":"","is_daily":false,"chose_seed":false,"campfire_upgraded":0,"win_rate":0.0,"timestamp":1609119963,"path_taken":["M","M","?","?","M","E","?","M","T","M","R","E","$","?","R","BOSS","M","AVR","M","M"],"items_purchased_type":["Card","Card"],"build_version":"2020-12-22","purchased_purges":2,"victory":false,"max_hp_per_floor":[70,70,70,70,70,70,75,75,75,75,75,75,75,75,75,75,75,75,75,83,83,83],"card_choices":[{"not_picked":["Accuracy","hermit:Ricochet"],"picked":"hermit:CalledShot","floor":0},{"not_picked":["Turbo","theMarked:Electrify"],"picked":"theMarked:EmpowerWeapon","floor":0},{"not_picked":["hermit:Desperado","Sentinel"],"picked":"artistmod:AquaAnnoyance","floor":0},{"not_picked":["hermit:ItchyTrigger","hermit:Ricochet"],"picked":"hermit:Vantage","floor":0},{"not_picked":["Steam Power","hermit:Manifest"],"picked":"Flying Knee","floor":0},{"not_picked":["Searing Blow","On_The_House"],"picked":"Backflip","floor":0},{"not_picked":["Dropkick","Body Slam"],"picked":"artistmod:EnlightenedEpiphany","floor":0},{"not_picked":["artistmod:PinkPurple","Reprogram"],"picked":"Agrypnos:Rose","floor":0},{"not_picked":["Catalyst","Perfected Strike"],"picked":"Foot_Thrust","floor":0},{"not_picked":["hermit:HoleUp","Rupture"],"picked":"hermit:HighCaliber","floor":0},{"not_picked":["theMarked:Electrocute","theMarked:WastefulDefense"],"picked":"Ripple","floor":0},{"not_picked":["Riddle With Holes","hermit:BodyArmor"],"picked":"artistmod:ColorfulClobber","floor":0},{"not_picked":["Agrypnos:Tumbleweed","hermit:Dive"],"picked":"theMarked:BanishingStrike","floor":0},{"not_picked":["hermit:PistolWhip","Slice"],"picked":"theMarked:BanishingStrike","floor":0},{"not_picked":["True Grit","theMarked:Electrocute"],"picked":"Disarm","floor":0},{"not_picked":["hermit:TrackingShot","Center_Self"],"picked":"Training_Dummy","floor":1},{"not_picked":["theMarked:ContemptForTheProud","hermit:Glare"],"picked":"Envenom","floor":2},{"not_picked":["hermit:ItchyTrigger","Steam Power"],"picked":"theMarked:ElectricStrings","floor":2},{"not_picked":["Recycle","theMarked:Overthink"],"picked":"artistmod:BlueBurst","floor":2},{"not_picked":["Jack Of All Trades","Tempest"],"picked":"Agrypnos:SeedPacket","floor":2},{"not_picked":["hermit:SprayPray","Pony_Shot"],"picked":"Agrypnos:Fertilize","floor":5},{"not_picked":["artistmod:ChromaCrash","hermit:SprayPray"],"picked":"Coeurl_Form","floor":5},{"not_picked":["Madness","artistmod:YellowYearning","theMarked:TakeCover"],"picked":"SKIP","floor":5},{"not_picked":["Power Through","Turbo","Axe_Heel_Kick"],"picked":"SKIP","floor":5},{"not_picked":["Madness","artistmod:YellowYearning","theMarked:TakeCover"],"picked":"SKIP","floor":5},{"not_picked":["Power Through","Turbo","Axe_Heel_Kick"],"picked":"SKIP","floor":5},{"not_picked":["Grand Finale","Agrypnos:GeneModification"],"picked":"Corpse Explosion","floor":6},{"not_picked":["Multi-Cast","hermit:HighNoon"],"picked":"hermit:Gambit","floor":6},{"not_picked":["The Bomb","hermit:Purgatory","artistmod:ArtisticAgony"],"picked":"SKIP","floor":6},{"not_picked":["hermit:FatalDesire","Breathe_Deep","Berserk"],"picked":"SKIP","floor":6},{"not_picked":["Anger","Concentrate"],"picked":"theMarked:HeritageOfTheMarked","floor":8},{"not_picked":["Setup","Agrypnos:Shell"],"picked":"hermit:Dive","floor":8},{"not_picked":["Sunder","Beam Cell"],"picked":"hubris:SharpeningStone","floor":8},{"not_picked":["hermit:Midnight","Sword Boomerang","Compile Driver"],"picked":"SKIP","floor":8},{"not_picked":["Agrypnos:Replanting","hermit:BodyArmor"],"picked":"theMarked:ElectricStrings","floor":10},{"not_picked":["Agrypnos:Tumbleweed","Riddle With Holes"],"picked":"hermit:Quickdraw","floor":10},{"not_picked":["Sweeping Beam","Flying Knee"],"picked":"Scowl","floor":10},{"not_picked":["Agrypnos:Orchid","Bludgeon","Underhanded Strike"],"picked":"SKIP","floor":10},{"not_picked":["artistmod:BlueBarrier","hermit:Gambit"],"picked":"Agrypnos:Wolffia","floor":12},{"not_picked":["Agrypnos:Sunbeam","Malaise"],"picked":"artistmod:RadicalRainbows","floor":12},{"not_picked":["theMarked:SummonStrength","Multi-Cast"],"picked":"theMarked:SoldierForm","floor":12},{"not_picked":["hermit:FatalDesire","Agrypnos:Lotus","Glass Knife"],"picked":"SKIP","floor":12},{"not_picked":["hermit:Headshot","hubris:Ssssneak"],"picked":"Calculated Gamble","floor":14},{"not_picked":["Uppercut","Agrypnos:Rose"],"picked":"Agrypnos:Fertilize","floor":14},{"not_picked":["Clash","All Out Attack"],"picked":"artistmod:RedRage","floor":14},{"not_picked":["Sweeping Beam","Dancing_Jab","Agrypnos:Zinnia"],"picked":"SKIP","floor":14},{"not_picked":["artistmod:PaintProfusion","A Thousand Cuts"],"picked":"theMarked:Challenge","floor":16},{"not_picked":["Transmutation","artistmod:RedReaper"],"picked":"After Image","floor":16},{"not_picked":["Dancing_Jab","Power_Up_Punch"],"picked":"Iron Wave","floor":18},{"not_picked":["Dagger Throw","Bitters"],"picked":"theMarked:BanishingStrike","floor":18},{"not_picked":["Agrypnos:Fertilize","artistmod:SuperbSchooling"],"picked":"theMarked:ComboAttacks","floor":18},{"not_picked":["Rebound","theMarked:SelfDefenseTraining"],"picked":"Agrypnos:Wolfsbane","floor":18},{"not_picked":["Agrypnos:Composting","Insight_B+1"],"picked":"Jack Of All Trades+1","floor":20},{"not_picked":["hermit:Midnight","theMarked:EmpowerWeapon"],"picked":"theMarked:BanishingStrike","floor":20},{"not_picked":["Sentinel+1","Thunderclap"],"picked":"Prepared","floor":20},{"not_picked":["Poisoned Stab","hermit:Manifest+1","Bullet Time"],"picked":"SKIP","floor":20}],"player_experience":61236,"relics_obtained":[{"floor":1,"key":"Baka"},{"floor":3,"key":"Bag of Marbles"},{"floor":6,"key":"Boot"},{"floor":9,"key":"Shuriken"},{"floor":12,"key":"trackpad:FieryHotPepper"}],"event_choices":[{"damage_healed":0,"gold_gain":0,"player_choice":"Donut","damage_taken":0,"max_hp_gain":5,"max_hp_loss":0,"event_name":"Big Fish","floor":7,"gold_loss":0}],"is_beta":false,"boss_relics":[{"not_picked":["energizedSpire:NeverEndingSparkler","halation:HeavySnake"],"picked":"theMarked:SpiritSword"}],"items_purged_floors":[13,19],"is_endless":false,"potions_floor_spawned":[1],"killed_by":"Elementarium:Hydrostalker","ascension_level":10}}