{"host":"3t6uby4o5waaq95r","time":1609143456,"event":{"mods":["AchievementEnabler","BaseMod","Bestiary","Colored Map","Highlight Path","Minty Spire (QoL Compilation)","Permanent Neow","Quick Restart","Random Character Button","SuperFastMode"],"gold_per_floor":[111,36,36,36,36,50,50,60,71,71,71,106,106,106,120,120,221,221,240,256,40,40,52,77,77,77,100,164,214,1,11,23,23,126,126,143,70,87,102,152,152,172,238,238,19,38,88,123,9,9,9],"floor_reached":52,"playtime":3714,"items_purged":["Strike_R","Fire Breathing","Parasite"],"score":729,"play_id":"20484435-e350-4035-92dc-274eb575bd09","local_time":"20201228021736","is_ascension_mode":false,"campfire_choices":[{"data":"Bash","floor":7.0,"key":"SMITH"},{"data":"Spot Weakness","floor":11.0,"key":"SMITH"},{"floor":14.0,"key":"REST"},{"data":"Feed","floor":16.0,"key":"SMITH"},{"floor":25.0,"key":"REST"},{"floor":33.0,"key":"REST"},{"data":"Barricade","floor":41.0,"key":"SMITH"},{"floor":50,"key":"REST"}],"circlet_count":0,"master_deck":["Bash+1","Deep Breath+1","Shrug It Off","Shrug It Off","Disarm","Spot Weakness+1","Feed+1","Armaments","Barricade+1","Feed+1","Warcry","Rage","Inflame","Spot Weakness","Twin Strike+1","Rampage","Entrench","Flex","Body Slam","Good Instincts","Dropkick","Iron Wave","Burning Pact+1","Juggernaut","Body Slam+1","Shrug It Off+1","Armaments+1","Dark Shackles","Jack Of All Trades","Dark Shackles"],"relics":["Burning Blood","Pear","White Beast Statue","Tiny Chest","Pandora\u0027s Box","Membership Card","Whetstone","Akabeko","SsserpentHead","Oddly Smooth Stone","Question Card","Red Skull","SacredBark","Bag of Preparation","MawBank","FossilizedHelix","Vajra","Happy Flower"],"acts_visited":["Exordium","TheCity","TheBeyond"],"potions_floor_usage":[48,51,51],"damage_taken":[{"damage":2.0,"enemies":"2 Louse","floor":1.0,"turns":3.0},{"damage":1.0,"enemies":"Cultist","floor":6.0,"turns":4.0},{"damage":6.0,"enemies":"Jaw Worm","floor":8.0,"turns":3.0},{"damage":21.0,"enemies":"Exordium Thugs","floor":9.0,"turns":6.0},{"damage":53.0,"enemies":"Gremlin Nob","floor":12.0,"turns":6.0},{"damage":0.0,"enemies":"Large Slime","floor":15.0,"turns":7.0},{"damage":46.0,"enemies":"Slime Boss","floor":17.0,"turns":16.0},{"damage":24.0,"enemies":"2 Thieves","floor":19.0,"turns":5.0},{"damage":14.0,"enemies":"Chosen","floor":20.0,"turns":5.0},{"damage":12.0,"enemies":"Centurion and Healer","floor":23.0,"turns":7.0},{"damage":60.0,"enemies":"Slavers","floor":24.0,"turns":6.0},{"damage":41.0,"enemies":"3 Cultists","floor":28.0,"turns":8.0},{"damage":41.0,"enemies":"Sentry and Sphere","floor":31.0,"turns":6.0},{"damage":0.0,"enemies":"Snake Plant","floor":32.0,"turns":7.0},{"damage":22.0,"enemies":"Automaton","floor":34.0,"turns":31.0},{"damage":22.0,"enemies":"3 Darklings","floor":36.0,"turns":12.0},{"damage":0.0,"enemies":"3 Shapes","floor":38.0,"turns":6.0},{"damage":35.0,"enemies":"Sphere and 2 Shapes","floor":39.0,"turns":6.0},{"damage":22.0,"enemies":"Maw","floor":42.0,"turns":9.0},{"damage":16.0,"enemies":"Writhing Mass","floor":43.0,"turns":7.0},{"damage":25.0,"enemies":"Transient","floor":46.0,"turns":5.0},{"damage":71,"enemies":"Giant Head","floor":48,"turns":10},{"damage":39,"enemies":"Donu and Deca","floor":51,"turns":13}],"seed_played":"-7643622089860303749","potions_obtained":[{"floor":1.0,"key":"BloodPotion"},{"floor":3.0,"key":"Ancient Potion"},{"floor":3.0,"key":"SpeedPotion"},{"floor":3.0,"key":"HeartOfIron"},{"floor":15.0,"key":"Fire Potion"},{"floor":17.0,"key":"LiquidBronze"},{"floor":19.0,"key":"FearPotion"},{"floor":23.0,"key":"Energy Potion"},{"floor":24.0,"key":"ElixirPotion"},{"floor":28.0,"key":"Dexterity Potion"},{"floor":31.0,"key":"PowerPotion"},{"floor":32.0,"key":"EntropicBrew"},{"floor":34.0,"key":"Regen Potion"},{"floor":36.0,"key":"Regen Potion"},{"floor":38.0,"key":"Dexterity Potion"},{"floor":42.0,"key":"SkillPotion"},{"floor":46.0,"key":"PowerPotion"},{"floor":48,"key":"SkillPotion"}],"is_trial":false,"path_per_floor":["M","$","?","$","?","M","R","M","M","T","R","E","T","R","M","R","B",null,"M","M","$","?","M","E","R","?","T","M","T","$","M","M","R","B",null,"M","$","M","M","?","R","M","M","T","$","M","?","E","$","R","B",null],"character_chosen":"IRONCLAD","items_purchased":["Membership Card","Whetstone","Red Skull","Good Instincts","Dropkick","Bag of Preparation","FossilizedHelix","Vajra","HeartOfIron"],"campfire_rested":4,"item_purchase_floors":[21,21,30,30,30,37,45,45,49],"current_hp_per_floor":[80,80,80,80,80,80,80,80,65,75,75,28,28,55,64,64,28,97,83,79,79,58,83,37,74,74,74,43,43,43,12,22,63,51,142,126,126,136,115,100,100,133,127,127,127,108,98,82,82,129,100],"gold":9,"neow_bonus":"RANDOM_COLORLESS","is_daily":false,"chose_seed":false,"campfire_upgraded":4,"win_rate":0.0,"timestamp":1609143456,"path_taken":["M","$","?","?","?","?","R","M","M","T","R","E","?","R","M","R","BOSS","M","M","$","?","M","E","R","?","T","?","?","$","M","M","R","BOSS","M","$","M","M","?","R","M","?","T","$","M","?","E","$","R","BOSS"],"items_purchased_type":["Relic","Relic","Relic","Card","Card","Relic","Relic","Relic","Potion"],"build_version":"2020-12-22","purchased_purges":3,"victory":true,"max_hp_per_floor":[80,80,80,80,80,80,80,80,80,90,90,90,90,90,93,93,97,97,101,105,105,110,118,126,126,126,126,130,130,130,134,138,138,142,142,142,142,146,154,154,154,158,162,162,162,162,162,162,159,159,163],"card_choices":[{"not_picked":["Madness","Forethought"],"picked":"Deep Breath","floor":0.0},{"not_picked":["Heavy Blade","Dropkick"],"picked":"Shrug It Off","floor":1.0},{"not_picked":["Havoc","Sentinel"],"picked":"Shrug It Off","floor":6.0},{"not_picked":["Feel No Pain","True Grit"],"picked":"Disarm","floor":8.0},{"not_picked":["Clothesline","Armaments"],"picked":"Spot Weakness","floor":9.0},{"not_picked":["Seeing Red","Reckless Charge"],"picked":"Feed","floor":12.0},{"not_picked":["Twin Strike","Wild Strike"],"picked":"Armaments","floor":15.0},{"not_picked":["Berserk","Double Tap"],"picked":"Barricade","floor":17.0},{"not_picked":["Sword Boomerang+1","Searing Blow"],"picked":"Entrench","floor":19.0},{"not_picked":["Havoc","Perfected Strike"],"picked":"Flex","floor":20.0},{"not_picked":["Cleave","Warcry","Clash"],"picked":"SKIP","floor":23.0},{"not_picked":["Dark Embrace","Bloodletting"],"picked":"Body Slam","floor":24.0},{"not_picked":["Warcry","Wild Strike","Second Wind"],"picked":"SKIP","floor":28.0},{"not_picked":["Sword Boomerang+1","Wild Strike","Perfected Strike"],"picked":"Iron Wave","floor":31.0},{"not_picked":["Sword Boomerang","Sentinel","Rage+1"],"picked":"Burning Pact+1","floor":32.0},{"not_picked":["Fiend Fire","Impervious","Brutality"],"picked":"Juggernaut","floor":34.0},{"not_picked":["Carnage+1","Flex","Dual Wield+1","Second Wind+1"],"picked":"SKIP","floor":36.0},{"not_picked":["Combust+1","Wild Strike","Pummel+1"],"picked":"Body Slam+1","floor":38.0},{"not_picked":["Spot Weakness","Wild Strike","Carnage","Anger+1"],"picked":"SKIP","floor":39.0},{"not_picked":["True Grit+1","Twin Strike","Dark Embrace"],"picked":"Shrug It Off+1","floor":42.0},{"not_picked":["Fire Breathing+1","Rage","True Grit"],"picked":"Armaments+1","floor":43.0},{"not_picked":["Burning Pact+1","Power Through+1","Clothesline+1","Evolve"],"picked":"SKIP","floor":46.0},{"not_picked":["Enlightenment","Metamorphosis","Thinking Ahead"],"picked":"Dark Shackles","floor":47.0},{"not_picked":["HandOfGreed","Trip","Swift Strike"],"picked":"Jack Of All Trades","floor":47.0},{"not_picked":["PanicButton","Apotheosis","The Bomb"],"picked":"Dark Shackles","floor":47.0},{"not_picked":["Sword Boomerang","Pommel Strike","Searing Blow+1","Cleave"],"picked":"SKIP","floor":48}],"player_experience":800813,"relics_obtained":[{"floor":10.0,"key":"Pear"},{"floor":12.0,"key":"White Beast Statue"},{"floor":13.0,"key":"Tiny Chest"},{"floor":24.0,"key":"Akabeko"},{"floor":27.0,"key":"Oddly Smooth Stone"},{"floor":29.0,"key":"Question Card"},{"floor":44.0,"key":"MawBank"},{"floor":48,"key":"Happy Flower"}],"event_choices":[{"damage_healed":0.0,"max_hp_gain":0.0,"max_hp_loss":0.0,"gold_gain":0.0,"event_name":"Lab","player_choice":"Got Potions","floor":3.0,"gold_loss":0.0,"damage_taken":0.0},{"damage_healed":0.0,"max_hp_gain":0.0,"max_hp_loss":0.0,"gold_gain":0.0,"event_name":"Upgrade Shrine","player_choice":"Upgraded","floor":5.0,"gold_loss":0.0,"damage_taken":0.0,"cards_upgraded":["Deep Breath"]},{"damage_healed":0.0,"max_hp_gain":5.0,"max_hp_loss":0.0,"gold_gain":0.0,"event_name":"Forgotten Altar","player_choice":"Shed Blood","floor":22.0,"gold_loss":0.0,"damage_taken":26.0},{"damage_healed":0.0,"max_hp_gain":0.0,"max_hp_loss":0.0,"gold_gain":0.0,"event_name":"FaceTrader","player_choice":"Trade","floor":26.0,"gold_loss":0.0,"damage_taken":0.0,"relics_obtained":["SsserpentHead"]},{"damage_healed":0.0,"max_hp_gain":0.0,"max_hp_loss":0.0,"gold_gain":0.0,"event_name":"Wheel of Change","player_choice":"Damaged","floor":40.0,"gold_loss":0.0,"damage_taken":15.0},{"damage_healed":0.0,"max_hp_gain":0.0,"max_hp_loss":0.0,"gold_gain":0.0,"event_name":"SensoryStone","player_choice":"Memory 3","floor":47.0,"gold_loss":0.0,"damage_taken":10.0}],"is_beta":false,"boss_relics":[{"not_picked":["Sozu","Runic Cube"],"picked":"Pandora\u0027s Box"},{"not_picked":["Busted Crown","Astrolabe"],"picked":"SacredBark"}],"items_purged_floors":[2,30,49],"is_endless":false,"potions_floor_spawned":[1,9,15,17,19,20,23,24,28,31,32,34,36,38,39,42,43,46,48],"ascension_level":0}}