{"host":"bg8va46pgqgvtzim","time":1609132511,"event":{"mods":["BaseMod","Minty Spire (QoL Compilation)","Quick Restart","StSLib","SuperFastMode"],"gold_per_floor":[18,32,51,51,69,396,396,413,413,446,463,493,493,379,379,476,476,487,517,537,462,462,497,497,524,524,566,589,601,613,653,665,782,794,823,847,463,478,478,478,509,525,548,648,668,682,709,725,725,725,725,725,77,106,106],"floor_reached":56,"playtime":2149,"items_purged":["Strike_G","Strike_G","Defend_G+1"],"score":1774,"play_id":"6c5e07b2-556b-4dcf-97fa-53792febe361","local_time":"20201228131511","is_ascension_mode":true,"campfire_choices":[{"data":"Corpse Explosion","floor":7.0,"key":"SMITH"},{"data":"Malaise","floor":15.0,"key":"SMITH"},{"data":"Tactician","floor":24.0,"key":"SMITH"},{"data":"Acrobatics","floor":29.0,"key":"SMITH"},{"data":"Calculated Gamble","floor":32.0,"key":"SMITH"},{"floor":40.0,"key":"RECALL"},{"data":"Prepared","floor":49,"key":"SMITH"}],"circlet_count":0,"master_deck":["Defend_G+1","Defend_G+1","Defend_G+1","Defend_G+1","Survivor+1","Neutralize+1","Underhanded Strike+1","Masterful Stab+1","Corpse Explosion+1","Crippling Poison+1","Well Laid Plans+1","Acrobatics+1","Malaise+1","Tactician+1","Tools of the Trade+1","Concentrate+1","Acrobatics+1","Backflip+1","Calculated Gamble+1","Tactician+1","Footwork+1","Reflex+1","Prepared+1","Expertise+1","Prepared+1"],"relics":["Ring of the Snake","Old Coin","Bottled Tornado","Gremlin Horn","FaceOfCleric","Philosopher\u0027s Stone","Red Mask","TungstenRod","Bottled Lightning","MawBank","Gambling Chip","Bronze Scales","Coffee Dripper","Medical Kit","Oddly Smooth Stone","Mark of the Bloom","Smiling Mask","Akabeko","Pantograph","Pear","Cauldron","Orichalcum"],"acts_visited":["Exordium","TheCity","TheBeyond","TheEnding"],"potions_floor_usage":[53,55,55,55,55,55],"damage_taken":[{"damage":0.0,"enemies":"Small Slimes","floor":1.0,"turns":6.0},{"damage":2.0,"enemies":"Cultist","floor":2.0,"turns":4.0},{"damage":1.0,"enemies":"Jaw Worm","floor":3.0,"turns":6.0},{"damage":0.0,"enemies":"Blue Slaver","floor":5.0,"turns":3.0},{"damage":35.0,"enemies":"Lagavulin","floor":6.0,"turns":8.0},{"damage":4.0,"enemies":"Red Slaver","floor":8.0,"turns":3.0},{"damage":12.0,"enemies":"Gremlin Nob","floor":10.0,"turns":4.0},{"damage":0.0,"enemies":"2 Fungi Beasts","floor":11.0,"turns":2.0},{"damage":6.0,"enemies":"Lagavulin","floor":12.0,"turns":7.0},{"damage":3.0,"enemies":"The Guardian","floor":16.0,"turns":13.0},{"damage":0.0,"enemies":"Chosen","floor":18.0,"turns":5.0},{"damage":13.0,"enemies":"Masked Bandits","floor":19.0,"turns":3.0},{"damage":1.0,"enemies":"2 Thieves","floor":20.0,"turns":3.0},{"damage":12.0,"enemies":"Slavers","floor":23.0,"turns":4.0},{"damage":3.0,"enemies":"Gremlin Leader","floor":25.0,"turns":6.0},{"damage":10.0,"enemies":"Slavers","floor":27.0,"turns":3.0},{"damage":0.0,"enemies":"3 Cultists","floor":28.0,"turns":2.0},{"damage":0.0,"enemies":"Gremlin Leader","floor":31.0,"turns":6.0},{"damage":0.0,"enemies":"Collector","floor":33.0,"turns":6.0},{"damage":0.0,"enemies":"3 Darklings","floor":35.0,"turns":2.0},{"damage":0.0,"enemies":"Orb Walker","floor":36.0,"turns":3.0},{"damage":0.0,"enemies":"Writhing Mass","floor":38.0,"turns":7.0},{"damage":0.0,"enemies":"Giant Head","floor":41.0,"turns":6.0},{"damage":0.0,"enemies":"Transient","floor":42.0,"turns":5.0},{"damage":0.0,"enemies":"4 Shapes","floor":45.0,"turns":1.0},{"damage":0.0,"enemies":"Jaw Worm Horde","floor":46.0,"turns":1.0},{"damage":0.0,"enemies":"Nemesis","floor":47.0,"turns":1.0},{"damage":0,"enemies":"Sphere and 2 Shapes","floor":48,"turns":1},{"damage":0,"enemies":"Donu and Deca","floor":50,"turns":1},{"damage":0,"enemies":"Shield and Spear","floor":54,"turns":1},{"damage":0,"enemies":"The Heart","floor":55,"turns":3}],"seed_played":"8492094774503915816","potions_obtained":[{"floor":1.0,"key":"Ancient Potion"},{"floor":3.0,"key":"CunningPotion"},{"floor":10.0,"key":"SpeedPotion"},{"floor":16.0,"key":"Energy Potion"},{"floor":19.0,"key":"Poison Potion"},{"floor":20.0,"key":"SteroidPotion"},{"floor":27.0,"key":"ColorlessPotion"},{"floor":36.0,"key":"Strength Potion"},{"floor":42.0,"key":"DuplicationPotion"}],"is_trial":false,"path_per_floor":["M","M","M","$","M","E","R","M","T","E","M","E","?","$","R","B",null,"M","?","M","?","?","E","R","E","T","E","M","R","$","E","R","B",null,"M","M","$","M","?","R","E","M","T","?","M","M","E","M","R","B",null,"R","$","E","B",null],"character_chosen":"THE_SILENT","items_purchased":["Tactician","Medical Kit","Oddly Smooth Stone","Pear","Fruit Juice","EntropicBrew","Cauldron"],"campfire_rested":0,"item_purchase_floors":[14,37,37,53,53,53,53],"current_hp_per_floor":[70,68,67,67,67,32,32,28,28,16,16,10,10,10,10,8,71,72,60,60,60,60,49,49,47,47,38,39,39,39,40,40,41,80,81,82,82,83,83,83,83,83,83,83,83,83,83,83,83,83,83,83,83,83,83],"gold":106,"neow_bonus":"REMOVE_TWO","is_daily":false,"chose_seed":false,"campfire_upgraded":6,"win_rate":0.0,"timestamp":1609132511,"path_taken":["M","M","M","$","M","E","R","M","T","E","M","E","?","$","R","BOSS","M","?","M","?","?","E","R","E","T","E","?","R","$","E","R","BOSS","M","?","$","M","?","R","E","M","T","?","M","M","E","M","R","BOSS","R","$","E","BOSS"],"items_purchased_type":["Card","Relic","Relic","Relic","Potion","Potion","Relic"],"build_version":"2020-12-22","purchased_purges":3,"victory":true,"max_hp_per_floor":[70,70,70,70,70,70,70,70,70,70,70,70,70,70,70,71,71,72,73,74,74,74,75,75,76,76,77,78,78,78,79,79,80,80,81,82,82,83,83,83,84,85,85,85,86,87,88,89,89,90,90,90,105,106,107],"card_choices":[{"not_picked":["Expertise","Blur"],"picked":"Underhanded Strike","floor":1.0},{"not_picked":["Deflect","Quick Slash","Backflip"],"picked":"SKIP","floor":2.0},{"not_picked":["PiercingWail","Heel Hook"],"picked":"Masterful Stab","floor":3.0},{"not_picked":["Dagger Spray","Outmaneuver"],"picked":"Corpse Explosion","floor":5.0},{"not_picked":["Flying Knee","Deflect"],"picked":"Crippling Poison","floor":6.0},{"not_picked":["Bane","Prepared"],"picked":"Well Laid Plans","floor":8.0},{"not_picked":["Blade Dance","Infinite Blades"],"picked":"Acrobatics","floor":10.0},{"not_picked":["Accuracy","Deadly Poison","Dagger Spray"],"picked":"SKIP","floor":11.0},{"not_picked":["Blade Dance","Distraction"],"picked":"Malaise","floor":12.0},{"not_picked":["A Thousand Cuts","Glass Knife"],"picked":"Tools of the Trade","floor":16.0},{"not_picked":["Backflip","Underhanded Strike","Dodge and Roll"],"picked":"SKIP","floor":18.0},{"not_picked":["Flying Knee","Predator"],"picked":"Concentrate+1","floor":19.0},{"not_picked":["Deadly Poison","Dagger Throw","Poisoned Stab"],"picked":"SKIP","floor":20.0},{"not_picked":["Flying Knee","Blur"],"picked":"Backflip+1","floor":23.0},{"not_picked":["Masterful Stab","Bane","Cloak And Dagger"],"picked":"SKIP","floor":25.0},{"not_picked":["Masterful Stab","Bane","Cloak And Dagger"],"picked":"SKIP","floor":25.0},{"not_picked":["Poisoned Stab+1","Dodge and Roll","Malaise"],"picked":"SKIP","floor":27.0},{"not_picked":["Slice","Deflect+1"],"picked":"Calculated Gamble","floor":28.0},{"not_picked":["Flying Knee+1","Masterful Stab","Backflip"],"picked":"SKIP","floor":31.0},{"not_picked":["Backflip+1","Caltrops","Dagger Spray"],"picked":"SKIP","floor":35.0},{"not_picked":["Flechettes","Sucker Punch"],"picked":"Tactician","floor":36.0},{"not_picked":["Prepared","Deadly Poison"],"picked":"Footwork+1","floor":38.0},{"not_picked":["Accuracy+1","Crippling Poison+1","Escape Plan+1"],"picked":"SKIP","floor":41.0},{"not_picked":["Predator","Acrobatics+1"],"picked":"Reflex+1","floor":42.0},{"not_picked":["Deflect","Flying Knee+1","Dagger Throw"],"picked":"SKIP","floor":45.0},{"not_picked":["Endless Agony+1","Quick Slash"],"picked":"Prepared","floor":46.0},{"not_picked":["Skewer+1","Terror","Backstab"],"picked":"SKIP","floor":47.0},{"not_picked":["Heel Hook+1","Dodge and Roll"],"picked":"Expertise+1","floor":48},{"not_picked":["All Out Attack+1","Riddle With Holes"],"picked":"Prepared+1","floor":54}],"player_experience":2179267,"relics_obtained":[{"floor":6.0,"key":"Old Coin"},{"floor":10.0,"key":"Bottled Tornado"},{"floor":12.0,"key":"Gremlin Horn"},{"floor":19.0,"key":"Red Mask"},{"floor":23.0,"key":"TungstenRod"},{"floor":25.0,"key":"Bottled Lightning"},{"floor":26.0,"key":"MawBank"},{"floor":27.0,"key":"Gambling Chip"},{"floor":31.0,"key":"Bronze Scales"},{"floor":41.0,"key":"Smiling Mask"},{"floor":43.0,"key":"Akabeko"},{"floor":47.0,"key":"Pantograph"},{"floor":54,"key":"Orichalcum"}],"event_choices":[{"damage_healed":0.0,"max_hp_gain":0.0,"max_hp_loss":0.0,"gold_gain":0.0,"event_name":"FaceTrader","player_choice":"Trade","floor":13.0,"gold_loss":0.0,"damage_taken":0.0,"relics_obtained":["FaceOfCleric"]},{"damage_healed":0.0,"max_hp_gain":0.0,"max_hp_loss":0.0,"gold_gain":0.0,"event_name":"Masked Bandits","player_choice":"Fought Bandits","floor":19.0,"gold_loss":0.0,"damage_taken":0.0},{"cards_removed":["Strike_G"],"damage_healed":0.0,"max_hp_gain":0.0,"max_hp_loss":0.0,"gold_gain":0.0,"event_name":"Beggar","player_choice":"Gave Gold","floor":21.0,"gold_loss":75.0,"damage_taken":0.0},{"damage_healed":0.0,"max_hp_gain":0.0,"max_hp_loss":0.0,"gold_gain":0.0,"event_name":"Duplicator","player_choice":"Copied","floor":22.0,"gold_loss":0.0,"damage_taken":0.0,"cards_obtained":["Acrobatics"]},{"damage_healed":0.0,"max_hp_gain":0.0,"max_hp_loss":0.0,"gold_gain":0.0,"event_name":"MindBloom","player_choice":"Upgrade","floor":39.0,"gold_loss":0.0,"damage_taken":0.0,"cards_upgraded":["Defend_G","Defend_G","Defend_G","Defend_G","Defend_G","Survivor","Neutralize","Underhanded Strike","Masterful Stab","Crippling Poison","Well Laid Plans","Acrobatics","Tools of the Trade","Tactician"],"relics_obtained":["Mark of the Bloom"]},{"damage_healed":0.0,"max_hp_gain":0.0,"max_hp_loss":0.0,"gold_gain":100.0,"event_name":"Golden Shrine","player_choice":"Pray","floor":44.0,"gold_loss":0.0,"damage_taken":0.0}],"is_beta":false,"boss_relics":[{"not_picked":["Busted Crown","Tiny House"],"picked":"Philosopher\u0027s Stone"},{"not_picked":["Pandora\u0027s Box","SacredBark"],"picked":"Coffee Dripper"}],"items_purged_floors":[14,37,53],"is_endless":false,"potions_floor_spawned":[1,3,10,11,16,19,20,27,28,31,36,42,46,54],"ascension_level":1}}