{"host":"j3hagc6u6cazrqfv","time":1609179939,"event":{"mods":["AchievementEnabler","BaseMod","DeckTracker","Minty Spire (QoL Compilation)","Rare Cards Sparkle","StSLib"],"gold_per_floor":[114,114,39,39,56,82,82,110,137,87,87,101,139,168,168,270,270,289,301,44,44,44,44,44,64,64,73,73,20,64,93,93,93,93],"floor_reached":33,"playtime":901,"items_purged":["Strike_R","Defend_R"],"score":298,"play_id":"bca6d535-33c0-4d49-8a7f-bca233f7962f","local_time":"20201229032539","is_ascension_mode":false,"campfire_choices":[{"data":"Body Slam","floor":7,"key":"SMITH"},{"data":"Burning Pact","floor":11,"key":"SMITH"},{"data":"Pommel Strike","floor":15,"key":"SMITH"},{"data":"Shrug It Off","floor":23,"key":"SMITH"},{"data":"Power Through","floor":28,"key":"SMITH"},{"data":"Pommel Strike","floor":32,"key":"SMITH"}],"circlet_count":0,"master_deck":["Strike_R+1","Defend_R+1","Bash","Burning Pact+1","Body Slam+1","Shrug It Off+1","Pommel Strike+1","Power Through+1","True Grit+1","Exhume","Pommel Strike+1","Shrug It Off","Pommel Strike+1","Battle Trance"],"relics":["Burning Blood","NeowsBlessing","CeramicFish","Letter Opener","Empty Cage","TheAbacus","Bag of Marbles"],"acts_visited":["Exordium","TheCity"],"potions_floor_usage":[16,18,21,30,33,33],"damage_taken":[{"damage":0,"enemies":"2 Louse","floor":1,"turns":1},{"damage":0,"enemies":"Jaw Worm","floor":5,"turns":1},{"damage":0,"enemies":"Gremlin Nob","floor":6,"turns":1},{"damage":0,"enemies":"Cultist","floor":8,"turns":3},{"damage":3,"enemies":"2 Fungi Beasts","floor":12,"turns":4},{"damage":18,"enemies":"3 Sentries","floor":13,"turns":13},{"damage":0,"enemies":"Gremlin Gang","floor":14,"turns":5},{"damage":31,"enemies":"Hexaghost","floor":16,"turns":8},{"damage":15,"enemies":"2 Thieves","floor":18,"turns":4},{"damage":19,"enemies":"Spheric Guardian","floor":19,"turns":8},{"damage":0,"enemies":"Centurion and Healer","floor":25,"turns":6},{"damage":3,"enemies":"Slavers","floor":30,"turns":4},{"damage":3,"enemies":"3 Cultists","floor":31,"turns":5},{"damage":42,"enemies":"Collector","floor":33,"turns":7}],"seed_played":"9147626104851839360","potions_obtained":[{"floor":1,"key":"SmokeBomb"},{"floor":6,"key":"LiquidMemories"},{"floor":13,"key":"PowerPotion"},{"floor":14,"key":"Energy Potion"},{"floor":21,"key":"EntropicBrew"},{"floor":21,"key":"FairyPotion"},{"floor":31,"key":"Dexterity Potion"}],"is_trial":false,"path_per_floor":["M","?","$","?","M","E","R","M","T","?","R","M","E","M","R","B",null,"M","M","$","?","$","R","?","M","T","?","R","$","E","M","R","B"],"character_chosen":"IRONCLAD","items_purchased":["TheAbacus","Pommel Strike","Shrug It Off"],"campfire_rested":0,"item_purchase_floors":[20,29,29],"current_hp_per_floor":[80,73,73,57,63,69,69,75,75,75,75,78,66,72,72,47,80,71,58,58,58,58,58,43,49,49,49,49,49,52,55,55,13,13],"gold":93,"neow_bonus":"THREE_ENEMY_KILL","is_daily":false,"chose_seed":false,"campfire_upgraded":6,"win_rate":0.0,"timestamp":1609179939,"path_taken":["M","?","$","?","M","E","R","M","T","?","R","M","E","M","R","BOSS","M","M","$","?","?","R","?","M","T","?","R","$","E","?","R","BOSS"],"items_purchased_type":["Relic","Card","Card"],"build_version":"2020-12-22","purchased_purges":2,"victory":false,"max_hp_per_floor":[80,80,80,80,80,80,80,80,80,80,80,80,80,80,80,80,80,80,80,80,80,80,80,85,85,85,85,85,85,85,85,85,85,85],"card_choices":[{"not_picked":["Dual Wield","Headbutt"],"picked":"Burning Pact","floor":1},{"not_picked":["Armaments","Perfected Strike"],"picked":"Body Slam","floor":5},{"not_picked":["Twin Strike","Shockwave","Brutality"],"picked":"SKIP","floor":6},{"not_picked":["Headbutt","Reckless Charge"],"picked":"Shrug It Off","floor":8},{"not_picked":["Iron Wave","Clothesline","Clash"],"picked":"SKIP","floor":12},{"not_picked":["Clothesline","Flex"],"picked":"Pommel Strike","floor":13},{"not_picked":["Havoc","Uppercut"],"picked":"Power Through","floor":14},{"not_picked":["Uppercut","Inflame"],"picked":"True Grit+1","floor":18},{"not_picked":["Thunderclap+1","Havoc+1","Carnage+1"],"picked":"SKIP","floor":19},{"not_picked":["Bloodletting","Disarm+1","Blood for Blood"],"picked":"SKIP","floor":25},{"not_picked":["Warcry","Shockwave"],"picked":"Pommel Strike+1","floor":30},{"not_picked":["Havoc","Armaments"],"picked":"Battle Trance","floor":31}],"player_experience":1898,"relics_obtained":[{"floor":6,"key":"CeramicFish"},{"floor":13,"key":"Letter Opener"},{"floor":30,"key":"Bag of Marbles"}],"event_choices":[{"cards_removed":["Strike_R"],"damage_healed":0,"gold_gain":0,"player_choice":"Card Removal","damage_taken":7,"max_hp_gain":0,"max_hp_loss":0,"event_name":"Golden Wing","floor":2,"gold_loss":0},{"damage_healed":0,"gold_gain":0,"player_choice":"Entered Light","damage_taken":16,"max_hp_gain":0,"max_hp_loss":0,"event_name":"Shining Light","floor":4,"gold_loss":0,"cards_upgraded":["Defend_R","Strike_R"]},{"cards_removed":["Strike_R"],"damage_healed":0,"gold_gain":0,"player_choice":"Card Removal","damage_taken":0,"max_hp_gain":0,"max_hp_loss":0,"event_name":"The Cleric","floor":10,"gold_loss":50},{"damage_healed":0,"gold_gain":0,"player_choice":"Got Potions","damage_taken":0,"max_hp_gain":0,"max_hp_loss":0,"event_name":"Lab","floor":21,"gold_loss":0},{"damage_healed":0,"gold_gain":0,"player_choice":"Shed Blood","damage_taken":20,"max_hp_gain":5,"max_hp_loss":0,"event_name":"Forgotten Altar","floor":24,"gold_loss":0},{"damage_healed":0,"gold_gain":0,"cards_transformed":["Defend_R"],"player_choice":"Transformed","damage_taken":0,"max_hp_gain":0,"max_hp_loss":0,"event_name":"Transmorgrifier","floor":27,"gold_loss":0,"cards_obtained":["Exhume"]}],"is_beta":false,"boss_relics":[{"not_picked":["Fusion Hammer","Runic Cube"],"picked":"Empty Cage"}],"items_purged_floors":[3,20],"is_endless":false,"potions_floor_spawned":[1,6,13,14,25,31],"killed_by":"Collector","ascension_level":0}}