{"host":"cjhtzh7tp54jdfyv","time":1609197449,"event":{"mods":["AchievementEnabler","BaseMod","Colored Map","Colored Powertips","Curses Come First","DeckTracker","Filter the Spire","Hermit","Minty Spire (QoL Compilation)","RNG Fix","Relic Sorter","Relic Stats","StSLib","The Cursed","The Disciple","The Marked","UnlockEverythingMod","Waifu the Spire","ojb\u0027s Better Paths Mod","ojb\u0027s Info Mod"],"gold_per_floor":[13,23,35,35,0,34,51,84,156,182,202,220,235,185,185,256,256,267,267,285,300,15,15,50,60,60,87,100,100,111,125,125,204,204,217,228,13,26,41,68,92,118,199,241,528,554,578,621,633,645,645],"floor_reached":50,"playtime":6783,"items_purged":["TheCursedMod:Strike_TheCursed","TheCursedMod:Strike_TheCursed"],"score":1479,"play_id":"1efb1332-7068-4005-b279-d11949686310","local_time":"20201228181729","is_ascension_mode":true,"campfire_choices":[{"data":"TheCursedMod:ReleasedStrength","floor":15.0,"key":"SMITH"},{"data":"TheCursedMod:CollectTribute","floor":23.0,"key":"SMITH"},{"data":"TheCursedMod:DarkBarrier","floor":29,"key":"SMITH"},{"data":"TheCursedMod:LuckyCharm","floor":32,"key":"SMITH"},{"floor":49,"key":"RECALL"}],"circlet_count":0,"master_deck":["AscendersBane","TheCursedMod:Strike_TheCursed+1","TheCursedMod:Strike_TheCursed+1","TheCursedMod:Defend_TheCursed","TheCursedMod:Defend_TheCursed","TheCursedMod:Defend_TheCursed","TheCursedMod:Defend_TheCursed","TheCursedMod:CursedWand","TheCursedMod:CleanUpWorkshop","TheCursedMod:Dregs","TheCursedMod:LuckyCharm+1","TheCursedMod:CursedBlade","TheCursedMod:SoulReap","TheCursedMod:ReleasedStrength+1","TheCursedMod:CollectTribute+1","TheCursedMod:RapidMovement","TheCursedMod:Wield","TheCursedMod:SmokeScreen","TheCursedMod:BlessingInDisguise","TheCursedMod:CursedRelics","TheCursedMod:SpitefulStrike","TheCursedMod:SurpriseAttack","TheCursedMod:DoubleShield","TheCursedMod:CursedStaff","TheCursedMod:WearCloak","TheCursedMod:DarkBarrier+1","TheCursedMod:SurpriseAttack+1","TheCursedMod:Obscuration","TheCursedMod:SpitefulPlan+1","TheCursedMod:HellfireBreathing","TheCursedMod:AntiAging","TheCursedMod:BloodBarrier","TheCursedMod:AshesToAshes","TheCursedMod:Evocation+1","TheCursedMod:Neurasthenia","TheCursedMod:AshesToAshes","TheCursedMod:SurpriseAttack+1","TheCursedMod:SurpriseAttack","TheCursedMod:Wield","TheCursedMod:DemonSword","TheCursedMod:SpitefulPray+1","TheCursedMod:SoulReap+1"],"relics":["TheCursedMod:BlackMagicAdvanced","InkBottle","Pen Nib","Prayer Wheel","White Beast Statue","Smiling Mask","HornCleat","Omamori","Odd Mushroom","Gremlin Horn","Whetstone","Strawberry","Cursed Key","Membership Card","MawBank","Anchor","Mercury Hourglass"],"acts_visited":["Exordium","TheCity","TheBeyond"],"potions_floor_usage":[28,33,33,36,38,40,46,48,48,50],"damage_taken":[{"damage":1.0,"enemies":"2 Louse","floor":1.0,"turns":3.0},{"damage":9.0,"enemies":"Small Slimes","floor":2.0,"turns":3.0},{"damage":1.0,"enemies":"Jaw Worm","floor":3.0,"turns":5.0},{"damage":25.0,"enemies":"Gremlin Nob","floor":6.0,"turns":4.0},{"damage":1.0,"enemies":"Exordium Thugs","floor":7.0,"turns":4.0},{"damage":22.0,"enemies":"3 Sentries","floor":8.0,"turns":5.0},{"damage":17.0,"enemies":"Lagavulin","floor":10.0,"turns":6.0},{"damage":9.0,"enemies":"The Mushroom Lair","floor":11.0,"turns":4.0},{"damage":3.0,"enemies":"2 Fungi Beasts","floor":12.0,"turns":4.0},{"damage":0.0,"enemies":"Large Slime","floor":13.0,"turns":3.0},{"damage":0.0,"enemies":"Hexaghost","floor":16.0,"turns":8.0},{"damage":1.0,"enemies":"Chosen","floor":18.0,"turns":5.0},{"damage":0.0,"enemies":"Shell Parasite","floor":20.0,"turns":4.0},{"damage":7.0,"enemies":"Snake Plant","floor":21.0,"turns":6.0},{"damage":21.0,"enemies":"Slavers","floor":24.0,"turns":6.0},{"damage":0.0,"enemies":"Centurion and Healer","floor":25.0,"turns":5.0},{"damage":25.0,"enemies":"Book of Stabbing","floor":27.0,"turns":5.0},{"damage":1,"enemies":"Snecko","floor":28,"turns":4},{"damage":3,"enemies":"Cultist and Chosen","floor":30,"turns":6},{"damage":0,"enemies":"3 Cultists","floor":31,"turns":5},{"damage":26,"enemies":"Champ","floor":33,"turns":19},{"damage":16,"enemies":"Orb Walker","floor":35,"turns":6},{"damage":1,"enemies":"3 Darklings","floor":36,"turns":5},{"damage":0,"enemies":"Maw","floor":38,"turns":9},{"damage":14,"enemies":"Transient","floor":39,"turns":6},{"damage":35,"enemies":"Giant Head","floor":40,"turns":10},{"damage":25,"enemies":"4 Shapes","floor":41,"turns":10},{"damage":27,"enemies":"Writhing Mass","floor":42,"turns":8},{"damage":13,"enemies":"Reptomancer","floor":44,"turns":6},{"damage":0,"enemies":"Spire Growth","floor":46,"turns":4},{"damage":4,"enemies":"3 Darklings","floor":47,"turns":8},{"damage":43,"enemies":"Giant Head","floor":48,"turns":10},{"damage":74,"enemies":"Awakened One","floor":50,"turns":15}],"seed_played":"7213214140017528244","potions_obtained":[{"floor":3.0,"key":"Dexterity Potion"},{"floor":6.0,"key":"Fruit Juice"},{"floor":7.0,"key":"AttackPotion"},{"floor":8.0,"key":"BlessingOfTheForge"},{"floor":10.0,"key":"TheCursedMod:DregsPotion"},{"floor":11.0,"key":"Swift Potion"},{"floor":13.0,"key":"Weak Potion"},{"floor":16.0,"key":"EssenceOfSteel"},{"floor":18.0,"key":"Block Potion"},{"floor":20.0,"key":"DuplicationPotion"},{"floor":21.0,"key":"TheCursedMod:DregsPotion"},{"floor":24.0,"key":"SpeedPotion"},{"floor":25.0,"key":"SteroidPotion"},{"floor":27.0,"key":"BlessingOfTheForge"},{"floor":28,"key":"SneckoOil"},{"floor":30,"key":"Energy Potion"},{"floor":31,"key":"TheCursedMod:DregsPotion"},{"floor":33,"key":"Dexterity Potion"},{"floor":35,"key":"DuplicationPotion"},{"floor":36,"key":"FearPotion"},{"floor":38,"key":"PowerPotion"},{"floor":39,"key":"LiquidMemories"},{"floor":40,"key":"SteroidPotion"},{"floor":46,"key":"FearPotion"},{"floor":47,"key":"DistilledChaos"},{"floor":48,"key":"SkillPotion"}],"is_trial":false,"path_per_floor":["M","M","M","?","?","E","M","E","T","E","?","M","M","$","R","B",null,"M","?","M","M","$","R","E","M","T","E","M","R","M","M","R","B",null,"M","M","$","M","M","E","M","M","T","E","?","M","M","E","R","B"],"character_chosen":"THE_CURSED","items_purchased":["Gremlin Horn","Membership Card"],"campfire_rested":0,"item_purchase_floors":[22,37],"current_hp_per_floor":[63,54,58,32,49,32,44,30,30,16,14,19,19,19,19,28,64,68,46,51,49,49,49,33,38,38,29,30,30,38,49,49,38,82,76,86,86,98,99,69,59,46,46,41,41,46,53,33,33,0,0],"gold":645,"neow_bonus":"ONE_RARE_RELIC","is_daily":false,"chose_seed":false,"campfire_upgraded":4,"win_rate":0.0,"timestamp":1609197449,"path_taken":["M","M","M","?","?","E","M","E","T","E","?","M","M","$","R","BOSS","M","?","M","M","$","R","E","M","T","E","M","R","M","M","R","BOSS","M","M","$","M","M","E","M","M","T","E","?","M","M","E","R","BOSS"],"items_purchased_type":["Relic","Relic"],"build_version":"2020-12-22","purchased_purges":2,"victory":false,"max_hp_per_floor":[71,71,71,71,71,71,76,76,76,76,76,76,76,76,76,76,76,76,81,81,81,81,81,81,81,81,88,90,90,92,94,94,96,96,96,98,98,100,102,104,106,108,108,110,110,110,112,114,114,116,116],"relic_stats":{"Gremlin Horn":[26,27],"counters":[33,211],"Prayer Wheel":21,"Pen Nib":[39],"Whetstone":["TheCursedMod:Strike_TheCursed","TheCursedMod:Strike_TheCursed"],"Smiling Mask":25,"Cursed Key":1,"MawBank":120,"obtain_stats":[{"TheCursedMod:BlackMagic101":0,"TheCursedMod:BlackMagicAdvanced":17,"Gremlin Horn":22,"Pen Nib":8,"Omamori":10,"Whetstone":24,"Odd Mushroom":11,"Smiling Mask":6,"Cursed Key":34,"MawBank":40,"White Beast Statue":4,"Mercury Hourglass":48,"Anchor":44,"HornCleat":9,"Strawberry":27,"Prayer Wheel":0,"Membership Card":37,"InkBottle":26},{"TheCursedMod:BlackMagic101":0,"TheCursedMod:BlackMagicAdvanced":11,"Gremlin Horn":14,"Pen Nib":6,"Omamori":7,"Whetstone":15,"Odd Mushroom":8,"Smiling Mask":4,"Cursed Key":21,"MawBank":26,"White Beast Statue":3,"Mercury Hourglass":32,"Anchor":29,"HornCleat":6,"Strawberry":17,"Prayer Wheel":0,"Membership Card":23,"InkBottle":16},{"TheCursedMod:BlackMagic101":0,"TheCursedMod:BlackMagicAdvanced":49,"Gremlin Horn":64,"Pen Nib":24,"Omamori":30,"Whetstone":70,"Odd Mushroom":34,"Smiling Mask":15,"Cursed Key":114,"MawBank":150,"White Beast Statue":11,"Mercury Hourglass":196,"Anchor":174,"HornCleat":24,"Strawberry":80,"Prayer Wheel":0,"Membership Card":125,"InkBottle":75}],"InkBottle":[68],"Mercury Hourglass":[54]},"card_choices":[{"not_picked":["TheCursedMod:ReleasedStrength","TheCursedMod:FleshFromBone"],"picked":"TheCursedMod:LuckyCharm","floor":1.0},{"not_picked":["TheCursedMod:PrepareRite","TheCursedMod:FleshFromBone"],"picked":"TheCursedMod:CursedBlade","floor":1.0},{"not_picked":["TheCursedMod:SurpriseAttack","TheCursedMod:DoubleShield"],"picked":"TheCursedMod:SoulReap","floor":2.0},{"not_picked":["TheCursedMod:HellfireBreathing","TheCursedMod:Mangle","TheCursedMod:RavingStaff"],"picked":"SKIP","floor":2.0},{"not_picked":["TheCursedMod:RavingStaff","TheCursedMod:Wield"],"picked":"TheCursedMod:ReleasedStrength","floor":3.0},{"not_picked":["TheCursedMod:Stigma","TheCursedMod:SmokeScreen"],"picked":"TheCursedMod:CollectTribute","floor":3.0},{"not_picked":["TheCursedMod:VitalStrike","TheCursedMod:CircleOfCorruption"],"picked":"TheCursedMod:RapidMovement","floor":6.0},{"not_picked":["TheCursedMod:Grudge","TheCursedMod:SpitefulPray"],"picked":"TheCursedMod:Wield","floor":7.0},{"not_picked":["TheCursedMod:Stigma","TheCursedMod:TroublousMinions"],"picked":"TheCursedMod:SmokeScreen","floor":7.0},{"not_picked":["TheCursedMod:CursedAmulet","TheCursedMod:Mangle"],"picked":"TheCursedMod:BlessingInDisguise","floor":8.0},{"not_picked":["TheCursedMod:TacticalStrike","TheCursedMod:CircleOfAmplification"],"picked":"TheCursedMod:CursedRelics","floor":10.0},{"not_picked":["TheCursedMod:Stretching","TheCursedMod:FleshFromBone"],"picked":"TheCursedMod:SpitefulStrike","floor":11.0},{"not_picked":["TheCursedMod:HellsGateOpen","TheCursedMod:ManaCirculation"],"picked":"TheCursedMod:SurpriseAttack","floor":12.0},{"not_picked":["TheCursedMod:CursedMace","TheCursedMod:TacticalStrike"],"picked":"TheCursedMod:DoubleShield","floor":12.0},{"not_picked":["TheCursedMod:EmpowerCircles","TheCursedMod:CursedAmulet"],"picked":"TheCursedMod:CursedStaff","floor":13.0},{"not_picked":["TheCursedMod:CursedMace","TheCursedMod:SmokeScreen"],"picked":"TheCursedMod:WearCloak","floor":13.0},{"not_picked":["TheCursedMod:OutForBlood","TheCursedMod:StunningStrike"],"picked":"TheCursedMod:DarkBarrier","floor":16.0},{"not_picked":["TheCursedMod:CursedShiv","TheCursedMod:RavingStaff"],"picked":"TheCursedMod:SurpriseAttack+1","floor":18.0},{"not_picked":["TheCursedMod:CursedAmulet","TheCursedMod:SpitefulStrike"],"picked":"TheCursedMod:Obscuration","floor":18.0},{"not_picked":["TheCursedMod:Stretching","TheCursedMod:Stigma"],"picked":"TheCursedMod:SpitefulPlan+1","floor":20.0},{"not_picked":["TheCursedMod:UltimatePain","TheCursedMod:Torture"],"picked":"TheCursedMod:HellfireBreathing","floor":20.0},{"not_picked":["TheCursedMod:PrepareRite","TheCursedMod:VitalStrike","TheCursedMod:CircleOfCorruption"],"picked":"SKIP","floor":21.0},{"not_picked":["TheCursedMod:HellfireBreathing","TheCursedMod:WearCloak","TheCursedMod:CursedShiv"],"picked":"SKIP","floor":21.0},{"not_picked":["TheCursedMod:Stretching","TheCursedMod:FleshFromBone","TheCursedMod:RavingStaff"],"picked":"SKIP","floor":24.0},{"not_picked":["TheCursedMod:SaltUponWound","TheCursedMod:CursedBlade","TheCursedMod:CursedStaff"],"picked":"SKIP","floor":25.0},{"not_picked":["TheCursedMod:Obscuration","TheCursedMod:CircleOfAmplification","TheCursedMod:CursedBlade"],"picked":"SKIP","floor":25.0},{"not_picked":["TheCursedMod:CursedShiv","TheCursedMod:VitalStrike+1"],"picked":"TheCursedMod:AntiAging","floor":27.0},{"not_picked":["TheCursedMod:HellfireBreathing","TheCursedMod:VitalStrike"],"picked":"TheCursedMod:BloodBarrier","floor":28},{"not_picked":["TheCursedMod:CursedStaff","TheCursedMod:CursedBlade","TheCursedMod:CursedMace"],"picked":"SKIP","floor":28},{"not_picked":["TheCursedMod:PrepareRite","TheCursedMod:SpitefulPlan"],"picked":"TheCursedMod:AshesToAshes","floor":30},{"not_picked":["TheCursedMod:Wield","TheCursedMod:Obscuration+1"],"picked":"TheCursedMod:Evocation+1","floor":30},{"not_picked":["TheCursedMod:CircleOfCorruption","TheCursedMod:DoubleShield","TheCursedMod:BlessingInDisguise"],"picked":"SKIP","floor":31},{"not_picked":["TheCursedMod:CursedArmor","TheCursedMod:EmpowerCircles","TheCursedMod:Stigma"],"picked":"SKIP","floor":31},{"not_picked":["TheCursedMod:ParallelWorld","TheCursedMod:VoidForm"],"picked":"TheCursedMod:Neurasthenia","floor":33},{"not_picked":["TheCursedMod:Obscuration","TheCursedMod:Mangle","TheCursedMod:ReleasedKnowledge"],"picked":"SKIP","floor":35},{"not_picked":["TheCursedMod:CircleOfFlame","TheCursedMod:TacticalStrike+1","TheCursedMod:CursedBlade"],"picked":"SKIP","floor":35},{"not_picked":["TheCursedMod:CircleOfAmplification+1","TheCursedMod:SaltUponWound"],"picked":"TheCursedMod:AshesToAshes","floor":36},{"not_picked":["TheCursedMod:Evocation","TheCursedMod:CursedMace","TheCursedMod:RavingStaff"],"picked":"SKIP","floor":36},{"not_picked":["TheCursedMod:Stigma","TheCursedMod:CircleOfWindfury"],"picked":"TheCursedMod:SurpriseAttack+1","floor":38},{"not_picked":["TheCursedMod:HellsGateOpen","TheCursedMod:StingEye"],"picked":"TheCursedMod:SurpriseAttack","floor":38},{"not_picked":["TheCursedMod:VitalStrike","TheCursedMod:CursedMace+1","TheCursedMod:CircleOfFlame"],"picked":"SKIP","floor":39},{"not_picked":["TheCursedMod:FleshFromBone","TheCursedMod:CircleOfCorruption","TheCursedMod:Grudge+1"],"picked":"SKIP","floor":39},{"not_picked":["TheCursedMod:SmokeScreen","TheCursedMod:WearCloak+1","TheCursedMod:Stretching"],"picked":"SKIP","floor":40},{"not_picked":["TheCursedMod:CursedStaff","TheCursedMod:FleshFromBone+1","TheCursedMod:CursedArmor"],"picked":"SKIP","floor":41},{"not_picked":["TheCursedMod:UltimatePain","TheCursedMod:CircleOfFocus","TheCursedMod:SmokeScreen"],"picked":"SKIP","floor":41},{"not_picked":["TheCursedMod:FleshFromBone","TheCursedMod:SaltUponWound"],"picked":"TheCursedMod:Wield","floor":42},{"not_picked":["TheCursedMod:VitalStrike","TheCursedMod:FleshFromBone","TheCursedMod:SoulCrush"],"picked":"SKIP","floor":42},{"not_picked":["TheCursedMod:Wield+1","TheCursedMod:CircleOfFocus+1"],"picked":"TheCursedMod:DemonSword","floor":44},{"not_picked":["TheCursedMod:CursedAmulet+1","TheCursedMod:CircleOfFlame"],"picked":"TheCursedMod:SpitefulPray+1","floor":46},{"not_picked":["TheCursedMod:CursedBoomerang","TheCursedMod:TacticalStrike+1","TheCursedMod:Torture"],"picked":"SKIP","floor":46},{"not_picked":["TheCursedMod:TacticalStrike","TheCursedMod:CursedMace"],"picked":"TheCursedMod:SoulReap+1","floor":47},{"not_picked":["TheCursedMod:Grudge","TheCursedMod:RavingStaff","TheCursedMod:FleshFromBone"],"picked":"SKIP","floor":47},{"not_picked":["TheCursedMod:SmokeScreen","TheCursedMod:SaltUponWound","TheCursedMod:CursedAmulet"],"picked":"SKIP","floor":48}],"player_experience":4483380,"relics_obtained":[{"floor":6.0,"key":"Smiling Mask"},{"floor":8.0,"key":"Pen Nib"},{"floor":9.0,"key":"HornCleat"},{"floor":10.0,"key":"Omamori"},{"floor":11.0,"key":"Odd Mushroom"},{"floor":24.0,"key":"Whetstone"},{"floor":26.0,"key":"InkBottle"},{"floor":27.0,"key":"Strawberry"},{"floor":40,"key":"MawBank"},{"floor":44,"key":"Anchor"},{"floor":48,"key":"Mercury Hourglass"}],"event_choices":[{"damage_healed":0.0,"max_hp_gain":0.0,"max_hp_loss":0.0,"gold_gain":0.0,"event_name":"Scrap Ooze","player_choice":"Success","floor":4.0,"gold_loss":0.0,"damage_taken":26.0,"relics_obtained":["White Beast Statue"]},{"damage_healed":17.0,"max_hp_gain":0.0,"max_hp_loss":0.0,"gold_gain":0.0,"event_name":"The Cleric","player_choice":"Healed","floor":5.0,"gold_loss":35.0,"damage_taken":0.0},{"damage_healed":0.0,"max_hp_gain":0.0,"max_hp_loss":0.0,"gold_gain":0.0,"event_name":"Mushrooms","player_choice":"Fought Mushrooms","floor":11.0,"gold_loss":0.0,"damage_taken":0.0},{"damage_healed":0.0,"max_hp_gain":5.0,"max_hp_loss":0.0,"gold_gain":0.0,"event_name":"Forgotten Altar","player_choice":"Shed Blood","floor":19.0,"gold_loss":0.0,"damage_taken":27.0},{"damage_healed":0,"gold_gain":275,"player_choice":"Desecrate","damage_taken":0,"max_hp_gain":0,"max_hp_loss":0,"event_name":"Golden Shrine","floor":45,"gold_loss":0,"cards_obtained":["Regret"]}],"is_beta":false,"boss_relics":[{"not_picked":["Astrolabe","Runic Pyramid"],"picked":"TheCursedMod:BlackMagicAdvanced"},{"not_picked":["Busted Crown","TheCursedMod:OminousMark"],"picked":"Cursed Key"}],"items_purged_floors":[14,37],"is_endless":false,"potions_floor_spawned":[3,6,7,8,10,11,12,13,16,18,20,21,24,25,27,28,30,31,33,35,36,38,39,40,41,42,44,46,47,48],"killed_by":"Awakened One","ascension_level":20}}