{"host":"5bdt6s51dmpd4l3v","time":1609118310,"event":{"mods":["AchievementEnabler","BaseMod","Colored Map","Colored Powertips","Highlight Path","Minty Spire (QoL Compilation)","Quick Restart","Rare Cards Sparkle","StSLib"],"gold_per_floor":[113,113,38,53,53,53,67,86,86,86,86,86],"floor_reached":11,"playtime":147,"items_purged":["Pain"],"score":120,"play_id":"0168828c-168e-4390-992d-3852fdee839d","local_time":"20201228091830","is_ascension_mode":true,"campfire_choices":[{"data":"Warcry","floor":6,"key":"SMITH"},{"data":"Sword Boomerang","floor":10,"key":"SMITH"}],"circlet_count":0,"master_deck":["AscendersBane","Strike_R","Strike_R","Strike_R","Strike_R","Strike_R","Defend_R","Defend_R","Defend_R","Defend_R","Bash","Warcry+1","Sword Boomerang+1"],"relics":["Burning Blood","NeowsBlessing","WarpedTongs","White Beast Statue","Blue Candle"],"acts_visited":["Exordium"],"potions_floor_usage":[8,11],"damage_taken":[{"damage":0,"enemies":"Jaw Worm","floor":1,"turns":1},{"damage":0,"enemies":"Cultist","floor":4,"turns":1},{"damage":0,"enemies":"Small Slimes","floor":7,"turns":1},{"damage":22,"enemies":"Exordium Thugs","floor":8,"turns":5},{"damage":0,"enemies":"Gremlin Nob","floor":11,"turns":2}],"seed_played":"6659946738567854091","potions_obtained":[{"floor":1,"key":"ColorlessPotion"},{"floor":7,"key":"Fruit Juice"},{"floor":8,"key":"BloodPotion"}],"is_trial":false,"path_per_floor":["M","?","$","M","?","R","M","M","T","R","E"],"character_chosen":"IRONCLAD","items_purchased":[],"campfire_rested":0,"item_purchase_floors":[],"current_hp_per_floor":[74,74,74,75,64,64,70,54,54,54,59,59],"gold":86,"neow_bonus":"THREE_ENEMY_KILL","is_daily":false,"chose_seed":false,"campfire_upgraded":2,"win_rate":0.0,"timestamp":1609118310,"path_taken":["M","?","$","?","?","R","M","M","T","R","E"],"items_purchased_type":[],"build_version":"2020-12-22","purchased_purges":1,"victory":false,"max_hp_per_floor":[75,75,75,75,75,75,75,75,75,75,80,80],"card_choices":[{"not_picked":["Dropkick","Burning Pact"],"picked":"Warcry","floor":1},{"not_picked":["Anger","Warcry","Uppercut"],"picked":"SKIP","floor":4},{"not_picked":["Dual Wield","Sentinel"],"picked":"Sword Boomerang","floor":7},{"not_picked":["Havoc","Rampage","Thunderclap"],"picked":"SKIP","floor":8}],"player_experience":262458,"relics_obtained":[{"floor":9,"key":"Blue Candle"}],"event_choices":[{"damage_healed":0,"gold_gain":0,"player_choice":"Rummage","damage_taken":0,"relics_obtained":["WarpedTongs"],"max_hp_gain":0,"max_hp_loss":0,"event_name":"Accursed Blacksmith","floor":2,"gold_loss":0,"cards_obtained":["Pain"]},{"damage_healed":0,"gold_gain":0,"player_choice":"Success","damage_taken":11,"relics_obtained":["White Beast Statue"],"max_hp_gain":0,"max_hp_loss":0,"event_name":"Scrap Ooze","floor":5,"gold_loss":0}],"is_beta":false,"boss_relics":[],"items_purged_floors":[3],"is_endless":false,"potions_floor_spawned":[1,7,8],"killed_by":"Gremlin Nob","ascension_level":18}}