{"host":"enmin8e0t0h2jpek","time":1609172445,"event":{"mods":["AchievementEnabler","BaseMod","BetterRewards","Colored Map","Colored Powertips","DeckTracker","Gremlin Skip","Highlight Path","Minty Spire (QoL Compilation)","Quick Restart","Rare Cards Sparkle","Relic Stats","Remove Card Discount Mod","Replay The Spire","Shop Mod","StSLib","SuperFastMode","Transform Curses","slay the spire mod where everything is the same but ironclad has a cowboy hat"],"gold_per_floor":[119,147,147,127,153,198,222,250,250,250,250,250,281,331,331,474,474,511,548,575,341,363,363,363,363,412,412,412,448,448,493,521,521,521,636,636,663,692,692,732,756,798,820,849,874,874,901,925,965,983,983,1021],"floor_reached":53,"playtime":3344,"items_purged":["Doubt","FTL"],"score":1570,"play_id":"ab3c4523-e8ff-45d8-b7d5-6254c8aec37b","local_time":"20201228172045","is_ascension_mode":false,"campfire_choices":[{"floor":10,"key":"DIG"},{"data":"Enlightenment","floor":12,"key":"SMITH"},{"data":"Darkness","floor":12,"key":"SMITH"},{"data":"Ball Lightning","floor":15,"key":"SMITH"},{"data":"Zap","floor":15,"key":"SMITH"},{"data":"FIFO Queue","floor":25,"key":"SMITH"},{"data":"Zap","floor":25,"key":"SMITH"},{"data":"Sickly","floor":34,"key":"PURGE"},{"data":"Crystallizer","floor":46,"key":"SMITH"},{"data":"Go for the Eyes","floor":46,"key":"SMITH"},{"floor":51,"key":"DIG"}],"circlet_count":1,"master_deck":["Strike_B","Strike_B","Strike_B","Strike_B","Defend_B","Defend_B+1","Defend_B+1","Defend_B","Zap+1","Dualcast","Zap+1","Capacitor+1","Barrage+1","Darkness+1","Ball Lightning+1","Go for the Eyes+1","FIFO Queue+1","Enlightenment+1","Good Instincts+1","Bandage Up+1","Chaos+1","Beam Cell","Chaos+1","Beam Cell","Rainbow+1","CurseOfTheBell","Doom and Gloom+1","Double Energy+1","Redo+1","BasicCrystalCard+1","Doom and Gloom+1","Crystallizer+1","ReplayRNGCard+1","Double Energy+1","Redo+1","Zap+1","Chill+1","Double Energy+1","Chaos+1"],"relics":["Cracked Core","MerchantsRug","Sundial","Gremlin Food","DollysMirror","Counterbalance","Replay:Frozen Program","Iron Hammer","Torii","Lizard Tail","Membership Card","Incense Burner","Solar Panel","FossilizedHelix","Medical Kit","Bag of Preparation","Pet Ghost","Replay:Multitool","Bag of Marbles","ReplayTheSpireMod:Shallot","Guide Book","Peace Pipe","StoneCalendar","Shuriken","Cauldron","TungstenRod","Replay:Bandana","Omamori","Toolbox","Pocketwatch","Oddly Smooth Stone","Singing Bowl","HandDrill","Gambling Chip","Letter Opener","Centennial Puzzle","Mango","Strawberry","HornCleat","Bird Faced Urn","Lantern","Mirror","Strange Spoon","Pondfish Scales","Mummified Hand","War Paint","Ginger","TheAbacus","Carrot","Bronze Scales","CaptainsWheel","PreservedInsect","Darkstone Periapt","Durian","Snack Pack","OrangePellets","Prayer Wheel","ReplayFunnel","Shovel","Chemical X","Dead Branch","Boot","Quantum Egg","Unceasing Top","Potion Belt","ClockworkSouvenir","Chameleon Ring","Calipers","Replay:Towering Pillar of Hats","Toxic Egg 2","Sling","Ice Cream","ReplayTheSpireMod:ShopPack","Replay:Arrowhead","Replay:PocketPolymizer","Bloody Idol","Toy Ornithopter","Pantograph","Replay:Kaleidoscope","WarpedTongs","Ornamental Fan","Replay:Ancient Bell","Anchor","Gremlin Horn","Thread and Needle","Raider\u0027s Mask","Pen Nib","Replay:Antivirus Software","ReplayTheSpireMod:Lightbulb","Bottled Flame","Replay:Mystery Machine","Blue Candle","ReplayTheSpireMod:Ring of Challenge","Ring of Hypnosis","Nuclear Battery","Geode","Nunchaku","Circlet","Replay:Bottled Steam"],"acts_visited":["Exordium","TheCity","TheBeyond"],"potions_floor_usage":[52,52,52,52,52],"damage_taken":[{"damage":0,"enemies":"Jaw Worm","floor":1,"turns":1},{"damage":0,"enemies":"Cultist","floor":2,"turns":1},{"damage":0,"enemies":"2 Louse","floor":5,"turns":1},{"damage":0,"enemies":"Gremlin Nob","floor":6,"turns":1},{"damage":0,"enemies":"Lots of Slimes","floor":7,"turns":1},{"damage":0,"enemies":"Exordium Wildlife","floor":8,"turns":1},{"damage":0,"enemies":"2 Fungi Beasts","floor":13,"turns":1},{"damage":0,"enemies":"Lagavulin","floor":14,"turns":2},{"damage":0,"enemies":"Slime Boss","floor":16,"turns":4},{"damage":0,"enemies":"Chosen","floor":18,"turns":2},{"damage":0,"enemies":"3 Byrds","floor":19,"turns":2},{"damage":0,"enemies":"Snake Plant","floor":20,"turns":1},{"damage":0,"enemies":"Snecko","floor":22,"turns":2},{"damage":0,"enemies":"Slavers","floor":26,"turns":2},{"damage":0,"enemies":"Gremlin Leader","floor":29,"turns":2},{"damage":0,"enemies":"Slavers","floor":31,"turns":1},{"damage":0,"enemies":"Centurion and Healer","floor":32,"turns":2},{"damage":0,"enemies":"Champ","floor":35,"turns":5},{"damage":0,"enemies":"3 Shapes","floor":37,"turns":1},{"damage":0,"enemies":"Orb Walker","floor":38,"turns":1},{"damage":0,"enemies":"Spire Growth","floor":40,"turns":1},{"damage":0,"enemies":"Writhing Mass","floor":41,"turns":3},{"damage":0,"enemies":"R_Hoarder","floor":42,"turns":3},{"damage":0,"enemies":"3 Darklings","floor":43,"turns":1},{"damage":0,"enemies":"Sphere and 2 Shapes","floor":44,"turns":1},{"damage":0,"enemies":"4 Shapes","floor":47,"turns":1},{"damage":0,"enemies":"3 Darklings","floor":48,"turns":1},{"damage":0,"enemies":"Giant Head","floor":49,"turns":4},{"damage":0,"enemies":"Spire Growth","floor":50,"turns":1},{"damage":0,"enemies":"Awakened One","floor":52,"turns":4}],"seed_played":"-8965890445021622063","potions_obtained":[{"floor":0,"key":"ColorlessPotion"},{"floor":0,"key":"Ancient Potion"},{"floor":0,"key":"LiquidBronze"},{"floor":2,"key":"EssenceOfSteel"},{"floor":4,"key":"LiquidBronze"},{"floor":5,"key":"FocusPotion"},{"floor":14,"key":"Fire Potion"},{"floor":29,"key":"DistilledChaos"}],"is_trial":false,"path_per_floor":["M","M","?","?","M","E","M","M","T","R","?","R","M","E","R","B",null,"M","M","M","$","M","PTL","PTL","R","E","?","T","E","?","E","M","?","R","B",null,"M","M","?","M","M","E","M","M","T","R","M","M","E","M","R","B",null],"character_chosen":"DEFECT","items_purchased":["MerchantsRug","Sundial","Gremlin Food","DollysMirror","Replay:Frozen Program","Capacitor","Iron Hammer","Torii","Barrage","Membership Card","Incense Burner","Solar Panel","Medical Kit","Bag of Preparation","Pet Ghost","Bag of Marbles","ReplayTheSpireMod:Shallot","Guide Book","Darkness","StoneCalendar","Shuriken","Cauldron","Replay:Bandana","Omamori","Toolbox","Ball Lightning","Oddly Smooth Stone","Singing Bowl","HandDrill","Letter Opener","Centennial Puzzle","Go for the Eyes","Strawberry","HornCleat","FIFO Queue","Lantern","Mirror","Strange Spoon","Mummified Hand","War Paint","TheAbacus","Carrot","Bronze Scales","Enlightenment","PreservedInsect","Darkstone Periapt","Snack Pack","OrangePellets","ReplayFunnel","Shovel","Chemical X","Boot","Quantum Egg","Potion Belt","ClockworkSouvenir","Chameleon Ring","Replay:Towering Pillar of Hats","Toxic Egg 2","Sling","ReplayTheSpireMod:ShopPack","Replay:Arrowhead","Good Instincts+1","Raider\u0027s Mask","Pen Nib","Replay:Antivirus Software"],"campfire_rested":0,"item_purchase_floors":[0,0,0,0,0,0,0,0,0,0,0,0,0,0,0,0,0,0,0,0,0,0,0,0,0,0,0,0,0,0,0,0,0,0,0,0,0,0,0,0,0,0,0,0,0,0,0,0,0,0,0,0,0,0,0,0,0,0,0,0,0,0,21,21,21],"current_hp_per_floor":[107,109,101,101,105,107,109,113,113,113,113,113,117,117,117,117,135,137,137,137,137,139,139,139,139,141,141,141,143,143,143,147,153,153,153,153,155,157,157,161,161,163,167,171,171,171,175,177,179,183,183,183],"gold":1021,"neow_bonus":"","is_daily":false,"chose_seed":false,"campfire_upgraded":8,"win_rate":0.0,"timestamp":1609172445,"path_taken":["M","M","?","?","M","E","M","?","T","R","?","R","M","E","R","BOSS","M","?","M","$","M","PTL","PTL","R","E","?","T","E","?","E","M","?","R","BOSS","M","M","?","?","M","E","M","M","T","R","M","M","E","M","R","BOSS"],"items_purchased_type":["Relic","Relic","Relic","Relic","Relic","Card","Relic","Relic","Card","Relic","Relic","Relic","Relic","Relic","Relic","Relic","Relic","Relic","Card","Relic","Relic","Relic","Relic","Relic","Relic","Card","Relic","Relic","Relic","Relic","Relic","Card","Relic","Relic","Card","Relic","Relic","Relic","Relic","Relic","Relic","Relic","Relic","Card","Relic","Relic","Relic","Relic","Relic","Relic","Relic","Relic","Relic","Relic","Relic","Relic","Relic","Relic","Relic","Relic","Relic","Card","Relic","Relic","Relic"],"build_version":"2020-12-22","purchased_purges":2,"victory":true,"max_hp_per_floor":[107,109,101,101,105,107,109,113,113,113,113,113,117,117,117,117,135,137,137,137,137,139,139,139,139,141,141,141,143,143,143,147,153,153,153,153,155,157,157,161,161,163,167,171,171,171,175,177,179,183,183,183],"relic_stats":{"Darkstone Periapt":42,"Torii":0,"Singing Bowl":72,"Gremlin Horn":[58,56],"StoneCalendar":[0],"Bag of Preparation":[60],"Ginger":[5],"Boot":[82],"Lizard Tail":0,"Centennial Puzzle":[0],"Nunchaku":[2],"TheAbacus":[24],"Shovel":8,"Sundial":[2],"Mummified Hand":[51],"Gambling Chip":[85],"Pantograph":0,"Prayer Wheel":57,"HandDrill":[56],"Chemical X":[19],"counters":[148,320],"Dead Branch":[46],"Blue Candle":[0],"PreservedInsect":900,"Pen Nib":[56],"Letter Opener":[922],"War Paint":["Defend_B","Defend_B"],"Medical Kit":[0],"WarpedTongs":[45],"Peace Pipe":3,"Strange Spoon":[44],"OrangePellets":[1],"Shuriken":[30],"Ornamental Fan":[88],"Bird Faced Urn":[0],"Bronze Scales":[60],"Bloody Idol":1488,"obtain_stats":[{"Golden Egg":9,"Replay:Accelerometer":8,"Whetstone":32,"Ginger":0,"Bottled Tornado":0,"Boot":7,"Sling":0,"Ring of Searing":19,"Replay:Wanted Poster":19,"Blood Vial":0,"Replay:Ringing Soul":0,"Sundial":0,"MealTicket":9,"HandDrill":0,"Replay:Bottled Flurry":0,"Kunai":0,"Replay:Wax Seal":0,"Replay:Bottled Steam":0,"MerchantsRug":0,"Pear":10,"Counterbalance":0,"Blue Candle":8,"ReplayTheSpireMod:Ring of Addiction":19,"Eternal Feather":0,"Tingsha":0,"Pen Nib":10,"Replay:Ancient Bell":34,"Ooze Armor":0,"Bird Faced Urn":0,"ReplayTheSpireMod:Ring of Collecting":0,"Mark of Pain":0,"Kintsugi":0,"Unceasing Top":0,"Solar Panel":0,"Regal Pillow":0,"Lantern":14,"Carrot":0,"Torii":0,"Singing Bowl":0,"Magic Flower":0,"Replay:Purple Gloves":0,"Painkiller Herb":0,"StoneCalendar":3,"Blue Doll":0,"King of Hearts":0,"Replay:Multitool":8,"Bag of Preparation":0,"Cursed Key":0,"Ancient Tea Set":0,"Burning Blood":0,"Pet Ghost":46,"Replay:Rubber Ducky":36,"Matryoshka":0,"Shovel":0,"Replay:M_SmolderingBlood":5,"Ninja Scroll":0,"Toolbox":0,"WingedGreaves":0,"Chemical X":0,"Ring of Panic":0,"Replay:Bottled Eggs":0,"InkBottle":9,"Paper Frog":6,"Potion Belt":0,"Lee\u0027s Waffle":0,"The Specimen":0,"Golden Idol":2,"Self Forming Clay":25,"Basket Of Snakes":30,"Circlet":0,"Damaru":0,"Thread and Needle":0,"PreservedInsect":42,"Omamori":0,"Geode":42,"Ring of Greed":9,"Frozen Egg 2":0,"MawBank":12,"GoldenEye":0,"Replay:Arrowhead":0,"Nuclear Battery":36,"Ornamental Fan":14,"Bloody Idol":27,"Orrery":0,"Durian":0,"Garlic":0,"Bottled Lightning":9,"ReplayTheSpireMod:Ring of Challenge":10,"ReplayTheSpireMod:Lightbulb":0,"Toy Ornithopter":0,"Ice Cream":22,"Divine Protection":0,"Calipers":24,"Tiny House":19,"Gremlin Horn":32,"Vajra":0,"Raider\u0027s Mask":21,"Centennial Puzzle":44,"Lizard Tail":0,"HornCleat":0,"Replay:Frozen Program":0,"FaceOfCleric":0,"DollysMirror":0,"Strawberry":0,"Honey Jar":0,"Prayer Wheel":47,"Iron Hammer":52,"VioletLotus":17,"Toxic Egg 2":0,"Girya":0,"Happy Flower":45,"Ring of Hypnosis":33,"ReplayTheSpireMod:CursedCoin":0,"Dead Branch":0,"Oddly Smooth Stone":16,"Replay:Kaleidoscope":49,"Letter Opener":0,"War Paint":0,"Question Card":22,"WarpedTongs":0,"OrangePellets":0,"Replay:Baseball":7,"Bottled Flame":0,"ReplayTheSpireMod:Shallot":0,"Shuriken":0,"Bronze Scales":0,"Simple Rune":51,"Onion Ring":0,"Molten Egg 2":0,"Nloth\u0027s Gift":0,"ReplayTheSpireMod:TigerMarble":39,"Black Star":0,"Grinning Jar":25,"Mirror":0,"Pocketwatch":0,"NlothsMask":0,"Meat on the Bone":0,"ReplayFunnel":0,"Darkstone Periapt":0,"Replay:PocketPolymizer":0,"Black Blood":36,"Melange":0,"Mango":0,"Snake Skull":0,"Incense Burner":0,"Juzu Bracelet":11,"Replay:Mystery Machine":0,"PrismaticShard":0,"ClockworkSouvenir":0,"Dream Catcher":0,"Replay:Bandana":29,"Nunchaku":50,"Tough Bandages":0,"Chameleon Ring":0,"TheAbacus":0,"Mummified Hand":0,"Pantograph":0,"Gambling Chip":0,"Replay:Bottled Snecko":0,"Replay:Antivirus Software":21,"Replay:Drink Me":19,"Runic Pyramid":0,"Gremlin Food":0,"BargainBundle":0,"ReplayTheSpireMod:Ninjato":0,"Replay:Towering Pillar of Hats":0,"Quantum Egg":14,"Guide Book":14,"Replay:WaspNest":0,"Orichalcum":11,"Medical Kit":0,"White Beast Statue":12,"Mercury Hourglass":0,"Peace Pipe":0,"Strange Spoon":45,"Cauldron":0,"Anchor":28,"CaptainsWheel":39,"Pondfish Scales":0,"ChewingGum":19,"Another Sword":0,"Snack Pack":0,"Bag of Marbles":0,"Membership Card":39,"PureWater":31,"FossilizedHelix":0,"TungstenRod":0,"ReplayTheSpireMod:ShopPack":0},{"Golden Egg":30,"Replay:Accelerometer":63,"Whetstone":13,"Ginger":24,"Bottled Tornado":59,"Boot":29,"Sling":32,"Ring of Searing":68,"Replay:Wanted Poster":6,"Blood Vial":24,"Replay:Ringing Soul":24,"Sundial":24,"MealTicket":30,"HandDrill":24,"Replay:Bottled Flurry":24,"Kunai":24,"Replay:Wax Seal":24,"Replay:Bottled Steam":59,"MerchantsRug":0,"Pear":30,"Counterbalance":59,"Blue Candle":63,"ReplayTheSpireMod:Ring of Addiction":68,"Eternal Feather":24,"Tingsha":85,"Pen Nib":30,"Replay:Ancient Bell":74,"Ooze Armor":24,"Bird Faced Urn":24,"ReplayTheSpireMod:Ring of Collecting":24,"Mark of Pain":24,"Kintsugi":24,"Unceasing Top":59,"Solar Panel":118,"Regal Pillow":24,"Lantern":32,"Carrot":118,"Torii":24,"Singing Bowl":59,"Magic Flower":24,"Replay:Purple Gloves":59,"Painkiller Herb":24,"StoneCalendar":34,"Blue Doll":59,"King of Hearts":24,"Replay:Multitool":35,"Bag of Preparation":59,"Cursed Key":24,"Ancient Tea Set":59,"Burning Blood":0,"Pet Ghost":54,"Replay:Rubber Ducky":49,"Matryoshka":24,"Shovel":24,"Replay:M_SmolderingBlood":34,"Ninja Scroll":85,"Toolbox":59,"WingedGreaves":59,"Chemical X":32,"Ring of Panic":24,"Replay:Bottled Eggs":32,"InkBottle":3,"Paper Frog":28,"Potion Belt":24,"Lee\u0027s Waffle":24,"The Specimen":85,"Golden Idol":1,"Self Forming Clay":10,"Basket Of Snakes":104,"Circlet":59,"Damaru":59,"Thread and Needle":32,"PreservedInsect":19,"Omamori":59,"Geode":141,"Ring of Greed":30,"Frozen Egg 2":32,"MawBank":37,"GoldenEye":59,"Replay:Arrowhead":59,"Nuclear Battery":136,"Ornamental Fan":126,"Bloody Idol":132,"Orrery":24,"Durian":32,"Garlic":59,"Bottled Lightning":30,"ReplayTheSpireMod:Ring of Challenge":30,"ReplayTheSpireMod:Lightbulb":59,"Toy Ornithopter":59,"Ice Cream":8,"Divine Protection":32,"Calipers":43,"Tiny House":68,"Gremlin Horn":13,"Vajra":59,"Raider\u0027s Mask":130,"Centennial Puzzle":20,"Lizard Tail":59,"HornCleat":24,"Replay:Frozen Program":118,"FaceOfCleric":24,"DollysMirror":24,"Strawberry":59,"Honey Jar":24,"Prayer Wheel":21,"Iron Hammer":56,"VioletLotus":67,"Toxic Egg 2":32,"Girya":59,"Happy Flower":20,"Ring of Hypnosis":135,"ReplayTheSpireMod:CursedCoin":59,"Dead Branch":59,"Oddly Smooth Stone":5,"Replay:Kaleidoscope":22,"Letter Opener":59,"War Paint":24,"Question Card":8,"WarpedTongs":24,"OrangePellets":24,"Replay:Baseball":35,"Bottled Flame":59,"ReplayTheSpireMod:Shallot":59,"Shuriken":32,"Bronze Scales":59,"Simple Rune":23,"Onion Ring":24,"Molten Egg 2":59,"Nloth\u0027s Gift":0,"ReplayTheSpireMod:TigerMarble":16,"Black Star":24,"Grinning Jar":44,"Mirror":24,"Pocketwatch":24,"NlothsMask":24,"Meat on the Bone":59,"ReplayFunnel":59,"Darkstone Periapt":59,"Replay:PocketPolymizer":32,"Black Blood":15,"Melange":59,"Mango":24,"Snake Skull":85,"Incense Burner":24,"Juzu Bracelet":31,"Replay:Mystery Machine":59,"PrismaticShard":32,"ClockworkSouvenir":24,"Dream Catcher":0,"Replay:Bandana":12,"Nunchaku":23,"Tough Bandages":85,"Chameleon Ring":24,"TheAbacus":32,"Mummified Hand":59,"Pantograph":24,"Gambling Chip":59,"Replay:Bottled Snecko":59,"Replay:Antivirus Software":130,"Replay:Drink Me":40,"Runic Pyramid":24,"Gremlin Food":24,"BargainBundle":32,"ReplayTheSpireMod:Ninjato":24,"Replay:Towering Pillar of Hats":59,"Quantum Egg":32,"Guide Book":32,"Replay:WaspNest":24,"Orichalcum":31,"Medical Kit":59,"White Beast Statue":31,"Mercury Hourglass":0,"Peace Pipe":59,"Strange Spoon":53,"Cauldron":118,"Anchor":11,"CaptainsWheel":16,"Pondfish Scales":59,"ChewingGum":96,"Another Sword":32,"Snack Pack":59,"Bag of Marbles":59,"Membership Card":16,"PureWater":73,"FossilizedHelix":0,"TungstenRod":32,"ReplayTheSpireMod:ShopPack":59},{"Golden Egg":112,"Replay:Accelerometer":191,"Whetstone":51,"Ginger":100,"Bottled Tornado":186,"Boot":110,"Sling":114,"Ring of Searing":197,"Replay:Wanted Poster":22,"Blood Vial":100,"Replay:Ringing Soul":100,"Sundial":100,"MealTicket":112,"HandDrill":100,"Replay:Bottled Flurry":100,"Kunai":100,"Replay:Wax Seal":100,"Replay:Bottled Steam":186,"MerchantsRug":0,"Pear":112,"Counterbalance":186,"Blue Candle":191,"ReplayTheSpireMod:Ring of Addiction":197,"Eternal Feather":100,"Tingsha":217,"Pen Nib":112,"Replay:Ancient Bell":203,"Ooze Armor":100,"Bird Faced Urn":100,"ReplayTheSpireMod:Ring of Collecting":100,"Mark of Pain":100,"Kintsugi":100,"Unceasing Top":186,"Solar Panel":266,"Regal Pillow":100,"Lantern":114,"Carrot":266,"Torii":100,"Singing Bowl":186,"Magic Flower":100,"Replay:Purple Gloves":186,"Painkiller Herb":100,"StoneCalendar":119,"Blue Doll":186,"King of Hearts":100,"Replay:Multitool":121,"Bag of Preparation":186,"Cursed Key":100,"Ancient Tea Set":186,"Burning Blood":0,"Pet Ghost":170,"Replay:Rubber Ducky":156,"Matryoshka":100,"Shovel":100,"Replay:M_SmolderingBlood":119,"Ninja Scroll":217,"Toolbox":186,"WingedGreaves":186,"Chemical X":114,"Ring of Panic":100,"Replay:Bottled Eggs":114,"InkBottle":7,"Paper Frog":108,"Potion Belt":100,"Lee\u0027s Waffle":100,"The Specimen":217,"Golden Idol":3,"Self Forming Clay":38,"Basket Of Snakes":243,"Circlet":186,"Damaru":186,"Thread and Needle":114,"PreservedInsect":79,"Omamori":186,"Geode":307,"Ring of Greed":112,"Frozen Egg 2":114,"MawBank":125,"GoldenEye":186,"Replay:Arrowhead":186,"Nuclear Battery":298,"Ornamental Fan":275,"Bloody Idol":288,"Orrery":100,"Durian":114,"Garlic":186,"Bottled Lightning":112,"ReplayTheSpireMod:Ring of Challenge":112,"ReplayTheSpireMod:Lightbulb":186,"Toy Ornithopter":186,"Ice Cream":29,"Divine Protection":114,"Calipers":137,"Tiny House":197,"Gremlin Horn":51,"Vajra":186,"Raider\u0027s Mask":284,"Centennial Puzzle":85,"Lizard Tail":186,"HornCleat":100,"Replay:Frozen Program":266,"FaceOfCleric":100,"DollysMirror":100,"Strawberry":186,"Honey Jar":100,"Prayer Wheel":88,"Iron Hammer":174,"VioletLotus":196,"Toxic Egg 2":114,"Girya":186,"Happy Flower":85,"Ring of Hypnosis":293,"ReplayTheSpireMod:CursedCoin":186,"Dead Branch":186,"Oddly Smooth Stone":14,"Replay:Kaleidoscope":91,"Letter Opener":186,"War Paint":100,"Question Card":29,"WarpedTongs":100,"OrangePellets":100,"Replay:Baseball":121,"Bottled Flame":186,"ReplayTheSpireMod:Shallot":186,"Shuriken":114,"Bronze Scales":186,"Simple Rune":94,"Onion Ring":100,"Molten Egg 2":186,"Nloth\u0027s Gift":0,"ReplayTheSpireMod:TigerMarble":64,"Black Star":100,"Grinning Jar":141,"Mirror":100,"Pocketwatch":100,"NlothsMask":100,"Meat on the Bone":186,"ReplayFunnel":186,"Darkstone Periapt":186,"Replay:PocketPolymizer":114,"Black Blood":62,"Melange":186,"Mango":100,"Snake Skull":217,"Incense Burner":100,"Juzu Bracelet":113,"Replay:Mystery Machine":186,"PrismaticShard":114,"ClockworkSouvenir":100,"Dream Catcher":0,"Replay:Bandana":46,"Nunchaku":94,"Tough Bandages":217,"Chameleon Ring":100,"TheAbacus":114,"Mummified Hand":186,"Pantograph":100,"Gambling Chip":186,"Replay:Bottled Snecko":186,"Replay:Antivirus Software":284,"Replay:Drink Me":131,"Runic Pyramid":100,"Gremlin Food":100,"BargainBundle":114,"ReplayTheSpireMod:Ninjato":100,"Replay:Towering Pillar of Hats":186,"Quantum Egg":114,"Guide Book":114,"Replay:WaspNest":100,"Orichalcum":113,"Medical Kit":186,"White Beast Statue":113,"Mercury Hourglass":0,"Peace Pipe":186,"Strange Spoon":167,"Cauldron":266,"Anchor":42,"CaptainsWheel":64,"Pondfish Scales":186,"ChewingGum":231,"Another Sword":114,"Snack Pack":186,"Bag of Marbles":186,"Membership Card":64,"PureWater":202,"FossilizedHelix":0,"TungstenRod":114,"ReplayTheSpireMod:ShopPack":186}],"TungstenRod":2,"Unceasing Top":[27],"Toy Ornithopter":0,"Pocketwatch":[9]},"card_choices":[{"not_picked":["Finesse","PanicButton"],"picked":"Bandage Up","floor":0},{"not_picked":["ReplayTheSpireMod:Necrogeddon","Crow Ritual","Panacea"],"picked":"Singing Bowl","floor":0},{"not_picked":["Secret Technique","Thinking Ahead","ReplayUltimateDefense"],"picked":"Singing Bowl","floor":0},{"not_picked":["Time Bomb+1","Beam Cell","Leap+1"],"picked":"Singing Bowl","floor":1},{"not_picked":["Auto Shields+1","Leap+1"],"picked":"Chaos+1","floor":1},{"not_picked":["Barrage","Leap+1","Hologram+1"],"picked":"Singing Bowl","floor":2},{"not_picked":["Aggregate+1","Creative AI"],"picked":"Beam Cell","floor":2},{"not_picked":["Heatsinks","BasicCrystalCard+1","Streamline"],"picked":"Singing Bowl","floor":5},{"not_picked":["Conserve Battery+1","Coolheaded+1","Steam+1"],"picked":"Singing Bowl","floor":5},{"not_picked":["ReplayTheSpireMod:Omega Cannon","Panic Button+1","Leap+1"],"picked":"Singing Bowl","floor":6},{"not_picked":["Stack+1","Sweeping Beam"],"picked":"Chaos+1","floor":7},{"not_picked":["Machine Learning","Chill+1","Steam+1"],"picked":"Singing Bowl","floor":7},{"not_picked":["Self Repair","Time Bomb+1","Coolheaded+1"],"picked":"Singing Bowl","floor":8},{"not_picked":["Force Field+1","Ball Lightning","Leap+1"],"picked":"Singing Bowl","floor":8},{"not_picked":["Panic Button+1","Coolheaded+1","Streamline"],"picked":"Singing Bowl","floor":13},{"not_picked":["FTL","Machine Learning","Streamline"],"picked":"Singing Bowl","floor":13},{"not_picked":["BasicCrystalCard+1","ReplayTheSpireMod:Repulse+1"],"picked":"Beam Cell","floor":14},{"not_picked":["All For One","Amplify+1"],"picked":"Rainbow+1","floor":16},{"not_picked":["ReplayTheSpireMod:Splinters","CurseOfTheBell","Writhe"],"picked":"Singing Bowl","floor":17},{"not_picked":["Looming Evil","Normality","Doubt"],"picked":"Singing Bowl","floor":17},{"not_picked":["Shame","CurseOfTheBell","Spreading Infection"],"picked":"Singing Bowl","floor":17},{"not_picked":["Steam+1","Coolheaded+1","Loop"],"picked":"Singing Bowl","floor":18},{"not_picked":["BootSequence+1","Streamline+1"],"picked":"Doom and Gloom+1","floor":18},{"not_picked":["ReplayTheSpireMod:Fabricate Wheel+1","Ball Lightning"],"picked":"Double Energy+1","floor":19},{"not_picked":["Rip and Tear","ReplayTheSpireMod:Reroute Power+1"],"picked":"Redo+1","floor":19},{"not_picked":["Streamline","Tempest+1"],"picked":"FTL","floor":20},{"not_picked":["Go for the Eyes","Gash"],"picked":"BasicCrystalCard+1","floor":20},{"not_picked":["ReplayTheSpireMod:Reroute Power+1","Go for the Eyes"],"picked":"Doom and Gloom+1","floor":22},{"not_picked":["Barrage","BootSequence+1","Reprogram+1"],"picked":"Singing Bowl","floor":22},{"not_picked":["Creative AI","Capacitor","All For One"],"picked":"Singing Bowl","floor":26},{"not_picked":["Gash","Beam Cell","Panic Button+1"],"picked":"Singing Bowl","floor":29},{"not_picked":["Conserve Battery+1","Tempest+1"],"picked":"Crystallizer","floor":31},{"not_picked":["Go for the Eyes","Heatsinks+1","Sweeping Beam+1"],"picked":"Singing Bowl","floor":32},{"not_picked":["Go for the Eyes+1","Time Bomb+1","Sweeping Beam"],"picked":"Singing Bowl","floor":32},{"not_picked":["ReplayTheSpireMod:Fabricate Wheel+1","Multi-Cast+1"],"picked":"ReplayRNGCard+1","floor":35},{"not_picked":["Gash","Cold Snap+1","Reprogram+1"],"picked":"Singing Bowl","floor":37},{"not_picked":["Coolheaded+1","Reprogram+1"],"picked":"Double Energy+1","floor":37},{"not_picked":["Coolheaded+1","Crystallizer+1"],"picked":"Redo+1","floor":38},{"not_picked":["Tempest+1","Stack+1","Beam Cell+1"],"picked":"Singing Bowl","floor":38},{"not_picked":["Rip and Tear","ReplaySort+1","BootSequence+1"],"picked":"Singing Bowl","floor":40},{"not_picked":["ReplayTheSpireMod:Repulse+1","Hologram+1","Steam Power+1"],"picked":"Singing Bowl","floor":40},{"not_picked":["Skim+1","Panic Button+1"],"picked":"Chill+1","floor":41},{"not_picked":["Cold Snap+1","Gash+1"],"picked":"Double Energy+1","floor":41},{"not_picked":["Coolheaded+1","ReplayTheSpireMod:GoodbyeWorld","Thunder Strike"],"picked":"Singing Bowl","floor":42},{"not_picked":["Auto Shields+1","Doom and Gloom+1","Stack+1"],"picked":"Singing Bowl","floor":43},{"not_picked":["Streamline+1","Stack+1","Beam Cell+1"],"picked":"Singing Bowl","floor":43},{"not_picked":["Compile Driver","Beam Cell","Sweeping Beam+1"],"picked":"Singing Bowl","floor":44},{"not_picked":["ReplayTheSpireMod:Reroute Power+1","Consume+1","Compile Driver"],"picked":"Singing Bowl","floor":44},{"not_picked":["Reprogram+1","Steam+1","Skim+1"],"picked":"Singing Bowl","floor":47},{"not_picked":["Ball Lightning+1","Hologram+1","Redo+1"],"picked":"Singing Bowl","floor":47},{"not_picked":["Coolheaded+1","Cold Snap+1","Lockon+1"],"picked":"Singing Bowl","floor":48},{"not_picked":["Sweeping Beam+1","FIFO Queue+1"],"picked":"Chaos+1","floor":48},{"not_picked":["Hologram+1","Glacier+1","Buffer"],"picked":"Singing Bowl","floor":49},{"not_picked":["Leap+1","Steam+1","Steam Power+1"],"picked":"Singing Bowl","floor":50},{"not_picked":["Coolheaded+1","ReplaySolidLightProjector+1","Fusion+1"],"picked":"Singing Bowl","floor":50}],"player_experience":42402,"relics_obtained":[{"floor":6,"key":"Toy Ornithopter"},{"floor":9,"key":"Pantograph"},{"floor":10,"key":"Replay:Kaleidoscope"},{"floor":14,"key":"Ornamental Fan"},{"floor":26,"key":"ReplayTheSpireMod:Lightbulb"},{"floor":28,"key":"Bottled Flame"},{"floor":29,"key":"Replay:Mystery Machine"},{"floor":31,"key":"Blue Candle"},{"floor":33,"key":"ReplayTheSpireMod:Ring of Challenge"},{"floor":33,"key":"Ring of Hypnosis"},{"floor":42,"key":"Geode"},{"floor":45,"key":"Nunchaku"},{"floor":49,"key":"Circlet"},{"floor":51,"key":"Replay:Bottled Steam"}],"event_choices":[{"damage_healed":0,"gold_gain":0,"player_choice":"Lose Max HP","damage_taken":0,"relics_obtained":["Golden Idol"],"max_hp_gain":0,"max_hp_loss":8,"event_name":"Golden Idol","floor":3,"gold_loss":0},{"damage_healed":0,"gold_gain":0,"player_choice":"Bought 1 Potion","damage_taken":0,"max_hp_gain":0,"max_hp_loss":0,"event_name":"The Woman in Blue","floor":4,"gold_loss":0},{"damage_healed":0,"gold_gain":0,"player_choice":"Rummage","damage_taken":0,"relics_obtained":["WarpedTongs"],"max_hp_gain":0,"max_hp_loss":0,"event_name":"Accursed Blacksmith","floor":11,"gold_loss":0,"cards_obtained":["Pain"]},{"damage_healed":0,"gold_gain":0,"player_choice":"Gave Idol","damage_taken":0,"relics_obtained":["Bloody Idol"],"max_hp_gain":0,"max_hp_loss":0,"event_name":"Forgotten Altar","floor":27,"relics_lost":["Golden Idol"],"gold_loss":0},{"damage_healed":0,"gold_gain":0,"player_choice":"Ignored","damage_taken":0,"max_hp_gain":0,"max_hp_loss":0,"event_name":"Beggar","floor":30,"gold_loss":0},{"damage_healed":0,"gold_gain":0,"player_choice":"1 cards matched","damage_taken":0,"max_hp_gain":0,"max_hp_loss":0,"event_name":"Match and Keep!","floor":39,"gold_loss":0,"cards_obtained":["Zap"]}],"is_beta":false,"boss_relics":[{"not_picked":["Astrolabe","Fusion Hammer"],"picked":"Replay:Ancient Bell"},{"not_picked":["Blue Doll","Regal Pillow"],"picked":"Anchor"},{"not_picked":["Pear","ReplayTheSpireMod:Ninjato"],"picked":"Gremlin Horn"},{"not_picked":["WingedGreaves","Circlet"],"picked":"Thread and Needle"},{"not_picked":["Coffee Dripper","Replay:Grab Bag"],"picked":"Nuclear Battery"}],"items_purged_floors":[21,21],"is_endless":false,"potions_floor_spawned":[2,5,7,14,20,22,29,32,37,44,48],"ascension_level":0}}