{"host":"dpohldvhftqdwr2m","time":1609170833,"event":{"mods":["Aspiration","BaseMod","BetterRewards","Hubris","Infinite Spire","Minty Spire (QoL Compilation)","Permanent Neow","Replay The Spire","StSLib","Synergy Search","The Jungle","The Runesmith"],"gold_per_floor":[113,123,48,48,63,63,63],"floor_reached":6,"playtime":192,"items_purged":["Regret"],"score":67,"play_id":"6d32b869-469a-4a6a-a7bd-1b3754f99209","local_time":"20201228165353","is_ascension_mode":true,"campfire_choices":[],"circlet_count":0,"master_deck":["AscendersBane","Runesmith:Strike_RS","Runesmith:Strike_RS","Runesmith:Strike_RS","Runesmith:Strike_RS","Runesmith:Defend_RS","Runesmith:Defend_RS","Runesmith:Defend_RS","Runesmith:Defend_RS","Runesmith:CraftFirestone","Runesmith:Fortify","Runesmith:Grindstone","Runesmith:StaticCage","Runesmith:EarthShield"],"relics":["Runesmith:BrokenRuby","Orichalcum"],"acts_visited":["Exordium"],"potions_floor_usage":[],"damage_taken":[{"damage":22,"enemies":"Small Slimes","floor":1,"turns":4},{"damage":5,"enemies":"Jaw Worm","floor":2,"turns":4},{"damage":10,"enemies":"Cultist","floor":5,"turns":5},{"damage":30,"enemies":"Lagavulin","floor":6,"turns":10}],"seed_played":"7222715172307727397","potions_obtained":[],"is_trial":false,"path_per_floor":["M","M","$","?","M","E"],"character_chosen":"RUNESMITH_CLASS","items_purchased":[],"campfire_rested":0,"item_purchase_floors":[],"current_hp_per_floor":[37,32,32,32,22,0,0],"gold":63,"neow_bonus":"RANDOM_EVENT","is_daily":false,"chose_seed":false,"campfire_upgraded":0,"win_rate":0.0,"timestamp":1609170833,"path_taken":["M","M","$","?","M","E"],"items_purchased_type":[],"build_version":"2020-12-22","purchased_purges":1,"victory":false,"max_hp_per_floor":[66,66,66,66,66,66,66],"card_choices":[{"not_picked":["Runesmith:MakeshiftArmor","Runesmith:HeatExchange"],"picked":"Runesmith:Grindstone","floor":1},{"not_picked":["Runesmith:Repurpose","Runesmith:ChargedHammer"],"picked":"Runesmith:StaticCage","floor":2},{"not_picked":["Runesmith:CraftObretio","Runesmith:LastStand"],"picked":"Runesmith:EarthShield","floor":5}],"player_experience":416689,"relics_obtained":[],"event_choices":[{"damage_healed":0,"gold_gain":0,"player_choice":"Box","damage_taken":0,"relics_obtained":["Orichalcum"],"max_hp_gain":0,"max_hp_loss":0,"event_name":"Big Fish","floor":0,"gold_loss":0,"cards_obtained":["Regret"]}],"is_beta":false,"boss_relics":[],"items_purged_floors":[3],"is_endless":false,"potions_floor_spawned":[],"killed_by":"Lagavulin","ascension_level":17}}