{"host":"7nu0fnckee4tlfez","time":1609147521,"event":{"mods":["2.2 Compatiblity","AchievementEnabler","Astrologer","BaseMod","CapriCore","Colored Map","Downfall","Hermit","Lobotomy","Marisa£¨Ùöéë¡¡Øª×âÞÞ£©","Minty Spire (QoL Compilation)","Quick Restart","StSLib","SuperFastMode","The Cursed","The Hierophant","The Immortal"],"gold_per_floor":[119,194,207,207,217,243,243,270,270,270,270,603,603,621,621,721,721,737,237,250,349,349,363,363,396,396,396,413,433,433,383,383,481,481,492,14,24,42,57,57,89,89,113,133,149,149,149,163,163,163,163],"floor_reached":52,"playtime":2185,"items_purged":["Defend_B","Strike_B"],"score":737,"play_id":"d205009a-3a02-42e2-81c2-dd6daeb27684","local_time":"20201228182521","is_ascension_mode":false,"campfire_choices":[{"data":"Zap","floor":7.0,"key":"SMITH"},{"data":"Genetic Algorithm","floor":15.0,"key":"SMITH"},{"data":"Redo","floor":24.0,"key":"SMITH"},{"data":"Static Discharge","floor":30.0,"key":"SMITH"},{"data":"Dualcast","floor":32.0,"key":"SMITH"},{"data":"Electrodynamics","floor":40.0,"key":"SMITH"},{"floor":42.0,"key":"REST"},{"floor":47.0,"key":"REST"},{"floor":49.0,"key":"REST"}],"circlet_count":0,"master_deck":["Strike_B","Defend_B","Defend_B","Defend_B","Zap+1","Dualcast+1","Self Repair","Glacier+1","Rebound","Conserve Battery","Genetic Algorithm+1","Ball Lightning+1","Electrodynamics+1","FTL+1","Redo+1","Tempest+1","Go for the Eyes+1","Static Discharge+1","Multi-Cast","Reinforced Body","Go for the Eyes+1","Go for the Eyes+1","Rebound+1","Skim+1"],"relics":["FrozenCore","Gambling Chip","Letter Opener","Odd Mushroom","Molten Egg 2","CaptainsWheel","Old Coin","Lantern","Omamori","War Paint","Question Card","Inserter","Dream Catcher","Nunchaku","Orichalcum","Happy Flower"],"acts_visited":["Exordium","TheCity","TheBeyond"],"potions_floor_usage":[50,50,50],"damage_taken":[{"damage":2.0,"enemies":"Small Slimes","floor":1.0,"turns":3.0},{"damage":0.0,"enemies":"2 Louse","floor":3.0,"turns":3.0},{"damage":0.0,"enemies":"Jaw Worm","floor":5.0,"turns":4.0},{"damage":18.0,"enemies":"Gremlin Nob","floor":6.0,"turns":4.0},{"damage":17.0,"enemies":"The Mushroom Lair","floor":8.0,"turns":4.0},{"damage":9.0,"enemies":"3 Sentries","floor":12.0,"turns":7.0},{"damage":2.0,"enemies":"Looter","floor":14.0,"turns":4.0},{"damage":20.0,"enemies":"Slime Boss","floor":16.0,"turns":12.0},{"damage":9.0,"enemies":"Spheric Guardian","floor":18.0,"turns":6.0},{"damage":0.0,"enemies":"Chosen","floor":20.0,"turns":5.0},{"damage":7.0,"enemies":"3 Cultists","floor":23.0,"turns":3.0},{"damage":20.0,"enemies":"Book of Stabbing","floor":25.0,"turns":8.0},{"damage":1.0,"enemies":"Snecko","floor":28.0,"turns":4.0},{"damage":0.0,"enemies":"Centurion and Healer","floor":29.0,"turns":5.0},{"damage":52.0,"enemies":"Champ","floor":33.0,"turns":12.0},{"damage":6.0,"enemies":"3 Darklings","floor":35.0,"turns":3.0},{"damage":1.0,"enemies":"Orb Walker","floor":37.0,"turns":4.0},{"damage":0.0,"enemies":"Sphere and 2 Shapes","floor":38.0,"turns":3.0},{"damage":3.0,"enemies":"Spire Growth","floor":39.0,"turns":5.0},{"damage":55.0,"enemies":"Reptomancer","floor":41.0,"turns":6.0},{"damage":16.0,"enemies":"3 Darklings","floor":44.0,"turns":4.0},{"damage":11.0,"enemies":"4 Shapes","floor":45.0,"turns":2.0},{"damage":0.0,"enemies":"Sphere and 2 Shapes","floor":48.0,"turns":3.0},{"damage":28,"enemies":"Awakened One","floor":50,"turns":16}],"seed_played":"-5694927287348579769","potions_obtained":[{"floor":1.0,"key":"AttackPotion"},{"floor":3.0,"key":"AttackPotion"},{"floor":8.0,"key":"SpeedPotion"},{"floor":12.0,"key":"FocusPotion"},{"floor":16.0,"key":"SteroidPotion"},{"floor":18.0,"key":"Regen Potion"},{"floor":44.0,"key":"ColorlessPotion"}],"is_trial":false,"path_per_floor":["M","?","M","?","M","E","R","?","T","?","T","E","?","M","R","B",null,"M","$","M","?","?","M","R","E","T","?","M","M","R","?","R","B",null,"M","$","M","M","M","R","E","R","T","M","M","?","R","M","R","B",null,null],"character_chosen":"DEFECT","items_purchased":["Lantern","Omamori","FTL+1","Redo","LiquidMemories","Dream Catcher","Nunchaku"],"campfire_rested":3,"item_purchase_floors":[19,19,19,19,36,36,36],"current_hp_per_floor":[66,55,62,59,66,55,55,45,45,45,45,43,43,48,48,35,89,87,87,89,89,89,89,89,69,69,69,75,82,82,82,82,51,89,83,83,89,89,89,89,41,67,67,58,47,47,73,73,89,61,61],"gold":163,"neow_bonus":"TWENTY_PERCENT_HP_BONUS","is_daily":false,"chose_seed":false,"campfire_upgraded":6,"win_rate":0.0,"timestamp":1609147521,"path_taken":["M","?","M","?","M","E","R","?","T","?","?","E","?","M","R","BOSS","M","$","M","?","?","?","R","E","T","?","M","M","R","?","R","BOSS","M","$","M","M","?","R","E","R","T","?","M","?","R","M","R","BOSS"],"items_purchased_type":["Card","Relic","Card","Card","Potion","Relic","Relic"],"build_version":"2020-12-22","purchased_purges":2,"victory":true,"max_hp_per_floor":[89,89,89,89,89,89,89,89,89,89,89,89,89,89,89,89,89,89,89,89,89,89,89,89,89,89,89,89,89,89,89,89,89,89,89,89,89,89,89,89,89,89,89,89,89,89,89,89,89,89,89],"card_choices":[{"not_picked":["Streamline","Static Discharge"],"picked":"Self Repair","floor":1.0},{"not_picked":["Heatsinks","Stack"],"picked":"Glacier","floor":3.0},{"not_picked":["Hello World","Stack"],"picked":"Rebound","floor":5.0},{"not_picked":["Sweeping Beam","Stack"],"picked":"Conserve Battery","floor":6.0},{"not_picked":["Self Repair","Leap"],"picked":"Genetic Algorithm","floor":12.0},{"not_picked":["Undo","Stack"],"picked":"Ball Lightning+1","floor":14.0},{"not_picked":["Multi-Cast","Buffer"],"picked":"Electrodynamics","floor":16.0},{"not_picked":["Sweeping Beam+1","Rebound+1","Undo+1"],"picked":"SKIP","floor":18.0},{"not_picked":["Hologram","Darkness"],"picked":"Tempest","floor":20.0},{"not_picked":["Stack","Streamline+1","Redo"],"picked":"SKIP","floor":23.0},{"not_picked":["Steam+1","Steam Power"],"picked":"Go for the Eyes+1","floor":25.0},{"not_picked":["Auto Shields","All For One+1","Gash+1"],"picked":"Static Discharge","floor":28.0},{"not_picked":["Streamline+1","Hologram+1","Barrage+1","Rebound+1"],"picked":"SKIP","floor":29.0},{"not_picked":["Fission","Rainbow","Electrodynamics"],"picked":"Multi-Cast","floor":33.0},{"not_picked":["Gash+1","Doom and Gloom+1","Auto Shields","Beam Cell+1"],"picked":"SKIP","floor":35.0},{"not_picked":["Rebound+1","Ball Lightning+1","Compile Driver+1","Sweeping Beam+1"],"picked":"SKIP","floor":37.0},{"not_picked":["Glacier","Sweeping Beam+1","Hologram"],"picked":"Reinforced Body","floor":38.0},{"not_picked":["Force Field+1","Compile Driver+1","Barrage+1","Ball Lightning+1"],"picked":"SKIP","floor":39.0},{"not_picked":["Hologram+1","Conserve Battery","Ball Lightning+1"],"picked":"Go for the Eyes+1","floor":41.0},{"not_picked":["Auto Shields","Darkness+1","Coolheaded","Genetic Algorithm"],"picked":"SKIP","floor":44.0},{"not_picked":["Machine Learning","Coolheaded+1","BootSequence"],"picked":"Go for the Eyes+1","floor":45.0},{"not_picked":["All For One+1","Sweeping Beam+1","Fusion+1"],"picked":"Rebound+1","floor":48.0},{"not_picked":["Rebound+1","Barrage+1","Streamline+1"],"picked":"Skim+1","floor":49.0}],"player_experience":73644,"relics_obtained":[{"floor":6.0,"key":"Letter Opener"},{"floor":8.0,"key":"Odd Mushroom"},{"floor":9.0,"key":"Molten Egg 2"},{"floor":11.0,"key":"CaptainsWheel"},{"floor":12.0,"key":"Old Coin"},{"floor":25.0,"key":"War Paint"},{"floor":26.0,"key":"Question Card"},{"floor":41.0,"key":"Orichalcum"},{"floor":43.0,"key":"Happy Flower"}],"event_choices":[{"damage_healed":0.0,"max_hp_gain":0.0,"max_hp_loss":0.0,"gold_gain":75.0,"event_name":"World of Goop","player_choice":"Gather Gold","floor":2.0,"gold_loss":0.0,"damage_taken":11.0},{"damage_healed":0.0,"max_hp_gain":0.0,"max_hp_loss":0.0,"gold_gain":0.0,"event_name":"Scrap Ooze","player_choice":"Success","floor":4.0,"gold_loss":0.0,"damage_taken":3.0,"relics_obtained":["Gambling Chip"]},{"damage_healed":0.0,"max_hp_gain":0.0,"max_hp_loss":0.0,"gold_gain":0.0,"event_name":"Mushrooms","player_choice":"Fought Mushrooms","floor":8.0,"gold_loss":0.0,"damage_taken":0.0},{"cards_removed":["Strike_B"],"damage_healed":0.0,"max_hp_gain":0.0,"max_hp_loss":0.0,"gold_gain":0.0,"event_name":"Living Wall","player_choice":"Forget","floor":10.0,"gold_loss":0.0,"damage_taken":0.0},{"damage_healed":0.0,"max_hp_gain":0.0,"max_hp_loss":0.0,"gold_gain":0.0,"event_name":"Liars Game","player_choice":"Ignored","floor":13.0,"gold_loss":0.0,"damage_taken":0.0},{"damage_healed":0.0,"max_hp_gain":0.0,"max_hp_loss":0.0,"gold_gain":99.0,"event_name":"Nest","player_choice":"Stole From Cult","floor":21.0,"gold_loss":0.0,"damage_taken":0.0},{"damage_healed":0.0,"max_hp_gain":0.0,"max_hp_loss":0.0,"gold_gain":0.0,"event_name":"The Woman in Blue","player_choice":"Bought 0 Potions","floor":22.0,"gold_loss":0.0,"damage_taken":0.0},{"cards_removed":["Strike_B"],"damage_healed":0.0,"max_hp_gain":0.0,"max_hp_loss":0.0,"gold_gain":0.0,"event_name":"Back to Basics","player_choice":"Elegance","floor":27.0,"gold_loss":0.0,"damage_taken":0.0},{"damage_healed":0.0,"max_hp_gain":0.0,"max_hp_loss":0.0,"gold_gain":0.0,"event_name":"The Joust","player_choice":"Bet on Owner","floor":31.0,"gold_loss":50.0,"damage_taken":0.0},{"damage_healed":0.0,"max_hp_gain":0.0,"max_hp_loss":0.0,"gold_gain":0.0,"event_name":"Mysterious Sphere","player_choice":"Ignored","floor":46.0,"gold_loss":0.0,"damage_taken":0.0}],"is_beta":false,"boss_relics":[{"not_picked":["Black Star","Snecko Eye"],"picked":"FrozenCore"},{"not_picked":["Nuclear Battery","Empty Cage"],"picked":"Inserter"}],"items_purged_floors":[19,36],"is_endless":false,"potions_floor_spawned":[1,3,8,12,16,18,23,29,37,38,44,45],"ascension_level":0}}