{"host":"wonp23fsqqcu31ie","time":1609138576,"event":{"mods":["2.2 Compatiblity","AchievementEnabler","Aspiration","BaseMod","Bestiary","Better Altar","Better Match","Better Sensory Stone","Better Skull","Better Third Choice","BetterRewards","Block Reminder","Colored Map","Colored Powertips","Conspire","DeckTracker","Displayed Cursed Tome","Downfall","Hermit","Highlight Path","Hubris","Minty Spire (QoL Compilation)","Permanent Neow","Quick Restart","Rare Cards Sparkle","Relic Stats","Replay The Spire","Shade Mod","Shop Mod","StSLib","SuperFastMode","The Animator","The Cursed","The Dragon Tamer","The Gatherer","The Necromancer","The Runesmith","The Servant 0.9.4"],"gold_per_floor":[99,110,129,24,39,39,39,69,83,97,97,97,97],"floor_reached":11,"playtime":418,"items_purged":[],"score":79,"play_id":"45f30776-42ea-46e8-9167-9b1d948eed8f","local_time":"20201228175616","is_ascension_mode":true,"campfire_choices":[{"floor":1,"key":"RECALL"}],"circlet_count":0,"master_deck":["champ:Strike","champ:Strike","champ:Strike","champ:Strike","champ:Defend","champ:Defend","champ:Defend","champ:Defend","champ:Execute","champ:Taunt","champ:FocusedDefense","champ:PreciseThrust","champ:EnGarde","expansioncontent:AwakenDeath","champ:CrownThrow","animator:Curse_Rozen","champ:FaceSlap","champ:BringItOn","champ:Circumvent"],"relics":["Cursed Key","aspiration:BabyByrd","PreservedInsect"],"acts_visited":["Exordium"],"potions_floor_usage":[4,8,10,10,10,10],"damage_taken":[{"damage":0,"enemies":"2 Louse","floor":2,"turns":2},{"damage":10,"enemies":"Jaw Worm","floor":3,"turns":4},{"damage":5,"enemies":"downfall:FleeingMerchant","floor":4,"turns":4},{"damage":7,"enemies":"Small Slimes","floor":5,"turns":4},{"damage":99,"enemies":"Gremlin Nob","floor":8,"turns":7},{"damage":7,"enemies":"2 Fungi Beasts","floor":9,"turns":4},{"damage":7,"enemies":"Gremlin Gang","floor":10,"turns":6},{"damage":20,"enemies":"3 Sentries","floor":11,"turns":4}],"seed_played":"-2922131130796064883","potions_obtained":[{"floor":2,"key":"Weak Potion"},{"floor":5,"key":"ColorlessPotion"},{"floor":8,"key":"champ:UltimateStancePotion"},{"floor":9,"key":"EntropicBrew"}],"is_trial":false,"path_per_floor":["R_BF","M","M","$","M","?","T","E","M","M","E"],"character_chosen":"THE_CHAMP","items_purchased":["expansioncontent:AwakenDeath"],"campfire_rested":0,"item_purchase_floors":[4],"current_hp_per_floor":[90,90,85,85,83,83,83,15,8,1,0,0,0],"gold":97,"neow_bonus":"BOSS_RELIC","is_daily":false,"chose_seed":false,"campfire_upgraded":0,"win_rate":0.0,"timestamp":1609138576,"path_taken":["R_BF","M","M","$","M","?","T","E","M","M","E"],"items_purchased_type":["Card"],"build_version":"2020-12-22","purchased_purges":0,"victory":false,"max_hp_per_floor":[90,90,90,90,90,90,90,90,90,90,90,90,90],"relic_stats":{"counters":[8,35],"PreservedInsect":31,"Cursed Key":1,"obtain_stats":[{"aspiration:BabyByrd":6,"champ:ChampionCrown":0,"PreservedInsect":8,"Cursed Key":0},{"aspiration:BabyByrd":4,"champ:ChampionCrown":0,"PreservedInsect":5,"Cursed Key":0},{"aspiration:BabyByrd":14,"champ:ChampionCrown":0,"PreservedInsect":21,"Cursed Key":0}]},"card_choices":[{"not_picked":["champ:FanOfKnives","champ:RageSigil"],"picked":"champ:FocusedDefense","floor":2},{"not_picked":["champ:CrookedStrike","champ:GladiatorsShout"],"picked":"champ:PreciseThrust","floor":3},{"not_picked":["champ:ShieldSigil","champ:Haymaker"],"picked":"champ:EnGarde","floor":4},{"not_picked":["champ:FaceSlap","champ:FocusedGladiator"],"picked":"champ:CrownThrow","floor":5},{"not_picked":["champ:EndlessRage","champ:EnGarde"],"picked":"champ:FaceSlap","floor":8},{"not_picked":["champ:GutPunch","champ:FalseCounter"],"picked":"champ:BringItOn","floor":9},{"not_picked":["champ:BerserkersShout","champ:ShieldSigil"],"picked":"champ:Circumvent","floor":10}],"player_experience":407153,"relics_obtained":[{"floor":8,"key":"PreservedInsect"}],"event_choices":[],"is_beta":false,"boss_relics":[],"items_purged_floors":[],"is_endless":false,"potions_floor_spawned":[2,5,8,9],"killed_by":"3 Sentries","ascension_level":1}}