{"host":"agbyy69nq62afhwx","time":1609172007,"event":{"mods":["BaseMod","Colored Map","DeckTracker","Highlight Path","Keyboard Shortcuts","Minty Spire (QoL Compilation)","Quick Restart","StSLib","SuperFastMode","everything is the same but u backflip on backflip"],"gold_per_floor":[365,117,117,136,156,156,173,199,251,98,133,133,67,78,78,176,176,189,189,201,239,274,274,306,306,333,333,367,242,257,282,282,381,381,396,396,396,135,235,261,261,291,314,341,351,385,404,433,433,453],"floor_reached":51,"playtime":1841,"items_purged":["Strike_P","Defend_P","Defend_P","Defend_P+1"],"score":1201,"play_id":"5a4a0060-84e7-4543-b416-509251e75434","local_time":"20201229011327","is_ascension_mode":true,"campfire_choices":[{"data":"Eruption","floor":6.0,"key":"SMITH"},{"floor":12.0,"key":"REST"},{"data":"Halt","floor":15.0,"key":"SMITH"},{"data":"Vault","floor":23.0,"key":"SMITH"},{"data":"FlurryOfBlows","floor":25.0,"key":"SMITH"},{"floor":27.0,"key":"REST"},{"data":"ForeignInfluence","floor":32.0,"key":"SMITH"},{"data":"ForeignInfluence","floor":41.0,"key":"SMITH"},{"data":"1","floor":49,"key":"LIFT"}],"circlet_count":0,"master_deck":["Strike_P+1","Eruption+1","Vigilance+1","TalkToTheHand+1","Halt+1","ClearTheMind+1","FearNoEvil+1","LessonLearned+1","FlurryOfBlows+1","Vault+1","WindmillStrike+1","BattleHymn+1","TalkToTheHand+1","ForeignInfluence+1","Scrawl+1","ForeignInfluence+1"],"relics":["HolyWater","Toolbox","Blue Candle","Bag of Marbles","Blood Vial","Toy Ornithopter","WingedGreaves","Regal Pillow","Tiny Chest","Red Mask","Whetstone","Membership Card","War Paint","MealTicket","PreservedInsect","Pantograph","Girya","StoneCalendar"],"acts_visited":["Exordium","TheCity","TheBeyond"],"potions_floor_usage":[50,50],"damage_taken":[{"damage":1.0,"enemies":"2 Louse","floor":1.0,"turns":4.0},{"damage":0.0,"enemies":"Cultist","floor":4.0,"turns":2.0},{"damage":2.0,"enemies":"Small Slimes","floor":5.0,"turns":3.0},{"damage":4.0,"enemies":"Exordium Thugs","floor":7.0,"turns":4.0},{"damage":17.0,"enemies":"Lagavulin","floor":8.0,"turns":8.0},{"damage":18.0,"enemies":"3 Sentries","floor":11.0,"turns":5.0},{"damage":0.0,"enemies":"Lots of Slimes","floor":14.0,"turns":1.0},{"damage":7.0,"enemies":"The Guardian","floor":16.0,"turns":13.0},{"damage":0.0,"enemies":"Chosen","floor":18.0,"turns":3.0},{"damage":0.0,"enemies":"Spheric Guardian","floor":20.0,"turns":2.0},{"damage":0.0,"enemies":"Snecko","floor":21.0,"turns":1.0},{"damage":27.0,"enemies":"Shelled Parasite and Fungi","floor":22.0,"turns":7.0},{"damage":5.0,"enemies":"Book of Stabbing","floor":24.0,"turns":5.0},{"damage":7.0,"enemies":"Slavers","floor":28.0,"turns":4.0},{"damage":1.0,"enemies":"Centurion and Healer","floor":30.0,"turns":3.0},{"damage":11.0,"enemies":"Masked Bandits","floor":31.0,"turns":3.0},{"damage":36.0,"enemies":"Collector","floor":33.0,"turns":5.0},{"damage":1.0,"enemies":"Orb Walker","floor":35.0,"turns":2.0},{"damage":9.0,"enemies":"Nemesis","floor":40.0,"turns":6.0},{"damage":9.0,"enemies":"Giant Head","floor":42.0,"turns":6.0},{"damage":0,"enemies":"Reptomancer","floor":44,"turns":2},{"damage":0,"enemies":"3 Darklings","floor":45,"turns":2},{"damage":0,"enemies":"Nemesis","floor":46,"turns":4},{"damage":0,"enemies":"Sphere and 2 Shapes","floor":47,"turns":3},{"damage":0,"enemies":"Giant Head","floor":48,"turns":2},{"damage":56,"enemies":"Awakened One","floor":50,"turns":8}],"seed_played":"-5492073607215577880","potions_obtained":[{"floor":1.0,"key":"AttackPotion"},{"floor":7.0,"key":"Weak Potion"},{"floor":11.0,"key":"Energy Potion"},{"floor":30.0,"key":"DistilledChaos"},{"floor":31.0,"key":"BottledMiracle"},{"floor":35.0,"key":"Ambrosia"},{"floor":45,"key":"LiquidBronze"}],"is_trial":false,"path_per_floor":["M","$","?","M","M","R","M","E","T","$","E","R","?","M","R","B",null,"M","?","M","M","M","R","E","R","T","R","E","$","M","?","R","B",null,"M","?","T","$","?","E","R","E","T","E","M","E","M","E","R","B",null],"character_chosen":"WATCHER","items_purchased":["Toolbox","Halt","FlurryOfBlows","Membership Card","Scrawl"],"campfire_rested":2,"item_purchase_floors":[2,2,10,38,38],"current_hp_per_floor":[46,46,46,46,44,44,40,23,23,23,5,26,26,28,28,23,60,62,62,64,66,41,41,38,38,38,72,65,65,66,57,57,28,61,62,62,62,62,62,60,60,53,53,55,57,59,61,63,63,26],"gold":453,"neow_bonus":"TWO_FIFTY_GOLD","is_daily":false,"chose_seed":false,"campfire_upgraded":6,"win_rate":0.0,"timestamp":1609172007,"path_taken":["M","$","?","?","M","R","?","E","T","$","E","R","?","M","R","BOSS","M","?","M","?","M","R","E","R","T","R","E","$","?","?","R","BOSS","M","?","?","$","?","E","R","E","T","E","?","E","M","E","R","BOSS"],"items_purchased_type":["Relic","Card","Card","Relic","Card"],"build_version":"2020-12-22","purchased_purges":4,"victory":true,"max_hp_per_floor":[72,72,72,72,72,72,72,72,72,72,72,72,72,72,72,72,72,72,72,72,72,72,72,72,72,72,72,72,72,72,72,72,72,72,72,72,72,72,72,72,72,72,72,72,72,72,72,72,72,72],"card_choices":[{"not_picked":["LikeWater","FollowUp"],"picked":"TalkToTheHand","floor":1.0},{"not_picked":["CarveReality","PathToVictory","EmptyBody"],"picked":"SKIP","floor":4.0},{"not_picked":["Crescendo","Swivel"],"picked":"ClearTheMind","floor":5.0},{"not_picked":["Fasting2","Evaluate"],"picked":"FearNoEvil","floor":7.0},{"not_picked":["CrushJoints","FollowUp"],"picked":"LessonLearned","floor":8.0},{"not_picked":["Consecrate","JustLucky","ThirdEye"],"picked":"SKIP","floor":11.0},{"not_picked":["Wallop","SashWhip","Weave"],"picked":"SKIP","floor":14.0},{"not_picked":["Ragnarok","Establishment"],"picked":"Vault","floor":16.0},{"not_picked":["CrushJoints","CutThroughFate"],"picked":"WindmillStrike+1","floor":18.0},{"not_picked":["Evaluate","WreathOfFlame","BowlingBash"],"picked":"SKIP","floor":20.0},{"not_picked":["PathToVictory","Conclude+1","Vengeance+1"],"picked":"SKIP","floor":21.0},{"not_picked":["PathToVictory","Fasting2"],"picked":"BattleHymn+1","floor":22.0},{"not_picked":["EmptyBody","Wish","PathToVictory"],"picked":"SKIP","floor":24.0},{"not_picked":["Study","BattleHymn+1"],"picked":"TalkToTheHand","floor":28.0},{"not_picked":["Prostrate","Protect+1","EmptyBody"],"picked":"SKIP","floor":30.0},{"not_picked":["FlyingSleeves","Evaluate"],"picked":"ForeignInfluence","floor":31.0},{"not_picked":["Evaluate+1","ThirdEye+1","DeceiveReality+1"],"picked":"SKIP","floor":35.0},{"not_picked":["Crescendo","Nirvana"],"picked":"ForeignInfluence","floor":40.0},{"not_picked":["ThirdEye","Protect+1","WaveOfTheHand+1"],"picked":"SKIP","floor":42.0},{"not_picked":["Consecrate","Wireheading+1","Prostrate"],"picked":"SKIP","floor":44},{"not_picked":["Sanctity","Prostrate","FlurryOfBlows+1"],"picked":"SKIP","floor":45},{"not_picked":["ThirdEye+1","DeceiveReality+1","Swivel"],"picked":"SKIP","floor":46},{"not_picked":["FollowUp","LessonLearned","InnerPeace"],"picked":"SKIP","floor":47},{"not_picked":["SashWhip","Halt+1","FollowUp+1"],"picked":"SKIP","floor":48}],"player_experience":394744,"relics_obtained":[{"floor":8.0,"key":"Blue Candle"},{"floor":9.0,"key":"Bag of Marbles"},{"floor":11.0,"key":"Blood Vial"},{"floor":24.0,"key":"WingedGreaves"},{"floor":26.0,"key":"Regal Pillow"},{"floor":28.0,"key":"Tiny Chest"},{"floor":31.0,"key":"Red Mask"},{"floor":37.0,"key":"Whetstone"},{"floor":40.0,"key":"War Paint"},{"floor":42.0,"key":"MealTicket"},{"floor":43.0,"key":"PreservedInsect"},{"floor":44,"key":"Pantograph"},{"floor":46,"key":"Girya"},{"floor":48,"key":"StoneCalendar"}],"event_choices":[{"cards_removed":["Defend_P"],"damage_healed":0.0,"max_hp_gain":0.0,"max_hp_loss":0.0,"gold_gain":0.0,"event_name":"Purifier","player_choice":"Purged","floor":3.0,"gold_loss":0.0,"damage_taken":0.0},{"damage_healed":0.0,"max_hp_gain":0.0,"max_hp_loss":0.0,"gold_gain":0.0,"event_name":"WeMeetAgain","player_choice":"Paid Gold","floor":13.0,"gold_loss":66.0,"damage_taken":0.0,"relics_obtained":["Toy Ornithopter"]},{"cards_removed":["Strike_P"],"damage_healed":0.0,"max_hp_gain":0.0,"max_hp_loss":0.0,"gold_gain":0.0,"event_name":"Purifier","player_choice":"Purged","floor":19.0,"gold_loss":0.0,"damage_taken":0.0},{"damage_healed":0.0,"max_hp_gain":0.0,"max_hp_loss":0.0,"gold_gain":0.0,"event_name":"Masked Bandits","player_choice":"Fought Bandits","floor":31.0,"gold_loss":0.0,"damage_taken":0.0},{"cards_removed":["Strike_P"],"damage_healed":0.0,"max_hp_gain":0.0,"max_hp_loss":0.0,"gold_gain":0.0,"event_name":"Wheel of Change","player_choice":"Card Removal","floor":36.0,"gold_loss":0.0,"damage_taken":0.0},{"damage_healed":0.0,"max_hp_gain":0.0,"max_hp_loss":0.0,"gold_gain":100.0,"event_name":"Golden Shrine","player_choice":"Pray","floor":39.0,"gold_loss":0.0,"damage_taken":0.0}],"is_beta":false,"boss_relics":[{"not_picked":["Philosopher\u0027s Stone","Ectoplasm"],"picked":"HolyWater"},{"not_picked":["Astrolabe","Pandora\u0027s Box","Coffee Dripper"]}],"items_purged_floors":[2,10,29,38],"is_endless":false,"potions_floor_spawned":[1,7,11,14,18,21,30,31,35,45,46],"ascension_level":6}}