{"host":"f5n4tidiz2n5sooh","time":1609171379,"event":{"mods":["BaseMod","Bestiary","Colored Map","Minty Spire (QoL Compilation)","Relic Stats","StSLib"],"gold_per_floor":[116,116,129,144,144,144,178,178,246,246,277,303,303,330,330,419,419,444,457,470,520,540,581,581,581,581,581,596,521,542,585,585,684,684,702,107,127,142,142,142,186,186,186,205,226,226,249,229,229,229,229,229],"floor_reached":51,"playtime":2219,"items_purged":["Bite"],"score":1400,"play_id":"f7666098-ceaa-4fe2-9e73-2e7d56da27cc","local_time":"20201228100259","is_ascension_mode":true,"campfire_choices":[{"data":"Bash","floor":6.0,"key":"SMITH"},{"data":"Cleave","floor":8.0,"key":"SMITH"},{"data":"Sword Boomerang","floor":10.0,"key":"SMITH"},{"data":"Pommel Strike","floor":15.0,"key":"SMITH"},{"data":"Feel No Pain","floor":25,"key":"SMITH"},{"data":"Double Tap","floor":32,"key":"SMITH"},{"data":"Disarm","floor":40,"key":"SMITH"},{"data":"Disarm","floor":42,"key":"SMITH"},{"data":"Flame Barrier","floor":46,"key":"SMITH"},{"floor":49,"key":"RECALL"}],"circlet_count":0,"master_deck":["AscendersBane","Defend_R","Defend_R+1","Defend_R","Defend_R+1","Bash+1","Cleave+1","Sword Boomerang+1","Spot Weakness","Disarm+1","Pommel Strike+1","Feel No Pain+1","Reaper","Pummel","Battle Trance","Double Tap+1","Bite","Bite","Bite","Shockwave","Pommel Strike+1","Barricade","Disarm+1","Inflame","Flame Barrier+1","Limit Break"],"relics":["Burning Blood","Ornamental Fan","Happy Flower","Odd Mushroom","Golden Idol","Vajra","Velvet Choker","Oddly Smooth Stone","Sundial","Nloth\u0027s Gift","PreservedInsect","Runic Cube","Singing Bowl","TheAbacus","Omamori"],"acts_visited":["Exordium","TheCity","TheBeyond"],"potions_floor_usage":[22,23,30,38,45,50,51],"damage_taken":[{"damage":7.0,"enemies":"Jaw Worm","floor":1.0,"turns":4.0},{"damage":8.0,"enemies":"2 Louse","floor":3.0,"turns":2.0},{"damage":10.0,"enemies":"Small Slimes","floor":4.0,"turns":3.0},{"damage":20.0,"enemies":"3 Sentries","floor":7.0,"turns":5.0},{"damage":30.0,"enemies":"Gremlin Nob","floor":11.0,"turns":4.0},{"damage":9.0,"enemies":"The Mushroom Lair","floor":12.0,"turns":3.0},{"damage":49,"enemies":"Slime Boss","floor":16,"turns":8},{"damage":6,"enemies":"Chosen","floor":18,"turns":5},{"damage":4,"enemies":"3 Byrds","floor":19,"turns":4},{"damage":36,"enemies":"Cultist and Chosen","floor":20,"turns":6},{"damage":2,"enemies":"Chosen and Byrds","floor":22,"turns":3},{"damage":51,"enemies":"Book of Stabbing","floor":23,"turns":5},{"damage":22,"enemies":"Shelled Parasite and Fungi","floor":28,"turns":5},{"damage":9,"enemies":"Snecko","floor":30,"turns":6},{"damage":0,"enemies":"Gremlin Leader","floor":31,"turns":3},{"damage":36,"enemies":"Champ","floor":33,"turns":9},{"damage":0,"enemies":"3 Shapes","floor":35,"turns":9},{"damage":9,"enemies":"3 Darklings","floor":37,"turns":5},{"damage":7,"enemies":"Transient","floor":38,"turns":6},{"damage":62,"enemies":"Nemesis","floor":41,"turns":9},{"damage":17,"enemies":"Sphere and 2 Shapes","floor":44,"turns":15},{"damage":5,"enemies":"4 Shapes","floor":45,"turns":12},{"damage":15,"enemies":"3 Darklings","floor":47,"turns":6},{"damage":53,"enemies":"Awakened One","floor":50,"turns":13},{"damage":55,"enemies":"Donu and Deca","floor":51,"turns":4}],"seed_played":"-2772452196942082821","potions_obtained":[{"floor":1.0,"key":"Swift Potion"},{"floor":3.0,"key":"SpeedPotion"},{"floor":12.0,"key":"FairyPotion"},{"floor":19,"key":"LiquidBronze"},{"floor":20,"key":"BlessingOfTheForge"},{"floor":28,"key":"ColorlessPotion"},{"floor":30,"key":"Weak Potion"},{"floor":33,"key":"SkillPotion"},{"floor":41,"key":"Strength Potion"},{"floor":45,"key":"Energy Potion"},{"floor":48,"key":"DistilledChaos"}],"is_trial":false,"path_per_floor":["M","?","M","M","?","R","E","R","T","R","E","?","?","T","R","B",null,"M","M","M","?","M","E","?","R","T","?","M","?","M","E","R","B",null,"M","$","M","M","?","R","E","R","T","M","M","R","M","?","R","B","B"],"character_chosen":"IRONCLAD","items_purchased":["Singing Bowl","TheAbacus","Inflame"],"campfire_rested":0,"item_purchase_floors":[36,36,36],"current_hp_per_floor":[74,79,77,73,66,66,52,52,52,52,28,25,25,25,25,14,63,68,77,55,55,59,24,24,24,24,24,22,22,31,45,45,49,54,55,55,57,59,59,59,34,34,34,61,63,63,63,63,63,55,0,0],"gold":229,"neow_bonus":"TEN_PERCENT_HP_BONUS","is_daily":false,"chose_seed":false,"campfire_upgraded":9,"win_rate":0.0,"timestamp":1609171379,"path_taken":["M","?","M","M","?","R","E","R","T","R","E","?","?","?","R","BOSS","M","M","M","?","?","E","?","R","T","?","?","?","M","E","R","BOSS","M","$","M","M","?","R","E","R","T","M","M","R","M","?","R","BOSS","BOSS"],"items_purchased_type":["Relic","Relic","Card"],"build_version":"2020-12-22","purchased_purges":1,"victory":false,"max_hp_per_floor":[82,87,87,87,87,87,87,87,87,87,87,87,79,79,79,79,79,79,79,79,79,79,79,55,55,55,55,55,55,55,55,55,55,55,55,55,57,59,59,59,59,59,59,61,63,63,63,63,63,63,63,63],"relic_stats":{"TheAbacus":[114],"Happy Flower":[45],"Singing Bowl":8,"counters":[25,154],"Ornamental Fan":[128],"Golden Idol":129,"Sundial":[16],"PreservedInsect":50,"Nloth\u0027s Gift":1,"obtain_stats":[{"Happy Flower":11,"Singing Bowl":36,"Golden Idol":13,"Vajra":14,"Velvet Choker":17,"Oddly Smooth Stone":23,"PreservedInsect":31,"Omamori":41,"War Paint":7,"Odd Mushroom":12,"Burning Blood":0,"TheAbacus":36,"Ornamental Fan":9,"Sundial":26,"Nloth\u0027s Gift":27,"Runic Cube":34},{"Happy Flower":5,"Singing Bowl":17,"Golden Idol":6,"Vajra":6,"Velvet Choker":7,"Oddly Smooth Stone":12,"PreservedInsect":15,"Omamori":20,"War Paint":4,"Odd Mushroom":6,"Burning Blood":0,"TheAbacus":17,"Ornamental Fan":4,"Sundial":12,"Nloth\u0027s Gift":12,"Runic Cube":16},{"Happy Flower":18,"Singing Bowl":84,"Golden Idol":21,"Vajra":21,"Velvet Choker":29,"Oddly Smooth Stone":52,"PreservedInsect":66,"Omamori":104,"War Paint":14,"Odd Mushroom":21,"Burning Blood":0,"TheAbacus":84,"Ornamental Fan":14,"Sundial":52,"Nloth\u0027s Gift":52,"Runic Cube":75}],"Burning Blood":113,"Runic Cube":[29]},"card_choices":[{"not_picked":["Fire Breathing","True Grit"],"picked":"Cleave","floor":1.0},{"not_picked":["Warcry","Havoc"],"picked":"Sword Boomerang","floor":3.0},{"not_picked":["Headbutt","Dark Embrace"],"picked":"Spot Weakness","floor":4.0},{"not_picked":["Uppercut","Evolve"],"picked":"Disarm","floor":7.0},{"not_picked":["Whirlwind","Sever Soul"],"picked":"Pommel Strike","floor":11.0},{"not_picked":["Headbutt","Pommel Strike"],"picked":"Feel No Pain","floor":12.0},{"not_picked":["Fiend Fire","Bludgeon"],"picked":"Reaper","floor":16},{"not_picked":["Headbutt","Burning Pact"],"picked":"Pummel","floor":18},{"not_picked":["Perfected Strike+1","Warcry","Wild Strike"],"picked":"SKIP","floor":19},{"not_picked":["Perfected Strike","Iron Wave+1","Sword Boomerang"],"picked":"SKIP","floor":20},{"not_picked":["Body Slam","Combust"],"picked":"Battle Trance","floor":22},{"not_picked":["Wild Strike","Heavy Blade"],"picked":"Double Tap","floor":23},{"not_picked":["Wild Strike","Cleave"],"picked":"Shockwave","floor":28},{"not_picked":["Headbutt","Sword Boomerang","Thunderclap"],"picked":"SKIP","floor":30},{"not_picked":["Burning Pact","Armaments"],"picked":"Pommel Strike+1","floor":31},{"not_picked":["Brutality","Exhume"],"picked":"Barricade","floor":33},{"not_picked":["Sword Boomerang","Pommel Strike"],"picked":"Disarm","floor":35},{"not_picked":["Bloodletting","Inflame","Sword Boomerang"],"picked":"Singing Bowl","floor":37},{"not_picked":["Sword Boomerang","Uppercut+1","Bloodletting"],"picked":"Singing Bowl","floor":38},{"not_picked":["Headbutt","Sentinel"],"picked":"Flame Barrier","floor":41},{"not_picked":["Iron Wave+1","Battle Trance","Shrug It Off"],"picked":"Singing Bowl","floor":44},{"not_picked":["True Grit","Pommel Strike","Thunderclap"],"picked":"Singing Bowl","floor":45},{"not_picked":["Intimidate+1","Shockwave"],"picked":"Limit Break","floor":47}],"player_experience":1941172,"relics_obtained":[{"floor":7.0,"key":"War Paint"},{"floor":9.0,"key":"Ornamental Fan"},{"floor":11.0,"key":"Happy Flower"},{"floor":12.0,"key":"Odd Mushroom"},{"floor":14.0,"key":"Vajra"},{"floor":23,"key":"Oddly Smooth Stone"},{"floor":26,"key":"Sundial"},{"floor":31,"key":"PreservedInsect"},{"floor":41,"key":"Omamori"}],"event_choices":[{"damage_healed":0.0,"max_hp_gain":5.0,"max_hp_loss":0.0,"gold_gain":0.0,"event_name":"Big Fish","player_choice":"Donut","floor":2.0,"gold_loss":0.0,"damage_taken":0.0},{"cards_removed":["Strike_R"],"damage_healed":0.0,"max_hp_gain":0.0,"max_hp_loss":0.0,"gold_gain":0.0,"event_name":"Golden Wing","player_choice":"Card Removal","floor":5.0,"gold_loss":0.0,"damage_taken":7.0},{"damage_healed":0.0,"max_hp_gain":0.0,"max_hp_loss":0.0,"gold_gain":0.0,"event_name":"Mushrooms","player_choice":"Fought Mushrooms","floor":12.0,"gold_loss":0.0,"damage_taken":0.0},{"damage_healed":0.0,"max_hp_gain":0.0,"max_hp_loss":8.0,"gold_gain":0.0,"event_name":"Golden Idol","player_choice":"Lose Max HP","floor":13.0,"gold_loss":0.0,"damage_taken":0.0,"relics_obtained":["Golden Idol"]},{"damage_healed":0,"gold_gain":50,"player_choice":"Pray","damage_taken":0,"max_hp_gain":0,"max_hp_loss":0,"event_name":"Golden Shrine","floor":21,"gold_loss":0},{"damage_healed":0,"gold_gain":0,"player_choice":"Became a vampire","damage_taken":0,"max_hp_gain":0,"max_hp_loss":24,"event_name":"Vampires","floor":24,"gold_loss":0,"cards_obtained":["Bite","Bite","Bite","Bite","Bite"]},{"damage_healed":0,"gold_gain":0,"player_choice":"Traded Relic","damage_taken":0,"relics_obtained":["Nloth\u0027s Gift"],"max_hp_gain":0,"max_hp_loss":0,"event_name":"N\u0027loth","floor":27,"relics_lost":["War Paint"],"gold_loss":0},{"cards_removed":["Bite"],"damage_healed":0,"gold_gain":0,"player_choice":"Gave Gold","damage_taken":0,"max_hp_gain":0,"max_hp_loss":0,"event_name":"Beggar","floor":29,"gold_loss":75},{"damage_healed":0,"gold_gain":0,"player_choice":"Ignored","damage_taken":0,"max_hp_gain":0,"max_hp_loss":0,"event_name":"Mysterious Sphere","floor":39,"gold_loss":0},{"damage_healed":0,"gold_gain":0,"player_choice":"Bought 1 Potion","damage_taken":0,"max_hp_gain":0,"max_hp_loss":0,"event_name":"The Woman in Blue","floor":48,"gold_loss":0}],"is_beta":false,"boss_relics":[{"not_picked":["Cursed Key","Runic Pyramid"],"picked":"Velvet Choker"},{"not_picked":["Mark of Pain","Pandora\u0027s Box"],"picked":"Runic Cube"}],"items_purged_floors":[36],"is_endless":false,"potions_floor_spawned":[1,3,12,19,20,28,30,33,41,44,45],"killed_by":"Donu and Deca","ascension_level":20}}