{"host":"zig6x0mxqzam82fb","time":1609176860,"event":{"mods":["BaseMod","Block Reminder","Colored Map","Colored Powertips","Minty Spire (QoL Compilation)","Relic Stats","StSLib","The Marked"],"gold_per_floor":[109,129,141,152,165,194,194,249,331,331,364,364,389,409,409,511,511,511,466,466,466,57,57,4,4,4,4,4,4,4,4,4,4,4,4,4,4,4,4,4,4,4,4],"floor_reached":42,"playtime":2375,"items_purged":[],"score":541,"play_id":"0b934433-f320-481c-94e1-42131a9411c9","local_time":"20201228123420","is_ascension_mode":true,"campfire_choices":[{"floor":7,"key":"REST"},{"data":"theMarked:SelfDefenseTraining","floor":10,"key":"SMITH"},{"floor":12,"key":"REST"},{"floor":15,"key":"REST"},{"floor":23,"key":"REST"},{"data":"theMarked:MysticalArsenal","floor":25,"key":"SMITH"},{"floor":30,"key":"REST"},{"floor":32,"key":"REST"},{"floor":40,"key":"REST"}],"circlet_count":0,"master_deck":["theMarked:SoldierOfQuellstein","theMarked:Aftermath","theMarked:ChainLightning","theMarked:ElectricStrings","theMarked:EmpowerWeapon","theMarked:SelfDefenseTraining+1","theMarked:ChainLightning","theMarked:MuscleMemory","theMarked:WastefulAttack","theMarked:SwordAndMagic","theMarked:ChannelForce","theMarked:EmpowerWeapon","theMarked:EmpowerWeapon","theMarked:RepellingDischarge","theMarked:EternalStudent","theMarked:MysticalArsenal+1","Mayhem","theMarked:BanishingStrike","theMarked:Frustration","theMarked:Static","theMarked:TakeOffHeels","theMarked:HeritageOfTheMarked","theMarked:TakeCover","theMarked:Indomitable","theMarked:TakeCover","theMarked:ChannelForce","theMarked:LightningStrikesTwice","theMarked:Aftermath","theMarked:SummonStrength","theMarked:StartUp","theMarked:Convert+1","theMarked:WastefulAttack"],"relics":["Busted Crown","Vajra","CaptainsWheel","Mummified Hand","theMarked:DemonDagger","Omamori","Ectoplasm","Darkstone Periapt","Necronomicon","Sundial","Pandora\u0027s Box","MawBank"],"acts_visited":["Exordium","TheCity","TheBeyond"],"potions_floor_usage":[5,33,39,39,42],"damage_taken":[{"damage":0,"enemies":"2 Louse","floor":1,"turns":2},{"damage":0,"enemies":"Jaw Worm","floor":2,"turns":3},{"damage":7,"enemies":"Small Slimes","floor":3,"turns":3},{"damage":8,"enemies":"Blue Slaver","floor":4,"turns":2},{"damage":0,"enemies":"Gremlin Gang","floor":5,"turns":1},{"damage":25,"enemies":"Gremlin Nob","floor":6,"turns":4},{"damage":10,"enemies":"Gremlin Nob","floor":8,"turns":3},{"damage":3,"enemies":"Lagavulin","floor":11,"turns":5},{"damage":18,"enemies":"Gremlin Nob","floor":13,"turns":3},{"damage":0,"enemies":"Large Slime","floor":14,"turns":4},{"damage":27,"enemies":"The Guardian","floor":16,"turns":9},{"damage":0,"enemies":"Chosen","floor":18,"turns":4},{"damage":18,"enemies":"2 Thieves","floor":19,"turns":3},{"damage":24,"enemies":"Snake Plant","floor":21,"turns":2},{"damage":8,"enemies":"Sentry and Sphere","floor":27,"turns":5},{"damage":29,"enemies":"Slavers","floor":29,"turns":3},{"damage":0,"enemies":"Cultist and Chosen","floor":31,"turns":4},{"damage":14,"enemies":"Automaton","floor":33,"turns":5},{"damage":16,"enemies":"Orb Walker","floor":35,"turns":2},{"damage":13,"enemies":"3 Darklings","floor":36,"turns":4},{"damage":19,"enemies":"4 Shapes","floor":38,"turns":3},{"damage":11,"enemies":"Sphere and 2 Shapes","floor":39,"turns":5},{"damage":40,"enemies":"Reptomancer","floor":41,"turns":5},{"damage":24,"enemies":"3 Darklings","floor":42,"turns":1}],"seed_played":"8972314973451693172","potions_obtained":[{"floor":2,"key":"AttackPotion"},{"floor":4,"key":"FairyPotion"},{"floor":5,"key":"theMarked:ChargePotion"},{"floor":13,"key":"Fire Potion"},{"floor":16,"key":"CultistPotion"},{"floor":36,"key":"theMarked:ChargePotion"},{"floor":41,"key":"Explosive Potion"}],"is_trial":false,"path_per_floor":["M","M","M","M","M","E","R","?","T","R","E","R","E","M","R","B",null,"M","M","?","M","$","R","$","R","T","M","?","E","R","M","R","B",null,"M","M","?","M","M","R","E","M"],"character_chosen":"THE_DEFAULT","items_purchased":["theMarked:EternalStudent","theMarked:MysticalArsenal","Mayhem","theMarked:BanishingStrike"],"campfire_rested":7,"item_purchase_floors":[22,22,22,24],"current_hp_per_floor":[70,70,63,55,55,30,51,41,41,41,38,59,41,41,62,35,70,70,52,70,46,46,67,67,67,67,59,43,14,35,35,56,42,70,54,41,46,27,16,37,21,0,0],"gold":4,"neow_bonus":"BOSS_RELIC","is_daily":false,"chose_seed":false,"campfire_upgraded":2,"win_rate":0.0,"timestamp":1609176860,"path_taken":["M","M","M","M","M","E","R","?","T","R","E","R","E","M","R","BOSS","M","M","?","M","$","R","$","R","T","M","?","E","R","M","R","BOSS","M","M","?","M","M","R","E","M"],"items_purchased_type":["Card","Card","Card","Card"],"build_version":"2020-12-22","purchased_purges":0,"victory":false,"max_hp_per_floor":[70,70,70,70,70,70,70,70,70,70,70,70,70,70,70,70,70,70,70,70,70,70,70,70,70,70,70,70,70,70,70,70,70,70,70,70,70,70,70,70,70,70,70],"relic_stats":{"Darkstone Periapt":0,"Busted Crown":46,"counters":[24,85],"Mummified Hand":[21],"Sundial":[0],"Pandora\u0027s Box":["theMarked:HeritageOfTheMarked","theMarked:TakeCover","theMarked:Indomitable","theMarked:TakeCover","theMarked:ChannelForce","theMarked:LightningStrikesTwice","theMarked:Aftermath","theMarked:SummonStrength","theMarked:StartUp"],"Ectoplasm":360,"Necronomicon":[9],"MawBank":0,"obtain_stats":[{"Darkstone Periapt":26,"theMarked:DemonDagger":11,"Vajra":6,"Omamori":13,"MawBank":41,"theMarked:ArtifactOfAir":0,"CaptainsWheel":8,"Busted Crown":0,"Mummified Hand":9,"Sundial":29,"Pandora\u0027s Box":34,"Ectoplasm":17,"Necronomicon":28},{"Darkstone Periapt":14,"theMarked:DemonDagger":8,"Vajra":6,"Omamori":9,"MawBank":23,"theMarked:ArtifactOfAir":0,"CaptainsWheel":6,"Busted Crown":0,"Mummified Hand":7,"Sundial":16,"Pandora\u0027s Box":18,"Ectoplasm":11,"Necronomicon":15},{"Darkstone Periapt":48,"theMarked:DemonDagger":23,"Vajra":15,"Omamori":26,"MawBank":84,"theMarked:ArtifactOfAir":0,"CaptainsWheel":15,"Busted Crown":0,"Mummified Hand":18,"Sundial":56,"Pandora\u0027s Box":65,"Ectoplasm":39,"Necronomicon":53}]},"card_choices":[{"not_picked":[],"picked":"theMarked:Aftermath","floor":1},{"not_picked":[],"picked":"theMarked:Aftermath","floor":2},{"not_picked":[],"picked":"theMarked:ChainLightning","floor":3},{"not_picked":[],"picked":"theMarked:ElectricStrings","floor":4},{"not_picked":[],"picked":"theMarked:EmpowerWeapon","floor":5},{"not_picked":[],"picked":"theMarked:SelfDefenseTraining","floor":6},{"not_picked":[],"picked":"theMarked:ChainLightning","floor":8},{"not_picked":[],"picked":"theMarked:MuscleMemory","floor":11},{"not_picked":[],"picked":"theMarked:WastefulAttack","floor":13},{"not_picked":[],"picked":"theMarked:SwordAndMagic","floor":14},{"not_picked":[],"picked":"theMarked:ChannelForce","floor":16},{"not_picked":[],"picked":"theMarked:EmpowerWeapon","floor":18},{"not_picked":[],"picked":"theMarked:EmpowerWeapon","floor":19},{"not_picked":[],"picked":"theMarked:RepellingDischarge","floor":21},{"not_picked":[],"picked":"theMarked:Frustration","floor":27},{"not_picked":[],"picked":"theMarked:Static","floor":29},{"not_picked":["theMarked:Parkour"],"picked":"SKIP","floor":31},{"not_picked":[],"picked":"theMarked:TakeOffHeels","floor":33},{"not_picked":["theMarked:ChainLightning+1"],"picked":"SKIP","floor":35},{"not_picked":["theMarked:Parkour+1"],"picked":"SKIP","floor":36},{"not_picked":[],"picked":"theMarked:Convert+1","floor":38},{"not_picked":[],"picked":"theMarked:WastefulAttack","floor":39},{"not_picked":["theMarked:SwordAndMagic"],"picked":"SKIP","floor":41}],"player_experience":375794,"relics_obtained":[{"floor":6,"key":"Vajra"},{"floor":9,"key":"Mummified Hand"},{"floor":11,"key":"theMarked:DemonDagger"},{"floor":13,"key":"Omamori"},{"floor":26,"key":"Darkstone Periapt"},{"floor":28,"key":"Necronomicon"},{"floor":29,"key":"Sundial"},{"floor":41,"key":"MawBank"}],"event_choices":[{"damage_healed":0,"gold_gain":0,"player_choice":"Searched \u00272\u0027 times","damage_taken":0,"relics_obtained":["CaptainsWheel"],"max_hp_gain":0,"max_hp_loss":0,"event_name":"Dead Adventurer","floor":8,"gold_loss":0},{"damage_healed":23,"gold_gain":0,"player_choice":"Heal","damage_taken":0,"max_hp_gain":0,"max_hp_loss":0,"event_name":"The Library","floor":20,"gold_loss":0},{"damage_healed":0,"gold_gain":0,"player_choice":"Obtained Book","damage_taken":16,"max_hp_gain":0,"max_hp_loss":0,"event_name":"Cursed Tome","floor":28,"gold_loss":0},{"cards_removed":["theMarked:Aftermath"],"damage_healed":5,"gold_gain":0,"player_choice":"Offered Common","damage_taken":0,"max_hp_gain":0,"max_hp_loss":0,"event_name":"Bonfire Elementals","floor":37,"gold_loss":0},{"cards_removed":["theMarked:Aftermath"],"damage_healed":5,"gold_gain":0,"player_choice":"Offered Special","damage_taken":0,"max_hp_gain":0,"max_hp_loss":0,"event_name":"Bonfire Elementals","floor":37,"gold_loss":0}],"is_beta":false,"boss_relics":[{"not_picked":["SacredBark","Velvet Choker"],"picked":"Ectoplasm"},{"not_picked":["Runic Pyramid","Philosopher\u0027s Stone"],"picked":"Pandora\u0027s Box"}],"items_purged_floors":[],"is_endless":false,"potions_floor_spawned":[2,4,5,13,16,18,36,41],"killed_by":"3 Darklings","ascension_level":3}}