{"host":"m77rrhbqzv44va4v","time":1609126527,"event":{"mods":["AchievementEnabler","BaseMod","Colored Map","DeckTracker","Keyboard Shortcuts","Minty Spire (QoL Compilation)","StSLib","SuperFastMode","everything is the same but u backflip on backflip"],"gold_per_floor":[116,132,146,156,156,156,156],"floor_reached":6,"playtime":90,"items_purged":[],"score":76,"play_id":"86309525-9339-4777-8182-1e0733a34f21","local_time":"20201228123527","is_ascension_mode":true,"campfire_choices":[],"circlet_count":0,"master_deck":["AscendersBane","Strike_G","Strike_G","Strike_G","Strike_G","Strike_G","Defend_G","Defend_G","Defend_G","Defend_G","Defend_G","Survivor","Neutralize","Finisher","Noxious Fumes","Deflect","Acrobatics"],"relics":["Ring of the Snake","NeowsBlessing","Golden Idol"],"acts_visited":["Exordium"],"potions_floor_usage":[6],"damage_taken":[{"damage":0.0,"enemies":"2 Louse","floor":1.0,"turns":1.0},{"damage":0,"enemies":"Jaw Worm","floor":2,"turns":1},{"damage":0,"enemies":"Cultist","floor":3,"turns":1},{"damage":1,"enemies":"Looter","floor":4,"turns":4},{"damage":50,"enemies":"Gremlin Nob","floor":6,"turns":4}],"seed_played":"8768699668866734098","potions_obtained":[{"floor":1,"key":"LiquidMemories"},{"floor":2,"key":"PowerPotion"}],"is_trial":false,"path_per_floor":["M","M","M","M","?","E"],"character_chosen":"THE_SILENT","items_purchased":[],"campfire_rested":0,"item_purchase_floors":[],"current_hp_per_floor":[59,59,59,58,35,0,0],"gold":156,"neow_bonus":"THREE_ENEMY_KILL","is_daily":false,"chose_seed":false,"campfire_upgraded":0,"win_rate":0.0,"timestamp":1609126527,"path_taken":["M","M","M","M","?","E"],"items_purchased_type":[],"build_version":"2020-12-22","purchased_purges":0,"victory":false,"max_hp_per_floor":[66,66,66,66,66,66,66],"card_choices":[{"not_picked":["Accuracy","Underhanded Strike"],"picked":"Finisher","floor":1},{"not_picked":["Bane","Deadly Poison"],"picked":"Noxious Fumes","floor":2},{"not_picked":["Eviscerate","Deadly Poison"],"picked":"Deflect","floor":3},{"not_picked":["Sucker Punch","Predator"],"picked":"Acrobatics","floor":4}],"player_experience":816733,"relics_obtained":[],"event_choices":[{"damage_healed":0,"gold_gain":0,"player_choice":"Take Damage","damage_taken":23,"relics_obtained":["Golden Idol"],"max_hp_gain":0,"max_hp_loss":0,"event_name":"Golden Idol","floor":5,"gold_loss":0}],"is_beta":false,"boss_relics":[],"items_purged_floors":[],"is_endless":false,"potions_floor_spawned":[1,2],"killed_by":"Gremlin Nob","ascension_level":20}}