{"host":"6fbjdsiu9jij34p7","time":1609171112,"event":{"mods":["2.2 Compatiblity","AchievementEnabler","BaseMod","Colored Map","DeckTracker","Highlight Path","Keyboard Shortcuts","Minty Spire (QoL Compilation)","Permanent Neow","Quick Restart","StSLib","SuperFastMode"],"gold_per_floor":[113,113,124,49,59,59,79,92,92,106,72,83,98,108,108,211,211,227,239,289,306,319,319,330,330,330,66,76,94,112,112,112,112,112],"floor_reached":33,"playtime":822,"items_purged":["Pain","Strike_R"],"score":349,"play_id":"73eb3d1b-626d-4dc6-9b06-ad785e6c01a5","local_time":"20201229005832","is_ascension_mode":true,"campfire_choices":[{"data":"Heavy Blade","floor":6.0,"key":"SMITH"},{"floor":15.0,"key":"REST"},{"floor":23.0,"key":"REST"},{"floor":25.0,"key":"REST"},{"floor":32,"key":"REST"}],"circlet_count":0,"master_deck":["Strike_R","Strike_R","Strike_R","Strike_R","Defend_R","Defend_R","Defend_R","Defend_R","Bash","Cleave","Heavy Blade+1","Twin Strike","Sword Boomerang","Spot Weakness","Inflame","Thunderclap","Body Slam","Shrug It Off","Demon Form","Shrug It Off","Heavy Blade+1","Body Slam+1","Shrug It Off","Heavy Blade+1","Battle Trance","Dramatic Entrance+1","Sword Boomerang+1"],"relics":["Burning Blood","Blood Vial","WarpedTongs","Bottled Flame","Black Star","Molten Egg 2"],"acts_visited":["Exordium","TheCity"],"potions_floor_usage":[33,33],"damage_taken":[{"damage":4.0,"enemies":"Small Slimes","floor":1.0,"turns":4.0},{"damage":4.0,"enemies":"Cultist","floor":3.0,"turns":3.0},{"damage":0.0,"enemies":"Jaw Worm","floor":5.0,"turns":3.0},{"damage":16.0,"enemies":"Lots of Slimes","floor":7.0,"turns":5.0},{"damage":24.0,"enemies":"Large Slime","floor":8.0,"turns":6.0},{"damage":7.0,"enemies":"3 Louse","floor":10.0,"turns":3.0},{"damage":24.0,"enemies":"Exordium Wildlife","floor":12.0,"turns":3.0},{"damage":13.0,"enemies":"Red Slaver","floor":13.0,"turns":3.0},{"damage":10.0,"enemies":"2 Fungi Beasts","floor":14.0,"turns":3.0},{"damage":38.0,"enemies":"Hexaghost","floor":16.0,"turns":7.0},{"damage":17.0,"enemies":"Chosen","floor":18.0,"turns":5.0},{"damage":18.0,"enemies":"Shell Parasite","floor":19.0,"turns":5.0},{"damage":12.0,"enemies":"Centurion and Healer","floor":21.0,"turns":5.0},{"damage":14.0,"enemies":"Shelled Parasite and Fungi","floor":22.0,"turns":3.0},{"damage":24.0,"enemies":"Snake Plant","floor":24.0,"turns":2.0},{"damage":15,"enemies":"Centurion and Healer","floor":28,"turns":6},{"damage":29,"enemies":"Snecko","floor":29,"turns":4},{"damage":24,"enemies":"Sentry and Sphere","floor":30,"turns":5},{"damage":78,"enemies":"Automaton","floor":33,"turns":6}],"seed_played":"4709705752652388868","potions_obtained":[{"floor":1.0,"key":"BloodPotion"},{"floor":7.0,"key":"Strength Potion"},{"floor":8.0,"key":"FearPotion"},{"floor":16.0,"key":"EssenceOfSteel"},{"floor":28,"key":"ColorlessPotion"},{"floor":29,"key":"Explosive Potion"}],"is_trial":false,"path_per_floor":["M","?","M","$","M","R","M","M","T","M","$","M","M","M","R","B",null,"M","M","?","M","M","R","M","R","T","$","M","M","M","$","R","B"],"character_chosen":"IRONCLAD","items_purchased":["Inflame","Heavy Blade+1","Battle Trance","Dramatic Entrance+1"],"campfire_rested":4,"item_purchase_floors":[11,27,27,27],"current_hp_per_floor":[76,76,80,80,80,80,70,54,54,55,55,39,34,32,56,42,71,62,52,52,48,42,66,50,74,74,74,67,46,30,30,54,0,0],"gold":112,"neow_bonus":"RANDOM_COMMON_RELIC","is_daily":false,"chose_seed":false,"campfire_upgraded":1,"win_rate":0.0,"timestamp":1609171112,"path_taken":["M","?","?","$","M","R","M","M","T","M","?","M","M","M","R","BOSS","M","M","?","?","M","R","M","R","T","$","M","M","M","?","R","BOSS"],"items_purchased_type":["Card","Card","Card","Card"],"build_version":"2020-12-22","purchased_purges":2,"victory":false,"max_hp_per_floor":[80,80,80,80,80,80,80,80,80,80,80,80,80,80,80,80,80,80,80,80,80,80,80,80,80,80,80,80,80,80,80,80,80,80],"card_choices":[{"not_picked":["Wild Strike","Clothesline"],"picked":"Cleave","floor":1.0},{"not_picked":["Wild Strike","Sword Boomerang"],"picked":"Heavy Blade","floor":3.0},{"not_picked":["Sentinel","Perfected Strike"],"picked":"Twin Strike","floor":5.0},{"not_picked":["Iron Wave","Wild Strike","Fire Breathing"],"picked":"SKIP","floor":7.0},{"not_picked":["Warcry","Pommel Strike"],"picked":"Sword Boomerang","floor":8.0},{"not_picked":["True Grit","Cleave"],"picked":"Spot Weakness","floor":10.0},{"not_picked":["Shrug It Off","Warcry"],"picked":"Thunderclap","floor":12.0},{"not_picked":["Twin Strike","Carnage"],"picked":"Body Slam","floor":13.0},{"not_picked":["Armaments","Heavy Blade"],"picked":"Shrug It Off","floor":14.0},{"not_picked":["Feed","Berserk"],"picked":"Demon Form","floor":16.0},{"not_picked":["Warcry","Disarm"],"picked":"Shrug It Off","floor":18.0},{"not_picked":["Clothesline","Metallicize"],"picked":"Heavy Blade+1","floor":19.0},{"not_picked":["Clash","Entrench+1"],"picked":"Body Slam+1","floor":21.0},{"not_picked":["Barricade","Wild Strike+1","Pommel Strike"],"picked":"SKIP","floor":22.0},{"not_picked":["Seeing Red","Sentinel"],"picked":"Shrug It Off","floor":24.0},{"not_picked":["Berserk","Havoc"],"picked":"Sword Boomerang+1","floor":28},{"not_picked":["Dropkick+1","Twin Strike+1","Havoc"],"picked":"SKIP","floor":29},{"not_picked":["True Grit","Wild Strike+1","Rupture"],"picked":"SKIP","floor":30}],"player_experience":245942,"relics_obtained":[{"floor":9.0,"key":"Bottled Flame"},{"floor":26.0,"key":"Molten Egg 2"}],"event_choices":[{"damage_healed":0.0,"max_hp_gain":0.0,"max_hp_loss":0.0,"gold_gain":0.0,"event_name":"Accursed Blacksmith","player_choice":"Rummage","floor":2.0,"gold_loss":0.0,"damage_taken":0.0,"relics_obtained":["WarpedTongs"],"cards_obtained":["Pain"]},{"damage_healed":0.0,"max_hp_gain":0.0,"max_hp_loss":0.0,"gold_gain":100.0,"event_name":"The Joust","player_choice":"Bet on Murderer","floor":20.0,"gold_loss":50.0,"damage_taken":0.0}],"is_beta":false,"boss_relics":[{"not_picked":["Runic Pyramid","Snecko Eye"],"picked":"Black Star"}],"items_purged_floors":[4,27],"is_endless":false,"potions_floor_spawned":[1,7,8,13,16,21,28,29],"killed_by":"Automaton","ascension_level":8}}