{"host":"cz3p2o9n3b1gdmkz","time":1609174567,"event":{"mods":["AchievementEnabler","BaseMod","CapriCore","GungeonMod","Hermit","Lobotomy","Minty Spire (QoL Compilation)","Replay The Spire","Shop Mod","StSLib","SuperFastMode","The Cursed","The Dragon Tamer","The Gatherer","The Jungle","The Poker Player","The Runesmith"],"gold_per_floor":[37,80,80,80,117,117,150,211,211,261,275,333,224,275,275,427,427,446,295,210,210,249,249,274,317,317,317,327,327,338,363,363,434,434,453,417,609,634,652,683,683,683,683,717,148,160,160,22,22,22,22],"floor_reached":52,"playtime":2700,"items_purged":["Gatherer:Strike_Gatherer"],"score":1721,"play_id":"09d8eb38-89a8-47d9-9c52-6fefe465b937","local_time":"20201229015607","is_ascension_mode":true,"metric_token":1117,"campfire_choices":[{"data":"HandOfGreed","floor":6,"key":"SMITH"},{"data":"Gatherer:Centralize","floor":15,"key":"SMITH"},{"data":"Gatherer:EnergyBasket","floor":23,"key":"SMITH"},{"data":"Gatherer:AlchemyTrial","floor":27,"key":"SMITH"},{"data":"Gatherer:EnergyBasket","floor":29,"key":"SMITH"},{"data":"Gatherer:AlchemyTrial","floor":32,"key":"SMITH"},{"data":"Gatherer:ScrollOfPurity","floor":41,"key":"SMITH"},{"data":"Gatherer:AlchemyTrial","floor":47,"key":"SMITH"},{"data":"Gatherer:Duplicator","floor":49,"key":"SMITH"}],"circlet_count":0,"master_deck":["AscendersBane","Gatherer:Strike_Gatherer","Gatherer:Strike_Gatherer","Gatherer:Strike_Gatherer","Gatherer:Strike_Gatherer","Gatherer:Defend_Gatherer","Gatherer:Defend_Gatherer","Gatherer:Defend_Gatherer","Gatherer:Defend_Gatherer","Gatherer:Defend_Gatherer","Gatherer:Centralize+1","Gatherer:FlowerWhip","HandOfGreed+1","Gatherer:Snatch","Gatherer:EnergyBasket+1","Gatherer:EnergyBasket+1","Gatherer:AlchemyTrial+1","Gatherer:AlchemyTrial+1","PokerPlayerMod:Trickery","Gatherer:BomberForm+1","Gatherer:AlchemyTrial","Gatherer:BomberForm+1","Gatherer:FlowerPower","Gatherer:Duplicator+1","Gatherer:EnergyBasket+1","Gatherer:MindSearch","Gatherer:Snatch+1","Gatherer:ScrollOfPurity+1","Gatherer:AlchemyTrial+1","Gatherer:AlchemyTrial+1","Gatherer:UpgradeBag+1"],"relics":["Gatherer:AlchemyBag","Ring of Peace","ReplayTheSpireMod:Ring of Addiction","White Beast Statue","SacredBark","DemoMod:GlassGuonStoneRelic","DemoMod:NanoMachines","Replay:Accelerometer","ReplayTheSpireMod:Lightbulb","Replay:Wax Seal","Replay:WaspNest","Black Star","DemoMod:SerJunkan","DemoMod:Junk","Ice Cream","Bottled Lightning","ReplayTheSpireMod:TigerMarble","Runic Pyramid","DemoMod:PinkGuonStone","Replay:Bottled Steam","Replay:Bottled Eggs","Bronze Scales"],"acts_visited":["Exordium","TheCity","TheBeyond"],"potions_floor_usage":[7,10,12,13,14,16,22,24,24,28,30,31,33,40,50,50],"damage_taken":[{"damage":7,"enemies":"Cultist","floor":1,"turns":4},{"damage":7,"enemies":"Jaw Worm","floor":2,"turns":4},{"damage":0,"enemies":"2 Louse","floor":5,"turns":3},{"damage":0,"enemies":"Replay:BlueRogue","floor":7,"turns":6},{"damage":0,"enemies":"Exordium Wildlife","floor":8,"turns":4},{"damage":0,"enemies":"Gremlin Nob","floor":10,"turns":1},{"damage":0,"enemies":"Blue Slaver","floor":11,"turns":3},{"damage":0,"enemies":"Lagavulin","floor":12,"turns":3},{"damage":0,"enemies":"Gremlin Nob","floor":14,"turns":4},{"damage":0,"enemies":"Slime Boss","floor":16,"turns":11},{"damage":0,"enemies":"Chosen","floor":18,"turns":3},{"damage":0,"enemies":"Spheric Guardian","floor":22,"turns":3},{"damage":10,"enemies":"Gremlin Leader","floor":24,"turns":4},{"damage":0,"enemies":"Shelled Parasite and Fungi","floor":25,"turns":3},{"damage":0,"enemies":"Centurion and Healer","floor":28,"turns":2},{"damage":0,"enemies":"Snake Plant","floor":30,"turns":2},{"damage":0,"enemies":"Replay:Snechameleon","floor":31,"turns":3},{"damage":0,"enemies":"Pondfish","floor":33,"turns":4},{"damage":0,"enemies":"3 Darklings","floor":35,"turns":2},{"damage":0,"enemies":"Mind Bloom Boss Battle","floor":38,"turns":3},{"damage":0,"enemies":"Orb Walker","floor":39,"turns":4},{"damage":0,"enemies":"R_Hoarder","floor":40,"turns":3},{"damage":0,"enemies":"Giant Head","floor":44,"turns":4},{"damage":0,"enemies":"Writhing Mass","floor":46,"turns":3},{"damage":0,"enemies":"Replay:Hell Engine","floor":50,"turns":4}],"seed_played":"7328726611116108936","potions_obtained":[{"floor":2,"key":"Milkshake"},{"floor":3,"key":"SpeedPotion"},{"floor":3,"key":"BottledMiracle"},{"floor":3,"key":"Poison Potion"},{"floor":5,"key":"BloodPotion"},{"floor":7,"key":"LiquidMemories"},{"floor":10,"key":"PowerPotion"},{"floor":12,"key":"Reflective Coating"},{"floor":16,"key":"LiquidBronze"},{"floor":18,"key":"Strength Potion"},{"floor":22,"key":"SteroidPotion"},{"floor":24,"key":"Strength Potion"},{"floor":25,"key":"LiquidMemories"},{"floor":28,"key":"SkillPotion"},{"floor":30,"key":"Adrenaline Potion"},{"floor":31,"key":"Swift Potion"},{"floor":33,"key":"Milkshake"},{"floor":35,"key":"SpeedPotion"},{"floor":39,"key":"EssenceOfSteel"},{"floor":44,"key":"PowerPotion"}],"is_trial":false,"path_per_floor":["M","M","?","?","M","R","E","M","T","E","M","E","$","E","R","B",null,"M","$","?","?","M","R","E","M","T","R","M","R","M","E","R","B",null,"M","$","?","?","M","E","R","T","T","E","$","M","R","$","R","B",null,null],"character_chosen":"THE_GATHERER","items_purchased":["Gatherer:AlchemyTrial","SteroidPotion","Gatherer:BomberForm","Gatherer:Snatch+1","Gatherer:AlchemyTrial","Replay:Bottled Eggs","DemoMod:LeadSkinPotion","Bronze Scales","Gatherer:UpgradeBag+1"],"campfire_rested":0,"item_purchase_floors":[13,13,19,36,45,45,45,45,48],"current_hp_per_floor":[53,46,46,46,46,46,46,46,46,46,46,46,67,67,67,67,67,67,67,67,67,65,65,55,55,55,55,55,55,55,55,55,55,63,63,63,63,63,63,63,63,70,70,70,70,70,70,70,70,68,68],"gold":22,"neow_bonus":"RANDOM_COLORLESS_2","is_daily":false,"chose_seed":false,"campfire_upgraded":9,"win_rate":0.0,"timestamp":1609174567,"path_taken":["M","?","?","?","M","R","E","?","T","E","M","E","$","E","R","BOSS","M","$","?","?","M","R","E","M","T","R","M","R","M","E","R","BOSS","M","$","?","?","M","E","R","?","T","E","$","M","R","?","R","BOSS"],"items_purchased_type":["Card","Potion","Card","Card","Card","Relic","Undefined","Relic","Card"],"build_version":"2020-12-22","purchased_purges":1,"victory":true,"max_hp_per_floor":[67,67,67,67,67,67,67,67,67,67,67,67,67,67,67,67,67,67,67,67,67,65,65,65,65,65,65,65,65,65,65,65,65,65,65,65,65,65,65,65,65,72,72,70,70,70,70,70,70,68,68],"card_choices":[{"not_picked":["Sadistic Nature","Crow Ritual"],"picked":"HandOfGreed","floor":0},{"not_picked":["Gatherer:FlowerFalling","Gatherer:OddSpoils"],"picked":"Gatherer:Snatch","floor":1},{"not_picked":["Gatherer:ScrollOfWall","Gatherer:TreeGrowth","Gatherer:FragileHammer"],"picked":"SKIP","floor":2},{"not_picked":["Gatherer:SaveValuables","Gatherer:FragileHammer","Gatherer:CollectorsShot"],"picked":"SKIP","floor":5},{"not_picked":["Gatherer:GatherMaterial","Gatherer:Pollute"],"picked":"Gatherer:GrowBook","floor":7},{"not_picked":["Gatherer:AromaProtection","Gatherer:Duality"],"picked":"Gatherer:EnergyBasket","floor":8},{"not_picked":["Gatherer:FlowerFalling","Gatherer:Convert"],"picked":"Gatherer:EnergyBasket","floor":10},{"not_picked":["Gatherer:GatherMaterial","Gatherer:GlowingPlant","Gatherer:FlowerPower"],"picked":"SKIP","floor":11},{"not_picked":["Gatherer:GatherMaterial","Gatherer:MiningStrike","Gatherer:SaveValuables"],"picked":"SKIP","floor":12},{"not_picked":["Gatherer:Enchant","Gatherer:FlowerFalling","Gatherer:TreeGrowth"],"picked":"SKIP","floor":14},{"not_picked":["Gatherer:Examine","Gatherer:GrowBook"],"picked":"Gatherer:BomberForm","floor":16},{"not_picked":["Gatherer:RottenStipe","Gatherer:GatherMaterial"],"picked":"Gatherer:AlchemyTrial","floor":18},{"not_picked":["Gatherer:GatherMaterial","Gatherer:BigPouch"],"picked":"Gatherer:FlowerPower","floor":22},{"not_picked":["Gatherer:Examine","Gatherer:CollectorsShot"],"picked":"Gatherer:Duplicator","floor":24},{"not_picked":["Gatherer:CarefulStrike+1","Gatherer:SaveValuables"],"picked":"Gatherer:EnergyBasket+1","floor":25},{"not_picked":["Gatherer:AcidicSpray","Gatherer:TreeGrowth","Gatherer:WitheringStrike"],"picked":"SKIP","floor":28},{"not_picked":["Gatherer:OddSpoils","Gatherer:CarefulStrike+1","Gatherer:Uplift"],"picked":"SKIP","floor":30},{"not_picked":["Gatherer:PotentialSlash","Gatherer:Enchant","Gatherer:BigPouch+1"],"picked":"SKIP","floor":31},{"not_picked":["Gatherer:Examine","Gatherer:CursedBlade"],"picked":"Gatherer:MindSearch","floor":33},{"not_picked":["Gatherer:DrugPower","Gatherer:RecoveryHerb","Gatherer:Solidify"],"picked":"SKIP","floor":35},{"not_picked":["Gatherer:TacticalStrike","Gatherer:Transmute+1","Gatherer:AcidicSpray+1"],"picked":"SKIP","floor":39},{"not_picked":["Gatherer:TreeGrowth","Gatherer:Pollute"],"picked":"Gatherer:ScrollOfPurity","floor":40},{"not_picked":["Gatherer:SaveValuables","Gatherer:ScherryThrow"],"picked":"Gatherer:AlchemyTrial+1","floor":44},{"not_picked":["Gatherer:BambuSword","Gatherer:Frenzy+1","Gatherer:Enchant"],"picked":"SKIP","floor":46}],"player_experience":1050620,"relics_obtained":[{"floor":3,"key":"Ring of Peace"},{"floor":3,"key":"ReplayTheSpireMod:Ring of Addiction"},{"floor":3,"key":"White Beast Statue"},{"floor":3,"key":"SacredBark"},{"floor":7,"key":"DemoMod:NanoMachines"},{"floor":9,"key":"Replay:Accelerometer"},{"floor":10,"key":"ReplayTheSpireMod:Lightbulb"},{"floor":12,"key":"Replay:Wax Seal"},{"floor":14,"key":"Replay:WaspNest"},{"floor":24,"key":"DemoMod:Junk"},{"floor":24,"key":"Ice Cream"},{"floor":26,"key":"Bottled Lightning"},{"floor":31,"key":"ReplayTheSpireMod:TigerMarble"},{"floor":31,"key":"DemoMod:Junk"},{"floor":38,"key":"DemoMod:Junk"},{"floor":40,"key":"DemoMod:Junk"},{"floor":40,"key":"DemoMod:Junk"},{"floor":42,"key":"DemoMod:PinkGuonStone"},{"floor":43,"key":"Replay:Bottled Steam"},{"floor":44,"key":"DemoMod:Junk"},{"floor":44,"key":"DemoMod:Junk"}],"event_choices":[{"cards_removed":["Delirium"],"damage_healed":0,"gold_gain":0,"player_choice":"Purged","damage_taken":0,"max_hp_gain":0,"max_hp_loss":0,"event_name":"Purifier","floor":4,"gold_loss":0},{"damage_healed":0,"gold_gain":0,"player_choice":"Obtained Relic","damage_taken":0,"relics_obtained":["DemoMod:SerJunkan"],"max_hp_gain":0,"max_hp_loss":0,"event_name":"Addict","floor":20,"gold_loss":85},{"damage_healed":0,"gold_gain":0,"player_choice":"Ignored","damage_taken":0,"max_hp_gain":0,"max_hp_loss":0,"event_name":"Ghosts","floor":21,"gold_loss":0},{"damage_healed":0,"gold_gain":0,"player_choice":"Fight","damage_taken":0,"max_hp_gain":0,"max_hp_loss":0,"event_name":"MindBloom","floor":38,"gold_loss":0}],"is_beta":false,"boss_relics":[{"not_picked":["Abe\u0027s Treasure","Empty Cage"],"picked":"Black Star"},{"not_picked":["Astrolabe","Sozu"],"picked":"Runic Pyramid"}],"items_purged_floors":[48],"is_endless":false,"potions_floor_spawned":[2,5,7,8,10,11,12,16,18,22,24,25,28,30,31,33,35,38,39,44,46],"ascension_level":17}}