{"host":"hi7fki77kkmhrce8","time":1609130848,"event":{"mods":["AchievementEnabler","Act Like it!","BaseMod","Beaked The Cultist","Colored Map","Colored Powertips","Downfall","Halation","Hallownest","Jedi Mod","Mad Scientist","Minty Spire (QoL Compilation)","Relic Stats","Replay The Spire","StSLib","SuperFastMode","The Construct","The Servant 0.9.4","The Witch"],"gold_per_floor":[115,60,10,10,27,27,37,56,56,56,69,81,100,118,118,118,118],"floor_reached":16,"playtime":618,"items_purged":[],"score":129,"play_id":"41f54d11-7452-4a85-82f2-6a3aee728690","local_time":"20201227234728","is_ascension_mode":false,"campfire_choices":[{"data":"MadScienceMod:FragmentationGrenade","floor":6,"key":"SMITH"},{"data":"MadScienceMod:FragmentationGrenade","floor":10,"key":"SMITH"},{"floor":15,"key":"REST"}],"circlet_count":0,"master_deck":["MadScienceMod:Strike_MadScience","MadScienceMod:Strike_MadScience","MadScienceMod:Strike_MadScience","MadScienceMod:Defend_MadScience","MadScienceMod:Defend_MadScience","MadScienceMod:Defend_MadScience","MadScienceMod:Defend_MadScience","MadScienceMod:PoweredStrike","MadScienceMod:HideBehindJunk","MadScienceMod:FragmentationGrenade+1","MadScienceMod:ExtractOil","MadScienceMod:ExtractOil","MadScienceMod:FragmentationGrenade+1","MadScienceMod:EnergyBarrier","MadScienceMod:RecyclingStation","MadScienceMod:RadioactiveSword","MadScienceMod:ExploreOptions","MadScienceMod:FragmentationGrenade","MadScienceMod:OilDrum"],"relics":["MadScienceMod:FuelTank","Replay:Towering Pillar of Hats","Incense Burner"],"acts_visited":["Exordium"],"potions_floor_usage":[11,12,14,16,16],"damage_taken":[{"damage":8,"enemies":"2 Louse","floor":1,"turns":4},{"damage":11,"enemies":"Jaw Worm","floor":5,"turns":2},{"damage":10,"enemies":"Cultist","floor":7,"turns":4},{"damage":10,"enemies":"Blue Slaver","floor":8,"turns":5},{"damage":0,"enemies":"3 Sentries","floor":11,"turns":2},{"damage":16,"enemies":"2 Fungi Beasts","floor":12,"turns":3},{"damage":5,"enemies":"Looter","floor":13,"turns":4},{"damage":21,"enemies":"Lots of Slimes","floor":14,"turns":5},{"damage":27,"enemies":"The Guardian","floor":16,"turns":4}],"seed_played":"-3221258978026423779","potions_obtained":[{"floor":4,"key":"LiquidMemories"},{"floor":4,"key":"hexamod:EctoCoolerPotion"},{"floor":4,"key":"GamblersBrew"},{"floor":5,"key":"Languid Potion"},{"floor":7,"key":"AttackPotion"},{"floor":13,"key":"construct:ShiftPotion"},{"floor":14,"key":"SkillPotion"}],"is_trial":false,"path_per_floor":["M","$","?","?","M","R","M","M","T","R","E","M","M","M","R","B"],"character_chosen":"MAD_SCIENTIST","items_purchased":["MadScienceMod:ExtractOil"],"campfire_rested":1,"item_purchase_floors":[2],"current_hp_per_floor":[74,74,74,74,63,63,53,43,43,43,43,27,22,1,25,0,0],"gold":118,"neow_bonus":"TEN_PERCENT_HP_BONUS","is_daily":false,"chose_seed":false,"campfire_upgraded":2,"win_rate":0.0,"timestamp":1609130848,"path_taken":["M","$","?","?","M","R","M","M","T","R","E","M","M","M","R","BOSS"],"items_purchased_type":["Card"],"build_version":"2020-12-22","purchased_purges":0,"victory":false,"max_hp_per_floor":[82,82,82,82,82,82,82,82,82,82,82,82,82,82,82,82,82],"relic_stats":{"counters":[9,33],"obtain_stats":[{"MadScienceMod:FuelTank":0,"Replay:Towering Pillar of Hats":9,"Incense Burner":11},{"MadScienceMod:FuelTank":0,"Replay:Towering Pillar of Hats":4,"Incense Burner":5},{"MadScienceMod:FuelTank":0,"Replay:Towering Pillar of Hats":15,"Incense Burner":17}]},"card_choices":[{"not_picked":["MadScienceMod:ShrinkRay","MadScienceMod:Detonate"],"picked":"MadScienceMod:FragmentationGrenade","floor":1},{"not_picked":["MadScienceMod:Detonate","MadScienceMod:EnergyBarrier"],"picked":"MadScienceMod:FragmentationGrenade","floor":5},{"not_picked":["MadScienceMod:Refuel","MadScienceMod:FlexibleSpear"],"picked":"MadScienceMod:EnergyBarrier","floor":7},{"not_picked":["MadScienceMod:AntimatterBomb","MadScienceMod:FumeBlast"],"picked":"MadScienceMod:RecyclingStation","floor":8},{"not_picked":["MadScienceMod:TimeDilationField","MadScienceMod:OmniHammer"],"picked":"MadScienceMod:RadioactiveSword","floor":11},{"not_picked":["MadScienceMod:Redesign","MadScienceMod:LightOnFire"],"picked":"MadScienceMod:ExploreOptions","floor":12},{"not_picked":["MadScienceMod:Detonate","MadScienceMod:AcidSpray"],"picked":"MadScienceMod:FragmentationGrenade","floor":13},{"not_picked":["MadScienceMod:AcidSpray","MadScienceMod:RadioactiveSword"],"picked":"MadScienceMod:OilDrum","floor":14}],"player_experience":129058,"relics_obtained":[{"floor":9,"key":"Replay:Towering Pillar of Hats"},{"floor":11,"key":"Incense Burner"}],"event_choices":[{"cards_removed":["MadScienceMod:Strike_MadScience"],"damage_healed":0,"gold_gain":0,"player_choice":"Card Removal","damage_taken":0,"max_hp_gain":0,"max_hp_loss":0,"event_name":"The Cleric","floor":3,"gold_loss":50},{"damage_healed":0,"gold_gain":0,"player_choice":"Got Potions","damage_taken":0,"max_hp_gain":0,"max_hp_loss":0,"event_name":"Lab","floor":4,"gold_loss":0}],"is_beta":false,"boss_relics":[],"items_purged_floors":[],"is_endless":false,"potions_floor_spawned":[5,7,13,14],"killed_by":"The Guardian","ascension_level":0}}