{"host":"h5acbxt0wmjo1kpm","time":1609137117,"event":{"mods":["2.2 Compatiblity","Act Like it!","AlwaysNeverKeys","Aspiration","Bartender","BaseMod","Better Third Choice","Colored Map","Elementarium","Gensokyo","GifTheSpireLib","Hallownest","Marisa????????","Minty Spire (QoL Compilation)","Permanent Neow","Potionbrewer","Relic Filter","Replay The Spire","Robot Space Explorer","RumiaBox-????????","Shade Mod","Spicy Shops","StSLib","Strawberry Spire","The Blackbeard","The Dragon Tamer","The Forsaken","The Gatherer","The Problem Sleuth","The Servant 0.9.4","Wandering Minibosses","vexMod"],"gold_per_floor":[117,133,80,91,102,102,137,154,154,154,254,254,254,279,279,357,357,367,73,73,89,23,23,23],"floor_reached":23,"playtime":1224,"items_purged":[],"score":377,"play_id":"af2c1f54-e9dc-4afc-91aa-d86d0299c272","local_time":"20201227223157","is_ascension_mode":true,"campfire_choices":[{"data":"Swivel","floor":6,"key":"SMITH"},{"floor":10,"key":"REST"},{"data":"Hologram","floor":12,"key":"SMITH"},{"floor":15,"key":"REST"}],"circlet_count":0,"master_deck":["AscendersBane","Strike_B","Strike_B","Strike_B","Strike_B","Defend_B","Defend_B","Defend_B","Defend_B","Zap+1","Dualcast","Carnage","Swivel+1","Sunder","Sunder","Conserve Battery","White Noise+1","Hologram+1","EmptyFist","Crescendo","Meteor Strike","strawberrySpire:Adapter+1","Conserve Battery","Gensokyo:RustyChest","Gensokyo:DepletedGenerator"],"relics":["Cracked Core","aspiration:Nostalgia","Replay:M_SmolderingBlood","War Paint","aspiration:HatOfInfinitePower","Blood Vial","Silver_Glasses","Golden Egg","Frozen Eye"],"acts_visited":["Gensokyo:Gensokyo","Gensokyo:Gensokyoer"],"potions_floor_usage":[7,23,23],"damage_taken":[{"damage":11,"enemies":"Gensokyo:3_Fairies","floor":1,"turns":5},{"damage":8,"enemies":"Gensokyo:2_Kodama","floor":2,"turns":3},{"damage":8,"enemies":"Gensokyo:Gryphon","floor":4,"turns":2},{"damage":2,"enemies":"Gensokyo:VengefulSpirit","floor":5,"turns":3},{"damage":0,"enemies":"Gensokyo:Cirno","floor":7,"turns":5},{"damage":34,"enemies":"Gensokyo:5_Fairies","floor":8,"turns":6},{"damage":25,"enemies":"Gensokyo:Aya","floor":14,"turns":4},{"damage":31,"enemies":"Gensokyo:Yukari","floor":16,"turns":11},{"damage":10,"enemies":"Gensokyo:AngelMirror","floor":18,"turns":3},{"damage":0,"enemies":"Gensokyo:2_Gloops","floor":21,"turns":3},{"damage":69,"enemies":"Gensokyo:Koishi","floor":23,"turns":6}],"seed_played":"-1701437832752690082","potions_obtained":[{"floor":1,"key":"FocusPotion"},{"floor":18,"key":"Adrenaline Potion"},{"floor":21,"key":"LiquidMemories"}],"is_trial":false,"path_per_floor":["M","M","$","M","M","R","E","M","T","R","?","R","?","E","R","B",null,"M","$","?","M","COS","E"],"character_chosen":"DEFECT","items_purchased":["Sunder","strawberrySpire:Adapter+1","Golden Egg"],"campfire_rested":2,"item_purchase_floors":[3,19,19],"current_hp_per_floor":[53,45,45,37,35,35,35,1,1,22,22,22,40,15,36,7,55,47,47,47,49,49,0,0],"gold":23,"neow_bonus":"NOSTALGIA","is_daily":false,"chose_seed":false,"campfire_upgraded":2,"win_rate":0.0,"timestamp":1609137117,"path_taken":["M","M","$","?","M","R","E","?","T","R","?","R","?","E","R","BOSS","M","$","?","M","COS","E"],"items_purchased_type":["Card","Card","Relic"],"build_version":"2020-12-22","purchased_purges":0,"victory":false,"max_hp_per_floor":[71,71,71,71,71,71,71,71,71,71,71,71,71,71,71,71,71,71,71,71,71,71,71,71],"card_choices":[{"not_picked":["Gash","Reprogram"],"picked":"Carnage","floor":1},{"not_picked":["Redo","strawberrySpire:THEL"],"picked":"Swivel","floor":2},{"not_picked":["Gash","Beam Cell"],"picked":"Conserve Battery","floor":4},{"not_picked":["strawberrySpire:Adapter","Carnage"],"picked":"White Noise","floor":5},{"not_picked":["Redo","Crystallizer"],"picked":"Hologram","floor":7},{"not_picked":["Recycle","Headbutt"],"picked":"EmptyFist","floor":8},{"not_picked":["Recycle","Sweeping Beam"],"picked":"Crescendo","floor":14},{"not_picked":["Fission","Hyperbeam"],"picked":"Meteor Strike","floor":16},{"not_picked":["strawberrySpire:NeonFlight","Redo","Lockon"],"picked":"SKIP","floor":18},{"not_picked":["strawberrySpire:Adapter+1","Ball Lightning"],"picked":"Conserve Battery","floor":21}],"player_experience":1965128,"relics_obtained":[{"floor":7,"key":"War Paint"},{"floor":9,"key":"aspiration:HatOfInfinitePower"},{"floor":14,"key":"Blood Vial"}],"event_choices":[],"is_beta":false,"boss_relics":[{"not_picked":["Kintsugi","Abe\u0027s Treasure"],"picked":"Silver_Glasses"}],"items_purged_floors":[],"is_endless":false,"potions_floor_spawned":[1,5,18,21],"killed_by":"Gensokyo:Koishi","ascension_level":15}}