{"host":"pbf6u3tyx46snqc7","time":1609146484,"event":{"mods":["AchievementEnabler","BaseMod","Colored Map","Minty Spire (QoL Compilation)","Permanent Neow","Rare Cards Sparkle","Shop Mod","SuperFastMode"],"gold_per_floor":[116,116,41,54,72,72,104,104,128,138,154,20,20,32,32,107,107,124,124,36,36,53,53,53,84,84,84,84,84],"floor_reached":28,"playtime":1017,"items_purged":["Defend_B"],"score":472,"play_id":"45bc6975-9de4-4792-af7d-ea66a3c12763","local_time":"20201228180804","is_ascension_mode":true,"campfire_choices":[{"data":"Zap","floor":6.0,"key":"SMITH"},{"data":"Ball Lightning","floor":8.0,"key":"SMITH"},{"floor":13.0,"key":"REST"},{"floor":15.0,"key":"REST"},{"floor":23.0,"key":"REST"}],"circlet_count":0,"master_deck":["AscendersBane","Strike_B","Defend_B","Defend_B","Defend_B","Zap+1","Dualcast","Ball Lightning+1","Skim","Cold Snap","Compile Driver","Conserve Battery","Coolheaded","Biased Cognition","CurseOfTheBell","FTL","Chaos","Shame"],"relics":["Cracked Core","DataDisk","Toy Ornithopter","Calling Bell","PreservedInsect","Mercury Hourglass","Lizard Tail","Strawberry","Molten Egg 2","Potion Belt"],"acts_visited":["Exordium","TheCity"],"potions_floor_usage":[],"damage_taken":[{"damage":2.0,"enemies":"Cultist","floor":1.0,"turns":4.0},{"damage":0.0,"enemies":"2 Louse","floor":4.0,"turns":2.0},{"damage":5.0,"enemies":"Small Slimes","floor":5.0,"turns":2.0},{"damage":25.0,"enemies":"3 Sentries","floor":7.0,"turns":8.0},{"damage":17.0,"enemies":"Gremlin Gang","floor":10.0,"turns":3.0},{"damage":3.0,"enemies":"2 Fungi Beasts","floor":11.0,"turns":3.0},{"damage":14.0,"enemies":"Large Slime","floor":14.0,"turns":5.0},{"damage":7.0,"enemies":"The Guardian","floor":16.0,"turns":11.0},{"damage":24.0,"enemies":"2 Thieves","floor":18.0,"turns":3.0},{"damage":2.0,"enemies":"Spheric Guardian","floor":22.0,"turns":4.0},{"damage":23.0,"enemies":"Book of Stabbing","floor":25.0,"turns":4.0},{"damage":23,"enemies":"Centurion and Healer","floor":28,"turns":7}],"seed_played":"-3178691299630735351","potions_obtained":[{"floor":4.0,"key":"PowerPotion"},{"floor":7.0,"key":"BlessingOfTheForge"},{"floor":14.0,"key":"FearPotion"},{"floor":16.0,"key":"GamblersBrew"}],"is_trial":false,"path_per_floor":["M","T","$","M","M","R","E","R","T","M","M","$","R","M","R","B",null,"M","?","$","?","M","R","?","E","T","?","M"],"character_chosen":"DEFECT","items_purchased":["Skim","Coolheaded","FTL"],"campfire_rested":3,"item_purchase_floors":[3,12,20],"current_hp_per_floor":[62,62,62,62,57,57,32,32,32,20,17,17,36,22,41,34,57,33,16,16,16,14,34,34,23,23,23,38,38],"gold":84,"neow_bonus":"REMOVE_TWO","is_daily":false,"chose_seed":false,"campfire_upgraded":2,"win_rate":0.0,"timestamp":1609146484,"path_taken":["M","?","$","M","?","R","E","R","T","M","?","$","R","M","R","BOSS","M","?","$","?","?","R","?","E","T","?","?"],"items_purchased_type":["Card","Card","Card"],"build_version":"2020-12-22","purchased_purges":1,"victory":false,"max_hp_per_floor":[64,64,64,64,64,64,64,64,64,64,64,64,64,64,64,64,64,64,69,69,69,69,69,69,76,76,76,76,76],"card_choices":[{"not_picked":["Steam","Glacier"],"picked":"Ball Lightning","floor":1.0},{"not_picked":["Self Repair","Ball Lightning"],"picked":"Cold Snap","floor":4.0},{"not_picked":["Streamline","Gash","Stack"],"picked":"SKIP","floor":5.0},{"not_picked":["Streamline","Reprogram","Steam"],"picked":"SKIP","floor":7.0},{"not_picked":["Lockon","Creative AI"],"picked":"Compile Driver","floor":10.0},{"not_picked":["Force Field","Cold Snap"],"picked":"Conserve Battery","floor":11.0},{"not_picked":["Beam Cell","Coolheaded","Gash"],"picked":"SKIP","floor":14.0},{"not_picked":["Electrodynamics","Meteor Strike"],"picked":"Biased Cognition","floor":16.0},{"not_picked":["Stack","Gash","Hologram"],"picked":"SKIP","floor":18.0},{"not_picked":["Sunder","Hologram","Streamline"],"picked":"SKIP","floor":22.0},{"not_picked":["Gash+1","Stack"],"picked":"Chaos","floor":25.0}],"player_experience":358219,"relics_obtained":[{"floor":2.0,"key":"DataDisk"},{"floor":7.0,"key":"Toy Ornithopter"},{"floor":17.0,"key":"PreservedInsect"},{"floor":17.0,"key":"Mercury Hourglass"},{"floor":17.0,"key":"Lizard Tail"},{"floor":25.0,"key":"Strawberry"},{"floor":26.0,"key":"Molten Egg 2"}],"event_choices":[{"damage_healed":0.0,"max_hp_gain":5.0,"max_hp_loss":0.0,"gold_gain":0.0,"event_name":"Forgotten Altar","player_choice":"Shed Blood","floor":19.0,"gold_loss":0.0,"damage_taken":22.0},{"cards_removed":["Strike_B"],"damage_healed":0.0,"max_hp_gain":0.0,"max_hp_loss":0.0,"gold_gain":0.0,"event_name":"Purifier","player_choice":"Purged","floor":21.0,"gold_loss":0.0,"damage_taken":0.0},{"damage_healed":0.0,"max_hp_gain":0.0,"max_hp_loss":0.0,"gold_gain":0.0,"event_name":"Cursed Tome","player_choice":"Ignored","floor":24.0,"gold_loss":0.0,"damage_taken":0.0},{"damage_healed":0.0,"max_hp_gain":0.0,"max_hp_loss":0.0,"gold_gain":0.0,"event_name":"Addict","player_choice":"Stole Relic","floor":27.0,"gold_loss":0.0,"damage_taken":0.0,"relics_obtained":["Potion Belt"],"cards_obtained":["Shame"]}],"is_beta":false,"boss_relics":[{"not_picked":["Velvet Choker","SlaversCollar"],"picked":"Calling Bell"}],"items_purged_floors":[12],"is_endless":false,"potions_floor_spawned":[4,7,14,16],"killed_by":"Centurion and Healer","ascension_level":20}}