{"host":"5fasz840ryq7obdf","time":1609183652,"event":{"mods":["AchievementEnabler","BaseMod","Bestiary","Better Altar","Better Skull","Better Third Choice","BetterRewards","Block Reminder","Colored Powertips","Curses Come First","Highlight Path","Minty Spire (QoL Compilation)","Quick Restart","Rare Cards Sparkle","Relic Sorter","Relic Stats","Shop Mod","Slay-I","Spicy Shops","StSLib","SuperFastMode"],"gold_per_floor":[115,34,34,34,50,50,79,79,79,99,5,16,41,41,41,118,118,133,147,15,15,15,50,50,50,50],"floor_reached":25,"playtime":1055,"items_purged":[],"score":554,"play_id":"fd11594b-62af-4673-8f31-7381f68b1f89","local_time":"20201228192732","is_ascension_mode":true,"campfire_choices":[{"data":"Hologram","floor":6.0,"key":"SMITH"},{"data":"Dualcast","floor":8.0,"key":"SMITH"},{"floor":15.0,"key":"REST"},{"data":"Fission","floor":24.0,"key":"SMITH"}],"circlet_count":0,"master_deck":["AscendersBane","Strike_B+1","Strike_B+1","Strike_B+1","Strike_B+1","Defend_B+1","Defend_B+1","Defend_B+1","Defend_B+1","Zap+1","Dualcast+1","Genetic Algorithm","Cold Snap","Undo","Hologram+1","Redo","Self Repair","Steam","Undo","Regret","Steam","Electrodynamics","Self Repair","Ball Lightning+1","Core Surge+1","Burn+1","Fission+1","Doom and Gloom+1","Lockon+1","Core Surge+1"],"relics":["Cracked Core","Orrery","Happy Flower","Cables","Emotion Chip","Lizard Tail","Question Card","Molten Egg 2","Strawberry","Inserter","Kunai","Pear"],"acts_visited":["Exordium","TheCity"],"potions_floor_usage":[],"damage_taken":[{"damage":7.0,"enemies":"Jaw Worm","floor":1.0,"turns":4.0},{"damage":3.0,"enemies":"Small Slimes","floor":5.0,"turns":3.0},{"damage":66.0,"enemies":"Gremlin Nob","floor":7.0,"turns":5.0},{"damage":0.0,"enemies":"2 Louse","floor":10.0,"turns":3.0},{"damage":4.0,"enemies":"Exordium Wildlife","floor":12.0,"turns":5.0},{"damage":10.0,"enemies":"3 Sentries","floor":13.0,"turns":4.0},{"damage":3.0,"enemies":"Slime Boss","floor":16.0,"turns":6.0},{"damage":8.0,"enemies":"3 Byrds","floor":18.0,"turns":3.0},{"damage":19.0,"enemies":"Shell Parasite","floor":19.0,"turns":4.0},{"damage":57.0,"enemies":"Book of Stabbing","floor":23.0,"turns":6.0},{"damage":43,"enemies":"Gremlin Leader","floor":25,"turns":4}],"seed_played":"-7706779186082968363","potions_obtained":[{"floor":5.0,"key":"Ancient Potion"},{"floor":7.0,"key":"Ancient Potion"},{"floor":12.0,"key":"LiquidBronze"},{"floor":18.0,"key":"Regen Potion"}],"is_trial":false,"path_per_floor":["M","$","?","?","M","R","E","R","T","M","$","M","E","?","R","B",null,"M","M","$","?","$","E","R","E"],"character_chosen":"DEFECT","items_purchased":["Orrery","Happy Flower","Redo","Self Repair","Cables","Emotion Chip","Undo","Self Repair","Kunai"],"campfire_rested":1,"item_purchase_floors":[0,0,0,0,0,0,2,11,20],"current_hp_per_floor":[32,32,32,32,36,36,15,15,15,15,15,18,22,22,45,56,73,65,53,53,53,53,34,34,0,0],"gold":50,"neow_bonus":"","is_daily":false,"chose_seed":false,"campfire_upgraded":3,"win_rate":0.0,"timestamp":1609183652,"path_taken":["M","$","?","?","?","R","E","R","T","M","$","M","E","?","R","BOSS","M","M","$","?","$","E","R","E"],"items_purchased_type":["Relic","Relic","Card","Card","Relic","Relic","Card","Card","Relic"],"build_version":"2020-12-22","purchased_purges":0,"victory":false,"max_hp_per_floor":[71,71,71,71,71,71,71,71,71,71,71,71,78,78,78,78,78,78,78,78,78,78,88,88,88,88],"relic_stats":{"Emotion Chip":[41,29,9,3,0],"Lizard Tail":35,"Inserter":[8],"Happy Flower":[15],"counters":[11,47],"Kunai":[1],"Question Card":7,"obtain_stats":[{"Emotion Chip":0,"Lizard Tail":4,"Inserter":17,"Pear":23,"Happy Flower":0,"Strawberry":13,"Orrery":0,"Molten Egg 2":9,"Kunai":20,"Cracked Core":0,"Question Card":7,"Cables":0},{"Emotion Chip":0,"Lizard Tail":1,"Inserter":7,"Pear":10,"Happy Flower":0,"Strawberry":6,"Orrery":0,"Molten Egg 2":3,"Kunai":9,"Cracked Core":0,"Question Card":3,"Cables":0},{"Emotion Chip":0,"Lizard Tail":4,"Inserter":30,"Pear":43,"Happy Flower":0,"Strawberry":24,"Orrery":0,"Molten Egg 2":12,"Kunai":37,"Cracked Core":0,"Question Card":12,"Cables":0}],"Cables":[56,45,5,6,0]},"card_choices":[{"not_picked":["Redo","Rip and Tear"],"picked":"Genetic Algorithm","floor":0.0},{"not_picked":["Steam","Gash"],"picked":"Cold Snap","floor":0.0},{"not_picked":["Rip and Tear","Rebound"],"picked":"Undo","floor":0.0},{"not_picked":["Beam Cell","Streamline"],"picked":"Hologram","floor":0.0},{"not_picked":["Scrape","Rebound"],"picked":"Steam","floor":1.0},{"not_picked":["Sweeping Beam","Stack","Scrape"],"picked":"SKIP","floor":5.0},{"not_picked":["Streamline","White Noise"],"picked":"Steam","floor":7.0},{"not_picked":["Auto Shields","White Noise","Reinforced Body"],"picked":"Electrodynamics","floor":10.0},{"not_picked":["Cold Snap+1","Hologram","Recycle"],"picked":"Ball Lightning+1","floor":12.0},{"not_picked":["Rebound+1","Ball Lightning+1","Heatsinks"],"picked":"Core Surge+1","floor":13.0},{"not_picked":["Meteor Strike+1","Creative AI","Multi-Cast"],"picked":"Fission","floor":16.0},{"not_picked":["Double Energy","Recycle","FTL+1"],"picked":"Doom and Gloom+1","floor":18.0},{"not_picked":["Rebound+1","Aggregate","Sweeping Beam+1"],"picked":"Lockon+1","floor":19.0},{"not_picked":["Capacitor","Beam Cell+1","Gash+1"],"picked":"Core Surge+1","floor":23.0}],"player_experience":1234220,"relics_obtained":[{"floor":7.0,"key":"Question Card"},{"floor":9.0,"key":"Molten Egg 2"},{"floor":13.0,"key":"Strawberry"},{"floor":23.0,"key":"Pear"}],"event_choices":[{"damage_healed":0.0,"max_hp_gain":0.0,"max_hp_loss":0.0,"gold_gain":0.0,"event_name":"Living Wall","player_choice":"Grow","floor":3.0,"gold_loss":0.0,"damage_taken":0.0,"cards_upgraded":["Zap"]},{"damage_healed":0.0,"max_hp_gain":0.0,"max_hp_loss":0.0,"gold_gain":0.0,"event_name":"Big Fish","player_choice":"Box","floor":4.0,"gold_loss":0.0,"damage_taken":0.0,"relics_obtained":["Lizard Tail"],"cards_obtained":["Regret"]},{"damage_healed":22.0,"max_hp_gain":0.0,"max_hp_loss":78.0,"gold_gain":0.0,"event_name":"betterThird:BetterShining","player_choice":"Embrace Burn","floor":14.0,"gold_loss":0.0,"damage_taken":0.0},{"damage_healed":0.0,"max_hp_gain":0.0,"max_hp_loss":8.0,"gold_gain":0.0,"event_name":"betterThird:BetterWriting","player_choice":"Simplicity","floor":21.0,"gold_loss":0.0,"damage_taken":0.0}],"is_beta":false,"boss_relics":[{"not_picked":["FrozenCore","Runic Pyramid"],"picked":"Inserter"}],"items_purged_floors":[],"is_endless":false,"potions_floor_spawned":[5,7,12,18],"killed_by":"Gremlin Leader","ascension_level":20}}