{"host":"j45ucdvl5ntpx4kf","time":1609115559,"event":{"mods":["AchievementEnabler","BaseMod","Bestiary","Colored Map","Colored Powertips","Downfall","Minty Spire (QoL Compilation)","StSLib"],"gold_per_floor":[99,113,20,45,61,92,163,163,73,73,97,82,95,95,114,218,218,68,80,91,91,111,129,154,166,266,279,289,303,336,92,106,207,207,132,142,153,138,138,61,61,71,71,87,87,87,87,121,133,133,133,163,163,163,163],"floor_reached":56,"playtime":5058,"items_purged":[],"score":1336,"play_id":"c524d035-859a-4b94-8729-718a2365f28a","local_time":"20201227193239","is_ascension_mode":false,"campfire_choices":[{"floor":1.0,"key":"RECALL"},{"floor":10.0,"key":"REST"},{"data":"hexamod:EtherealExpedition","floor":18,"key":"SMITH"},{"data":"hexamod:UnleashSpirits","floor":35,"key":"SMITH"},{"data":"hexamod:SearingWound","floor":45,"key":"SMITH"},{"data":"hexamod:RecurringNightmare","floor":47,"key":"SMITH"},{"floor":54,"key":"REST"}],"circlet_count":0,"master_deck":["hexamod:Strike","hexamod:Strike","hexamod:Strike+1","hexamod:Strike","hexamod:Defend","hexamod:Defend","hexamod:Defend","hexamod:Defend","hexamod:Sear","hexamod:Float","hexamod:InspiringFlames","hexamod:CrushingStance","hexamod:StepThrough","hexamod:SpectersWail","hexamod:Hexaguard","expansioncontent:Collect","hexamod:RecurringNightmare+1","hexamod:EtherealExpedition+1","hexamod:DynamicBlow","hexamod:EtherealExpedition+1","hexamod:Hexaguard+1","hexamod:PhantomCloak","hexamod:GhostOfSpirePresent","hexamod:Again+1","hexamod:ThermalTransfer","hexamod:FlamesFromBeyond","hexamod:GiftsFromTheDead","hexamod:GhostLash","hexamod:UnleashSpirits+1","hexamod:TimeOfNeed","hexamod:GhostLash+1","hexamod:GhostOfSpirePresent+1","hexamod:SearingWound+1","hexamod:Hexaguard+1","hexamod:EtherealExpedition+1","hexamod:Hexaguard+1","hexamod:ThermalTransfer+1"],"relics":["hexamod:SpiritBrand","Akabeko","Thread and Needle","Odd Mushroom","hexamod:IceCube","downfall:HeartBlessingRed","downfall:HeartBlessingGreen","hexamod:TheBrokenSeal","Strawberry","Pantograph","SacredBark","downfall:HeartBlessingBlue","Torii","Sling","Calipers","Mummified Hand"],"acts_visited":["Exordium","TheCity","TheBeyond","TheEnding"],"potions_floor_usage":[20,22,30,33,33,55],"damage_taken":[{"damage":0.0,"enemies":"Small Slimes","floor":2.0,"turns":3.0},{"damage":0.0,"enemies":"downfall:FleeingMerchant","floor":3.0,"turns":4.0},{"damage":28.0,"enemies":"3 Sentries","floor":4.0,"turns":11.0},{"damage":0.0,"enemies":"Cultist","floor":5.0,"turns":3.0},{"damage":24.0,"enemies":"Lagavulin","floor":6.0,"turns":6.0},{"damage":0.0,"enemies":"downfall:FleeingMerchant","floor":9.0,"turns":4.0},{"damage":0.0,"enemies":"The Mushroom Lair","floor":11.0,"turns":4.0},{"damage":9.0,"enemies":"downfall:FleeingMerchant","floor":12.0,"turns":4.0},{"damage":0.0,"enemies":"2 Louse","floor":13.0,"turns":2.0},{"damage":3.0,"enemies":"Blue Slaver","floor":15.0,"turns":2.0},{"damage":8.0,"enemies":"downfall:Ironclad","floor":16.0,"turns":12.0},{"damage":5,"enemies":"Spheric Guardian","floor":19,"turns":6},{"damage":1,"enemies":"Shell Parasite","floor":20,"turns":6},{"damage":25,"enemies":"Snake Plant","floor":22,"turns":7},{"damage":0,"enemies":"Centurion and Healer","floor":23,"turns":5},{"damage":0,"enemies":"Sentry and Sphere","floor":25,"turns":6},{"damage":3,"enemies":"Snake Plant","floor":27,"turns":4},{"damage":9,"enemies":"Cultist and Chosen","floor":28,"turns":6},{"damage":0,"enemies":"Centurion and Healer","floor":29,"turns":6},{"damage":44,"enemies":"Gremlin Leader","floor":30,"turns":8},{"damage":0,"enemies":"downfall:FleeingMerchant","floor":31,"turns":4},{"damage":0,"enemies":"Snecko","floor":32,"turns":5},{"damage":25,"enemies":"downfall:Silent","floor":33,"turns":8},{"damage":9,"enemies":"3 Darklings","floor":36,"turns":4},{"damage":0,"enemies":"Orb Walker","floor":37,"turns":3},{"damage":0,"enemies":"downfall:FleeingMerchant","floor":38,"turns":4},{"damage":0,"enemies":"downfall:FleeingMerchant","floor":40,"turns":1},{"damage":8,"enemies":"4 Shapes","floor":42,"turns":5},{"damage":4,"enemies":"Spire Growth","floor":44,"turns":5},{"damage":26,"enemies":"Reptomancer","floor":48,"turns":6},{"damage":0,"enemies":"Transient","floor":49,"turns":5},{"damage":0,"enemies":"downfall:Defect","floor":50,"turns":6},{"damage":63,"enemies":"downfall:CharBossMerchant","floor":52,"turns":9},{"damage":12,"enemies":"downfall:NeowBoss","floor":55,"turns":26}],"seed_played":"4789881771380412400","potions_obtained":[{"floor":5.0,"key":"FearPotion"},{"floor":11.0,"key":"Energy Potion"},{"floor":13.0,"key":"Strength Potion"},{"floor":16.0,"key":"FearPotion"},{"floor":20,"key":"EssenceOfSteel"},{"floor":23,"key":"PowerPotion"},{"floor":25,"key":"FairyPotion"},{"floor":33,"key":"Energy Potion"},{"floor":44,"key":"Strength Potion"}],"is_trial":false,"path_per_floor":["R","M","$","E","M","E","T","?","$","R","?","$","M","?","M","B",null,"R","M","M","?","M","M","T","M","?","M","M","M","E","$","M","B",null,"R","M","M","$","?","$","T","M","?","M","R","?","R","E","M","B",null,"E","$","R","B",null],"character_chosen":"THE_SPIRIT","items_purchased":["hexamod:ThirdSeal","hexamod:EtherealExpedition","hexamod:UnleashSpirits","DistilledChaos","Torii","Sling"],"campfire_rested":2,"item_purchase_floors":[3,9,31,31,40,40],"current_hp_per_floor":[63,63,63,35,42,25,25,25,32,57,64,62,62,67,64,63,89,89,89,88,88,87,87,94,94,94,91,82,82,38,38,38,38,106,116,107,107,107,107,107,107,99,99,95,95,95,95,69,69,94,116,53,53,87,100],"gold":163,"neow_bonus":"TWENTY_PERCENT_HP_BONUS","is_daily":false,"chose_seed":false,"campfire_upgraded":4,"win_rate":0.0,"timestamp":1609115559,"path_taken":["R","M","$","E","M","E","T","?","?","R","?","$","M","?","M","BOSS","R","M","M","?","M","M","T","M","?","?","M","M","E","$","M","BOSS","R","M","M","$","?","?","T","M","?","M","R","?","R","E","M","BOSS","E","$","R","BOSS"],"items_purchased_type":["Card","Card","Card","Potion","Relic","Relic"],"build_version":"2020-12-22","purchased_purges":0,"victory":true,"max_hp_per_floor":[84,84,84,84,84,84,84,84,84,84,84,84,84,89,89,89,89,89,89,89,89,99,99,106,106,106,106,106,106,106,106,106,106,106,116,116,116,116,116,116,116,116,116,116,116,116,116,116,116,116,116,116,116,116,116],"card_choices":[{"not_picked":["hexamod:BacktrackSmack","hexamod:SwordOfDarkness"],"picked":"hexamod:InspiringFlames","floor":2.0},{"not_picked":["hexamod:HeatShield","hexamod:FastForward"],"picked":"hexamod:CrushingStance","floor":3.0},{"not_picked":["hexamod:AdvancingGuard","hexamod:StepThrough"],"picked":"hexamod:FirstSeal","floor":4.0},{"not_picked":["hexamod:HeatShield","hexamod:BacktrackSmack"],"picked":"hexamod:StepThrough","floor":4.0},{"not_picked":["hexamod:SwordOfDarkness","hexamod:Haunt"],"picked":"hexamod:SpectersWail","floor":5.0},{"not_picked":["hexamod:PhantomFireball","hexamod:ShieldOfDarkness","hexamod:InspiringFlames"],"picked":"SKIP","floor":5.0},{"not_picked":["hexamod:NightmareGuise","hexamod:ShieldOfDarkness"],"picked":"hexamod:Hexaguard","floor":6.0},{"not_picked":["hexamod:AdvancingGuard","hexamod:ParanormalForm","hexamod:BacktrackSmack"],"picked":"SKIP","floor":6.0},{"not_picked":["hexamod:Firestarter","hexamod:ShieldOfDarkness"],"picked":"hexamod:RecurringNightmare","floor":9.0},{"not_picked":["hexamod:HeatCrush","hexamod:NightmareGuise","hexamod:ShieldOfDarkness"],"picked":"SKIP","floor":9.0},{"not_picked":["hexamod:ExtraCrispy","hexamod:BacktrackSmack"],"picked":"hexamod:DynamicBlow","floor":12.0},{"not_picked":["hexamod:SkipABeat","hexamod:FirstSeal","hexamod:StepThrough"],"picked":"SKIP","floor":12.0},{"not_picked":["hexamod:BacktrackSmack","hexamod:BurningTouch","hexamod:ShieldOfDarkness"],"picked":"SKIP","floor":13.0},{"not_picked":["hexamod:ThermalTransfer","hexamod:SpectralAdrenaline"],"picked":"hexamod:EtherealExpedition","floor":15.0},{"not_picked":["hexamod:RainOfEmbers","hexamod:GhostLash","hexamod:NightmareGuise"],"picked":"SKIP","floor":15.0},{"not_picked":["hexamod:WildfireWeapon","hexamod:TimeOfNeed"],"picked":"hexamod:SixthSeal","floor":16.0},{"not_picked":["hexamod:GhostflameInferno","hexamod:TurnItUp"],"picked":"hexamod:FifthSeal","floor":16.0},{"not_picked":["hexamod:SixthSeal","hexamod:FirstSeal"],"picked":"hexamod:FourthSeal","floor":19},{"not_picked":["hexamod:GhostOfSpireFuture","hexamod:FastForward"],"picked":"hexamod:Hexaguard+1","floor":19},{"not_picked":["hexamod:RetreatToShadows","hexamod:BacktrackSmack+1","hexamod:ExtraCrispy"],"picked":"SKIP","floor":19},{"not_picked":["hexamod:SixthSeal","hexamod:ThirdSeal"],"picked":"hexamod:SecondSeal","floor":20},{"not_picked":["hexamod:RainOfEmbers","hexamod:SwordOfDarkness"],"picked":"hexamod:PhantomCloak","floor":20},{"not_picked":["hexamod:NightmareStrike","hexamod:Again+1"],"picked":"hexamod:GhostOfSpirePresent","floor":20},{"not_picked":["hexamod:InspiringFlames","hexamod:Haunt"],"picked":"hexamod:Again+1","floor":22},{"not_picked":["hexamod:SixthSeal","hexamod:Hexaguard"],"picked":"hexamod:ThermalTransfer","floor":22},{"not_picked":["hexamod:FastForward+1","hexamod:HauntingEcho","hexamod:Firestarter"],"picked":"SKIP","floor":23},{"not_picked":["hexamod:SoulSteal","hexamod:SecondSeal"],"picked":"hexamod:FlamesFromBeyond","floor":25},{"not_picked":["hexamod:NightmareStrike","hexamod:ThermalTransfer+1"],"picked":"hexamod:GiftsFromTheDead","floor":27},{"not_picked":["hexamod:FastForward+1","hexamod:ShieldOfDarkness+1","hexamod:Firestarter"],"picked":"SKIP","floor":28},{"not_picked":["hexamod:NightmareGuise","hexamod:FastForward+1"],"picked":"hexamod:GhostLash","floor":29},{"not_picked":["hexamod:InspiringFlames","hexamod:ShieldOfDarkness","hexamod:SpectersWail"],"picked":"SKIP","floor":30},{"not_picked":["hexamod:ShieldOfDarkness","hexamod:FastForward","hexamod:AdvancingGuard+1"],"picked":"SKIP","floor":31},{"not_picked":["hexamod:DynamicBlow+1","hexamod:BurningTouch+1","hexamod:GhostflameBarrier"],"picked":"SKIP","floor":32},{"not_picked":["hexamod:GhostflameInferno","hexamod:HexaLevel"],"picked":"hexamod:TimeOfNeed","floor":33},{"not_picked":["hexamod:Haunt+1","hexamod:BacktrackSmack","hexamod:PowerFromBeyond+1"],"picked":"SKIP","floor":36},{"not_picked":["hexamod:SwordOfDarkness+1","hexamod:ShieldOfDarkness"],"picked":"hexamod:GhostLash+1","floor":37},{"not_picked":["hexamod:InspiringFlames","hexamod:GhostflameBarrier","hexamod:NightmareStrike"],"picked":"SKIP","floor":38},{"not_picked":["hexamod:PhantomFireball","hexamod:Incineration+1"],"picked":"hexamod:GhostOfSpirePresent+1","floor":40},{"not_picked":["hexamod:NecessarySacrifice","hexamod:FastForward+1"],"picked":"hexamod:SearingWound","floor":42},{"not_picked":["hexamod:HauntingEcho","hexamod:RainOfEmbers+1"],"picked":"hexamod:Hexaguard+1","floor":44},{"not_picked":["hexamod:Hexaguard","hexamod:ExtraCrispy+1"],"picked":"hexamod:EtherealExpedition+1","floor":48},{"not_picked":["hexamod:StepThrough+1","hexamod:GhostShield"],"picked":"hexamod:Hexaguard+1","floor":49},{"not_picked":["hexamod:GhostflameBarrier","hexamod:GhostLash"],"picked":"hexamod:ThermalTransfer+1","floor":52}],"player_experience":141417,"relics_obtained":[{"floor":4.0,"key":"Akabeko"},{"floor":6.0,"key":"Thread and Needle"},{"floor":11.0,"key":"Odd Mushroom"},{"floor":24,"key":"Strawberry"},{"floor":30,"key":"Pantograph"},{"floor":48,"key":"Calipers"},{"floor":52,"key":"Mummified Hand"}],"event_choices":[{"damage_healed":0.0,"max_hp_gain":0.0,"max_hp_loss":0.0,"gold_gain":0.0,"event_name":"Mushrooms","player_choice":"Fought Mushrooms","floor":11.0,"gold_loss":0.0,"damage_taken":0.0},{"damage_healed":0.0,"max_hp_gain":5.0,"max_hp_loss":0.0,"gold_gain":0.0,"event_name":"Big Fish","player_choice":"Donut","floor":14.0,"gold_loss":0.0,"damage_taken":0.0}],"is_beta":false,"boss_relics":[{"not_picked":["Busted Crown","Empty Cage"],"picked":"hexamod:IceCube"},{"not_picked":["Astrolabe","Sozu"],"picked":"SacredBark"}],"items_purged_floors":[],"is_endless":false,"potions_floor_spawned":[5,11,13,16,19,23,25,27,32,33,44,48,49],"ascension_level":0}}