{"host":"6r341r9cz00j2qc1","time":1609190462,"event":{"mods":["BaseMod","Better Third Choice","Downfall","GungeonMod","Hermit","Lobotomy","LobotomyExtend","Minty Spire (QoL Compilation)","Shop Mod","StSLib"],"gold_per_floor":[115,134,134,134,158,158,185,41,41,60,60,91,91,104,104,225,225,239,239,239],"floor_reached":19,"playtime":2240,"items_purged":[],"score":167,"play_id":"75757ccd-9769-424e-9499-7bb15ef79fb1","local_time":"20201228222102","is_ascension_mode":false,"campfire_choices":[{"data":"hermit:Manifest","floor":6.0,"key":"SMITH"},{"data":"hermit:FromBeyond","floor":15,"key":"SMITH"}],"circlet_count":0,"master_deck":["BigBird","HereticApostle","hermit:Snapshot","hermit:Covet","Bloodbath","hermit:Vantage","Wellcheers","hermit:WideOpen","Injury","Scorched","hermit:Manifest+1","hermit:SprayPray","Regret","FieryBird","hermit:FromBeyond+1","OldLady","hermit:FatalDesire","hermit:Gambit","hermit:Headshot","hermit:BlackWind","hermit:EyeOfTheStorm","hermit:Deadeye","hermit:Desperado","hermit:Virtue","CherryBlossoms"],"relics":["hermit:Momento","CogitoBucket","LetterFromLob","MagicBullet_r","Golden Idol","Strawberry","Toolbox","Ornamental Fan","Anchor","Boot","BackwardClock","Lamp_r","Pandora\u0027s Box"],"acts_visited":["Exordium","TheCity"],"potions_floor_usage":[14,16],"damage_taken":[{"damage":0.0,"enemies":"2 Louse","floor":1.0,"turns":2.0},{"damage":1.0,"enemies":"Jaw Worm","floor":2.0,"turns":4.0},{"damage":0.0,"enemies":"Cultist","floor":5.0,"turns":3.0},{"damage":0.0,"enemies":"2 Fungi Beasts","floor":10.0,"turns":2.0},{"damage":42.0,"enemies":"Gremlin Nob","floor":12.0,"turns":4.0},{"damage":0,"enemies":"Exordium Thugs","floor":14,"turns":3},{"damage":79,"enemies":"Hexaghost","floor":16,"turns":23},{"damage":20,"enemies":"Chosen","floor":18,"turns":3},{"damage":117,"enemies":"Shell Parasite","floor":19,"turns":7}],"seed_played":"-2435068667200606183","potions_obtained":[{"floor":2.0,"key":"DistilledChaos"},{"floor":10.0,"key":"Guardian:BlockOnCardUsePotion"},{"floor":16,"key":"Explosive Potion"}],"is_trial":false,"path_per_floor":["M","M","?","?","M","R","T","$","T","M","?","E","$","M","R","B",null,"M","M"],"character_chosen":"HERMIT","items_purchased":["Toolbox"],"campfire_rested":0,"item_purchase_floors":[8],"current_hp_per_floor":[75,75,75,75,75,75,82,82,82,82,82,45,45,82,82,71,71,73,0,0],"gold":239,"neow_bonus":"","is_daily":false,"chose_seed":false,"campfire_upgraded":2,"win_rate":0.0,"timestamp":1609190462,"path_taken":["M","M","?","?","M","R","?","$","T","?","?","E","?","M","R","BOSS","M","M"],"items_purchased_type":["Relic"],"build_version":"2020-12-22","purchased_purges":0,"victory":false,"max_hp_per_floor":[75,75,75,75,75,75,82,82,82,82,82,82,82,82,82,82,82,82,82,82],"card_choices":[{"not_picked":["HeroicMonk","MHz"],"picked":"Bloodbath","floor":1.0},{"not_picked":["hermit:ItchyTrigger","hermit:Headshot"],"picked":"hermit:Vantage","floor":1.0},{"not_picked":["MeatLantern","Porccubus","VoidDream"],"picked":"Singing Bowl","floor":2.0},{"not_picked":["UniverseFragment","SpiderBud"],"picked":"Wellcheers","floor":2.0},{"not_picked":["hermit:Coalescence","hermit:CalledShot"],"picked":"hermit:WideOpen","floor":2.0},{"not_picked":["QueenBee","UniverseFragment","ShyLook"],"picked":"Singing Bowl","floor":5.0},{"not_picked":["MHz","FairyFestival"],"picked":"Scorched","floor":5.0},{"not_picked":["hermit:Coalescence","hermit:Desperado"],"picked":"hermit:Manifest","floor":5.0},{"not_picked":["VoidDream","NakedNest","Alriune"],"picked":"Singing Bowl","floor":10.0},{"not_picked":["MHz","CrumblingArmor"],"picked":"WhiteNight","floor":10.0},{"not_picked":["hermit:Desperado","hermit:FlashPowder"],"picked":"hermit:SprayPray","floor":10.0},{"not_picked":["MHz","OldLady"],"picked":"FieryBird","floor":12.0},{"not_picked":["hermit:Quickdraw","hermit:LowProfile"],"picked":"hermit:FromBeyond","floor":12.0},{"not_picked":["UniverseFragment","LongBird"],"picked":"BigBird","floor":14},{"not_picked":["hermit:CalledShot","hermit:Ricochet","hermit:GoldenBullet"],"picked":"SKIP","floor":14},{"not_picked":["OldLady","QueenBee","SnowQueen"],"picked":"Singing Bowl","floor":16},{"not_picked":["HeroicMonk","PunishingBird"],"picked":"OldLady","floor":16},{"not_picked":["hermit:Adapt","hermit:Gambit"],"picked":"hermit:FatalDesire","floor":16},{"not_picked":["QueenBee","VoidDream","Murderer"],"picked":"Singing Bowl","floor":18},{"not_picked":["PunishingBird","GreedKing"],"picked":"CherryBlossoms","floor":18},{"not_picked":["hermit:GhostlyPresence+1","hermit:LuckOfTheDraw","hermit:Gestalt"],"picked":"SKIP","floor":18},{"not_picked":["hermit:GhostlyPresence+1","hermit:LuckOfTheDraw","hermit:Gestalt"],"picked":"SKIP","floor":18}],"player_experience":429565,"relics_obtained":[{"floor":1.0,"key":"LetterFromLob"},{"floor":7.0,"key":"Strawberry"},{"floor":9.0,"key":"Ornamental Fan"},{"floor":12.0,"key":"Boot"}],"event_choices":[{"damage_healed":0.0,"max_hp_gain":0.0,"max_hp_loss":0.0,"gold_gain":0.0,"event_name":"Golden Idol","player_choice":"Take Wound","floor":4.0,"gold_loss":0.0,"damage_taken":0.0,"relics_obtained":["Golden Idol"],"cards_obtained":["Injury"]},{"damage_healed":0.0,"max_hp_gain":0.0,"max_hp_loss":0.0,"gold_gain":0.0,"event_name":"Big Fish","player_choice":"Box","floor":11.0,"gold_loss":0.0,"damage_taken":0.0,"relics_obtained":["Anchor"],"cards_obtained":["Regret"]}],"is_beta":false,"boss_relics":[{"not_picked":["Ectoplasm","Sozu"],"picked":"Pandora\u0027s Box"}],"items_purged_floors":[],"is_endless":false,"potions_floor_spawned":[2,10,16],"killed_by":"Shell Parasite","ascension_level":0}}