{"host":"kev6uqotw4tlyx8l","time":1609168848,"event":{"mods":["Act Like it!","Aspiration","BaseMod","Colored Powertips","Dota2Spire","Downfall","Hallownest","Infinite Spire","Marisa????????","Minty Spire (QoL Compilation)","Quick Restart","Remilia??????","Replay The Spire","StSLib","The Cursed","The Marked","The Mystic","The Servant 0.9.4"],"gold_per_floor":[116,63,63,63,81,108,108,134,214,214,214,214,214,227,227,330,330,343,357,34,34,84,84,113,15,15,35,64,76,91,91,91,188,188,206,206,206,206,220,251,251,284,310,310,310],"floor_reached":44,"playtime":1615,"items_purged":[],"score":570,"play_id":"e99e4231-f22d-4faf-9209-084fe4498c4f","local_time":"20201228222048","is_ascension_mode":true,"campfire_choices":[{"data":"Sword Boomerang","floor":7,"key":"SMITH"},{"data":"Strike_R","floor":11,"key":"SMITH"},{"data":"Strike_R","floor":13,"key":"SMITH"},{"data":"Strike_R","floor":15,"key":"SMITH"},{"floor":23,"key":"REST"},{"floor":32,"key":"REST"},{"data":"Replay:SS_hec_1","floor":41,"key":"SMITH"}],"circlet_count":0,"master_deck":["Defend_R","Defend_R","Defend_R+1","Defend_R+1","Bash+1","Sword Boomerang+1","Injury","Carnage+1","Twin Strike+1","Sever Soul+1","Rampage+1","Berserk","Thunderclap+1","Wild Strike+1","Shrug It Off","infinitespire:Fortify","Pommel Strike+1","Clothesline+1","Anger+1","Hemogenesis+1","Sword Boomerang+1","Uppercut+1","Clumsy","Thunderclap+1","Bite+1","Bite+1","Bite+1","Bite+1","Bite+1","Eclipse+1","Headbutt+1","Replay:SS_hec_1+1","Anger+1","Hallownest:curseDreamersLament","Twin Strike+1","Blood for Blood+1"],"relics":["Burning Blood","NeowsBlessing","Orichalcum","Molten Egg 2","infinitespire:CursedDice","Sundial","Gremlin Horn","Runic Pyramid","Sling","Gremlin Food","ReplayTheSpireMod:Ring of Challenge","Ring of Greed","Golden Egg","MealTicket","HornCleat","Dota2Spire:Bloodstone","infinitespire:Joker Card","infinitespire:Lucky Rock","ScarletDevilRocket"],"acts_visited":["Exordium","TheCity","TheBeyond"],"potions_floor_usage":[16,16,16,18,19,24,27,33,44,44,44],"damage_taken":[{"damage":0,"enemies":"Cultist","floor":1,"turns":1},{"damage":0,"enemies":"Small Slimes","floor":5,"turns":1},{"damage":0,"enemies":"Replay:BlueRogue","floor":6,"turns":1},{"damage":3,"enemies":"Gremlin Nob","floor":8,"turns":4},{"damage":1,"enemies":"2 Louse","floor":14,"turns":2},{"damage":17,"enemies":"Fading Forest","floor":16,"turns":11},{"damage":19,"enemies":"Shell Parasite","floor":18,"turns":2},{"damage":9,"enemies":"3 Byrds","floor":19,"turns":4},{"damage":36,"enemies":"Centurion and Healer","floor":24,"turns":3},{"damage":5,"enemies":"Snecko","floor":27,"turns":5},{"damage":7,"enemies":"3 Cultists","floor":28,"turns":6},{"damage":25,"enemies":"Shelled Parasite and Fungi","floor":29,"turns":4},{"damage":25,"enemies":"Chosen and Byrds","floor":30,"turns":5},{"damage":94,"enemies":"Collector","floor":33,"turns":13},{"damage":10,"enemies":"3 Shapes","floor":35,"turns":4},{"damage":8,"enemies":"Orb Walker","floor":39,"turns":3},{"damage":0,"enemies":"4 Shapes","floor":40,"turns":2},{"damage":15,"enemies":"Giant Head","floor":42,"turns":5},{"damage":10,"enemies":"infinitespire:Three Voidlings","floor":44,"turns":4},{"damage":59,"enemies":"Nightmare_Alpha","floor":44,"turns":3}],"seed_played":"7971490484300449615","potions_obtained":[{"floor":6,"key":"EntropicBrew"},{"floor":8,"key":"Dexterity Potion"},{"floor":16,"key":"Dota2Spire:HealingSalve"},{"floor":19,"key":"Death Potion"},{"floor":30,"key":"ElixirPotion"},{"floor":33,"key":"BlessingOfTheForge"},{"floor":39,"key":"Dota2Spire:Clarity"},{"floor":42,"key":"LifebloodPotion"}],"is_trial":false,"path_per_floor":["M","?","$","?","M","E","R","E","T","?","R","?","R","M","R","B",null,"M","M","$","?","?","R","M","$","T","M","M","M","M","?","R","B",null,"M","?","T","?","M","M","R","E","T","?"],"character_chosen":"IRONCLAD","items_purchased":["Sling","Gremlin Food","Shrug It Off","Clothesline+1","Anger+1"],"campfire_rested":2,"item_purchase_floors":[20,20,20,25,25],"current_hp_per_floor":[80,80,80,80,80,80,80,80,80,80,80,80,80,80,80,77,80,67,73,73,53,53,77,47,62,62,63,62,63,44,44,56,43,56,56,56,56,56,56,56,56,56,56,0,0],"gold":310,"neow_bonus":"THREE_ENEMY_KILL","is_daily":false,"chose_seed":false,"campfire_upgraded":5,"win_rate":0.0,"timestamp":1609168848,"path_taken":["M","?","?","?","?","E","R","E","T","?","R","?","R","M","R","BOSS","M","M","$","?","?","R","M","?","T","M","M","M","?","?","R","BOSS","M","?","?","?","?","M","R","E","T","?"],"items_purchased_type":["Relic","Relic","Card","Card","Card"],"build_version":"2020-12-22","purchased_purges":0,"victory":false,"max_hp_per_floor":[80,80,80,80,80,80,80,80,80,80,80,80,80,80,80,80,80,80,80,80,80,80,80,80,80,80,80,80,80,80,56,56,56,56,56,56,56,56,56,56,56,56,56,56,56],"card_choices":[{"not_picked":["Cleave","ReplayTheSpireMod:Corrosion Curse"],"picked":"Sword Boomerang","floor":1},{"not_picked":["Iron Wave+1","Reckless Charge+1"],"picked":"Carnage+1","floor":5},{"not_picked":["True Grit","Wild Strike+1"],"picked":"Twin Strike+1","floor":6},{"not_picked":["True Grit","Replay:Undeath\u0027s Touch+1"],"picked":"Sever Soul+1","floor":8},{"not_picked":["Demonic Infusion","Metallicize"],"picked":"Rampage+1","floor":14},{"not_picked":["Barricade","Double Tap"],"picked":"Berserk","floor":16},{"not_picked":["Warcry","Perfected Strike+1"],"picked":"Thunderclap+1","floor":18},{"not_picked":["Bloodletting+1","Seeing Red"],"picked":"Wild Strike+1","floor":19},{"not_picked":["ReplayTheSpireMod:??????????????????????","infinitespire:Execution"],"picked":"infinitespire:Fortify","floor":21},{"not_picked":["Whirlwind+1","Clothesline+1"],"picked":"Pommel Strike+1","floor":24},{"not_picked":["Rupture","Body Slam+1"],"picked":"Hemogenesis+1","floor":27},{"not_picked":["Heavy Blade+1","Headbutt+1"],"picked":"Sword Boomerang+1","floor":28},{"not_picked":["Entrench","Perfected Strike+1"],"picked":"Uppercut+1","floor":29},{"not_picked":["Shrug It Off+1","Warcry"],"picked":"Thunderclap+1","floor":30},{"not_picked":["Corruption","Impervious"],"picked":"Eclipse","floor":33},{"not_picked":["Pommel Strike+1","Dual Wield+1"],"picked":"Headbutt+1","floor":35},{"not_picked":["Secret Technique","Sadistic Nature"],"picked":"Replay:SS_hec_1","floor":36},{"not_picked":["Replay:Undeath\u0027s Touch+1","Combust"],"picked":"Anger+1","floor":39},{"not_picked":["Replay:Undeath\u0027s Touch+1","Pommel Strike+1"],"picked":"Twin Strike+1","floor":40},{"not_picked":["Sword Boomerang+1","Thunderclap+1"],"picked":"Blood for Blood+1","floor":42}],"player_experience":39076,"relics_obtained":[{"floor":6,"key":"infinitespire:CursedDice"},{"floor":8,"key":"Sundial"},{"floor":9,"key":"Gremlin Horn"},{"floor":22,"key":"ReplayTheSpireMod:Ring of Challenge"},{"floor":22,"key":"Ring of Greed"},{"floor":22,"key":"Golden Egg"},{"floor":22,"key":"MealTicket"},{"floor":26,"key":"HornCleat"},{"floor":37,"key":"infinitespire:Joker Card"},{"floor":42,"key":"infinitespire:Lucky Rock"},{"floor":43,"key":"ScarletDevilRocket"}],"event_choices":[{"damage_healed":0,"gold_gain":0,"player_choice":"Paid Gold","damage_taken":0,"relics_obtained":["Orichalcum"],"max_hp_gain":0,"max_hp_loss":0,"event_name":"WeMeetAgain","floor":2,"gold_loss":53},{"damage_healed":0,"gold_gain":0,"player_choice":"Became a vampire","damage_taken":0,"max_hp_gain":0,"max_hp_loss":24,"event_name":"Vampires","floor":31,"gold_loss":0,"cards_obtained":["Bite","Bite","Bite","Bite","Bite"]},{"damage_healed":0,"gold_gain":0,"player_choice":"Memory 1","damage_taken":0,"max_hp_gain":0,"max_hp_loss":0,"event_name":"SensoryStone","floor":36,"gold_loss":0}],"is_beta":false,"boss_relics":[{"not_picked":["Electric Blood","ReplayTheSpireMod:DimensionalGlitch"],"picked":"Runic Pyramid"},{"not_picked":["Kintsugi","SlaversCollar"],"picked":"Dota2Spire:Bloodstone"}],"items_purged_floors":[],"is_endless":false,"potions_floor_spawned":[6,8,16,19,30,33,39,42,44],"killed_by":"Nightmare_Alpha","ascension_level":1}}