{"host":"2lqi9xx9scmc3cqh","time":1609152071,"event":{"mods":["AchievementEnabler","BaseMod","Colored Map","Minty Spire (QoL Compilation)","Remove Card Discount Mod","StSLib"],"gold_per_floor":[115,115,4157,4157,4157,4193,4193,4150,4150,4150,4183,4206,4242,4266,4266,4364,4364,4389,3837,3861,3874,3874,3874,3915,3933,3957,3993,3993,3993,3993,4036,4036,4132,4132,4147,4162,4223,3800,3800,3836,3836,3875,3954,3989,0,0,16,4398,4398,4398],"floor_reached":51,"playtime":1870,"items_purged":["Strike_G","Strike_G","Defend_G","Defend_G","Strike_G","Defend_G","Strike_G"],"score":2124,"play_id":"4569509d-fb4c-42b5-b7da-4643e8d6a357","local_time":"20201228194111","is_ascension_mode":true,"campfire_choices":[{"data":"Blade Dance","floor":7,"key":"SMITH"},{"data":"Survivor","floor":15,"key":"SMITH"},{"data":"Blade Dance","floor":23,"key":"SMITH"},{"data":"Pain","floor":30,"key":"PURGE"},{"data":"Writhe","floor":32,"key":"PURGE"},{"data":"Blade Dance","floor":41,"key":"SMITH"},{"data":"Backflip","floor":49,"key":"SMITH"}],"circlet_count":0,"master_deck":["AscendersBane","Strike_G+1","Defend_G+1","Defend_G+1","Survivor+1","Neutralize+1","Blade Dance+1","Panache+1","Prepared","Infinite Blades+1","Envenom+1","Blade Dance+1","Blade Dance+1","Prepared","Backflip+1","After Image+1","Escape Plan","Reflex","Blade Dance+1","Footwork+1"],"relics":["Ring of the Snake","NeowsBlessing","Juzu Bracelet","Omamori","HornCleat","Pear","Du-Vu Doll","Golden Idol","Orichalcum","Mummified Hand","Boot","Frozen Egg 2","WristBlade","White Beast Statue","Sling","Omamori","WarpedTongs","Gambling Chip","Tiny Chest","Peace Pipe","Singing Bowl","War Paint","Busted Crown","Lizard Tail","Happy Flower","Eternal Feather","Calipers","Art of War","Toy Ornithopter","Ninja Scroll","Incense Burner","Red Mask","Kunai","ClockworkSouvenir","Whetstone","PreservedInsect"],"acts_visited":["Exordium","TheCity","TheBeyond"],"potions_floor_usage":[16,33,37,50],"damage_taken":[{"damage":0,"enemies":"Small Slimes","floor":1,"turns":1},{"damage":0,"enemies":"3 Sentries","floor":6,"turns":1},{"damage":0,"enemies":"Lagavulin","floor":11,"turns":1},{"damage":0,"enemies":"2 Louse","floor":12,"turns":1},{"damage":0,"enemies":"3 Sentries","floor":13,"turns":4},{"damage":0,"enemies":"Jaw Worm","floor":14,"turns":2},{"damage":0,"enemies":"Slime Boss","floor":16,"turns":5},{"damage":0,"enemies":"3 Byrds","floor":18,"turns":1},{"damage":0,"enemies":"Spheric Guardian","floor":20,"turns":2},{"damage":0,"enemies":"Snecko","floor":21,"turns":2},{"damage":7,"enemies":"Book of Stabbing","floor":24,"turns":2},{"damage":0,"enemies":"3 Cultists","floor":25,"turns":2},{"damage":4,"enemies":"Gremlin Leader","floor":27,"turns":2},{"damage":0,"enemies":"Slavers","floor":31,"turns":2},{"damage":0,"enemies":"Champ","floor":33,"turns":5},{"damage":0,"enemies":"3 Shapes","floor":35,"turns":3},{"damage":0,"enemies":"3 Darklings","floor":36,"turns":2},{"damage":4,"enemies":"2 Orb Walkers","floor":37,"turns":2},{"damage":0,"enemies":"Giant Head","floor":40,"turns":3},{"damage":0,"enemies":"Nemesis","floor":42,"turns":1},{"damage":0,"enemies":"Reptomancer","floor":44,"turns":2},{"damage":0,"enemies":"Writhing Mass","floor":47,"turns":2},{"damage":6,"enemies":"Time Eater","floor":50,"turns":7}],"seed_played":"-617720254854760787","potions_obtained":[{"floor":1,"key":"Poison Potion"},{"floor":33,"key":"LiquidMemories"},{"floor":37,"key":"Regen Potion"}],"is_trial":false,"path_per_floor":["M","?","$","?","?","E","R","?","T","?","E","M","E","M","R","B",null,"M","$","M","M","?","R","E","M","T","E","?","?","R","E","R","B",null,"M","M","?","$","T","E","R","E","T","E","?","T","M","$","R","B",null],"character_chosen":"THE_SILENT","items_purchased":["Blade Dance","Pear","Du-Vu Doll","Panache","FairyPotion","White Beast Statue","Sling","Blade Dance","PowerPotion","Happy Flower","Eternal Feather","Footwork+1","ClockworkSouvenir","Whetstone","PreservedInsect","Strength Potion"],"campfire_rested":0,"item_purchase_floors":[3,3,3,3,3,19,19,19,19,38,38,48,48,48,48,48],"current_hp_per_floor":[59,59,69,69,69,69,69,69,69,46,46,46,46,46,46,46,69,69,69,69,69,69,69,62,62,62,58,58,58,58,60,60,60,74,76,76,72,72,72,72,80,82,82,84,84,84,86,86,86,80],"gold":4398,"neow_bonus":"THREE_ENEMY_KILL","is_daily":false,"chose_seed":false,"campfire_upgraded":5,"win_rate":0.0,"timestamp":1609152071,"path_taken":["M","?","$","?","?","E","R","?","T","?","E","M","E","M","R","BOSS","M","$","M","M","?","R","E","M","T","E","?","?","R","E","R","BOSS","M","M","?","$","?","E","R","E","T","E","?","?","M","?","R","BOSS"],"items_purchased_type":["Card","Relic","Relic","Card","Potion","Relic","Relic","Card","Potion","Relic","Relic","Card","Relic","Relic","Relic","Potion"],"build_version":"2020-12-22","purchased_purges":7,"victory":true,"max_hp_per_floor":[66,66,76,76,76,76,76,76,76,76,76,76,76,76,76,76,76,76,76,76,76,76,76,76,76,76,76,76,76,76,78,78,78,78,80,80,80,80,80,80,80,82,82,84,84,84,86,86,86,86],"card_choices":[{"not_picked":["Well Laid Plans","Finisher","Underhanded Strike"],"picked":"SKIP","floor":1},{"not_picked":["Phantasmal Killer","Setup"],"picked":"Prepared","floor":6},{"not_picked":["Dagger Throw","Leg Sweep","Outmaneuver"],"picked":"SKIP","floor":11},{"not_picked":["Bouncing Flask","Bane","Sucker Punch"],"picked":"SKIP","floor":12},{"not_picked":["Dagger Throw","Dagger Spray"],"picked":"Infinite Blades+1","floor":13},{"not_picked":["Predator","Prepared","Quick Slash"],"picked":"SKIP","floor":14},{"not_picked":["Corpse Explosion","Bullet Time"],"picked":"Envenom+1","floor":16},{"not_picked":["Backstab","Caltrops+1"],"picked":"Blade Dance","floor":18},{"not_picked":["Predator","Blur","All Out Attack"],"picked":"SKIP","floor":20},{"not_picked":["PiercingWail","Noxious Fumes+1"],"picked":"Prepared","floor":21},{"not_picked":["Crippling Poison","Backstab","Setup"],"picked":"SKIP","floor":24},{"not_picked":["Crippling Poison","Backstab","Setup"],"picked":"SKIP","floor":24},{"not_picked":["Underhanded Strike","Outmaneuver"],"picked":"Backflip","floor":25},{"not_picked":["Terror","PiercingWail+1","Quick Slash"],"picked":"SKIP","floor":27},{"not_picked":["Concentrate","Predator","Glass Knife"],"picked":"Singing Bowl","floor":31},{"not_picked":["Corpse Explosion","Grand Finale"],"picked":"After Image+1","floor":33},{"not_picked":["Dagger Spray+1"],"picked":"Singing Bowl","floor":35},{"not_picked":[],"picked":"Escape Plan","floor":36},{"not_picked":[],"picked":"Reflex","floor":37},{"not_picked":[],"picked":"Blade Dance","floor":40},{"not_picked":["Choke"],"picked":"Singing Bowl","floor":42},{"not_picked":["Well Laid Plans+1"],"picked":"Singing Bowl","floor":44},{"not_picked":["Blade Dance"],"picked":"Singing Bowl","floor":47}],"player_experience":384922,"relics_obtained":[{"floor":6,"key":"Orichalcum"},{"floor":9,"key":"Mummified Hand"},{"floor":11,"key":"Boot"},{"floor":13,"key":"Frozen Egg 2"},{"floor":24,"key":"Gambling Chip"},{"floor":26,"key":"Tiny Chest"},{"floor":27,"key":"Peace Pipe"},{"floor":31,"key":"War Paint"},{"floor":37,"key":"Lizard Tail"},{"floor":39,"key":"Calipers"},{"floor":40,"key":"Art of War"},{"floor":42,"key":"Toy Ornithopter"},{"floor":43,"key":"Ninja Scroll"},{"floor":44,"key":"Incense Burner"},{"floor":46,"key":"Kunai"}],"event_choices":[{"damage_healed":0,"gold_gain":0,"player_choice":"Box","damage_taken":0,"relics_obtained":["HornCleat"],"max_hp_gain":0,"max_hp_loss":0,"event_name":"Big Fish","floor":2,"gold_loss":0,"cards_obtained":["Regret"]},{"damage_healed":0,"gold_gain":0,"player_choice":"Grow","damage_taken":0,"max_hp_gain":0,"max_hp_loss":0,"event_name":"Living Wall","floor":4,"gold_loss":0,"cards_upgraded":["Neutralize"]},{"damage_healed":0,"gold_gain":0,"player_choice":"Take Wound","damage_taken":0,"relics_obtained":["Golden Idol"],"max_hp_gain":0,"max_hp_loss":0,"event_name":"Golden Idol","floor":5,"gold_loss":0,"cards_obtained":["Injury"]},{"damage_healed":0,"gold_gain":0,"player_choice":"Left Gold","damage_taken":0,"max_hp_gain":0,"max_hp_loss":0,"event_name":"World of Goop","floor":8,"gold_loss":43},{"damage_healed":0,"gold_gain":0,"player_choice":"Entered Light","damage_taken":23,"max_hp_gain":0,"max_hp_loss":0,"event_name":"Shining Light","floor":10,"gold_loss":0,"cards_upgraded":["Panache","Defend_G"]},{"damage_healed":0,"gold_gain":0,"player_choice":"Rummage","damage_taken":0,"relics_obtained":["WarpedTongs"],"max_hp_gain":0,"max_hp_loss":0,"event_name":"Accursed Blacksmith","floor":22,"gold_loss":0,"cards_obtained":["Pain"]},{"damage_healed":0,"gold_gain":0,"player_choice":"Opened","damage_taken":0,"relics_obtained":["Singing Bowl"],"max_hp_gain":0,"max_hp_loss":0,"event_name":"The Mausoleum","floor":28,"gold_loss":0,"cards_obtained":["Writhe"]},{"damage_healed":0,"gold_gain":0,"player_choice":"Ignored","damage_taken":0,"max_hp_gain":0,"max_hp_loss":0,"event_name":"Ghosts","floor":29,"gold_loss":0},{"damage_healed":0,"gold_gain":0,"player_choice":"Fight","damage_taken":0,"max_hp_gain":0,"max_hp_loss":0,"event_name":"Mysterious Sphere","floor":37,"gold_loss":0},{"damage_healed":0,"gold_gain":0,"player_choice":"Paid","damage_taken":0,"relics_obtained":["Red Mask"],"max_hp_gain":0,"max_hp_loss":0,"event_name":"Tomb of Lord Red Mask","floor":45,"gold_loss":3989}],"is_beta":false,"boss_relics":[{"not_picked":["Runic Pyramid","Astrolabe"],"picked":"WristBlade"},{"not_picked":["HoveringKite","Tiny House"],"picked":"Busted Crown"}],"items_purged_floors":[3,3,3,3,3,19,48],"is_endless":false,"potions_floor_spawned":[1,11,13,14,20,21,24,25,27,31,33,35,36,37,40,42,44,47],"ascension_level":16}}