{"host":"zhec3g4cvsmevugl","time":1609136924,"event":{"mods":["BaseMod","BetterRewards","Curses Come First","Minty Spire (QoL Compilation)","Relic Stats","Slay-I","StSLib"],"gold_per_floor":[115,115,131,146,146,178,178,34,34,34,50,84,84,109,109,208,208,221,221,221,221,237,269,287,287,287],"floor_reached":25,"playtime":1336,"items_purged":[],"score":362,"play_id":"80413c91-1773-4964-9cff-d310912b64e9","local_time":"20201228142844","is_ascension_mode":true,"campfire_choices":[{"floor":7,"key":"REST"},{"floor":10,"key":"REST"},{"floor":13,"key":"REST"},{"floor":15,"key":"REST"}],"circlet_count":0,"master_deck":["Strike_G","Strike_G","Strike_G","Strike_G","Strike_G","Defend_G","Defend_G","Defend_G","Defend_G","Defend_G","Survivor","Neutralize","Quick Slash","Blur","Violence","Anger","Perfected Strike","BattleHymn","Sucker Punch","Ragnarok","Shockwave","Leap+1","Metallicize","Calculated Gamble"],"relics":["Ring of the Snake","PrismaticShard","Eternal Feather","Paper Crane","Omamori","MealTicket","Bottled Lightning","Shuriken","Odd Mushroom","Philosopher\u0027s Stone","Sundial"],"acts_visited":["Exordium","TheCity"],"potions_floor_usage":[6,6,12,14,16,23,24,24],"damage_taken":[{"damage":0,"enemies":"Jaw Worm","floor":1,"turns":6},{"damage":0,"enemies":"Cultist","floor":3,"turns":5},{"damage":0,"enemies":"Small Slimes","floor":4,"turns":4},{"damage":81,"enemies":"Gremlin Nob","floor":6,"turns":7},{"damage":5,"enemies":"Blue Slaver","floor":11,"turns":4},{"damage":50,"enemies":"3 Sentries","floor":12,"turns":10},{"damage":27,"enemies":"The Mushroom Lair","floor":14,"turns":4},{"damage":38,"enemies":"Hexaghost","floor":16,"turns":8},{"damage":28,"enemies":"Shell Parasite","floor":18,"turns":5},{"damage":9,"enemies":"3 Byrds","floor":22,"turns":4},{"damage":30,"enemies":"Book of Stabbing","floor":23,"turns":5},{"damage":0,"enemies":"Snecko","floor":24,"turns":4},{"damage":21,"enemies":"Slavers","floor":25,"turns":2}],"seed_played":"4432869314558592778","potions_obtained":[{"floor":2,"key":"Regen Potion"},{"floor":2,"key":"Regen Potion"},{"floor":2,"key":"Dexterity Potion"},{"floor":6,"key":"SpeedPotion"},{"floor":11,"key":"Ancient Potion"},{"floor":12,"key":"DistilledChaos"},{"floor":18,"key":"CunningPotion"},{"floor":22,"key":"Poison Potion"}],"is_trial":false,"path_per_floor":["M","?","M","M","?","E","R","$","T","R","M","E","R","?","R","B",null,"M","?","?","$","M","E","M","E"],"character_chosen":"THE_SILENT","items_purchased":["PrismaticShard","Eternal Feather","MealTicket"],"campfire_rested":4,"item_purchase_floors":[0,0,8],"current_hp_per_floor":[57,57,57,57,57,3,33,33,33,63,58,8,38,11,44,6,70,42,42,42,57,48,18,18,0,0],"gold":287,"neow_bonus":"","is_daily":false,"chose_seed":false,"campfire_upgraded":0,"win_rate":0.0,"timestamp":1609136924,"path_taken":["M","?","M","?","?","E","R","$","T","R","M","E","R","?","R","BOSS","M","?","?","$","M","E","?","E"],"items_purchased_type":["Relic","Relic","Relic"],"build_version":"2020-12-22","purchased_purges":0,"victory":false,"max_hp_per_floor":[70,70,70,70,70,70,70,70,70,70,70,70,70,70,70,70,70,70,70,70,70,70,70,70,70,70],"relic_stats":{"counters":[59,230],"Shuriken":[17],"Sundial":[0],"Eternal Feather":39,"MealTicket":103,"obtain_stats":[{"Regal Pillow":38,"Lantern":26,"Singing Bowl":43,"Gremlin Horn":27,"Vajra":3,"Mango":0,"Bag of Preparation":22,"Boot":8,"Smiling Mask":26,"PrismaticShard":0,"ClockworkSouvenir":39,"Blood Vial":23,"Nunchaku":39,"Dream Catcher":12,"Matryoshka":9,"Sundial":23,"MealTicket":6,"Philosopher\u0027s Stone":34,"Ring of the Snake":0,"Potion Belt":13,"Girya":42,"Pear":39,"Dead Branch":23,"Thread and Needle":11,"Eternal Feather":0,"PreservedInsect":26,"Pen Nib":40,"Omamori":6,"War Paint":44,"Orichalcum":6,"Paper Crane":5,"Odd Mushroom":14,"Medical Kit":22,"Question Card":38,"Peace Pipe":29,"Strange Spoon":42,"Anchor":29,"CaptainsWheel":44,"Shuriken":12,"Pandora\u0027s Box":17,"Turnip":40,"Black Star":17,"Membership Card":3,"Bottled Lightning":9},{"Regal Pillow":22,"Lantern":42,"Singing Bowl":24,"Gremlin Horn":42,"Vajra":1,"Mango":29,"Bag of Preparation":12,"Boot":5,"Smiling Mask":14,"PrismaticShard":46,"ClockworkSouvenir":22,"Blood Vial":13,"Nunchaku":22,"Dream Catcher":35,"Matryoshka":5,"Sundial":57,"MealTicket":3,"Philosopher\u0027s Stone":20,"Ring of the Snake":0,"Potion Belt":8,"Girya":24,"Pear":22,"Dead Branch":13,"Thread and Needle":7,"Eternal Feather":46,"PreservedInsect":14,"Pen Nib":23,"Omamori":50,"War Paint":25,"Orichalcum":34,"Paper Crane":49,"Odd Mushroom":53,"Medical Kit":12,"Question Card":22,"Peace Pipe":17,"Strange Spoon":24,"Anchor":17,"CaptainsWheel":25,"Shuriken":52,"Pandora\u0027s Box":38,"Turnip":23,"Black Star":10,"Membership Card":1,"Bottled Lightning":50},{"Regal Pillow":65,"Lantern":145,"Singing Bowl":72,"Gremlin Horn":145,"Vajra":2,"Mango":88,"Bag of Preparation":34,"Boot":11,"Smiling Mask":41,"PrismaticShard":162,"ClockworkSouvenir":65,"Blood Vial":39,"Nunchaku":65,"Dream Catcher":111,"Matryoshka":11,"Sundial":224,"MealTicket":7,"Philosopher\u0027s Stone":60,"Ring of the Snake":0,"Potion Belt":23,"Girya":72,"Pear":65,"Dead Branch":39,"Thread and Needle":19,"Eternal Feather":162,"PreservedInsect":41,"Pen Nib":69,"Omamori":184,"War Paint":75,"Orichalcum":109,"Paper Crane":177,"Odd Mushroom":202,"Medical Kit":34,"Question Card":65,"Peace Pipe":49,"Strange Spoon":72,"Anchor":49,"CaptainsWheel":75,"Shuriken":198,"Pandora\u0027s Box":127,"Turnip":69,"Black Star":30,"Membership Card":2,"Bottled Lightning":184}],"Ring of the Snake":[119]},"card_choices":[{"not_picked":["Heavy Blade","Warcry"],"picked":"Quick Slash","floor":1},{"not_picked":["Burning Pact","Quick Slash"],"picked":"Blur","floor":3},{"not_picked":["InnerPeace","ThirdEye"],"picked":"Violence","floor":4},{"not_picked":["Flex","Tempest"],"picked":"Anger","floor":6},{"not_picked":["Protect","Trip"],"picked":"Perfected Strike","floor":11},{"not_picked":["FlurryOfBlows","CrushJoints"],"picked":"BattleHymn","floor":12},{"not_picked":["SignatureMove","JustLucky"],"picked":"Sucker Punch","floor":14},{"not_picked":["Corruption","Doppelganger"],"picked":"Ragnarok","floor":16},{"not_picked":["Body Slam+1","Conserve Battery"],"picked":"Shockwave","floor":18},{"not_picked":["Headbutt","PiercingWail"],"picked":"Leap+1","floor":22},{"not_picked":["FlurryOfBlows","Conserve Battery"],"picked":"Metallicize","floor":23},{"not_picked":["SignatureMove","Poisoned Stab+1"],"picked":"Calculated Gamble","floor":24}],"player_experience":189134,"relics_obtained":[{"floor":6,"key":"Omamori"},{"floor":9,"key":"Bottled Lightning"},{"floor":12,"key":"Shuriken"},{"floor":14,"key":"Odd Mushroom"},{"floor":23,"key":"Sundial"}],"event_choices":[{"damage_healed":0,"gold_gain":0,"player_choice":"Got Potions","damage_taken":0,"max_hp_gain":0,"max_hp_loss":0,"event_name":"Lab","floor":2,"gold_loss":0},{"damage_healed":0,"gold_gain":0,"player_choice":"Box","damage_taken":0,"relics_obtained":["Paper Crane"],"max_hp_gain":0,"max_hp_loss":0,"event_name":"Big Fish","floor":5,"gold_loss":0,"cards_obtained":["Regret"]},{"damage_healed":0,"gold_gain":0,"player_choice":"Fought Mushrooms","damage_taken":0,"max_hp_gain":0,"max_hp_loss":0,"event_name":"Mushrooms","floor":14,"gold_loss":0},{"damage_healed":0,"gold_gain":0,"player_choice":"Ignored","damage_taken":0,"max_hp_gain":0,"max_hp_loss":0,"event_name":"Vampires","floor":19,"gold_loss":0},{"cards_removed":["Regret"],"damage_healed":0,"gold_gain":0,"player_choice":"Purged","damage_taken":0,"max_hp_gain":0,"max_hp_loss":0,"event_name":"Purifier","floor":20,"gold_loss":0}],"is_beta":false,"boss_relics":[{"not_picked":["Cursed Key","SacredBark"],"picked":"Philosopher\u0027s Stone"}],"items_purged_floors":[],"is_endless":false,"potions_floor_spawned":[6,11,12,18,22],"killed_by":"Slavers","ascension_level":2}}