{"host":"os9owiyb0rak6c8n","time":1609177857,"event":{"mods":["AchievementEnabler","BaseMod","Beaked The Cultist","Better Third Choice","Block Reminder","Colored Map","Colored Powertips","Dio Mod","Downfall","Minty Spire (QoL Compilation)","Spicy Shops","StSLib","The Death Knight","The Necromancer"],"gold_per_floor":[99,99,109,209,209,209,209,224,258,275,294,294,25,25,35,133,133,133,133,43,43,43,43,43,43,43,43,43,43,43,43,43,43,43,43,43,43,43,43,43,43,43,43,43,43,43,43,43,43,43],"floor_reached":51,"playtime":2816,"items_purged":["hexamod:Strike"],"score":864,"play_id":"b45dd907-07e4-4516-bb21-5142c890950a","local_time":"20201228185057","is_ascension_mode":false,"campfire_choices":[{"data":"hexamod:Firestarter","floor":1,"key":"SMITH"},{"data":"hexamod:Sear","floor":6,"key":"SMITH"},{"data":"hexamod:VolcanoVisage","floor":18,"key":"SMITH"},{"data":"hexamod:TimeOfNeed","floor":23,"key":"SMITH"},{"data":"hexamod:EmpoweredFlame","floor":35,"key":"SMITH"},{"floor":47,"key":"REST"}],"circlet_count":0,"master_deck":["hexamod:Strike+1","hexamod:Strike+1","hexamod:Strike+1","hexamod:Defend","hexamod:Defend","hexamod:Defend","hexamod:Defend+1","hexamod:Sear+1","hexamod:Float","hexamod:Firestarter+1","hexamod:RainOfEmbers+1","hexamod:ThermalTransfer+1","hexamod:HeatCrush+1","hexamod:SpectralAdrenaline+1","hexamod:TimeOfNeed+1","hexamod:FourthSeal","hexamod:VolcanoVisage+1","hexamod:CatchUp+1","hexamod:EmpoweredFlame+1","hexamod:SixthSeal","hexamod:ShieldOfDarkness+1","hexamod:GhostflameBarrier+1","hexamod:WildfireWeapon+1","hexamod:PhantomCloak+1","hexamod:GhostOfSpirePast+1"],"relics":["hexamod:SpiritBrand","Toy Ornithopter","Happy Flower","Question Card","Sling","downfall:BrokenWingStatue","downfall:Hecktoplasm","Ornamental Fan","Boot","Dream Catcher","Busted Crown","downfall:HeartBlessingGreen","Mango","Smiling Mask"],"acts_visited":["Exordium","TheCity","TheBeyond"],"potions_floor_usage":[16,16,20,22,26,26,26,33,33,36,37,39,44,46,48,48,49,50],"damage_taken":[{"damage":0,"enemies":"Small Slimes","floor":3,"turns":4},{"damage":0,"enemies":"Cultist","floor":8,"turns":3},{"damage":9,"enemies":"Lagavulin","floor":9,"turns":6},{"damage":0,"enemies":"2 Louse","floor":10,"turns":3},{"damage":2,"enemies":"Blue Slaver","floor":11,"turns":3},{"damage":0,"enemies":"downfall:FleeingMerchant","floor":13,"turns":4},{"damage":2,"enemies":"2 Fungi Beasts","floor":15,"turns":3},{"damage":28,"enemies":"downfall:Ironclad","floor":16,"turns":6},{"damage":10,"enemies":"Shell Parasite","floor":19,"turns":3},{"damage":0,"enemies":"downfall:FleeingMerchant","floor":20,"turns":4},{"damage":4,"enemies":"3 Byrds","floor":22,"turns":5},{"damage":57,"enemies":"Shelled Parasite and Fungi","floor":25,"turns":6},{"damage":9,"enemies":"Book of Stabbing","floor":26,"turns":3},{"damage":35,"enemies":"Slavers","floor":28,"turns":5},{"damage":0,"enemies":"Snecko","floor":30,"turns":3},{"damage":9,"enemies":"Centurion and Healer","floor":32,"turns":6},{"damage":7,"enemies":"downfall:Silent","floor":33,"turns":7},{"damage":37,"enemies":"3 Darklings","floor":36,"turns":7},{"damage":19,"enemies":"3 Shapes","floor":37,"turns":5},{"damage":0,"enemies":"downfall:FleeingMerchant","floor":39,"turns":3},{"damage":16,"enemies":"Spire Growth","floor":43,"turns":5},{"damage":18,"enemies":"Transient","floor":44,"turns":5},{"damage":48,"enemies":"4 Shapes","floor":46,"turns":5},{"damage":15,"enemies":"Sphere and 2 Shapes","floor":48,"turns":5},{"damage":17,"enemies":"Transient","floor":49,"turns":5},{"damage":0,"enemies":"downfall:Watcher","floor":50,"turns":7}],"seed_played":"8832849363320783483","potions_obtained":[{"floor":2,"key":"Block Potion"},{"floor":2,"key":"Ancient Potion"},{"floor":2,"key":"DeathKnight:BottledBloodEchoes"},{"floor":16,"key":"SteroidPotion"},{"floor":16,"key":"Dexterity Potion"},{"floor":20,"key":"SneckoOil"},{"floor":22,"key":"DeathKnight:BottledBloodEchoes"},{"floor":25,"key":"Weak Potion"},{"floor":25,"key":"CultistPotion"},{"floor":28,"key":"SpeedPotion"},{"floor":30,"key":"hexamod:DoubleChargePotion"},{"floor":32,"key":"ColorlessPotion"},{"floor":33,"key":"hexamod:DoubleChargePotion"},{"floor":33,"key":"Explosive Potion"},{"floor":36,"key":"Block Potion"},{"floor":37,"key":"AttackPotion"},{"floor":39,"key":"CultistPotion"},{"floor":43,"key":"Slimebound:ThreeZeroPotion"},{"floor":44,"key":"Weak Potion"},{"floor":46,"key":"Regen Potion"},{"floor":48,"key":"Energy Potion"},{"floor":48,"key":"CultistPotion"},{"floor":49,"key":"Swift Potion"}],"is_trial":false,"path_per_floor":["R","?","M","?","?","R","T","M","E","M","M","T","$","?","M","B",null,"R","M","$","?","M","R","T","M","E","?","E","?","M","?","M","B",null,"R","M","M","?","$","?","T","$","M","M","?","M","R","M","M","B",null],"character_chosen":"THE_SPIRIT","items_purchased":["hexamod:FourthSeal","Sling"],"campfire_rested":1,"item_purchase_floors":[13,13],"current_hp_per_floor":[70,70,70,70,70,70,70,70,61,61,59,59,59,59,57,39,70,70,60,65,65,66,66,66,9,15,38,3,65,65,65,56,59,65,65,28,14,28,33,73,73,73,57,44,44,1,22,31,19,24],"gold":43,"neow_bonus":"THREE_CARDS","is_daily":false,"chose_seed":false,"campfire_upgraded":5,"win_rate":0.0,"timestamp":1609177857,"path_taken":["R","?","?","?","?","R","T","M","E","M","M","?","$","?","M","BOSS","R","M","$","?","?","R","T","M","E","?","E","?","M","?","M","BOSS","R","M","M","?","$","?","T","$","?","M","?","M","R","M","M","BOSS"],"items_purchased_type":["Card","Relic"],"build_version":"2020-12-22","purchased_purges":1,"victory":true,"max_hp_per_floor":[70,70,70,70,70,70,70,70,70,70,70,70,70,70,70,70,70,70,70,70,70,70,70,70,70,70,70,70,65,65,65,65,65,65,65,65,65,79,79,73,73,73,73,73,73,73,73,73,73,73],"card_choices":[{"not_picked":["hexamod:EtherealExpedition","hexamod:FastForward"],"picked":"hexamod:Firestarter","floor":0},{"not_picked":["hexamod:SwordOfDarkness","hexamod:Firestarter"],"picked":"hexamod:RainOfEmbers","floor":3},{"not_picked":["hexamod:RainOfEmbers","hexamod:HeatCrush","hexamod:SwordOfDarkness"],"picked":"SKIP","floor":8},{"not_picked":["hexamod:SwordOfDarkness","hexamod:RecurringNightmare"],"picked":"hexamod:ThermalTransfer","floor":9},{"not_picked":["hexamod:UnleashSpirits","hexamod:NightmareStrike"],"picked":"hexamod:HeatCrush","floor":10},{"not_picked":["hexamod:RecurringNightmare","hexamod:NightmareGuise"],"picked":"hexamod:SpectralAdrenaline","floor":11},{"not_picked":["hexamod:NightmareGuise","hexamod:CatchUp","hexamod:FastForward"],"picked":"hexamod:TimeOfNeed","floor":13},{"not_picked":["hexamod:FastForward","hexamod:SecondSeal","hexamod:HeatCrush","hexamod:RainOfEmbers"],"picked":"SKIP","floor":15},{"not_picked":["hexamod:WildfireWeapon","hexamod:HexaLevel","hexamod:TurnItUp"],"picked":"hexamod:VolcanoVisage","floor":16},{"not_picked":["hexamod:AdvancingGuard+1","hexamod:SwordOfDarkness","hexamod:BacktrackSmack"],"picked":"hexamod:CatchUp","floor":19},{"not_picked":["hexamod:BurningTouch","hexamod:DynamicBlow+1","hexamod:StepThrough"],"picked":"hexamod:EmpoweredFlame","floor":20},{"not_picked":["hexamod:NightmareStrike+1","hexamod:NightmareGuise","hexamod:BacktrackSmack","hexamod:Firestarter"],"picked":"SKIP","floor":22},{"not_picked":["hexamod:ThermalTransfer","hexamod:HeatCrush+1","hexamod:InspiringFlames"],"picked":"hexamod:SixthSeal","floor":25},{"not_picked":["hexamod:Hexaguard","hexamod:RainOfEmbers+1","hexamod:GhostLash","hexamod:Firestarter+1"],"picked":"SKIP","floor":26},{"not_picked":["hexamod:GhostLash","hexamod:InspiringFlames","hexamod:NecessarySacrifice"],"picked":"hexamod:ShieldOfDarkness+1","floor":28},{"not_picked":["hexamod:EtherealExpedition","hexamod:Hexaguard+1","hexamod:SwordOfDarkness"],"picked":"hexamod:GhostflameBarrier","floor":30},{"not_picked":["hexamod:NecessarySacrifice","hexamod:PhantomCloak","hexamod:NightmareGuise+1","hexamod:SixthSeal"],"picked":"SKIP","floor":32},{"not_picked":["hexamod:CrushingStance","hexamod:GhostflameInferno","hexamod:HexaLevel"],"picked":"hexamod:WildfireWeapon","floor":33},{"not_picked":["hexamod:InspiringFlames+1","hexamod:SwordOfDarkness"],"picked":"SKIP","floor":36},{"not_picked":["hexamod:RetreatToShadows","hexamod:ThermalTransfer+1"],"picked":"SKIP","floor":37},{"not_picked":["hexamod:GhostOfSpirePast"],"picked":"hexamod:PhantomCloak+1","floor":39},{"not_picked":["hexamod:FastForward","hexamod:Again"],"picked":"SKIP","floor":43},{"not_picked":["hexamod:InspiringFlames+1","hexamod:RainOfEmbers+1"],"picked":"SKIP","floor":44},{"not_picked":["hexamod:SpectersWail+1"],"picked":"hexamod:GhostOfSpirePast","floor":46},{"not_picked":["hexamod:Firestarter","hexamod:GhostOfSpireFuture"],"picked":"SKIP","floor":48},{"not_picked":["hexamod:CrushingStance","hexamod:Firestarter"],"picked":"SKIP","floor":49}],"player_experience":605266,"relics_obtained":[{"floor":7,"key":"Toy Ornithopter"},{"floor":9,"key":"Happy Flower"},{"floor":12,"key":"Question Card"},{"floor":24,"key":"Ornamental Fan"},{"floor":26,"key":"Boot"},{"floor":28,"key":"Dream Catcher"},{"floor":38,"key":"Mango"},{"floor":41,"key":"Smiling Mask"}],"event_choices":[{"damage_healed":0,"gold_gain":0,"player_choice":"Got Potions","damage_taken":0,"max_hp_gain":0,"max_hp_loss":0,"event_name":"Lab","floor":2,"gold_loss":0},{"damage_healed":23,"gold_gain":0,"player_choice":"Heal","damage_taken":0,"max_hp_gain":0,"max_hp_loss":0,"event_name":"The Library","floor":27,"gold_loss":0},{"damage_healed":0,"gold_gain":0,"player_choice":"Upgraded","damage_taken":0,"max_hp_gain":0,"max_hp_loss":0,"event_name":"Upgrade Shrine","floor":31,"gold_loss":0,"cards_upgraded":["hexamod:GhostflameBarrier"]}],"is_beta":false,"boss_relics":[{"not_picked":["Black Star","beaked:SacredDeck"],"picked":"downfall:Hecktoplasm"},{"not_picked":["Velvet Choker","Runic Dome"],"picked":"Busted Crown"}],"items_purged_floors":[20],"is_endless":false,"potions_floor_spawned":[9,11,16,19,22,25,32,33,36,44,48],"ascension_level":0}}