{"host":"svab9sudlrudptws","time":1609192047,"event":{"mods":["BaseMod","Colored Powertips","Minty Spire (QoL Compilation)","Robot Space Explorer","Shade Mod","StSLib","The Blackbeard","The Death Knight","The Marked","The Mystic","The Necromancer","The Poker Player","The Servant 0.9.4","TheFirefly"],"gold_per_floor":[118,132,150,150,169,203,203,203,274,308,308,318,337,337,337],"floor_reached":14,"playtime":1305,"items_purged":[],"score":102,"play_id":"66ce72c2-0367-46a3-85fa-446a378decb4","local_time":"20201228234727","is_ascension_mode":false,"campfire_choices":[{"data":"DeathKnight:FrosPresence","floor":7,"key":"SMITH"},{"floor":11,"key":"REST"}],"circlet_count":0,"master_deck":["DeathKnight:Strike_DeathKnight","DeathKnight:Strike_DeathKnight","DeathKnight:Strike_DeathKnight","DeathKnight:Strike_DeathKnight","DeathKnight:Strike_DeathKnight","DeathKnight:Defend_DeathKnight","DeathKnight:Defend_DeathKnight","DeathKnight:Defend_DeathKnight","DeathKnight:Defend_DeathKnight","DeathKnight:Defend_DeathKnight","DeathKnight:RuneTap","DeathKnight:RuneStrike","DeathKnight:BloodStrike","DeathKnight:AntiMagicShell","DeathKnight:ScourgeStrike","DeathKnight:FrosPresence+1","DeathKnight:BludPresence","DeathKnight:UnholyPresence","DeathKnight:FrosPresence"],"relics":["DeathKnight:BrokenRuneblade","Turnip","Omamori","Darkstone Periapt","Pantograph","MealTicket"],"acts_visited":["Exordium"],"potions_floor_usage":[13,14,14],"damage_taken":[{"damage":0,"enemies":"Cultist","floor":1,"turns":4},{"damage":0,"enemies":"Small Slimes","floor":2,"turns":3},{"damage":0,"enemies":"2 Louse","floor":3,"turns":2},{"damage":0,"enemies":"2 Fungi Beasts","floor":5,"turns":4},{"damage":32,"enemies":"3 Sentries","floor":6,"turns":11},{"damage":21,"enemies":"Gremlin Nob","floor":10,"turns":5},{"damage":14,"enemies":"Looter","floor":12,"turns":4},{"damage":23,"enemies":"Gremlin Gang","floor":13,"turns":7},{"damage":9,"enemies":"Lagavulin","floor":14,"turns":7}],"seed_played":"5156147445743183342","potions_obtained":[{"floor":5,"key":"Dexterity Potion"},{"floor":6,"key":"DuplicationPotion"},{"floor":13,"key":"SneckoOil"}],"is_trial":false,"path_per_floor":["M","M","M","?","M","E","R","?","T","E","R","M","M","E"],"character_chosen":"DEATH_KNIGHT","items_purchased":[],"campfire_rested":1,"item_purchase_floors":[],"current_hp_per_floor":[82,82,82,70,70,38,38,38,38,17,41,27,4,0,0],"gold":337,"neow_bonus":"TEN_PERCENT_HP_BONUS","is_daily":false,"chose_seed":false,"campfire_upgraded":1,"win_rate":0.0,"timestamp":1609192047,"path_taken":["M","M","M","?","M","E","R","?","T","E","R","M","?","E"],"items_purchased_type":[],"build_version":"2020-12-22","purchased_purges":0,"victory":false,"max_hp_per_floor":[82,82,82,82,82,82,82,82,82,82,82,82,82,82,82],"card_choices":[{"not_picked":["DeathKnight:FrosPresence","DeathKnight:FesteringStrike"],"picked":"DeathKnight:BloodStrike","floor":1},{"not_picked":["DeathKnight:DeathCoil","DeathKnight:Obliterate"],"picked":"DeathKnight:AntiMagicShell","floor":2},{"not_picked":["DeathKnight:IcyTouch","DeathKnight:RuneShock"],"picked":"DeathKnight:ScourgeStrike","floor":3},{"not_picked":["DeathKnight:Simulacrum","DeathKnight:IceboundArmor"],"picked":"DeathKnight:DeathRune","floor":5},{"not_picked":["DeathKnight:Culling","DeathKnight:HowlingBlast"],"picked":"DeathKnight:FrosPresence","floor":6},{"not_picked":["DeathKnight:Culling","DeathKnight:DeathAndDecay"],"picked":"DeathKnight:BludPresence","floor":10},{"not_picked":["DeathKnight:BoneStorm","DeathKnight:MutagenicPlague"],"picked":"DeathKnight:UnholyPresence","floor":12},{"not_picked":["DeathKnight:HornOfWinter","DeathKnight:BloodTap"],"picked":"DeathKnight:FrosPresence","floor":13}],"player_experience":1665426,"relics_obtained":[{"floor":6,"key":"Omamori"},{"floor":9,"key":"Pantograph"},{"floor":10,"key":"MealTicket"}],"event_choices":[{"damage_healed":0,"gold_gain":0,"player_choice":"Success","damage_taken":12,"relics_obtained":["Turnip"],"max_hp_gain":0,"max_hp_loss":0,"event_name":"Scrap Ooze","floor":4,"gold_loss":0},{"cards_removed":["DeathKnight:DeathRune"],"damage_healed":0,"gold_gain":0,"player_choice":"Gave Card","damage_taken":0,"relics_obtained":["Darkstone Periapt"],"max_hp_gain":0,"max_hp_loss":0,"event_name":"WeMeetAgain","floor":8,"gold_loss":0}],"is_beta":false,"boss_relics":[],"items_purged_floors":[],"is_endless":false,"potions_floor_spawned":[5,6,13],"killed_by":"Lagavulin","ascension_level":0}}