{"host":"5bdt6s51dmpd4l3v","time":1609116684,"event":{"mods":["AchievementEnabler","BaseMod","Colored Map","Colored Powertips","Highlight Path","Minty Spire (QoL Compilation)","Quick Restart","Rare Cards Sparkle","StSLib"],"gold_per_floor":[116,116,126,126,140,166,166,316,316,74,349,364,364,13,13,91,91,107,27,46,63,76,76,76,76],"floor_reached":24,"playtime":661,"items_purged":["Doubt","Regret"],"score":372,"play_id":"550f4fe0-da1f-4e9b-bb3b-67f03102b6f4","local_time":"20201228085124","is_ascension_mode":true,"campfire_choices":[{"data":"Dropkick","floor":7.0,"key":"SMITH"},{"data":"Flex","floor":13.0,"key":"SMITH"},{"data":"Apotheosis","floor":15.0,"key":"SMITH"},{"floor":23,"key":"REST"}],"circlet_count":0,"master_deck":["AscendersBane","Strike_R","Strike_R","Strike_R","Strike_R","Strike_R","Defend_R","Defend_R","Defend_R","Bash","Dropkick+1","Shrug It Off","Clash","Flex+1","Apotheosis+1","Feed","Shockwave","Inflame","True Grit+1"],"relics":["Burning Blood","NeowsBlessing","Ornamental Fan","Vajra","Sling","SlaversCollar"],"acts_visited":["Exordium","TheCity"],"potions_floor_usage":[21,24],"damage_taken":[{"damage":0.0,"enemies":"Cultist","floor":1.0,"turns":1.0},{"damage":0.0,"enemies":"2 Louse","floor":3.0,"turns":1.0},{"damage":0.0,"enemies":"Jaw Worm","floor":5.0,"turns":1.0},{"damage":34.0,"enemies":"Gremlin Nob","floor":6.0,"turns":4.0},{"damage":14.0,"enemies":"2 Fungi Beasts","floor":12.0,"turns":3.0},{"damage":25.0,"enemies":"Hexaghost","floor":16.0,"turns":9.0},{"damage":18.0,"enemies":"Chosen","floor":18.0,"turns":5.0},{"damage":31.0,"enemies":"Shell Parasite","floor":20.0,"turns":4.0},{"damage":19,"enemies":"Shelled Parasite and Fungi","floor":21,"turns":3},{"damage":32,"enemies":"Snecko","floor":22,"turns":7},{"damage":41,"enemies":"3 Cultists","floor":24,"turns":5}],"seed_played":"7328025142768036035","potions_obtained":[{"floor":1.0,"key":"ColorlessPotion"},{"floor":5.0,"key":"SteroidPotion"},{"floor":6.0,"key":"Regen Potion"},{"floor":18.0,"key":"Strength Potion"},{"floor":22,"key":"PowerPotion"}],"is_trial":false,"path_per_floor":["M","?","M","?","M","E","R","?","T","$","?","M","R","$","R","B",null,"M","$","M","M","M","R","M"],"character_chosen":"IRONCLAD","items_purchased":["Sling","Apotheosis","BloodPotion","Inflame"],"campfire_rested":1,"item_purchase_floors":[10,14,14,19],"current_hp_per_floor":[74,67,73,73,75,47,47,47,47,47,47,48,48,48,48,29,64,52,52,46,37,15,41,0,0],"gold":76,"neow_bonus":"THREE_ENEMY_KILL","is_daily":false,"chose_seed":false,"campfire_upgraded":3,"win_rate":0.0,"timestamp":1609116684,"path_taken":["M","?","M","?","M","E","R","?","T","?","?","M","R","$","R","BOSS","M","$","?","M","M","R","M"],"items_purchased_type":["Relic","Card","Potion","Card"],"build_version":"2020-12-22","purchased_purges":2,"victory":false,"max_hp_per_floor":[75,75,75,75,75,75,75,75,75,75,75,75,75,75,75,75,75,75,75,79,83,87,87,87,87],"card_choices":[{"not_picked":["Disarm","Heavy Blade"],"picked":"Dropkick","floor":1.0},{"not_picked":["Havoc","Anger"],"picked":"Shrug It Off","floor":3.0},{"not_picked":["Flame Barrier","Searing Blow"],"picked":"Clash","floor":5.0},{"not_picked":["Uppercut","Shrug It Off","Disarm"],"picked":"SKIP","floor":6.0},{"not_picked":["Flame Barrier","Clothesline"],"picked":"Flex","floor":12.0},{"not_picked":["Bludgeon","Brutality"],"picked":"Feed","floor":16.0},{"not_picked":["Clash","Cleave"],"picked":"Shockwave","floor":18.0},{"not_picked":["Wild Strike","Havoc","True Grit"],"picked":"SKIP","floor":20.0},{"not_picked":["Iron Wave","Entrench"],"picked":"True Grit+1","floor":21},{"not_picked":["Rampage","Ghostly Armor","Feel No Pain"],"picked":"SKIP","floor":22}],"player_experience":262458,"relics_obtained":[{"floor":6.0,"key":"Ornamental Fan"},{"floor":9.0,"key":"Vajra"}],"event_choices":[{"cards_removed":["Defend_R"],"damage_healed":0.0,"max_hp_gain":0.0,"max_hp_loss":0.0,"gold_gain":0.0,"event_name":"Golden Wing","player_choice":"Card Removal","floor":2.0,"gold_loss":0.0,"damage_taken":7.0},{"damage_healed":0.0,"max_hp_gain":0.0,"max_hp_loss":0.0,"gold_gain":0.0,"event_name":"The Cleric","player_choice":"Leave","floor":4.0,"gold_loss":0.0,"damage_taken":0.0},{"damage_healed":0.0,"max_hp_gain":0.0,"max_hp_loss":0.0,"gold_gain":150.0,"event_name":"Liars Game","player_choice":"AGREE","floor":8.0,"gold_loss":0.0,"damage_taken":0.0,"cards_obtained":["Doubt"]},{"damage_healed":0.0,"max_hp_gain":0.0,"max_hp_loss":0.0,"gold_gain":275.0,"event_name":"Golden Shrine","player_choice":"Desecrate","floor":11.0,"gold_loss":0.0,"damage_taken":0.0,"cards_obtained":["Regret"]}],"is_beta":false,"boss_relics":[{"not_picked":["Busted Crown","Tiny House"],"picked":"SlaversCollar"}],"items_purged_floors":[10,14],"is_endless":false,"potions_floor_spawned":[1,5,6,18,22],"killed_by":"3 Cultists","ascension_level":18}}