{"host":"6q94iy5iz6612v89","time":1609141526,"event":{"mods":["AchievementEnabler","BaseMod","Colored Map","DeckTracker","Keyboard Shortcuts","Minty Spire (QoL Compilation)","Permanent Neow","StSLib","SuperFastMode"],"gold_per_floor":[112,112,112,112,112,141,141,175,199,199,245,258,290,303,303,377,377,397,279,297,314,329,329,358,358,358,371,371,271,271,287,287,287,287],"floor_reached":33,"playtime":762,"items_purged":["Strike_G","Strike_G"],"score":706,"play_id":"3735f990-e4dc-4423-bda2-4857ca4c25a7","local_time":"20201228164526","is_ascension_mode":true,"campfire_choices":[{"data":"Skewer","floor":7,"key":"SMITH"},{"data":"Backflip","floor":10,"key":"SMITH"},{"data":"Deadly Poison","floor":15,"key":"SMITH"},{"floor":23,"key":"REST"},{"data":"Noxious Fumes","floor":30,"key":"SMITH"},{"data":"Dodge and Roll","floor":32,"key":"SMITH"}],"circlet_count":0,"master_deck":["AscendersBane","Strike_G","Strike_G","Defend_G","Defend_G","Defend_G","Defend_G","Defend_G+1","Survivor","Neutralize+1","Skewer+1","Backflip+1","Deadly Poison+1","Die Die Die","Dagger Spray+1","Noxious Fumes+1","Reflex","Crippling Poison","Dodge and Roll+1"],"relics":["Ring of the Snake","NeowsBlessing","Pocketwatch","HornCleat","Regal Pillow","Toy Ornithopter","Ninja Scroll","SlaversCollar","The Specimen","StrikeDummy"],"acts_visited":["Exordium","TheCity"],"potions_floor_usage":[12,12,13,16,28,33],"damage_taken":[{"damage":0,"enemies":"Small Slimes","floor":1,"turns":1},{"damage":0,"enemies":"Lagavulin","floor":6,"turns":1},{"damage":0,"enemies":"Gremlin Nob","floor":8,"turns":1},{"damage":0,"enemies":"2 Louse","floor":12,"turns":2},{"damage":7,"enemies":"3 Sentries","floor":13,"turns":8},{"damage":0,"enemies":"Cultist","floor":14,"turns":2},{"damage":25,"enemies":"Hexaghost","floor":16,"turns":10},{"damage":12,"enemies":"Spheric Guardian","floor":18,"turns":5},{"damage":1,"enemies":"Shell Parasite","floor":20,"turns":5},{"damage":14,"enemies":"Snake Plant","floor":21,"turns":4},{"damage":5,"enemies":"Centurion and Healer","floor":22,"turns":7},{"damage":20,"enemies":"Gremlin Leader","floor":24,"turns":7},{"damage":0,"enemies":"Snecko","floor":27,"turns":5},{"damage":0,"enemies":"Slavers","floor":28,"turns":1},{"damage":17,"enemies":"Snake Plant","floor":31,"turns":5},{"damage":36,"enemies":"Collector","floor":33,"turns":6}],"seed_played":"609708594684696193","potions_obtained":[{"floor":6,"key":"FearPotion"},{"floor":8,"key":"EntropicBrew"},{"floor":12,"key":"Fire Potion"},{"floor":16,"key":"SmokeBomb"},{"floor":21,"key":"CultistPotion"}],"is_trial":false,"path_per_floor":["M","?","?","?","?","E","R","E","T","R","T","M","E","M","R","B",null,"M","$","M","M","M","R","E","?","T","M","E","$","R","M","R","B"],"character_chosen":"THE_SILENT","items_purchased":["Noxious Fumes"],"campfire_rested":1,"item_purchase_floors":[19],"current_hp_per_floor":[59,41,41,41,21,21,21,21,21,21,21,31,29,29,29,9,52,40,40,39,25,20,54,34,34,34,34,39,39,39,22,22,0,0],"gold":287,"neow_bonus":"THREE_ENEMY_KILL","is_daily":false,"chose_seed":false,"campfire_upgraded":5,"win_rate":0.0,"timestamp":1609141526,"path_taken":["M","?","?","?","?","E","R","E","T","R","?","M","E","?","R","BOSS","M","$","M","M","M","R","E","?","T","M","E","$","R","M","R","BOSS"],"items_purchased_type":["Card"],"build_version":"2020-12-22","purchased_purges":2,"victory":false,"max_hp_per_floor":[66,66,66,66,66,66,66,66,66,66,66,66,66,66,66,66,66,66,66,66,66,66,66,66,66,66,66,66,66,66,66,66,66,66],"card_choices":[{"not_picked":["Backflip","Prepared"],"picked":"Skewer","floor":1},{"not_picked":["Blade Dance","Sucker Punch"],"picked":"Backflip","floor":6},{"not_picked":["Underhanded Strike","Slice","Blade Dance"],"picked":"SKIP","floor":8},{"not_picked":["Acrobatics","Phantasmal Killer"],"picked":"Deadly Poison","floor":12},{"not_picked":["Flying Knee","Backflip","Deflect"],"picked":"SKIP","floor":13},{"not_picked":["Underhanded Strike","Outmaneuver","Eviscerate"],"picked":"SKIP","floor":14},{"not_picked":["Malaise","Bullet Time"],"picked":"Die Die Die","floor":16},{"not_picked":["Quick Slash","Slice"],"picked":"Dagger Spray+1","floor":18},{"not_picked":["Underhanded Strike","Outmaneuver","Quick Slash"],"picked":"SKIP","floor":20},{"not_picked":["Cloak And Dagger","Skewer","Expertise+1"],"picked":"SKIP","floor":21},{"not_picked":["Dagger Throw","Quick Slash"],"picked":"Reflex","floor":22},{"not_picked":["Deflect","Reflex"],"picked":"Crippling Poison","floor":24},{"not_picked":["Setup","Deadly Poison"],"picked":"Dodge and Roll","floor":27},{"not_picked":["Backflip","Distraction","Deflect"],"picked":"SKIP","floor":31}],"player_experience":1429768,"relics_obtained":[{"floor":6,"key":"HornCleat"},{"floor":8,"key":"Regal Pillow"},{"floor":9,"key":"Toy Ornithopter"},{"floor":13,"key":"Ninja Scroll"},{"floor":24,"key":"The Specimen"},{"floor":26,"key":"StrikeDummy"}],"event_choices":[{"damage_healed":0,"gold_gain":0,"player_choice":"Success","damage_taken":18,"relics_obtained":["Pocketwatch"],"max_hp_gain":0,"max_hp_loss":0,"event_name":"Scrap Ooze","floor":2,"gold_loss":0},{"damage_healed":0,"gold_gain":0,"player_choice":"Ignored","damage_taken":0,"max_hp_gain":0,"max_hp_loss":0,"event_name":"Liars Game","floor":3,"gold_loss":0},{"cards_removed":["Strike_G"],"damage_healed":0,"gold_gain":0,"player_choice":"Forget","damage_taken":0,"max_hp_gain":0,"max_hp_loss":0,"event_name":"Living Wall","floor":4,"gold_loss":0},{"damage_healed":0,"gold_gain":0,"player_choice":"Entered Light","damage_taken":20,"max_hp_gain":0,"max_hp_loss":0,"event_name":"Shining Light","floor":5,"gold_loss":0,"cards_upgraded":["Neutralize","Defend_G"]},{"damage_healed":0,"gold_gain":0,"player_choice":"Ignored","damage_taken":0,"max_hp_gain":0,"max_hp_loss":0,"event_name":"Ghosts","floor":25,"gold_loss":0}],"is_beta":false,"boss_relics":[{"not_picked":["Coffee Dripper","Sozu"],"picked":"SlaversCollar"}],"items_purged_floors":[19,29],"is_endless":false,"potions_floor_spawned":[6,8,12,16,21,22,24],"killed_by":"Collector","ascension_level":20}}