{"host":"yecadp3kwkksam5a","time":1609131739,"event":{"mods":["Arknights The Spire","BaseMod","Minty Spire (QoL Compilation)","StSLib","The Hierophant"],"gold_per_floor":[116,135,135,155,174,174,174],"floor_reached":6,"playtime":341,"items_purged":[],"score":38,"play_id":"d181d296-8c2f-43bf-b355-dec1761d4647","local_time":"20201228140219","is_ascension_mode":false,"campfire_choices":[],"circlet_count":0,"master_deck":["ats:Strike C","ats:Strike G","ats:Strike S","ats:Strike V","ats:Armor Crushing Shot+1","ats:Defend","ats:Defend","ats:Defend","ats:Defend+1","ats:Emotion Absorption","ats:Ignite","ats:Sunburst","ats:Apocalypse","ats:Healing Strengthening"],"relics":["ats:Sanity"],"acts_visited":["Exordium"],"potions_floor_usage":[],"damage_taken":[{"damage":2.0,"enemies":"Small Slimes","floor":1.0,"turns":5.0},{"damage":11,"enemies":"Jaw Worm","floor":2,"turns":4},{"damage":7,"enemies":"2 Louse","floor":4,"turns":2},{"damage":24,"enemies":"Exordium Thugs","floor":5,"turns":5},{"damage":0,"enemies":"Gremlin Nob","floor":6,"turns":1}],"seed_played":"-7276894191769338841","potions_obtained":[{"floor":4,"key":"Weak Potion"}],"is_trial":false,"path_per_floor":["M","M","?","M","M","E"],"character_chosen":"DOCTOR_CLASS","items_purchased":[],"campfire_rested":0,"item_purchase_floors":[],"current_hp_per_floor":[77,66,50,43,23,23,23],"gold":174,"neow_bonus":"TEN_PERCENT_HP_BONUS","is_daily":false,"chose_seed":false,"campfire_upgraded":0,"win_rate":0.0,"timestamp":1609131739,"path_taken":["M","M","?","M","M","E"],"items_purchased_type":[],"build_version":"2020-12-22","purchased_purges":0,"victory":false,"max_hp_per_floor":[79,79,79,79,79,79,79],"card_choices":[{"not_picked":["ats:Defend Order","ats:Sword Rain"],"picked":"ats:Ignite","floor":1.0},{"not_picked":["ats:Assault Order","ats:Cat Scratch"],"picked":"ats:Sunburst","floor":2},{"not_picked":["ats:Childhood Dance","ats:Chain Hook"],"picked":"ats:Apocalypse","floor":4},{"not_picked":["ats:Explosion Area Strengthen","ats:Childhood Dance"],"picked":"ats:Healing Strengthening","floor":5}],"player_experience":295760,"relics_obtained":[],"event_choices":[{"damage_healed":0,"gold_gain":0,"player_choice":"Entered Light","damage_taken":16,"max_hp_gain":0,"max_hp_loss":0,"event_name":"Shining Light","floor":3,"gold_loss":0,"cards_upgraded":["ats:Defend","ats:Armor Crushing Shot"]}],"is_beta":false,"boss_relics":[],"items_purged_floors":[],"is_endless":false,"potions_floor_spawned":[4],"killed_by":"Gremlin Nob","ascension_level":0}}