{"host":"j3hagc6u6cazrqfv","time":1609180632,"event":{"mods":["AchievementEnabler","BaseMod","DeckTracker","Minty Spire (QoL Compilation)","Rare Cards Sparkle","StSLib"],"gold_per_floor":[119,44,44,44,55,90,109,122,170,170,170,170],"floor_reached":11,"playtime":141,"items_purged":["Strike_G"],"score":98,"play_id":"0e677b4a-5a30-4fcc-ab3d-c621da3ec148","local_time":"20201229033712","is_ascension_mode":false,"campfire_choices":[{"data":"Backflip","floor":10,"key":"SMITH"}],"circlet_count":0,"master_deck":["Strike_G","Strike_G","Strike_G+1","Strike_G","Defend_G","Defend_G","Defend_G","Defend_G","Defend_G+1","Survivor","Neutralize","Blade Dance+1","Backflip+1","Acrobatics"],"relics":["Ring of the Snake","NeowsBlessing","Darkstone Periapt","Omamori"],"acts_visited":["Exordium"],"potions_floor_usage":[],"damage_taken":[{"damage":0,"enemies":"Small Slimes","floor":1,"turns":1},{"damage":0,"enemies":"Cultist","floor":5,"turns":1},{"damage":0,"enemies":"Gremlin Nob","floor":6,"turns":1},{"damage":0,"enemies":"2 Louse","floor":7,"turns":3},{"damage":11,"enemies":"Large Slime","floor":8,"turns":7},{"damage":0,"enemies":"3 Sentries","floor":11,"turns":1}],"seed_played":"441566339392734526","potions_obtained":[{"floor":5,"key":"Weak Potion"},{"floor":6,"key":"Weak Potion"}],"is_trial":false,"path_per_floor":["M","$","?","?","M","E","M","M","T","R","E"],"character_chosen":"THE_SILENT","items_purchased":[],"campfire_rested":0,"item_purchase_floors":[],"current_hp_per_floor":[70,70,56,56,56,56,56,45,45,45,45,45],"gold":170,"neow_bonus":"THREE_ENEMY_KILL","is_daily":false,"chose_seed":false,"campfire_upgraded":1,"win_rate":0.0,"timestamp":1609180632,"path_taken":["M","$","?","?","M","E","M","M","T","R","E"],"items_purchased_type":[],"build_version":"2020-12-22","purchased_purges":1,"victory":false,"max_hp_per_floor":[70,70,70,70,70,70,70,70,70,70,70,70],"card_choices":[{"not_picked":["Dodge and Roll","Bane"],"picked":"Blade Dance","floor":1},{"not_picked":["Well Laid Plans","Acrobatics"],"picked":"Backflip","floor":5},{"not_picked":["Reflex","Slice"],"picked":"Acrobatics","floor":6},{"not_picked":["Acrobatics","Expertise","Sucker Punch"],"picked":"SKIP","floor":7},{"not_picked":["Quick Slash","Footwork","Bullet Time"],"picked":"SKIP","floor":8}],"player_experience":3315,"relics_obtained":[{"floor":6,"key":"Darkstone Periapt"},{"floor":9,"key":"Omamori"}],"event_choices":[{"damage_healed":0,"gold_gain":0,"player_choice":"Entered Light","damage_taken":14,"max_hp_gain":0,"max_hp_loss":0,"event_name":"Shining Light","floor":3,"gold_loss":0,"cards_upgraded":["Defend_G","Strike_G"]},{"damage_healed":0,"gold_gain":0,"player_choice":"Upgraded","damage_taken":0,"max_hp_gain":0,"max_hp_loss":0,"event_name":"Upgrade Shrine","floor":4,"gold_loss":0,"cards_upgraded":["Blade Dance"]}],"is_beta":false,"boss_relics":[],"items_purged_floors":[2],"is_endless":false,"potions_floor_spawned":[5,6],"killed_by":"3 Sentries","ascension_level":0}}