{"host":"u9e3a5f5jx77r6og","time":1609122049,"event":{"mods":["BaseMod","Colored Map","Colored Powertips","Downfall","Minty Spire (QoL Compilation)","Quick Restart","Shop Mod","StSLib","Unceasing Turn Reminder","everything is the same but u backflip on backflip"],"gold_per_floor":[110,120,25,25,200,200,234,234,234,65,93,112,112,137,137,137,137],"floor_reached":16,"playtime":11331,"items_purged":["Doubt"],"score":151,"play_id":"5935c036-ec11-4e38-9e3d-8cd5b9e9dd4c","local_time":"20201227212049","is_ascension_mode":true,"campfire_choices":[{"data":"Neutralize","floor":6.0,"key":"SMITH"},{"floor":8.0,"key":"REST"},{"floor":13.0,"key":"DIG"},{"floor":15.0,"key":"DIG"}],"circlet_count":0,"master_deck":["Strike_G","Strike_G","Strike_G","Strike_G","Strike_G","Defend_G","Defend_G","Defend_G","Defend_G","Defend_G","Survivor","Neutralize+1","Endless Agony","Backstab","expansioncontent:Collect","Prepared","Escape Plan","Outmaneuver","Deflect","Footwork","Flechettes"],"relics":["Ring of the Snake","Letter Opener","Mummified Hand","Shovel","Eternal Feather","Unceasing Top","Juzu Bracelet","FossilizedHelix"],"acts_visited":["Exordium"],"potions_floor_usage":[],"damage_taken":[{"damage":5.0,"enemies":"Cultist","floor":1.0,"turns":6.0},{"damage":5.0,"enemies":"Small Slimes","floor":2.0,"turns":3.0},{"damage":20.0,"enemies":"Gremlin Nob","floor":7.0,"turns":4.0},{"damage":19.0,"enemies":"Lagavulin","floor":11.0,"turns":8.0},{"damage":0.0,"enemies":"2 Louse","floor":12.0,"turns":2.0},{"damage":24.0,"enemies":"Gremlin Nob","floor":14.0,"turns":6.0},{"damage":22,"enemies":"Hexaghost","floor":16,"turns":16}],"seed_played":"-2521308647623603361","potions_obtained":[{"floor":1.0,"key":"Strength Potion"},{"floor":7.0,"key":"SmokeBomb"},{"floor":11.0,"key":"Block Potion"}],"is_trial":false,"path_per_floor":["M","M","$","?","?","R","E","R","T","$","E","M","R","E","R","B"],"character_chosen":"THE_SILENT","items_purchased":["expansioncontent:Collect","Escape Plan","Outmaneuver"],"campfire_rested":1,"item_purchase_floors":[3,10,10],"current_hp_per_floor":[65,60,60,57,57,57,37,60,60,60,41,41,53,29,41,19,19],"gold":137,"neow_bonus":"TEN_PERCENT_HP_BONUS","is_daily":false,"chose_seed":false,"campfire_upgraded":1,"win_rate":0.0,"timestamp":1609122049,"path_taken":["M","M","$","?","?","R","E","R","T","$","E","M","R","E","R","BOSS"],"items_purchased_type":["Card","Card","Card"],"build_version":"2020-12-22","purchased_purges":1,"victory":false,"max_hp_per_floor":[77,77,77,77,77,77,77,77,77,77,77,77,77,77,77,77,77],"card_choices":[{"not_picked":["Well Laid Plans","Dagger Spray"],"picked":"Endless Agony","floor":1.0},{"not_picked":["Reflex","Deflect"],"picked":"Backstab","floor":2.0},{"not_picked":["Reflex","Backflip"],"picked":"Prepared","floor":7.0},{"not_picked":["Accuracy","Terror"],"picked":"Deflect","floor":11.0},{"not_picked":["Leg Sweep","Flying Knee"],"picked":"Footwork","floor":12.0},{"not_picked":["Finisher","Endless Agony"],"picked":"Flechettes","floor":14.0}],"player_experience":250858,"relics_obtained":[{"floor":7.0,"key":"Mummified Hand"},{"floor":9.0,"key":"Shovel"},{"floor":11.0,"key":"Eternal Feather"},{"floor":13.0,"key":"Unceasing Top"},{"floor":14.0,"key":"Juzu Bracelet"},{"floor":15.0,"key":"FossilizedHelix"}],"event_choices":[{"damage_healed":0.0,"max_hp_gain":0.0,"max_hp_loss":0.0,"gold_gain":0.0,"event_name":"Scrap Ooze","player_choice":"Success","floor":4.0,"gold_loss":0.0,"damage_taken":3.0,"relics_obtained":["Letter Opener"]},{"damage_healed":0.0,"max_hp_gain":0.0,"max_hp_loss":0.0,"gold_gain":175.0,"event_name":"Liars Game","player_choice":"AGREE","floor":5.0,"gold_loss":0.0,"damage_taken":0.0,"cards_obtained":["Doubt"]}],"is_beta":false,"boss_relics":[],"items_purged_floors":[10],"is_endless":false,"potions_floor_spawned":[1,7,11],"killed_by":"Hexaghost","ascension_level":6}}