{"host":"7uqz56agclckh39o","time":1609192617,"event":{"mods":["Astrologer","BaseMod","BetterRewards","Colored Map","Fiend Mod","FutureSeer","Gremlin Mod","Hermit","Hero for Fun","Highlight Path","Mad Scientist","Marisa????????","Minty Spire (QoL Compilation)","Quarter Circle Forward PUNCH!","Replay The Spire","Somnambulant","StSLib","Td1madao Mod","The Bladedancer","The Clintock","The Cursed","The Disciple","The Elementalist","The Florist","The IronCluck","The Juggle","The Runesmith","The Saiyan","The Servant 0.9.4","The Spell Scribe"],"gold_per_floor":[109,109,123,142,160,160,9,41,41,141,159,159,172,186,186,287,287,297,311,323,351,8,8,37,48,48,48,62,62,62,62,62],"floor_reached":31,"playtime":2541,"items_purged":[],"score":284,"play_id":"1e98f594-c08f-45c4-8bd1-1293e3636184","local_time":"20201228165657","is_ascension_mode":false,"campfire_choices":[{"data":"blademaster:Cut","floor":6.0,"key":"SMITH"},{"data":"blademaster:ThunderingOpener","floor":12.0,"key":"SMITH"},{"data":"blademaster:Safeguard","floor":15.0,"key":"SMITH"},{"data":"blademaster:Empower","floor":23.0,"key":"SMITH"},{"data":"blademaster:Cut","floor":27.0,"key":"SMITH"},{"floor":29.0,"key":"REST"}],"circlet_count":0,"master_deck":["blademaster:Strike","blademaster:Strike","blademaster:Strike","blademaster:Defend","blademaster:Defend","blademaster:Defend","blademaster:Defend","blademaster:RagingBlow","blademaster:HighVoltage","blademaster:Cut+1","blademaster:AirSlash","blademaster:WindSlash","blademaster:Flurry","blademaster:Reversal","blademaster:ChargingUp","blademaster:DancingEdge","blademaster:ThunderingOpener+1","blademaster:ThunderSlash","blademaster:Rupture","blademaster:KiBarrier","blademaster:Safeguard+1","blademaster:ThunderingOpener+1","blademaster:ThreePointStrike+1","blademaster:Meditate+1","blademaster:DeadlyDance","blademaster:AirSlash","blademaster:AwakeningDefend","blademaster:Stability+1","blademaster:DeadlyDance+1","blademaster:Empower+1","blademaster:ThunderSlash","blademaster:Cut+1","blademaster:CullingStrike","blademaster:ThunderingOpener","Writhe"],"relics":["blademaster:DancersAmulet","NeowsBlessing","Orrery","Ginger","Pondfish Scales","Astrolabe","Red Mask","Toy Ornithopter","Ice Cream","Meat on the Bone"],"acts_visited":["Exordium","TheCity"],"potions_floor_usage":[],"damage_taken":[{"damage":0.0,"enemies":"Cultist","floor":1.0,"turns":1.0},{"damage":0.0,"enemies":"Jaw Worm","floor":3.0,"turns":1.0},{"damage":0.0,"enemies":"2 Louse","floor":4.0,"turns":1.0},{"damage":11.0,"enemies":"Exordium Wildlife","floor":5.0,"turns":5.0},{"damage":7.0,"enemies":"3 Sentries","floor":8.0,"turns":8.0},{"damage":0.0,"enemies":"Gremlin Gang","floor":11.0,"turns":2.0},{"damage":3.0,"enemies":"2 Fungi Beasts","floor":13.0,"turns":3.0},{"damage":18.0,"enemies":"Exordium Wildlife","floor":14.0,"turns":5.0},{"damage":34.0,"enemies":"The Guardian","floor":16.0,"turns":9.0},{"damage":0.0,"enemies":"Shell Parasite","floor":18.0,"turns":3.0},{"damage":13.0,"enemies":"2 Thieves","floor":19.0,"turns":5.0},{"damage":6.0,"enemies":"Snecko","floor":20.0,"turns":5.0},{"damage":29.0,"enemies":"Masked Bandits","floor":21.0,"turns":5.0},{"damage":14.0,"enemies":"Replay:Snechameleon","floor":24.0,"turns":8.0},{"damage":13.0,"enemies":"Snake Plant","floor":25.0,"turns":4.0},{"damage":11.0,"enemies":"Chosen and Byrds","floor":28.0,"turns":5.0},{"damage":0,"enemies":"3 Cultists","floor":31,"turns":1}],"seed_played":"5296180434831513915","potions_obtained":[{"floor":3.0,"key":"SkillPotion"},{"floor":4.0,"key":"SmokeBomb"},{"floor":8.0,"key":"FearPotion"},{"floor":13.0,"key":"SkillPotion"},{"floor":20.0,"key":"Explosive Potion"},{"floor":21.0,"key":"Reflective Coating"},{"floor":25.0,"key":"LiquidBronze"},{"floor":28.0,"key":"SteroidPotion"}],"is_trial":false,"path_per_floor":["M","?","M","M","M","R","$","E","T","?","M","R","M","M","R","B",null,"M","M","M","?","$","R","E","M","T","R","M","R","?","M"],"character_chosen":"THE_BLADEMASTER","items_purchased":["Orrery","blademaster:DeadlyDance+1","blademaster:Empower","Toy Ornithopter"],"campfire_rested":1,"item_purchase_floors":[7,22,22,22],"current_hp_per_floor":[75,75,75,75,64,64,64,57,57,57,57,57,54,36,36,2,75,75,71,65,39,39,39,37,27,27,27,28,50,50,50,50],"gold":62,"neow_bonus":"THREE_ENEMY_KILL","is_daily":false,"chose_seed":false,"campfire_upgraded":5,"win_rate":0.0,"timestamp":1609192617,"path_taken":["M","?","?","?","M","R","?","E","T","?","M","R","M","M","R","BOSS","M","M","?","?","$","R","E","M","T","R","M","R","?","M"],"items_purchased_type":["Relic","Card","Card","Relic"],"build_version":"2020-12-22","purchased_purges":0,"victory":false,"max_hp_per_floor":[75,75,75,75,75,75,75,75,75,75,75,75,75,75,75,75,75,75,75,75,75,75,75,75,75,75,75,75,75,75,75,75],"card_choices":[{"not_picked":["blademaster:ParryingStrike","blademaster:LightningCrash"],"picked":"blademaster:Cut","floor":1.0},{"not_picked":["blademaster:Discharge","blademaster:Stability"],"picked":"blademaster:AirSlash","floor":3.0},{"not_picked":["blademaster:Stormstrike","blademaster:ParryingStrike"],"picked":"blademaster:WindSlash","floor":4.0},{"not_picked":["blademaster:Stormstrike","blademaster:Thrust"],"picked":"blademaster:Flurry","floor":5.0},{"not_picked":["blademaster:Sunder","blademaster:WindSlash"],"picked":"blademaster:Reversal","floor":7.0},{"not_picked":["blademaster:FuriousStrike","blademaster:EyeOfTheStorm"],"picked":"blademaster:ChargingUp","floor":7.0},{"not_picked":["blademaster:Slice","blademaster:Sunder"],"picked":"blademaster:DancingEdge","floor":7.0},{"not_picked":["blademaster:Blindside","blademaster:Slice"],"picked":"blademaster:ThunderingOpener","floor":7.0},{"not_picked":["blademaster:Thrust","blademaster:Sunder"],"picked":"blademaster:ThunderSlash","floor":7.0},{"not_picked":["blademaster:Sunder","blademaster:SlyStabs"],"picked":"blademaster:Rupture","floor":8.0},{"not_picked":["blademaster:Reversal","blademaster:Quickstep"],"picked":"blademaster:KiBarrier","floor":11.0},{"not_picked":["blademaster:Reversal","blademaster:EyeOfTheStorm"],"picked":"blademaster:Safeguard","floor":13.0},{"not_picked":["blademaster:EyeOfTheStorm","blademaster:AwakeningDefend"],"picked":"blademaster:Safeguard","floor":14.0},{"not_picked":["blademaster:BladeDance","blademaster:FlockOfBlades"],"picked":"blademaster:LightningDraw","floor":16.0},{"not_picked":["blademaster:Frenzy","blademaster:DragonStrike"],"picked":"blademaster:DeadlyDance","floor":18.0},{"not_picked":["blademaster:BloodyBlow","blademaster:DancingEdge+1"],"picked":"blademaster:AirSlash","floor":19.0},{"not_picked":["blademaster:Safeguard","blademaster:Frenzy"],"picked":"blademaster:AwakeningDefend","floor":20.0},{"not_picked":["blademaster:FlockOfBlades","blademaster:Thrust"],"picked":"blademaster:Stability+1","floor":21.0},{"not_picked":["blademaster:DragonStrike","blademaster:AncestralHealing"],"picked":"blademaster:ThunderSlash","floor":24.0},{"not_picked":["blademaster:Frenzy","blademaster:EyeOfTheStorm"],"picked":"blademaster:Cut","floor":25.0},{"not_picked":["blademaster:Sunder","blademaster:Cut"],"picked":"blademaster:CullingStrike","floor":28.0}],"player_experience":95466,"relics_obtained":[{"floor":8.0,"key":"Ginger"},{"floor":8.0,"key":"blademaster:WindChargePerk"},{"floor":9.0,"key":"Pondfish Scales"},{"floor":21.0,"key":"Red Mask"},{"floor":24.0,"key":"Ice Cream"},{"floor":24.0,"key":"blademaster:BonusComboPerk"},{"floor":26.0,"key":"Meat on the Bone"}],"event_choices":[{"damage_healed":0.0,"max_hp_gain":0.0,"max_hp_loss":0.0,"gold_gain":0.0,"event_name":"The Woman in Blue","player_choice":"Bought 0 Potions","floor":2.0,"gold_loss":0.0,"damage_taken":0.0},{"damage_healed":0.0,"max_hp_gain":0.0,"max_hp_loss":0.0,"gold_gain":100.0,"event_name":"Golden Shrine","player_choice":"Pray","floor":10.0,"gold_loss":0.0,"damage_taken":0.0},{"damage_healed":0.0,"max_hp_gain":0.0,"max_hp_loss":0.0,"gold_gain":0.0,"event_name":"Masked Bandits","player_choice":"Fought Bandits","floor":21.0,"gold_loss":0.0,"damage_taken":0.0},{"damage_healed":0.0,"max_hp_gain":0.0,"max_hp_loss":0.0,"gold_gain":0.0,"event_name":"Match and Keep!","player_choice":"2 cards matched","floor":30.0,"gold_loss":0.0,"damage_taken":0.0,"cards_obtained":["blademaster:ThunderingOpener","Writhe"]}],"is_beta":false,"boss_relics":[{"not_picked":["Empty Cage","SacredBark"],"picked":"Astrolabe"}],"items_purged_floors":[],"is_endless":false,"potions_floor_spawned":[3,4,8,13,20,21,25,28],"killed_by":"3 Cultists","ascension_level":0}}