{"host":"cyiefo55v5hz1ih5","time":1609184455,"event":{"mods":["2.2 Compatiblity","AchievementEnabler","Arknights The Spire","BaseMod","GifTheSpireLib","Hubris","Minty Spire (QoL Compilation)","Replay The Spire","Spicy Shops","StSLib"],"gold_per_floor":[118,118,43,43,59,84,84,95,143,159,109,109,125,138,138,262,262,280,295,320,344,365,365,408,408,408,457,488,519,519,552,552,696,696,730,730,764,153,231,231,286,286,325,384,422,422,462,497,497,497,497,497,25,83,83],"floor_reached":56,"playtime":5538,"items_purged":["ats:Strike V","ats:Defend"],"score":1067,"play_id":"5615b8c5-e939-4d94-9022-fd87790f4129","local_time":"20201228144055","is_ascension_mode":true,"campfire_choices":[{"data":"ats:Emotion Absorption","floor":7.0,"key":"SMITH"},{"data":"ats:Blood Oath","floor":15.0,"key":"SMITH"},{"floor":23,"key":"REST"},{"floor":25,"key":"RECALL"},{"data":"ats:Rat Pack","floor":30,"key":"SMITH"},{"floor":32,"key":"REST"},{"data":"ats:Healing Strengthening","floor":40,"key":"SMITH"},{"data":"ats:Nebulous Foxfire","floor":42,"key":"SMITH"},{"data":"ats:Counter Healing Mode","floor":46,"key":"SMITH"},{"data":"Madness","floor":49,"key":"SMITH"},{"data":"ats:Charging Defense","floor":52,"key":"SMITH"}],"circlet_count":0,"master_deck":["ats:Armor Crushing Shot+1","ats:Defend+1","ats:Defend","ats:Emotion Absorption+1","ats:Blood Oath+1","ats:Charging Defense+1","Pot Of Greed","ats:Rat Pack+1","ats:Overload","ats:Thermite Blade+1","ats:Nebulous Foxfire+1","ats:Ambush+1","ats:Echo Reverb+1","ats:Dogmatic Field+1","Madness","Madness+1","ats:Rapid Magazine+1","ats:Healing Strengthening+1","ats:Magnetic Hammer+1","ats:Counter Healing Mode+1","Pot Of Greed","ats:Overload+1","ats:Thorns"],"relics":["ats:Sanity","NeowsBlessing","hubris:Icosahedron","ats:Originium","ats:Hidden Killer","Grinning Jar","Golden Idol","Painkiller Herb","ats:Originium","ats:Gyao","ats:Originium","Bronze Scales","Astrolabe","Ginger","Sling","hubris:FunFungus","ats:Originium","Whetstone","Toy Ornithopter","Pear","Medical Kit","Pantograph","Mummified Hand"],"acts_visited":["Exordium","TheCity","TheBeyond","TheEnding"],"potions_floor_usage":[24,24,31,55,55,55],"damage_taken":[{"damage":0.0,"enemies":"Small Slimes","floor":1.0,"turns":2.0},{"damage":0.0,"enemies":"2 Louse","floor":5.0,"turns":2.0},{"damage":0.0,"enemies":"3 Sentries","floor":6.0,"turns":2.0},{"damage":1.0,"enemies":"Jaw Worm","floor":8.0,"turns":4.0},{"damage":5.0,"enemies":"3 Louse","floor":10.0,"turns":5.0},{"damage":1.0,"enemies":"2 Fungi Beasts","floor":13.0,"turns":4.0},{"damage":2.0,"enemies":"Exordium Thugs","floor":14.0,"turns":6.0},{"damage":23.0,"enemies":"Slime Boss","floor":16.0,"turns":21.0},{"damage":7.0,"enemies":"Chosen","floor":18.0,"turns":8.0},{"damage":14.0,"enemies":"Shell Parasite","floor":19.0,"turns":7.0},{"damage":13.0,"enemies":"Snake Plant","floor":20.0,"turns":6.0},{"damage":38.0,"enemies":"Centurion and Healer","floor":21.0,"turns":5.0},{"damage":3,"enemies":"3 Cultists","floor":22,"turns":6},{"damage":21,"enemies":"Book of Stabbing","floor":24,"turns":6},{"damage":21,"enemies":"Slavers","floor":27,"turns":7},{"damage":13,"enemies":"Cultist and Chosen","floor":28,"turns":6},{"damage":12,"enemies":"Centurion and Healer","floor":29,"turns":4},{"damage":10,"enemies":"Snecko","floor":31,"turns":3},{"damage":22,"enemies":"Automaton","floor":33,"turns":13},{"damage":32,"enemies":"Orb Walker","floor":35,"turns":5},{"damage":24,"enemies":"3 Darklings","floor":37,"turns":5},{"damage":0,"enemies":"Mind Bloom Boss Battle","floor":39,"turns":6},{"damage":0,"enemies":"Reptomancer","floor":41,"turns":7},{"damage":9,"enemies":"Giant Head","floor":44,"turns":7},{"damage":20,"enemies":"Writhing Mass","floor":45,"turns":6},{"damage":51,"enemies":"4 Shapes","floor":47,"turns":5},{"damage":34,"enemies":"Sphere and 2 Shapes","floor":48,"turns":5},{"damage":70,"enemies":"Replay:Hell Engine","floor":50,"turns":15},{"damage":15,"enemies":"Shield and Spear","floor":54,"turns":5},{"damage":298,"enemies":"The Heart","floor":55,"turns":11}],"seed_played":"-6077184344764892641","potions_obtained":[{"floor":5.0,"key":"Languid Potion"},{"floor":10.0,"key":"Languid Potion"},{"floor":13.0,"key":"SpeedPotion"},{"floor":14.0,"key":"Block Potion"},{"floor":18.0,"key":"SpeedPotion"},{"floor":19.0,"key":"Energy Potion"},{"floor":21.0,"key":"ColorlessPotion"},{"floor":27,"key":"DistilledChaos"},{"floor":29,"key":"ats:Emergency Sanity Potion"},{"floor":39,"key":"ats:Emergency Sanity Potion"},{"floor":41,"key":"BlessingOfTheForge"}],"is_trial":false,"path_per_floor":["M","?","$","?","M","E","R","M","T","M","?","?","M","M","R","B",null,"?","?","?","?","?","T","E","T","T","E","?","?","T","?","T","B",null,"?","?","?","T","?","T","E","T","T","E","?","T","?","?","T","B",null,"T","T","E","B",null],"character_chosen":"DOCTOR_CLASS","items_purchased":["Ginger","ats:Healing Strengthening","Sling","Medical Kit","ats:Thorns","Pantograph"],"campfire_rested":2,"item_purchase_floors":[38,38,38,53,53,53],"current_hp_per_floor":[72,72,72,72,72,72,72,72,72,72,72,54,62,66,66,59,72,71,72,69,39,51,72,59,59,59,53,55,53,53,53,72,71,72,69,60,66,66,72,72,72,72,72,82,82,82,82,82,82,67,82,82,82,82,36],"gold":83,"neow_bonus":"THREE_ENEMY_KILL","is_daily":false,"chose_seed":false,"campfire_upgraded":8,"win_rate":0.0,"timestamp":1609184455,"path_taken":["M","?","$","?","M","E","R","M","T","?","?","?","M","M","R","BOSS","?","?","?","?","?","T","E","T","T","E","?","?","T","?","T","BOSS","?","?","?","T","?","T","E","T","T","E","?","T","?","?","T","BOSS","T","T","E","BOSS"],"items_purchased_type":["Relic","Card","Relic","Relic","Card","Relic"],"build_version":"2020-12-22","purchased_purges":2,"victory":true,"max_hp_per_floor":[72,72,72,72,72,72,72,72,72,72,72,72,72,72,72,72,72,72,72,72,72,72,72,72,72,72,72,72,72,72,72,72,72,72,72,72,72,72,72,72,72,72,72,82,82,82,82,82,82,82,82,82,82,82,82],"card_choices":[{"not_picked":["ats:Apocalypse","ats:Consecutive Shot Auto","ats:Ignite"],"picked":"SKIP","floor":1.0},{"not_picked":["ats:Consecutive Shot Auto","ats:Flame Of Heaven","ats:Ignite"],"picked":"SKIP","floor":5.0},{"not_picked":["ats:Healing Strengthening","ats:Steam Pump"],"picked":"ats:Blood Oath","floor":6.0},{"not_picked":["ats:Encircling Forest","ats:Powerful Strike"],"picked":"ats:Charging Defense","floor":8.0},{"not_picked":["ats:Defend Order","ats:Mental Burst","ats:Leaping Hammer"],"picked":"SKIP","floor":10.0},{"not_picked":["ats:Revitalization","ats:Defend Order","ats:Flexible Camouflage"],"picked":"SKIP","floor":13.0},{"not_picked":["ats:Shell Defense","ats:Ignite","ats:Explosion Area Strengthen"],"picked":"SKIP","floor":14.0},{"not_picked":["ats:Echo Reverb","ats:Durian"],"picked":"ats:Rat Pack","floor":16.0},{"not_picked":["ats:Steam Pump","ats:Flexible Camouflage","ats:Cat Scratch"],"picked":"SKIP","floor":18.0},{"not_picked":["ats:Very Hot Blade+1","ats:Composite Medical Shells"],"picked":"ats:Overload","floor":19.0},{"not_picked":["ats:Hammer On","ats:Shell Defense+1"],"picked":"ats:Thermite Blade+1","floor":20.0},{"not_picked":["ats:Thermite Blade","ats:Collapsing Strike","ats:Wolf Pack"],"picked":"SKIP","floor":21.0},{"not_picked":["ats:Hammer On","ats:Explosion Area Strengthen","ats:Ignite"],"picked":"SKIP","floor":22},{"not_picked":["ats:Ignite","ats:Hook Shot","ats:Hammer On"],"picked":"SKIP","floor":24},{"not_picked":["ats:Curse Doll","ats:Childhood Dance","ats:Revitalization+1"],"picked":"SKIP","floor":27},{"not_picked":["ats:Sunburst+1","ats:Ignite+1","ats:Assault Order"],"picked":"SKIP","floor":28},{"not_picked":["ats:Ignite","ats:Leaping Hammer","ats:Shell Defense"],"picked":"SKIP","floor":29},{"not_picked":["ats:Apocalypse","ats:Leaping Hammer+1","ats:Hammer On"],"picked":"SKIP","floor":31},{"not_picked":["ats:Volcano","ats:Soul Rend"],"picked":"ats:Nebulous Foxfire","floor":33},{"not_picked":["ats:Curse Doll+1","ats:Closed Bolt Burst Fire","ats:Assault Order"],"picked":"SKIP","floor":35},{"not_picked":["ats:Hammer On+1","ats:Consecutive Shot Auto+1"],"picked":"ats:Rapid Magazine+1","floor":37},{"not_picked":["ats:Revitalization+1","ats:Very Hot Blade"],"picked":"ats:Magnetic Hammer","floor":39},{"not_picked":["ats:Dogmatic Field","ats:Cat Scratch+1","ats:Consecutive Shot Auto"],"picked":"SKIP","floor":41},{"not_picked":["ats:Explosion Area Strengthen+1","ats:Revitalization","ats:Charging Defense+1"],"picked":"SKIP","floor":44},{"not_picked":["ats:Childhood Dance+1","ats:Apocalypse"],"picked":"ats:Counter Healing Mode","floor":45},{"not_picked":["ats:Collapsing Strike","ats:Assault Order+1","ats:Flame Of Heaven+1"],"picked":"SKIP","floor":47},{"not_picked":["ats:Explosion Area Strengthen","ats:Leaping Hammer"],"picked":"ats:Overload+1","floor":48},{"not_picked":["ats:Flexible Camouflage+1","ats:Poison Spread+1","ats:Apocalypse+1"],"picked":"SKIP","floor":54}],"player_experience":617965,"relics_obtained":[{"floor":6.0,"key":"ats:Originium"},{"floor":6.0,"key":"ats:Hidden Killer"},{"floor":9.0,"key":"Grinning Jar"},{"floor":24,"key":"ats:Originium"},{"floor":24,"key":"ats:Gyao"},{"floor":27,"key":"ats:Originium"},{"floor":27,"key":"Bronze Scales"},{"floor":39,"key":"hubris:FunFungus"},{"floor":41,"key":"ats:Originium"},{"floor":41,"key":"Whetstone"},{"floor":43,"key":"Toy Ornithopter"},{"floor":44,"key":"Pear"},{"floor":54,"key":"Mummified Hand"}],"event_choices":[{"cards_removed":["ats:Strike S"],"damage_healed":0.0,"max_hp_gain":0.0,"max_hp_loss":0.0,"gold_gain":0.0,"event_name":"The Cleric","player_choice":"Card Removal","floor":11.0,"gold_loss":50.0,"damage_taken":0.0},{"damage_healed":0.0,"max_hp_gain":0.0,"max_hp_loss":0.0,"gold_gain":0.0,"event_name":"Golden Idol","player_choice":"Take Damage","floor":12.0,"gold_loss":0.0,"damage_taken":18.0,"relics_obtained":["Golden Idol"]},{"damage_healed":0,"gold_gain":0,"player_choice":"Embrace Madness","damage_taken":9,"max_hp_gain":0,"max_hp_loss":0,"event_name":"Winding Halls","floor":36,"gold_loss":0,"cards_obtained":["Madness","Madness"]},{"damage_healed":0,"gold_gain":0,"player_choice":"Fight","damage_taken":0,"max_hp_gain":0,"max_hp_loss":0,"event_name":"MindBloom","floor":39,"gold_loss":0}],"is_beta":false,"boss_relics":[{"not_picked":["Runic Pyramid","Honey Jar"],"picked":"Painkiller Herb"},{"not_picked":["hubris:TerracottaHorce","Runic Dome"],"picked":"Astrolabe"}],"items_purged_floors":[3,38],"is_endless":false,"potions_floor_spawned":[5,10,13,14,18,19,21,27,29,39,41,44,45,48],"ascension_level":1}}