{"host":"k5dhp0bkccqfauyu","time":1609161643,"event":{"mods":["BaseMod","Better Note","Better Skull","Better Vampires","Colored Map","Colored Powertips","DeckTracker","Minty Spire (QoL Compilation)","Permanent Neow","StSLib","SuperFastMode"],"gold_per_floor":[417,436,40,52,72,106,106,131,131,131,144,203,203,220,220,321,321,332,349,549,71,90,118,118,153,153,183,198,228,246,246,246,350,350,362,1,13,0,0,0,32,51,100,125,136,148,148,148,148,148,148,148,46,72,72],"floor_reached":56,"playtime":2459,"items_purged":["Strike_R","Strike_R","Defend_R"],"score":1703,"play_id":"5444c61c-b7eb-461b-a10c-53be1362e28a","local_time":"20201229002043","is_ascension_mode":true,"campfire_choices":[{"data":"Armaments","floor":7,"key":"SMITH"},{"data":"Feed","floor":10,"key":"SMITH"},{"data":"Bludgeon","floor":13,"key":"SMITH"},{"data":"True Grit","floor":15,"key":"SMITH"},{"data":"Dark Embrace","floor":24,"key":"SMITH"},{"data":"Flame Barrier","floor":32,"key":"SMITH"},{"data":"Brutality","floor":40,"key":"SMITH"},{"data":"Barricade","floor":47,"key":"SMITH"},{"floor":49,"key":"RECALL"},{"data":"Burning Pact","floor":52,"key":"SMITH"}],"circlet_count":0,"master_deck":["Strike_R","Strike_R+1","Defend_R+1","Defend_R","Defend_R","Bash+1","Flame Barrier+1","Armaments+1","Cleave","Seeing Red","Feed+1","Pommel Strike","Bludgeon+1","True Grit+1","Fiend Fire","Shrug It Off+1","Shockwave+1","Dark Embrace+1","Battle Trance+1","Disarm+1","Havoc+1","Sentinel","Feel No Pain+1","Brutality+1","CurseOfTheBell","Dual Wield","Burning Pact+1","Barricade+1","Entrench+1","Anger","Body Slam"],"relics":["Burning Blood","Old Coin","White Beast Statue","ClockworkSouvenir","Happy Flower","Centennial Puzzle","Bottled Flame","Matryoshka","Mark of Pain","Anchor","Self Forming Clay","Pear","Whetstone","Oddly Smooth Stone","War Paint","Mercury Hourglass","Calling Bell","Ancient Tea Set","HornCleat","Du-Vu Doll","Mummified Hand","Red Mask","Vajra","Omamori","Eternal Feather","Smiling Mask","CaptainsWheel","Blood Vial"],"acts_visited":["Exordium","TheCity","TheBeyond","TheEnding"],"potions_floor_usage":[6,6,8,12,16,18,22,23,25,25,27,27,29,33,33,44,46,54,55,55,55],"damage_taken":[{"damage":1,"enemies":"2 Louse","floor":1,"turns":3},{"damage":0,"enemies":"Jaw Worm","floor":2,"turns":4},{"damage":0,"enemies":"Cultist","floor":4,"turns":3},{"damage":5,"enemies":"Exordium Wildlife","floor":5,"turns":5},{"damage":14,"enemies":"Lagavulin","floor":6,"turns":7},{"damage":12,"enemies":"Gremlin Nob","floor":8,"turns":4},{"damage":2,"enemies":"Blue Slaver","floor":11,"turns":3},{"damage":10,"enemies":"Gremlin Nob","floor":12,"turns":4},{"damage":0,"enemies":"Gremlin Gang","floor":14,"turns":3},{"damage":28,"enemies":"The Guardian","floor":16,"turns":8},{"damage":15,"enemies":"Spheric Guardian","floor":18,"turns":6},{"damage":1,"enemies":"Shell Parasite","floor":19,"turns":6},{"damage":10,"enemies":"Centurion and Healer","floor":22,"turns":6},{"damage":32,"enemies":"Gremlin Leader","floor":23,"turns":7},{"damage":0,"enemies":"Book of Stabbing","floor":25,"turns":7},{"damage":0,"enemies":"Slavers","floor":27,"turns":4},{"damage":2,"enemies":"Snake Plant","floor":28,"turns":6},{"damage":17,"enemies":"Gremlin Leader","floor":29,"turns":8},{"damage":14,"enemies":"Cultist and Chosen","floor":30,"turns":7},{"damage":17,"enemies":"Automaton","floor":33,"turns":10},{"damage":2,"enemies":"3 Shapes","floor":35,"turns":6},{"damage":2,"enemies":"Orb Walker","floor":37,"turns":4},{"damage":5,"enemies":"Nemesis","floor":41,"turns":6},{"damage":8,"enemies":"Spire Growth","floor":42,"turns":5},{"damage":25,"enemies":"Giant Head","floor":44,"turns":8},{"damage":4,"enemies":"Transient","floor":45,"turns":5},{"damage":5,"enemies":"4 Shapes","floor":46,"turns":6},{"damage":25,"enemies":"Time Eater","floor":50,"turns":21},{"damage":13,"enemies":"Shield and Spear","floor":54,"turns":10},{"damage":13,"enemies":"The Heart","floor":55,"turns":14}],"seed_played":"-8140111238449797932","potions_obtained":[{"floor":2,"key":"Dexterity Potion"},{"floor":4,"key":"HeartOfIron"},{"floor":5,"key":"BlessingOfTheForge"},{"floor":6,"key":"Strength Potion"},{"floor":8,"key":"CultistPotion"},{"floor":11,"key":"Strength Potion"},{"floor":12,"key":"Block Potion"},{"floor":16,"key":"CultistPotion"},{"floor":18,"key":"ColorlessPotion"},{"floor":22,"key":"Weak Potion"},{"floor":23,"key":"Dexterity Potion"},{"floor":25,"key":"BlessingOfTheForge"},{"floor":27,"key":"Dexterity Potion"},{"floor":28,"key":"BloodPotion"},{"floor":29,"key":"Strength Potion"},{"floor":30,"key":"DistilledChaos"},{"floor":33,"key":"Energy Potion"},{"floor":35,"key":"EssenceOfSteel"},{"floor":37,"key":"DuplicationPotion"},{"floor":41,"key":"Dexterity Potion"},{"floor":42,"key":"PowerPotion"},{"floor":44,"key":"SneckoOil"},{"floor":46,"key":"Weak Potion"},{"floor":54,"key":"PowerPotion"}],"is_trial":false,"path_per_floor":["M","M","$","M","M","E","R","E","T","R","M","?","R","M","R","B",null,"M","M","?","$","M","E","R","E","T","E","M","E","M","?","R","B",null,"M","$","M","?","?","R","E","M","T","E","M","M","R","?","R","B",null,"R","$","E","B",null],"character_chosen":"IRONCLAD","items_purchased":["White Beast Statue","ClockworkSouvenir","Anchor","Self Forming Clay","Mummified Hand","Anger"],"campfire_rested":0,"item_purchase_floors":[3,3,21,21,36,53],"current_hp_per_floor":[61,67,67,73,74,66,66,60,60,60,68,68,68,78,78,60,96,91,100,100,100,100,88,88,98,98,104,112,105,101,101,101,94,142,146,146,150,150,150,150,150,152,152,133,135,144,162,162,162,147,166,166,166,174,171],"gold":72,"neow_bonus":"ONE_RARE_RELIC","is_daily":false,"chose_seed":false,"campfire_upgraded":9,"win_rate":0.0,"timestamp":1609161643,"path_taken":["M","M","$","M","M","E","R","E","T","R","M","?","R","M","R","BOSS","M","M","?","$","M","E","R","E","T","E","M","E","M","?","R","BOSS","M","$","?","?","?","R","E","M","T","E","M","?","R","?","R","BOSS","R","$","E","BOSS"],"items_purchased_type":["Relic","Relic","Relic","Relic","Relic","Card"],"build_version":"2020-12-22","purchased_purges":3,"victory":true,"max_hp_per_floor":[80,80,80,80,80,80,80,80,80,80,84,88,88,92,92,96,96,100,104,104,104,108,122,122,126,126,126,130,134,138,138,138,142,142,146,146,150,150,150,150,150,154,154,154,154,162,162,162,162,166,166,166,166,174,178],"card_choices":[{"not_picked":["Cleave","Flex"],"picked":"Flame Barrier","floor":1},{"not_picked":["Dropkick","Metallicize"],"picked":"Armaments","floor":2},{"not_picked":["Perfected Strike","Seeing Red"],"picked":"Cleave","floor":4},{"not_picked":["Infernal Blade","Twin Strike"],"picked":"Seeing Red","floor":5},{"not_picked":["Twin Strike","Iron Wave","Wild Strike"],"picked":"SKIP","floor":6},{"not_picked":["Reaper","Rampage"],"picked":"Feed","floor":8},{"not_picked":["Clothesline","Battle Trance"],"picked":"Pommel Strike","floor":11},{"not_picked":["Iron Wave","Cleave"],"picked":"Bludgeon","floor":12},{"not_picked":["Anger","Sword Boomerang"],"picked":"True Grit","floor":14},{"not_picked":["Reaper","Impervious"],"picked":"Fiend Fire","floor":16},{"not_picked":["Sword Boomerang","Iron Wave+1"],"picked":"Shrug It Off+1","floor":18},{"not_picked":["Second Wind","Sword Boomerang"],"picked":"Shockwave+1","floor":19},{"not_picked":["Fire Breathing","Entrench+1"],"picked":"Dark Embrace","floor":22},{"not_picked":["Infernal Blade","Pommel Strike+1"],"picked":"Battle Trance+1","floor":23},{"not_picked":["Clothesline+1","Armaments"],"picked":"Disarm","floor":25},{"not_picked":["Twin Strike+1","Rupture"],"picked":"Havoc+1","floor":27},{"not_picked":["Rupture","Body Slam","Flex"],"picked":"SKIP","floor":28},{"not_picked":["Body Slam","Havoc"],"picked":"Sentinel","floor":29},{"not_picked":["Immolate","Anger"],"picked":"Feel No Pain","floor":30},{"not_picked":["Feed","Bludgeon"],"picked":"Brutality","floor":33},{"not_picked":["Iron Wave+1","Wild Strike","Flame Barrier"],"picked":"SKIP","floor":35},{"not_picked":["Havoc","Warcry"],"picked":"Dual Wield","floor":37},{"not_picked":["Iron Wave","Flex","Bloodletting"],"picked":"SKIP","floor":41},{"not_picked":["Dark Embrace+1","Iron Wave+1"],"picked":"Burning Pact","floor":42},{"not_picked":["Twin Strike","Sentinel"],"picked":"Barricade","floor":44},{"not_picked":["Carnage","Clash+1"],"picked":"Entrench+1","floor":45},{"not_picked":["Whirlwind+1","Cleave","Pommel Strike"],"picked":"SKIP","floor":46},{"not_picked":["Clash","Burning Pact"],"picked":"Body Slam","floor":54}],"player_experience":1848306,"relics_obtained":[{"floor":6,"key":"Happy Flower"},{"floor":8,"key":"Centennial Puzzle"},{"floor":9,"key":"Bottled Flame"},{"floor":12,"key":"Matryoshka"},{"floor":23,"key":"Pear"},{"floor":25,"key":"Whetstone"},{"floor":26,"key":"Oddly Smooth Stone"},{"floor":27,"key":"War Paint"},{"floor":29,"key":"Mercury Hourglass"},{"floor":34,"key":"Ancient Tea Set"},{"floor":34,"key":"HornCleat"},{"floor":34,"key":"Du-Vu Doll"},{"floor":39,"key":"Vajra"},{"floor":41,"key":"Omamori"},{"floor":43,"key":"Eternal Feather"},{"floor":43,"key":"Smiling Mask"},{"floor":44,"key":"CaptainsWheel"},{"floor":54,"key":"Blood Vial"}],"event_choices":[{"damage_healed":0,"gold_gain":30,"player_choice":"Searched \u00272\u0027 times","damage_taken":0,"max_hp_gain":0,"max_hp_loss":0,"event_name":"Dead Adventurer","floor":12,"gold_loss":0},{"damage_healed":0,"gold_gain":250,"player_choice":"Bet on Owner","damage_taken":0,"max_hp_gain":0,"max_hp_loss":0,"event_name":"The Joust","floor":20,"gold_loss":50},{"damage_healed":0,"gold_gain":0,"player_choice":"Upgraded","damage_taken":0,"max_hp_gain":0,"max_hp_loss":0,"event_name":"Upgrade Shrine","floor":31,"gold_loss":0,"cards_upgraded":["Feel No Pain"]},{"damage_healed":0,"gold_gain":0,"player_choice":"Paid","damage_taken":0,"relics_obtained":["Red Mask"],"max_hp_gain":0,"max_hp_loss":0,"event_name":"Tomb of Lord Red Mask","floor":38,"gold_loss":13},{"damage_healed":0,"gold_gain":0,"player_choice":"Relic","damage_taken":0,"max_hp_gain":0,"max_hp_loss":0,"event_name":"Wheel of Change","floor":39,"gold_loss":0},{"cards_removed":["Strike_R"],"damage_healed":0,"gold_gain":0,"player_choice":"Removed Attack","damage_taken":0,"max_hp_gain":0,"max_hp_loss":0,"event_name":"Falling","floor":48,"gold_loss":0}],"is_beta":false,"boss_relics":[{"not_picked":["Cursed Key","Velvet Choker"],"picked":"Mark of Pain"},{"not_picked":["Fusion Hammer","Busted Crown"],"picked":"Calling Bell"}],"items_purged_floors":[21,36,53],"is_endless":false,"potions_floor_spawned":[2,4,5,6,8,11,12,14,16,18,19,22,23,25,27,28,29,30,33,35,37,41,42,44,45,46,54],"ascension_level":1}}