{"host":"5fasz840ryq7obdf","time":1609185104,"event":{"mods":["AchievementEnabler","BaseMod","Bestiary","Better Altar","Better Skull","Better Third Choice","BetterRewards","Block Reminder","Colored Powertips","Curses Come First","Highlight Path","Minty Spire (QoL Compilation)","Quick Restart","Rare Cards Sparkle","Relic Sorter","Relic Stats","Shop Mod","Slay-I","Spicy Shops","StSLib","SuperFastMode"],"gold_per_floor":[45,45,9,9,25,25,25],"floor_reached":6,"playtime":228,"items_purged":[],"score":68,"play_id":"2cf723df-1f1c-4502-ba43-2e6ef3e54423","local_time":"20201228195144","is_ascension_mode":true,"campfire_choices":[],"circlet_count":0,"master_deck":["AscendersBane","Strike_B","Strike_B","Strike_B","Strike_B","Defend_B","Defend_B","Defend_B","Defend_B","Zap","Dualcast","Leap+1","Fusion+1","Heatsinks","Hyperbeam+1","Reprogram+1","Reboot+1","Self Repair","Steam+1","FTL","Reprogram+1"],"relics":["Cracked Core","Toxic Egg 2"],"acts_visited":["Exordium"],"potions_floor_usage":[6],"damage_taken":[{"damage":8.0,"enemies":"Small Slimes","floor":1.0,"turns":4.0},{"damage":8.0,"enemies":"2 Louse","floor":5.0,"turns":3.0},{"damage":34,"enemies":"Gremlin Nob","floor":6,"turns":3}],"seed_played":"-3051102165251961115","potions_obtained":[{"floor":1.0,"key":"ColorlessPotion"},{"floor":4.0,"key":"SpeedPotion"}],"is_trial":false,"path_per_floor":["M","?","$","?","M","E"],"character_chosen":"DEFECT","items_purchased":["Toxic Egg 2","Leap+1","Fusion+1","Heatsinks","Hyperbeam","Reprogram+1","Reboot+1","Self Repair","FTL"],"campfire_rested":0,"item_purchase_floors":[0,0,0,0,0,0,0,0,3],"current_hp_per_floor":[31,31,31,31,30,0,0],"gold":25,"neow_bonus":"","is_daily":false,"chose_seed":false,"campfire_upgraded":0,"win_rate":0.0,"timestamp":1609185104,"path_taken":["M","?","$","?","M","E"],"items_purchased_type":["Relic","Card","Card","Card","Card","Card","Card","Card","Card"],"build_version":"2020-12-22","purchased_purges":0,"victory":false,"max_hp_per_floor":[71,71,71,71,71,71,71],"relic_stats":{"counters":[13,64],"obtain_stats":[{"NeowsBlessing":0,"Happy Flower":0,"Blue Candle":7,"Oddly Smooth Stone":0,"Thread and Needle":11,"Juzu Bracelet":9,"Strange Spoon":0,"Emotion Chip":0,"Orrery":0,"Membership Card":0,"Toxic Egg 2":0,"Cracked Core":0,"Symbiotic Virus":0},{"NeowsBlessing":0,"Happy Flower":10,"Blue Candle":4,"Oddly Smooth Stone":10,"Thread and Needle":6,"Juzu Bracelet":4,"Strange Spoon":10,"Emotion Chip":10,"Orrery":10,"Membership Card":10,"Toxic Egg 2":10,"Cracked Core":0,"Symbiotic Virus":10},{"NeowsBlessing":0,"Happy Flower":54,"Blue Candle":10,"Oddly Smooth Stone":54,"Thread and Needle":21,"Juzu Bracelet":10,"Strange Spoon":54,"Emotion Chip":54,"Orrery":54,"Membership Card":54,"Toxic Egg 2":54,"Cracked Core":0,"Symbiotic Virus":54}]},"card_choices":[{"not_picked":["Genetic Algorithm+1","Defragment"],"picked":"Steam+1","floor":1.0},{"not_picked":["Ball Lightning","BootSequence+1"],"picked":"Reprogram+1","floor":5.0}],"player_experience":1234220,"relics_obtained":[],"event_choices":[{"damage_healed":0.0,"max_hp_gain":0.0,"max_hp_loss":0.0,"gold_gain":0.0,"event_name":"Living Wall","player_choice":"Grow","floor":2.0,"gold_loss":0.0,"damage_taken":0.0,"cards_upgraded":["Hyperbeam"]},{"damage_healed":0.0,"max_hp_gain":0.0,"max_hp_loss":0.0,"gold_gain":0.0,"event_name":"Lab","player_choice":"Got Potions","floor":4.0,"gold_loss":0.0,"damage_taken":0.0}],"is_beta":false,"boss_relics":[],"items_purged_floors":[],"is_endless":false,"potions_floor_spawned":[1],"killed_by":"Gremlin Nob","ascension_level":20}}