{"host":"zpql4quw4g2j1hsh","time":1609133848,"event":{"mods":["Act Like it!","BaseMod","Better-Laid Plans","Challenge The Spire","Lobotomy","LobotomyExtend","Minty Spire (QoL Compilation)","Permanent Neow","Quick Restart","Relic Stats","Remilia（蕾米莉亚）","Spicy Shops","StSLib","SuperFastMode","【遗物卡牌】REMEMod","篝火指南"],"gold_per_floor":[117,192,212,226,226,258,258,278,278,278,304,88,38,51,51,150,150,166,178,189,208,133,133,162,162,209,235,235,270,270,287,29,29,29],"floor_reached":33,"playtime":1889,"items_purged":["LittleHelper"],"score":335,"play_id":"e053a099-9c87-42e2-b3da-4271b3915593","local_time":"20201228133728","is_ascension_mode":false,"campfire_choices":[{"data":"ForecastOfChange","floor":7,"key":"SMITH"},{"data":"Stigmanizer","floor":15,"key":"SMITH"},{"data":"ScarletCoffin","floor":23,"key":"SMITH"},{"data":"EmergencyRegeneration","floor":25,"key":"SMITH"},{"data":"QueenOfMidnight","floor":30,"key":"SMITH"}],"circlet_count":0,"master_deck":["Stigmanizer+1","FieryBird","SnowQueen","ScarletCoffin+1","ScarletImprint+1","Bloodbath","Stigmanizer+1","StarOfDavid+1","BlackSwan","ShyLook","ReincarnationDial+1","EmergencyRegeneration+1","BlackArmy","Wellcheers","DiffusionOfMisfortune+1","QueenOfMidnight+1","HeroicMonk","TwelveNightmare"],"relics":["ScarletHat","REME_ComplimentaryCards","CogitoBucket","RabbitCall","LetterFromLob","White Beast Statue","HornCleat","Blood Vial","ScarletDevilRocket","REME_PuzzleBoxRelic","AdjustmentMirror","HonorFeather","REME_DuelDisc","SkinProphecy","Potion Belt","Oddly Smooth Stone","Red Mask","MutagenicStrength","Bronze Scales","Whetstone"],"acts_visited":["Exordium","TheCity"],"potions_floor_usage":[6,21,33,33,33,33],"damage_taken":[{"damage":0,"enemies":"2 Louse","floor":1,"turns":2},{"damage":0,"enemies":"Small Slimes","floor":3,"turns":3},{"damage":0,"enemies":"Cultist","floor":4,"turns":7},{"damage":16,"enemies":"Gremlin Nob","floor":6,"turns":6},{"damage":34,"enemies":"Blue Slaver","floor":8,"turns":4},{"damage":15,"enemies":"2 Fungi Beasts","floor":14,"turns":5},{"damage":101,"enemies":"The Guardian","floor":16,"turns":6},{"damage":0,"enemies":"Spheric Guardian","floor":18,"turns":3},{"damage":18,"enemies":"Shell Parasite","floor":19,"turns":3},{"damage":0,"enemies":"3 Cultists","floor":20,"turns":2},{"damage":42,"enemies":"Snake Plant","floor":21,"turns":11},{"damage":27,"enemies":"Book of Stabbing","floor":24,"turns":2},{"damage":0,"enemies":"Masked Bandits","floor":27,"turns":3},{"damage":0,"enemies":"Gremlin Leader","floor":29,"turns":5},{"damage":18,"enemies":"Sentry and Sphere","floor":31,"turns":3},{"damage":74,"enemies":"Automaton","floor":33,"turns":3}],"seed_played":"8481218537909177675","potions_obtained":[{"floor":1,"key":"Fire Potion"},{"floor":8,"key":"Energy Potion"},{"floor":14,"key":"CultistPotion"},{"floor":16,"key":"Swift Potion"},{"floor":18,"key":"PowerPotion"},{"floor":21,"key":"PowerPotion"},{"floor":24,"key":"SteroidPotion"},{"floor":27,"key":"BlessingOfTheForge"}],"is_trial":false,"path_per_floor":["M","?","M","M","?","E","R","M","T","?","T","$","R","M","R","B",null,"M","M","M","M","?","R","E","R","T","?","?","E","R","M","R","B"],"character_chosen":"REMILIA","items_purchased":["ScarletDevilRocket","REME_PuzzleBoxRelic","DiffusionOfMisfortune","Whetstone","TwelveNightmare"],"campfire_rested":0,"item_purchase_floors":[12,12,13,32,32],"current_hp_per_floor":[75,64,66,75,68,55,55,25,25,75,75,75,75,60,60,41,55,55,40,44,27,27,55,31,57,57,59,59,61,61,63,63,0,0],"gold":29,"neow_bonus":"","is_daily":false,"chose_seed":false,"campfire_upgraded":5,"win_rate":0.0,"timestamp":1609133848,"path_taken":["M","?","M","M","?","E","R","M","T","?","?","?","R","?","R","BOSS","M","M","M","M","?","R","E","R","T","?","?","E","R","M","R","BOSS"],"items_purchased_type":["Relic","Relic","Card","Relic","Card"],"build_version":"2020-12-22","purchased_purges":1,"victory":false,"max_hp_per_floor":[75,75,75,75,75,75,75,75,75,75,75,75,75,75,75,55,55,55,55,55,55,55,55,57,57,57,59,59,61,61,63,63,65,65],"relic_stats":{"Blood Vial":18,"counters":[18,70],"Bronze Scales":[9],"Whetstone":[],"obtain_stats":[{"Potion Belt":24,"RabbitCall":0,"HonorFeather":16,"ScarletDevilRocket":12,"Oddly Smooth Stone":26,"REME_DuelDisc":17,"Whetstone":32,"AdjustmentMirror":14,"SkinProphecy":21,"ScarletHat":0,"White Beast Statue":6,"Blood Vial":11,"CogitoBucket":0,"HornCleat":9,"MutagenicStrength":28,"Bronze Scales":29,"LetterFromLob":1,"Red Mask":27,"REME_PuzzleBoxRelic":12,"REME_ComplimentaryCards":0},{"Potion Belt":14,"RabbitCall":0,"HonorFeather":8,"ScarletDevilRocket":5,"Oddly Smooth Stone":14,"REME_DuelDisc":8,"Whetstone":17,"AdjustmentMirror":7,"SkinProphecy":13,"ScarletHat":0,"White Beast Statue":4,"Blood Vial":5,"CogitoBucket":0,"HornCleat":5,"MutagenicStrength":15,"Bronze Scales":16,"LetterFromLob":1,"Red Mask":15,"REME_PuzzleBoxRelic":5,"REME_ComplimentaryCards":0},{"Potion Belt":56,"RabbitCall":0,"HonorFeather":32,"ScarletDevilRocket":22,"Oddly Smooth Stone":56,"REME_DuelDisc":34,"Whetstone":67,"AdjustmentMirror":28,"SkinProphecy":54,"ScarletHat":0,"White Beast Statue":18,"Blood Vial":22,"CogitoBucket":0,"HornCleat":22,"MutagenicStrength":59,"Bronze Scales":64,"LetterFromLob":2,"Red Mask":59,"REME_PuzzleBoxRelic":22,"REME_ComplimentaryCards":0}]},"card_choices":[{"not_picked":["ForbiddenFruit","NightLord"],"picked":"UnderTheZenith","floor":1},{"not_picked":["Bloodbath","VoidDream"],"picked":"Funeral","floor":1},{"not_picked":["FavorOfDestiny","MastersStateliness"],"picked":"ForecastOfChange","floor":3},{"not_picked":["SpiderBud","Murderer"],"picked":"CherryBlossoms","floor":3},{"not_picked":["CherryBlossoms","Bloodbath"],"picked":"MeatLantern","floor":4},{"not_picked":["SuperhumanBloodyKnife","ChainGang","Ultimatum"],"picked":"SKIP","floor":4},{"not_picked":["GreedKing","Alriune"],"picked":"LaLuna","floor":6},{"not_picked":["HellCatastrophe","Ultimatum"],"picked":"BloodHunter","floor":6},{"not_picked":["CherryBlossoms","Bloodbath"],"picked":"CrumblingArmor","floor":8},{"not_picked":["SuperhumanBloodyKnife","UnstableMagic"],"picked":"EmergencyRegeneration","floor":8},{"not_picked":["FavorOfDestiny","CurseOfVladTepes"],"picked":"Stigmanizer","floor":14},{"not_picked":["ShyLook","LaLuna"],"picked":"FieryBird","floor":14},{"not_picked":["ShyLook","Porccubus"],"picked":"SnowQueen","floor":16},{"not_picked":["BloodyHallows","CurseOfVladTepes"],"picked":"ScarletCoffin","floor":16},{"not_picked":["RedRainbow+1","UnderTheZenith"],"picked":"ScarletImprint+1","floor":18},{"not_picked":["SpiderBud","Woodsman"],"picked":"Bloodbath","floor":18},{"not_picked":["UnderTheZenith","ScarletDream"],"picked":"Stigmanizer+1","floor":19},{"not_picked":["CharismaGuard","BlasphemousPunishment+1"],"picked":"StarOfDavid+1","floor":20},{"not_picked":["OSAHOGD","QueenBee"],"picked":"BlackSwan","floor":20},{"not_picked":["FairyFestival","BodiesMountain","Funeral"],"picked":"Singing Bowl","floor":21},{"not_picked":["Scorched","Scarecrow"],"picked":"ShyLook","floor":21},{"not_picked":["Ultimatum","CharismaGuard+1"],"picked":"ReincarnationDial","floor":21},{"not_picked":["Stigmanizer","MastersStateliness+1"],"picked":"EmergencyRegeneration","floor":24},{"not_picked":["BeautyBeast","Funeral"],"picked":"BlackArmy","floor":24},{"not_picked":["CherryBlossoms","VoidDream"],"picked":"Wellcheers","floor":27},{"not_picked":["VampireClaw","BombardNight"],"picked":"DiffusionOfMisfortune+1","floor":27},{"not_picked":["BloodAndWine","MastersStateliness+1"],"picked":"QueenOfMidnight","floor":29},{"not_picked":["QueenBee","Scarecrow"],"picked":"LittleHelper","floor":29},{"not_picked":["HappyTeddy","CrumblingArmor"],"picked":"HeroicMonk","floor":31},{"not_picked":["DiffusionOfMisfortune","BadLadyScramble","UltimateOffering+1"],"picked":"SKIP","floor":31},{"not_picked":["DiffusionOfMisfortune","BadLadyScramble","UltimateOffering+1"],"picked":"SKIP","floor":31}],"player_experience":1046,"relics_obtained":[{"floor":1,"key":"LetterFromLob"},{"floor":6,"key":"White Beast Statue"},{"floor":9,"key":"HornCleat"},{"floor":11,"key":"Blood Vial"},{"floor":24,"key":"Potion Belt"},{"floor":26,"key":"Oddly Smooth Stone"},{"floor":27,"key":"Red Mask"},{"floor":29,"key":"Bronze Scales"}],"event_choices":[{"damage_healed":0,"gold_gain":75,"player_choice":"Gather Gold","damage_taken":11,"max_hp_gain":0,"max_hp_loss":0,"event_name":"World of Goop","floor":2,"gold_loss":0},{"cards_removed":["Strike_RM"],"damage_healed":0,"gold_gain":0,"player_choice":"Card Removal","damage_taken":7,"max_hp_gain":0,"max_hp_loss":0,"event_name":"Golden Wing","floor":5,"gold_loss":0},{"cards_removed":["DiffusionOfMisfortune"],"damage_healed":0,"gold_gain":0,"player_choice":"Gave Gold","damage_taken":0,"max_hp_gain":0,"max_hp_loss":0,"event_name":"Beggar","floor":22,"gold_loss":75},{"damage_healed":0,"gold_gain":0,"player_choice":"Fought Bandits","damage_taken":0,"max_hp_gain":0,"max_hp_loss":0,"event_name":"Masked Bandits","floor":27,"gold_loss":0},{"damage_healed":0,"gold_gain":0,"player_choice":"Inject Mutagens","damage_taken":0,"relics_obtained":["MutagenicStrength"],"max_hp_gain":0,"max_hp_loss":0,"event_name":"Drug Dealer","floor":28,"gold_loss":0}],"is_beta":false,"boss_relics":[{"not_picked":["Empty Cage","Calling Bell"],"picked":"REME_DuelDisc"}],"items_purged_floors":[32],"is_endless":false,"potions_floor_spawned":[1,8,14,16,18,19,20,21,24,27,29,31],"killed_by":"Automaton","ascension_level":0}}