{"host":"baymyijz6sxaqj5s","time":1609149294,"event":{"mods":["AchievementEnabler","BaseMod","Colored Map","Colored Powertips","DeckTracker","Highlight Path","KOR Keyword Fix","Keyboard Shortcuts","Minty Spire (QoL Compilation)","Quick Restart","StSLib","SuperFastMode"],"gold_per_floor":[117,130,148,148,148,148,111,123,123,123,133,145,220,70,70,70,70],"floor_reached":16,"playtime":458,"items_purged":[],"score":126,"play_id":"9ecff38a-d240-4ca1-8dad-139ba8f7e0f4","local_time":"20201228185454","is_ascension_mode":true,"campfire_choices":[{"floor":6,"key":"REST"},{"data":"Seeing Red","floor":10,"key":"SMITH"},{"floor":15,"key":"REST"}],"circlet_count":0,"master_deck":["Strike_R","Strike_R","Strike_R","Strike_R","Strike_R","Defend_R","Defend_R","Defend_R","Defend_R","Bash","Ghostly Armor","Seeing Red+1","Ghostly Armor","Whirlwind"],"relics":["Burning Blood","Blue Candle","Ginger","Strawberry"],"acts_visited":["Exordium"],"potions_floor_usage":[8,16],"damage_taken":[{"damage":0,"enemies":"Small Slimes","floor":1,"turns":3},{"damage":5,"enemies":"2 Louse","floor":2,"turns":3},{"damage":8,"enemies":"Jaw Worm","floor":3,"turns":6},{"damage":13,"enemies":"Large Slime","floor":8,"turns":10},{"damage":3,"enemies":"Blue Slaver","floor":11,"turns":4},{"damage":1,"enemies":"Lots of Slimes","floor":12,"turns":2},{"damage":105,"enemies":"Slime Boss","floor":16,"turns":11}],"seed_played":"-1699907565850247391","potions_obtained":[{"floor":1,"key":"HeartOfIron"},{"floor":11,"key":"Energy Potion"},{"floor":12,"key":"ColorlessPotion"}],"is_trial":false,"path_per_floor":["M","M","M","?","?","R","$","M","T","R","M","M","?","$","R","B"],"character_chosen":"IRONCLAD","items_purchased":["Seeing Red","Strawberry"],"campfire_rested":2,"item_purchase_floors":[7,14],"current_hp_per_floor":[88,88,86,86,44,70,70,63,63,63,66,71,60,67,95,0,0],"gold":70,"neow_bonus":"TEN_PERCENT_HP_BONUS","is_daily":false,"chose_seed":false,"campfire_upgraded":1,"win_rate":0.0,"timestamp":1609149294,"path_taken":["M","M","M","?","?","R","$","M","T","R","M","M","?","$","R","BOSS"],"items_purchased_type":["Card","Relic"],"build_version":"2020-12-22","purchased_purges":0,"victory":false,"max_hp_per_floor":[88,88,88,88,88,88,88,88,88,88,88,88,88,95,95,95,95],"card_choices":[{"not_picked":["Blood for Blood","True Grit","Warcry"],"picked":"SKIP","floor":1},{"not_picked":["Dropkick","Wild Strike","Headbutt"],"picked":"SKIP","floor":2},{"not_picked":["Combust","Seeing Red"],"picked":"Ghostly Armor","floor":3},{"not_picked":["Havoc","Clothesline"],"picked":"Ghostly Armor","floor":8},{"not_picked":["Bludgeon","Headbutt"],"picked":"Whirlwind","floor":11},{"not_picked":["Havoc","Iron Wave","Pommel Strike"],"picked":"SKIP","floor":12}],"player_experience":272658,"relics_obtained":[{"floor":9,"key":"Ginger"}],"event_choices":[{"damage_healed":0,"gold_gain":0,"player_choice":"Ignored","damage_taken":0,"max_hp_gain":0,"max_hp_loss":0,"event_name":"Golden Idol","floor":4,"gold_loss":0},{"damage_healed":0,"gold_gain":0,"player_choice":"Success","damage_taken":42,"relics_obtained":["Blue Candle"],"max_hp_gain":0,"max_hp_loss":0,"event_name":"Scrap Ooze","floor":5,"gold_loss":0},{"damage_healed":0,"gold_gain":75,"player_choice":"Gather Gold","damage_taken":11,"max_hp_gain":0,"max_hp_loss":0,"event_name":"World of Goop","floor":13,"gold_loss":0}],"is_beta":false,"boss_relics":[],"items_purged_floors":[],"is_endless":false,"potions_floor_spawned":[1,11,12],"killed_by":"Slime Boss","ascension_level":2}}