{"host":"hj54bcoh2isxm8b7","time":1609118678,"event":{"mods":["AchievementEnabler","BaseMod","BetterRewards","Card Forge","Custom Start","GifTheSpireLib","Mimic Mod","Minty Spire (QoL Compilation)","Spicy Shops","StSLib","The Alterego","Waifu the Spire","Yuri Mod","slay the spire mod where everything is the same but ironclad has a cowboy hat"],"gold_per_floor":[113,113,40,40,55,55,55],"floor_reached":6,"playtime":234,"items_purged":[],"score":41,"play_id":"0ae6060a-0f82-4de9-b925-7f544215ab92","local_time":"20201227202438","is_ascension_mode":true,"campfire_choices":[],"circlet_count":0,"master_deck":["Strike_P+1","Strike_P","Strike_P","Strike_P","Defend_P","Defend_P","Defend_P","Defend_P+1","Eruption","Vigilance","CurseOfTheBell","TalkToTheHand","TalkToTheHand","Evaluate"],"relics":["Hammer of Thor","Seething Fire","Anvil of the Gods","Calling Bell","Ancient Tea Set","Yang","Calipers","Mummified Hand","DollysMirror"],"acts_visited":["Exordium"],"potions_floor_usage":[],"damage_taken":[{"damage":0,"enemies":"Small Slimes","floor":1,"turns":2},{"damage":0,"enemies":"Jaw Worm","floor":5,"turns":5},{"damage":60,"enemies":"3 Sentries","floor":6,"turns":8}],"seed_played":"-6416353671380210924","potions_obtained":[{"floor":5,"key":"GamblersBrew"}],"is_trial":false,"path_per_floor":["M","?","$","?","M","E"],"character_chosen":"WATCHER","items_purchased":["DollysMirror"],"campfire_rested":0,"item_purchase_floors":[3],"current_hp_per_floor":[72,72,72,58,58,0,0],"gold":55,"neow_bonus":"BOSS_RELIC","is_daily":false,"chose_seed":false,"campfire_upgraded":0,"win_rate":0.0,"timestamp":1609118678,"path_taken":["M","?","$","?","M","E"],"items_purchased_type":["Relic"],"build_version":"2020-12-22","purchased_purges":0,"victory":false,"max_hp_per_floor":[72,72,72,72,72,72,72],"card_choices":[{"not_picked":["WreathOfFlame","FollowUp"],"picked":"TalkToTheHand","floor":1},{"not_picked":["ReachHeaven","Crescendo"],"picked":"Evaluate","floor":5}],"player_experience":286562,"relics_obtained":[{"floor":0,"key":"Ancient Tea Set"},{"floor":0,"key":"Yang"},{"floor":0,"key":"Calipers"}],"event_choices":[{"damage_healed":0,"gold_gain":0,"player_choice":"Box","damage_taken":0,"relics_obtained":["Mummified Hand"],"max_hp_gain":0,"max_hp_loss":0,"event_name":"Big Fish","floor":2,"gold_loss":0,"cards_obtained":["Regret"]},{"damage_healed":0,"gold_gain":0,"player_choice":"Entered Light","damage_taken":14,"max_hp_gain":0,"max_hp_loss":0,"event_name":"Shining Light","floor":4,"gold_loss":0,"cards_upgraded":["Defend_P","Strike_P"]}],"is_beta":false,"boss_relics":[],"items_purged_floors":[],"is_endless":false,"potions_floor_spawned":[5],"killed_by":"3 Sentries","ascension_level":4}}