{"host":"79pwvnyrdes6uj7k","time":1609128130,"event":{"mods":["2.2 Compatiblity","Astrologer","BaseMod","Beaked The Cultist","Colored Powertips","Downfall","Exacting","Friendly Minions","HexUI Lib","Highlight Path","Hubris","Infinite Spire","Mad Scientist","Mimic Mod","Minty Spire (QoL Compilation)","Random Character Button","Replay The Spire","Reworked Bosses","Shop Mod","Somnambulant","StSLib","The Cursed","The Disciple","The Factory","The Judge","The Jungle","The Poker Player","The Runesmith","TheHeartMod"],"gold_per_floor":[99,127,127,160,160,160,160,160,160,85,119,46,109,142,152,152,152],"floor_reached":16,"playtime":1370,"items_purged":[],"score":96,"play_id":"9a179cf5-5bb5-4d7c-bce4-422cfd157ac4","local_time":"20201227220210","is_ascension_mode":false,"campfire_choices":[{"floor":1,"key":"DIG"},{"floor":6,"key":"REST"},{"floor":8,"key":"RECALL"},{"floor":10,"key":"REST"}],"circlet_count":0,"master_deck":["Runesmith:Strike_RS","Runesmith:Strike_RS","Runesmith:Strike_RS","Runesmith:Strike_RS","Runesmith:Defend_RS","Runesmith:Defend_RS","Runesmith:Defend_RS","Runesmith:Defend_RS","Runesmith:Fortify","Runesmith:CreatorForm","Runesmith:BackupBattery","Runesmith:LithiumIon","ReplayTheSpireMod:Armaments MK-II-B","Runesmith:CraftVitae","Languid","Runesmith:Permafrost+1","ReplayTheSpireMod:Splinters","Perfected Strike","Perfected Strike","Runesmith:Empowerment"],"relics":["Garlic","Replay:Arrowhead","m_RuneBlood","hubris:SphereOfDissonance","Vajra","downfall:HeartBlessingRed","Singing Bowl","ReplayTheSpireMod:CursedCoin","MerchantsRug","Question Card"],"acts_visited":["Exordium"],"potions_floor_usage":[],"damage_taken":[{"damage":8,"enemies":"2 Louse","floor":2,"turns":4},{"damage":9,"enemies":"Small Slimes","floor":4,"turns":5},{"damage":26,"enemies":"Gremlin Nob","floor":11,"turns":4},{"damage":0,"enemies":"downfall:FleeingMerchant","floor":12,"turns":4},{"damage":0,"enemies":"Jaw Worm","floor":14,"turns":9},{"damage":0,"enemies":"Jaw Worm","floor":15,"turns":4},{"damage":45,"enemies":"downfall:Defect","floor":16,"turns":4}],"seed_played":"4050717826871773335","potions_obtained":[{"floor":2,"key":"SpeedPotion"},{"floor":13,"key":"SmokeBomb"},{"floor":15,"key":"AttackPotion"}],"is_trial":false,"path_per_floor":["R","M","?","M","?","R","T","R","?","R","E","$","?","MIM","M","B"],"character_chosen":"RUNESMITH_CLASS","items_purchased":["ReplayTheSpireMod:CursedCoin","MerchantsRug","Runesmith:Permafrost+1"],"campfire_rested":2,"item_purchase_floors":[12,12,12],"current_hp_per_floor":[49,41,41,32,32,53,53,53,35,56,33,38,38,41,44,0,0],"gold":152,"neow_bonus":"THREE_RARE_CARDS","is_daily":false,"chose_seed":false,"campfire_upgraded":0,"win_rate":0.0,"timestamp":1609128130,"path_taken":["R","M","?","M","?","R","T","R","?","R","E","?","?","?","M","BOSS"],"items_purchased_type":["Relic","Relic","Card"],"build_version":"2020-12-22","purchased_purges":0,"victory":false,"max_hp_per_floor":[70,70,70,70,70,70,70,70,70,70,70,72,72,72,72,72,72],"card_choices":[{"not_picked":["Runesmith:LightningRod","Runesmith:Duplicate"],"picked":"Runesmith:CreatorForm","floor":0},{"not_picked":["Runesmith:Prism","Runesmith:CraftIncendium"],"picked":"Runesmith:BackupBattery","floor":2},{"not_picked":["Runesmith:StaticCage","Runesmith:Discharge"],"picked":"Runesmith:LithiumIon","floor":4},{"not_picked":["Runesmith:Overpower","Runesmith:Duplicate"],"picked":"Runesmith:CraftVitae","floor":11},{"not_picked":["Runesmith:BackupBattery","Runesmith:WhiteBalance","Runesmith:Repurpose"],"picked":"Singing Bowl","floor":12},{"not_picked":["Runesmith:Fortify","Runesmith:Accelerate"],"picked":"Perfected Strike","floor":13},{"not_picked":["Runesmith:HeatedChisel","Runesmith:Terraform","Runesmith:HammerThrow"],"picked":"Perfected Strike","floor":14},{"not_picked":["Runesmith:Refine","Runesmith:CraftReservo","Runesmith:EarthShield"],"picked":"Runesmith:Empowerment","floor":15}],"player_experience":329823,"relics_obtained":[{"floor":1,"key":"Garlic"},{"floor":3,"key":"Replay:Arrowhead"},{"floor":7,"key":"hubris:SphereOfDissonance"},{"floor":11,"key":"Singing Bowl"},{"floor":13,"key":"Question Card"}],"event_choices":[{"damage_healed":0,"gold_gain":0,"player_choice":"Success","damage_taken":18,"relics_obtained":["Vajra"],"max_hp_gain":0,"max_hp_loss":0,"event_name":"Scrap Ooze","floor":9,"gold_loss":0}],"is_beta":false,"boss_relics":[],"items_purged_floors":[],"is_endless":false,"potions_floor_spawned":[2,15],"killed_by":"downfall:Defect","ascension_level":0}}