{"host":"mj8akmyfd5lo602f","time":1609169473,"event":{"mods":["2.2 Compatiblity","Act Like it!","BaseMod","Bestiary","BshForSts","Colored Map","Colored Powertips","Downfall","Highlight Path","Minty Spire (QoL Compilation)","Permanent Neow","Relic Stats","StSLib","The Servant 0.9.4"],"gold_per_floor":[99,116,25,35,135,146,193,193,223,234,84,94,94,113,123,219,219],"floor_reached":16,"playtime":1040,"items_purged":[],"score":204,"play_id":"6b09b6c1-3b42-4639-af23-241d9c5356c8","local_time":"20201228153113","is_ascension_mode":false,"campfire_choices":[{"floor":1,"key":"RECALL"},{"data":"Embodiment","floor":11,"key":"SMITH"},{"data":"Hightail","floor":13,"key":"SMITH"}],"circlet_count":0,"master_deck":["Strike_S","Strike_S","Strike_S","Strike_S","Defend_S","Defend_S","Defend_S","Defend_S","KidneyShot","Exchange","expansioncontent:SuperHexaguard","Defy","InstantArmor","Manipulate","BottledTime","Embodiment+1","Comet","Hightail+1","Gouge","BottledTime"],"relics":["Uniform","Tiny Chest","downfall:HeartBlessingRed","downfall:HeartBlessingBlue"],"acts_visited":["Exordium"],"potions_floor_usage":[12,12,16],"damage_taken":[{"damage":0,"enemies":"2 Louse","floor":2,"turns":3},{"damage":0,"enemies":"downfall:FleeingMerchant","floor":3,"turns":4},{"damage":0,"enemies":"Cultist","floor":4,"turns":6},{"damage":0,"enemies":"Jaw Worm","floor":6,"turns":6},{"damage":19,"enemies":"3 Sentries","floor":9,"turns":11},{"damage":0,"enemies":"Lots of Slimes","floor":10,"turns":5},{"damage":0,"enemies":"Gremlin Gang","floor":12,"turns":3},{"damage":0,"enemies":"3 Louse","floor":14,"turns":5},{"damage":0,"enemies":"2 Fungi Beasts","floor":15,"turns":4},{"damage":0,"enemies":"downfall:Silent","floor":16,"turns":14}],"seed_played":"-122445226814876905","potions_obtained":[{"floor":2,"key":"Fire Potion"},{"floor":6,"key":"Block Potion"},{"floor":12,"key":"SkillPotion"},{"floor":14,"key":"AttackPotion"},{"floor":15,"key":"sneckomod:MuddlingPotion"},{"floor":16,"key":"sneckomod:MuddlingPotion"}],"is_trial":false,"path_per_floor":["R","M","$","M","?","M","T","?","E","M","R","M","R","M","M","B"],"character_chosen":"THE_SERVANT","items_purchased":["InstantArmor"],"campfire_rested":0,"item_purchase_floors":[3],"current_hp_per_floor":[65,65,65,65,65,65,65,65,46,46,56,56,56,56,56,56,56],"gold":219,"neow_bonus":"RANDOM_COLORLESS","is_daily":false,"chose_seed":false,"campfire_upgraded":2,"win_rate":0.0,"timestamp":1609169473,"path_taken":["R","M","$","M","?","M","T","?","E","?","R","M","R","M","M","BOSS"],"items_purchased_type":["Card"],"build_version":"2020-12-22","purchased_purges":0,"victory":false,"max_hp_per_floor":[65,65,65,65,65,65,65,65,65,65,75,75,75,75,75,75,75],"relic_stats":{"counters":[10,61],"Tiny Chest":0,"obtain_stats":[{"downfall:HeartBlessingRed":11,"downfall:HeartBlessingBlue":11,"Tiny Chest":9,"Uniform":0},{"downfall:HeartBlessingRed":6,"downfall:HeartBlessingBlue":6,"Tiny Chest":5,"Uniform":0},{"downfall:HeartBlessingRed":35,"downfall:HeartBlessingBlue":35,"Tiny Chest":30,"Uniform":0}]},"card_choices":[{"not_picked":["expansioncontent:YouAreMine","Purity"],"picked":"expansioncontent:SuperHexaguard","floor":0},{"not_picked":["Alleviate","Shuttle"],"picked":"Defy","floor":2},{"not_picked":["Unruled","Advance","Spin"],"picked":"SKIP","floor":3},{"not_picked":["Rewind","SpecialFormula"],"picked":"Manipulate","floor":4},{"not_picked":["Deadline","TimeWarp"],"picked":"BottledTime","floor":6},{"not_picked":["Hightail","InstantArmor"],"picked":"Embodiment","floor":9},{"not_picked":["Spin","Moondial"],"picked":"Comet","floor":10},{"not_picked":["Replace","Defy"],"picked":"Hightail","floor":12},{"not_picked":["Desolation","Unruled"],"picked":"Gouge","floor":14},{"not_picked":["Shuttle","Potential"],"picked":"BottledTime","floor":15}],"player_experience":465150,"relics_obtained":[{"floor":9,"key":"Tiny Chest"}],"event_choices":[],"is_beta":false,"boss_relics":[],"items_purged_floors":[],"is_endless":false,"potions_floor_spawned":[2,6,12,14,15,16],"killed_by":"downfall:Silent","ascension_level":0}}