{"host":"f5gffvlv6a66yqkd","time":1609132786,"event":{"mods":["2.2 Compatiblity","BaseMod","Colored Map","DeckTracker","Keyboard Shortcuts","Lobotomy","Minty Spire (QoL Compilation)","Permanent Neow","Quick Restart","Relic Stats","StSLib","SuperFastMode"],"gold_per_floor":[115,135,135,135,154,154,182,182,209,209,169,188,188,202,202,333,333,347,347,57,80,80,80,124,24,24,42,66,66,66],"floor_reached":29,"playtime":960,"items_purged":["Hyperbeam","Chaos"],"score":254,"play_id":"12e20826-cfae-476b-becf-4002ef66cd91","local_time":"20201228141946","is_ascension_mode":true,"campfire_choices":[{"data":"Redo","floor":6.0,"key":"SMITH"},{"floor":8.0,"key":"REST"},{"data":"Skim","floor":15.0,"key":"SMITH"},{"data":"Fission","floor":23,"key":"SMITH"}],"circlet_count":0,"master_deck":["Zap+1","Dualcast","Redo+1","FTL","Bloodbath","Undo","VoidDream","Skim+1","MHz","Glacier","Turbo","OSAHOGD","Seek","Consume","Chaos","BootSequence","Fission+1","Reboot","Murderer","Capacitor","BeautyBeast","Compile Driver","Scorched","Hologram+1","PunishingBird","Ball Lightning","CENSORED","Coolheaded"],"relics":["Cracked Core","CogitoBucket","HornCleat","Matryoshka","Toy Ornithopter","Strawberry","Golden Idol","AspirationHeart","Pandora\u0027s Box","Enchiridion","Bronze Scales","Art of War","Darkstone Periapt","Eternal Feather","FleshIdol"],"acts_visited":["Exordium","TheCity"],"potions_floor_usage":[16,16,16],"damage_taken":[{"damage":11.0,"enemies":"Jaw Worm","floor":1.0,"turns":3.0},{"damage":0.0,"enemies":"2 Louse","floor":2.0,"turns":2.0},{"damage":0.0,"enemies":"Cultist","floor":5.0,"turns":1.0},{"damage":8.0,"enemies":"3 Sentries","floor":7.0,"turns":8.0},{"damage":2.0,"enemies":"Large Slime","floor":12.0,"turns":5.0},{"damage":5.0,"enemies":"Lots of Slimes","floor":14.0,"turns":7.0},{"damage":73,"enemies":"Slime Boss","floor":16,"turns":16},{"damage":14,"enemies":"3 Byrds","floor":18,"turns":5},{"damage":0,"enemies":"Spheric Guardian","floor":21,"turns":8},{"damage":0,"enemies":"Book of Stabbing","floor":24,"turns":5},{"damage":0,"enemies":"Snecko","floor":27,"turns":6},{"damage":33,"enemies":"Snake Plant","floor":28,"turns":4},{"damage":128,"enemies":"Centurion and Healer","floor":29,"turns":6}],"seed_played":"-2449396681205468407","potions_obtained":[{"floor":2.0,"key":"Dexterity Potion"},{"floor":11.0,"key":"Fruit Juice"},{"floor":11.0,"key":"SteroidPotion"},{"floor":11.0,"key":"EssenceOfSteel"},{"floor":12.0,"key":"Strength Potion"},{"floor":16,"key":"EssenceOfDarkness"},{"floor":21,"key":"EssenceOfSteel"},{"floor":28,"key":"SteroidPotion"}],"is_trial":false,"path_per_floor":["M","M","?","T","M","R","E","R","T","?","?","M","?","M","R","B",null,"M","?","$","M","?","R","E","$","T","M","M","M"],"character_chosen":"DEFECT","items_purchased":["Capacitor","Bronze Scales"],"campfire_rested":1,"item_purchase_floors":[20,20],"current_hp_per_floor":[64,64,64,64,10,10,3,25,32,32,42,41,41,48,48,24,91,78,62,62,65,65,65,67,67,67,70,39,0,0],"gold":66,"neow_bonus":"","is_daily":false,"chose_seed":false,"campfire_upgraded":3,"win_rate":0.0,"timestamp":1609132786,"path_taken":["M","M","?","?","M","R","E","R","T","?","?","?","?","?","R","BOSS","M","?","$","M","?","R","E","$","T","M","M","M"],"items_purchased_type":["Card","Relic"],"build_version":"2020-12-22","purchased_purges":2,"victory":false,"max_hp_per_floor":[75,75,75,75,75,75,75,75,82,76,81,81,81,91,91,91,91,91,91,91,91,91,91,91,91,91,91,91,91,91],"relic_stats":{"Darkstone Periapt":0,"counters":[15,78],"Golden Idol":59,"Bronze Scales":[165],"Pandora\u0027s Box":["Consume","Chaos","Darkness","Chaos","BootSequence","Fission","Reboot","Hyperbeam"],"Eternal Feather":0,"Art of War":[8],"obtain_stats":[{"Darkstone Periapt":26,"Golden Idol":10,"AspirationHeart":14,"Enchiridion":19,"Eternal Feather":26,"FleshIdol":27,"Yang_Lob":2,"CogitoBucket":0,"HornCleat":4,"Matryoshka":7,"Strawberry":9,"Bronze Scales":20,"Pandora\u0027s Box":17,"Art of War":24,"Cracked Core":0,"Toy Ornithopter":9},{"Darkstone Periapt":11,"Golden Idol":4,"AspirationHeart":7,"Enchiridion":9,"Eternal Feather":11,"FleshIdol":13,"Yang_Lob":2,"CogitoBucket":0,"HornCleat":2,"Matryoshka":4,"Strawberry":4,"Bronze Scales":9,"Pandora\u0027s Box":8,"Art of War":11,"Cracked Core":0,"Toy Ornithopter":4},{"Darkstone Periapt":61,"Golden Idol":14,"AspirationHeart":27,"Enchiridion":48,"Eternal Feather":61,"FleshIdol":68,"Yang_Lob":5,"CogitoBucket":0,"HornCleat":5,"Matryoshka":14,"Strawberry":14,"Bronze Scales":48,"Pandora\u0027s Box":43,"Art of War":61,"Cracked Core":0,"Toy Ornithopter":14}],"Toy Ornithopter":20},"card_choices":[{"not_picked":["FairyFestival","MeatLantern"],"picked":"Yin","floor":1.0},{"not_picked":["Tempest","Heatsinks"],"picked":"Redo","floor":1.0},{"not_picked":["Go for the Eyes","Turbo"],"picked":"FTL","floor":2.0},{"not_picked":["MHz","SpiderBud"],"picked":"Bloodbath","floor":5.0},{"not_picked":["Go for the Eyes","Beam Cell"],"picked":"Undo","floor":5.0},{"not_picked":["BeautyBeast","LaLuna"],"picked":"VoidDream","floor":7.0},{"not_picked":["Sweeping Beam","Rebound"],"picked":"Skim","floor":7.0},{"not_picked":["UniverseFragment","FairyFestival"],"picked":"MHz","floor":12.0},{"not_picked":["Genetic Algorithm","Redo"],"picked":"Glacier","floor":12.0},{"not_picked":["QueenOfHatred","LaLuna"],"picked":"CherryBlossoms","floor":14.0},{"not_picked":["Aggregate","Rip and Tear"],"picked":"Turbo","floor":14.0},{"not_picked":["Alriune","RedShoes"],"picked":"OSAHOGD","floor":16},{"not_picked":["Core Surge","Amplify"],"picked":"Seek","floor":16},{"not_picked":["DreamingCurrent","Porccubus"],"picked":"Murderer","floor":18},{"not_picked":["Doom and Gloom","Heatsinks","Streamline"],"picked":"SKIP","floor":18},{"not_picked":["OldLady","BigBird"],"picked":"BeautyBeast","floor":21},{"not_picked":["Redo+1","Coolheaded"],"picked":"Compile Driver","floor":21},{"not_picked":["UniverseFragment","Scarecrow"],"picked":"Scorched","floor":24},{"not_picked":["Doom and Gloom","Leap"],"picked":"Hologram+1","floor":24},{"not_picked":["LittlePrince","CherryBlossoms"],"picked":"PunishingBird","floor":27},{"not_picked":["Cold Snap","Barrage"],"picked":"Ball Lightning","floor":27},{"not_picked":["Porccubus","SpiderBud"],"picked":"CENSORED","floor":28},{"not_picked":["Stack","Streamline"],"picked":"Coolheaded","floor":28}],"player_experience":1496586,"relics_obtained":[{"floor":4.0,"key":"HornCleat"},{"floor":7.0,"key":"Matryoshka"},{"floor":9.0,"key":"Toy Ornithopter"},{"floor":9.0,"key":"Strawberry"},{"floor":19,"key":"Enchiridion"},{"floor":24,"key":"Art of War"},{"floor":26,"key":"Darkstone Periapt"},{"floor":26,"key":"Eternal Feather"}],"event_choices":[{"damage_healed":0.0,"max_hp_gain":0.0,"max_hp_loss":0.0,"gold_gain":0.0,"event_name":"Liars Game","player_choice":"Ignored","floor":3.0,"gold_loss":0.0,"damage_taken":0.0},{"damage_healed":0.0,"max_hp_gain":0.0,"max_hp_loss":6.0,"gold_gain":0.0,"event_name":"Golden Idol","player_choice":"Lose Max HP","floor":10.0,"gold_loss":0.0,"damage_taken":0.0,"relics_obtained":["Golden Idol"]},{"damage_healed":0.0,"max_hp_gain":0.0,"max_hp_loss":0.0,"gold_gain":0.0,"event_name":"The Woman in Blue","player_choice":"Bought 3 Potions","floor":11.0,"gold_loss":0.0,"damage_taken":0.0},{"damage_healed":0.0,"max_hp_gain":0.0,"max_hp_loss":0.0,"gold_gain":0.0,"event_name":"Upgrade Shrine","player_choice":"Upgraded","floor":13.0,"gold_loss":0.0,"damage_taken":0.0,"cards_upgraded":["Zap"]},{"damage_healed":0,"gold_gain":0,"player_choice":"Obtained Book","damage_taken":16,"max_hp_gain":0,"max_hp_loss":0,"event_name":"Cursed Tome","floor":19,"gold_loss":0},{"cards_removed":["Darkness"],"damage_healed":0,"gold_gain":0,"player_choice":"Elegance","damage_taken":0,"max_hp_gain":0,"max_hp_loss":0,"event_name":"Back to Basics","floor":22,"gold_loss":0}],"is_beta":false,"boss_relics":[{"not_picked":["Nuclear Battery","Astrolabe"],"picked":"Pandora\u0027s Box"}],"items_purged_floors":[20,25],"is_endless":false,"potions_floor_spawned":[2,12,16,21,28],"killed_by":"Centurion and Healer","ascension_level":1}}