{"host":"z4j51vjvl4ssilsu","time":1609135998,"event":{"mods":["AchievementEnabler","Act Like it!","Aspiration","BaseMod","Better Altar","Better Match","Better Note","Better Sensory Stone","Better Silent Start","Better Skull","Better Synergies","Better Third Choice","Better Vampires","Better-Laid Plans","BetterRewards","Block Reminder","CapriCore","Colored Powertips","Conspire","DeckTracker","Disable Question Mark Monsters","Elementarium","Emptier Cage","Energized Spire","Gensokyo","GifTheSpireLib","Gold Saver","Halation","Hallownest","Hubris","Infinite Spire","Ironclad Rager","Marisa????????","Marked Mod","Minty Spire (QoL Compilation)","MostiFishMod","Permanent Neow","Quick Restart","RRrroohrrRGHHhhh!!","Replay The Spire","SCP261 Mod","SacredBarkPlus","Spicy Shops","StSLib","Stuff the Spire","The Servant 0.9.4","Transform Curses","Unceasing Turn Reminder"],"gold_per_floor":[1273,1291,1291,1291,1307,1348,1348,1382,1382,1410,1420,1456,1456,1468,1468,1573,1573,1588,1588,1588,1603,1603,1603,1613,1613],"floor_reached":24,"playtime":1306,"items_purged":["Strike_B"],"score":429,"play_id":"d54c539e-72e8-4273-887a-9798828dfd47","local_time":"20201228031318","is_ascension_mode":true,"campfire_choices":[{"data":"rorgmod:Fuse Blower","floor":7,"key":"SMITH"},{"floor":15,"key":"REST"},{"data":"MostiFishMod:SeaWaves","floor":23,"key":"SMITH"}],"circlet_count":0,"master_deck":["Strike_B","Strike_B","Defend_B","Defend_B","Defend_B","Defend_B","Zap","Dualcast","MostiFishMod:Impulse","Streamline+1","rorgmod:Leap","rorgmod:Fuse Blower+1","MostiFishMod:ReadyAimFire","Reinforced Body","Cold Snap","Venomology","Sweeping Beam","MostiFishMod:Exploitation","MostiFishMod:SeaWaves+1","MostiFishMod:GatherIntelligence+1","Darkness","Rebound+1"],"relics":["Cracked Core","DaveBox","Membership Card","infinitespire:Midas Blood","Happy Flower","Unceasing Top","StuffTheSpire:BottledEssence","hubris:64BitClover","SynthV:TestCard","Membership Card","PreservedInsect","conspire:TopHat","rorgmod:Glossy Coat","Mirror","infinitespire:Beetle Shell","Painkiller Herb","conspire:GiftBox"],"acts_visited":["Hallownest:Greenpath","Elementarium:Elementarium"],"potions_floor_usage":[6,14,14,16,16,20,24,24,24],"damage_taken":[{"damage":5,"enemies":"Hallownest:2_Baldur","floor":1,"turns":3},{"damage":4,"enemies":"2_ Uuma","floor":2,"turns":4},{"damage":2,"enemies":"Hallownest:monsterHuskGuard","floor":5,"turns":3},{"damage":19,"enemies":"Hallownest:eliteMossKnight","floor":6,"turns":9},{"damage":5,"enemies":"Hallownest:eliteVengeflyKing","floor":8,"turns":4},{"damage":0,"enemies":"Hallownest:eliteMossKnight","floor":10,"turns":2},{"damage":0,"enemies":"Hallownest:monsterMossCharger","floor":11,"turns":2},{"damage":1,"enemies":"Hallownest:eliteVengeflyKing","floor":12,"turns":3},{"damage":2,"enemies":"Hallownest:Wandering_and_Horned","floor":14,"turns":2},{"damage":11,"enemies":"Hallownest:BossHornet","floor":16,"turns":7},{"damage":0,"enemies":"Elementarium:VoidCorruption","floor":18,"turns":2},{"damage":0,"enemies":"Elementarium:2_ELEMENTALS","floor":20,"turns":2},{"damage":36,"enemies":"Elementarium:Hydrostalker","floor":21,"turns":4},{"damage":34,"enemies":"Elementarium:FIRE_NOBILITY","floor":24,"turns":3}],"seed_played":"-1655399301754089969","potions_obtained":[{"floor":1,"key":"Elixir"},{"floor":6,"key":"SmokeBomb"},{"floor":11,"key":"Swift Potion"}],"is_trial":false,"path_per_floor":["M","M","?","?","M","E","R","E","T","E","M","E","?","M","R","B",null,"?","?","?","?","?","T","E"],"character_chosen":"DEFECT","items_purchased":["Membership Card","infinitespire:Midas Blood","Happy Flower","StuffTheSpire:BottledEssence"],"campfire_rested":1,"item_purchase_floors":[0,0,0,0],"current_hp_per_floor":[54,50,50,50,48,44,44,39,39,39,39,38,38,36,58,47,68,68,68,68,32,32,32,0,0],"gold":1613,"neow_bonus":"","is_daily":false,"chose_seed":false,"campfire_upgraded":2,"win_rate":0.0,"timestamp":1609135998,"path_taken":["M","?","?","?","M","E","R","E","T","E","M","E","?","M","R","BOSS","?","?","?","?","?","T","E"],"items_purchased_type":["Relic","Relic","Relic","Relic"],"build_version":"2020-12-22","purchased_purges":1,"victory":false,"max_hp_per_floor":[75,75,75,75,75,75,75,75,75,75,75,75,75,75,75,75,75,75,75,75,75,75,75,75,75],"card_choices":[{"not_picked":["BasicCrystalCard","rorgmod:Fusion"],"picked":"MostiFishMod:Impulse","floor":1},{"not_picked":["Sweeping Beam","Cold Snap","Time Bomb","rorgmod:Critical Section"],"picked":"Streamline","floor":2},{"not_picked":["BasicCrystalCard","Streamline","rorgmod:LRU Cache","StuffTheSpire:Synthwave"],"picked":"rorgmod:Leap","floor":5},{"not_picked":["rorgmod:LRU Cache","rorgmod:Refrigerate","Streamline","ReplayTheSpireMod:Repulse"],"picked":"rorgmod:Fuse Blower","floor":6},{"not_picked":["Genetic Algorithm","ReplaySort","rorgmod:Overcurrent","Stack"],"picked":"MostiFishMod:ReadyAimFire","floor":8},{"not_picked":["rorgmod:SQL Injection","StuffTheSpire:Plugnplay","Hello World","StuffTheSpire:Coldhearted"],"picked":"Reinforced Body","floor":10},{"not_picked":["StuffTheSpire:EventHorizon","Barrage","rorgmod:Overcurrent","ReplayTheSpireMod:Dual Polarity"],"picked":"Cold Snap","floor":11},{"not_picked":["rorgmod:Overcurrent","StuffTheSpire:Rend","Multi-Cast","Rebound","rorgmod:Fragmentation"],"picked":"SKIP","floor":12},{"not_picked":["Deep Breath","HandOfGreed","ReplayTheSpireMod:Private Reserves","Blind"],"picked":"Venomology","floor":13},{"not_picked":["StuffTheSpire:LoadUp","rorgmod:LRU Cache","rorgmod:Hot Sockets","ReplaySort"],"picked":"Sweeping Beam","floor":14},{"not_picked":["Seek","hubris:Prefetch","MostiFishMod:TalkingToTheRain","Echo Form"],"picked":"MostiFishMod:Exploitation","floor":16},{"not_picked":["MostiFishMod:Prepare","MostiFishMod:TalkingToTheRain"],"picked":"MostiFishMod:SeaWaves","floor":18},{"not_picked":["Hologram+1","Redo","MostiFishMod:PushDownKick","StuffTheSpire:Plugnplay"],"picked":"MostiFishMod:GatherIntelligence","floor":18},{"not_picked":["Stack","BasicCrystalCard+1","rorgmod:Antivirus","rorgmod:LRU Cache"],"picked":"Rebound+1","floor":21}],"player_experience":268801,"relics_obtained":[{"floor":1,"key":"SynthV:TestCard"},{"floor":6,"key":"PreservedInsect"},{"floor":8,"key":"conspire:TopHat"},{"floor":9,"key":"rorgmod:Glossy Coat"},{"floor":10,"key":"Mirror"},{"floor":12,"key":"infinitespire:Beetle Shell"},{"floor":18,"key":"conspire:GiftBox"}],"event_choices":[{"damage_healed":0,"gold_gain":1,"player_choice":"1","damage_taken":0,"max_hp_gain":0,"max_hp_loss":0,"event_name":"betterStone:BetterStone","floor":13,"gold_loss":0},{"damage_healed":0,"gold_gain":0,"cards_transformed":["Strike_B"],"player_choice":"Scrolls","damage_taken":0,"max_hp_gain":0,"max_hp_loss":0,"event_name":"Elementarium:AbandonedFactory","floor":19,"gold_loss":0,"cards_obtained":["Darkness"]},{"damage_healed":0,"gold_gain":0,"player_choice":"Meditate","damage_taken":0,"max_hp_gain":0,"max_hp_loss":0,"event_name":"Elementarium:SculptureGarden","floor":22,"gold_loss":0,"cards_upgraded":["Streamline","MostiFishMod:GatherIntelligence"]}],"is_beta":false,"boss_relics":[{"not_picked":["Replay:Bronze Core","energizedSpire:OldTV"],"picked":"Painkiller Herb"}],"items_purged_floors":[0],"is_endless":false,"potions_floor_spawned":[1,6,11,20,21],"killed_by":"Elementarium:FIRE_NOBILITY","ascension_level":5}}