{"host":"bg8va46pgqgvtzim","time":1609165272,"event":{"mods":["BaseMod","Minty Spire (QoL Compilation)","Quick Restart","StSLib","SuperFastMode"],"gold_per_floor":[118,43,60,71,90,116,116,145,169,198,217,233,260,273,273,372,372,392,292,307,307,325,355,368,401,476,476,476,476,510,510,510,611,611,626,626,626,642,642,642,668,394,417,447,447,465,496,513,513,513,513,513,47,81,81],"floor_reached":56,"playtime":1902,"items_purged":["Strike_G","Strike_G","Defend_G","Defend_G"],"score":1559,"play_id":"050a9fb9-988e-4c4d-87bb-862172ebb810","local_time":"20201228222112","is_ascension_mode":true,"campfire_choices":[{"data":"Noxious Fumes","floor":7.0,"key":"SMITH"},{"data":"Tactician","floor":15.0,"key":"SMITH"},{"data":"Calculated Gamble","floor":27.0,"key":"SMITH"},{"data":"Prepared","floor":29.0,"key":"SMITH"},{"data":"Phantasmal Killer","floor":32.0,"key":"SMITH"},{"data":"Impatience","floor":40,"key":"SMITH"},{"floor":49,"key":"RECALL"},{"data":"Acrobatics","floor":52,"key":"SMITH"}],"circlet_count":0,"master_deck":["Defend_G","Defend_G","Survivor","Neutralize","After Image","Calculated Gamble+1","Noxious Fumes+1","Eviscerate","Phantasmal Killer+1","Acrobatics+1","Acrobatics","Tactician+1","Tools of the Trade","Blade Dance","Prepared+1","Reflex","Well Laid Plans","Envenom","Prepared+1","Panacea","Impatience+1","Tactician+1","Acrobatics","Blur","Reflex+1","Purity"],"relics":["Ring of the Snake","Singing Bowl","Whetstone","Happy Flower","Boot","Centennial Puzzle","HoveringKite","Kunai","Ginger","Vajra","Question Card","StrikeDummy","Empty Cage","Shuriken","Snake Skull","Lantern","Oddly Smooth Stone","ClockworkSouvenir","Mummified Hand"],"acts_visited":["Exordium","TheCity","TheBeyond","TheEnding"],"potions_floor_usage":[50,50,55],"damage_taken":[{"damage":0.0,"enemies":"Cultist","floor":1.0,"turns":4.0},{"damage":0.0,"enemies":"Small Slimes","floor":3.0,"turns":4.0},{"damage":0.0,"enemies":"2 Louse","floor":4.0,"turns":3.0},{"damage":0.0,"enemies":"Large Slime","floor":5.0,"turns":7.0},{"damage":5.0,"enemies":"Lagavulin","floor":6.0,"turns":6.0},{"damage":29.0,"enemies":"Gremlin Nob","floor":8.0,"turns":5.0},{"damage":11.0,"enemies":"3 Sentries","floor":10.0,"turns":7.0},{"damage":5.0,"enemies":"Exordium Wildlife","floor":11.0,"turns":4.0},{"damage":0.0,"enemies":"3 Louse","floor":12.0,"turns":2.0},{"damage":13.0,"enemies":"Gremlin Nob","floor":13.0,"turns":3.0},{"damage":0.0,"enemies":"Exordium Thugs","floor":14.0,"turns":3.0},{"damage":6.0,"enemies":"The Guardian","floor":16.0,"turns":8.0},{"damage":0.0,"enemies":"3 Byrds","floor":18.0,"turns":4.0},{"damage":0.0,"enemies":"Spheric Guardian","floor":20.0,"turns":3.0},{"damage":0.0,"enemies":"Chosen and Byrds","floor":22.0,"turns":6.0},{"damage":1.0,"enemies":"Gremlin Leader","floor":23.0,"turns":7.0},{"damage":0.0,"enemies":"Centurion and Healer","floor":24.0,"turns":4.0},{"damage":4.0,"enemies":"Slavers","floor":25.0,"turns":4.0},{"damage":4.0,"enemies":"Book of Stabbing","floor":30.0,"turns":5.0},{"damage":13.0,"enemies":"Champ","floor":33.0,"turns":5.0},{"damage":0.0,"enemies":"Orb Walker","floor":35.0,"turns":3.0},{"damage":0,"enemies":"3 Darklings","floor":38,"turns":3},{"damage":0,"enemies":"Reptomancer","floor":41,"turns":3},{"damage":0,"enemies":"Nemesis","floor":44,"turns":3},{"damage":0,"enemies":"Jaw Worm Horde","floor":46,"turns":2},{"damage":0,"enemies":"Reptomancer","floor":47,"turns":1},{"damage":0,"enemies":"4 Shapes","floor":48,"turns":2},{"damage":8,"enemies":"Time Eater","floor":50,"turns":9},{"damage":0,"enemies":"Shield and Spear","floor":54,"turns":1},{"damage":0,"enemies":"The Heart","floor":55,"turns":3}],"seed_played":"-2765209132448210702","potions_obtained":[{"floor":4.0,"key":"Fire Potion"},{"floor":5.0,"key":"Energy Potion"},{"floor":6.0,"key":"CultistPotion"},{"floor":12.0,"key":"Energy Potion"},{"floor":16.0,"key":"Block Potion"},{"floor":20.0,"key":"Energy Potion"},{"floor":23.0,"key":"Ancient Potion"},{"floor":30.0,"key":"EssenceOfSteel"},{"floor":33.0,"key":"SkillPotion"},{"floor":41,"key":"Block Potion"}],"is_trial":false,"path_per_floor":["M","$","M","M","M","E","R","E","T","E","M","M","E","M","R","B",null,"M","$","M","?","M","E","M","E","T","R","?","R","E","?","R","B",null,"M","?","?","M","?","R","E","$","T","E","?","M","E","M","R","B",null,"R","$","E","B",null],"character_chosen":"THE_SILENT","items_purchased":["Snake Skull","ClockworkSouvenir","CunningPotion","Purity"],"campfire_rested":0,"item_purchase_floors":[42,53,53,53],"current_hp_per_floor":[70,70,70,70,70,67,67,38,38,27,24,24,11,13,13,9,78,80,80,82,82,84,83,83,79,79,79,79,79,75,75,75,64,86,86,86,78,80,80,80,82,82,82,82,82,82,82,82,82,74,87,87,87,89,89],"gold":81,"neow_bonus":"ONE_RANDOM_RARE_CARD","is_daily":false,"chose_seed":false,"campfire_upgraded":7,"win_rate":0.0,"timestamp":1609165272,"path_taken":["M","?","M","M","M","E","R","E","T","E","M","M","E","M","R","BOSS","M","$","M","?","M","E","M","E","T","R","?","R","E","?","R","BOSS","M","?","?","M","?","R","E","$","T","E","?","?","E","M","R","BOSS","R","$","E","BOSS"],"items_purchased_type":["Relic","Relic","Potion","Card"],"build_version":"2020-12-22","purchased_purges":4,"victory":true,"max_hp_per_floor":[70,70,70,70,70,72,72,72,72,72,74,74,74,76,76,78,78,80,80,82,82,84,84,84,84,84,84,84,84,84,84,84,86,86,86,86,88,90,85,85,87,87,87,87,87,87,87,87,87,87,87,87,87,89,89],"card_choices":[{"not_picked":["Deflect","Expertise"],"picked":"Dagger Throw","floor":1.0},{"not_picked":["Choke","Leg Sweep"],"picked":"Calculated Gamble","floor":3.0},{"not_picked":["Outmaneuver","Dagger Spray"],"picked":"Noxious Fumes","floor":4.0},{"not_picked":["Blade Dance","Backstab"],"picked":"Eviscerate","floor":5.0},{"not_picked":["Flying Knee","Poisoned Stab","Underhanded Strike"],"picked":"Singing Bowl","floor":6.0},{"not_picked":["Concentrate","Deadly Poison"],"picked":"Phantasmal Killer","floor":8.0},{"not_picked":["Poisoned Stab","Caltrops"],"picked":"Acrobatics","floor":10.0},{"not_picked":["Dagger Spray","Bane","Blade Dance"],"picked":"Singing Bowl","floor":11.0},{"not_picked":["Underhanded Strike","Catalyst"],"picked":"Acrobatics","floor":12.0},{"not_picked":["Bane","Dash"],"picked":"Tactician","floor":13.0},{"not_picked":["Dash","Dagger Throw","Finisher"],"picked":"Singing Bowl","floor":14.0},{"not_picked":["A Thousand Cuts","Corpse Explosion","Envenom"],"picked":"Singing Bowl","floor":16.0},{"not_picked":["Blur","Sucker Punch","Flying Knee"],"picked":"Singing Bowl","floor":18.0},{"not_picked":["Dagger Spray","Sucker Punch","Underhanded Strike+1"],"picked":"Singing Bowl","floor":20.0},{"not_picked":["Underhanded Strike+1","Wraith Form v2","Cloak And Dagger+1"],"picked":"Singing Bowl","floor":22.0},{"not_picked":["Flechettes","Grand Finale"],"picked":"Tools of the Trade","floor":23.0},{"not_picked":["Cloak And Dagger","PiercingWail"],"picked":"Blade Dance","floor":24.0},{"not_picked":["Deflect+1","Storm of Steel"],"picked":"Prepared","floor":25.0},{"not_picked":["Bane","Backstab","Infinite Blades"],"picked":"Reflex","floor":30.0},{"not_picked":["Glass Knife","Grand Finale","Bullet Time","Envenom"],"picked":"Singing Bowl","floor":33.0},{"not_picked":["Bouncing Flask","Backstab","Calculated Gamble"],"picked":"Prepared+1","floor":35.0},{"not_picked":["HandOfGreed","Madness","Enlightenment","PanicButton"],"picked":"Singing Bowl","floor":37},{"not_picked":["Thinking Ahead","Madness","Dramatic Entrance"],"picked":"Panacea","floor":37},{"not_picked":["Master of Strategy","Mind Blast","Panache"],"picked":"Impatience","floor":37},{"not_picked":["Acrobatics+1","Cloak And Dagger","Prepared","Sucker Punch+1"],"picked":"Singing Bowl","floor":38},{"not_picked":["Sucker Punch+1","Dagger Spray","Bane+1","Caltrops+1"],"picked":"Singing Bowl","floor":41},{"not_picked":["All Out Attack+1","Dodge and Roll+1","Malaise"],"picked":"Tactician+1","floor":44},{"not_picked":["Deadly Poison+1","Leg Sweep","Deflect+1"],"picked":"Acrobatics","floor":46},{"not_picked":["Acrobatics","Calculated Gamble","Dodge and Roll"],"picked":"Blur","floor":47},{"not_picked":["Dash+1","Backstab+1","Outmaneuver"],"picked":"Reflex+1","floor":48},{"not_picked":["Outmaneuver+1","Acrobatics+1","Crippling Poison","Eviscerate"],"picked":"Singing Bowl","floor":54}],"player_experience":2194974,"relics_obtained":[{"floor":6.0,"key":"Singing Bowl"},{"floor":8.0,"key":"Whetstone"},{"floor":9.0,"key":"Happy Flower"},{"floor":10.0,"key":"Boot"},{"floor":13.0,"key":"Centennial Puzzle"},{"floor":23.0,"key":"Ginger"},{"floor":25.0,"key":"Vajra"},{"floor":26.0,"key":"Question Card"},{"floor":30.0,"key":"StrikeDummy"},{"floor":41,"key":"Shuriken"},{"floor":44,"key":"Lantern"},{"floor":47,"key":"Oddly Smooth Stone"},{"floor":54,"key":"Mummified Hand"}],"event_choices":[{"damage_healed":0.0,"max_hp_gain":0.0,"max_hp_loss":0.0,"gold_gain":0.0,"event_name":"The Mausoleum","player_choice":"Opened","floor":21.0,"gold_loss":0.0,"damage_taken":0.0,"relics_obtained":["Kunai"]},{"damage_healed":0.0,"max_hp_gain":0.0,"max_hp_loss":0.0,"gold_gain":0.0,"event_name":"Cursed Tome","player_choice":"Ignored","floor":28.0,"gold_loss":0.0,"damage_taken":0.0},{"damage_healed":0.0,"max_hp_gain":0.0,"max_hp_loss":0.0,"gold_gain":0.0,"cards_transformed":["Strike_G","Strike_G"],"event_name":"Drug Dealer","player_choice":"Became Test Subject","floor":31.0,"gold_loss":0.0,"damage_taken":0.0,"cards_obtained":["Well Laid Plans","Envenom"]},{"cards_removed":["Dagger Throw"],"damage_healed":0.0,"max_hp_gain":0.0,"max_hp_loss":0.0,"gold_gain":0.0,"event_name":"Falling","player_choice":"Removed Attack","floor":36.0,"gold_loss":0.0,"damage_taken":0.0},{"damage_healed":0,"gold_gain":0,"player_choice":"Memory 3","damage_taken":10,"max_hp_gain":0,"max_hp_loss":0,"event_name":"SensoryStone","floor":37,"gold_loss":0},{"damage_healed":0,"gold_gain":0,"player_choice":"Max HP","damage_taken":0,"max_hp_gain":0,"max_hp_loss":5,"event_name":"Winding Halls","floor":39,"gold_loss":0},{"damage_healed":0,"gold_gain":0,"player_choice":"Ignored","damage_taken":0,"max_hp_gain":0,"max_hp_loss":0,"event_name":"Tomb of Lord Red Mask","floor":45,"gold_loss":0}],"is_beta":false,"boss_relics":[{"not_picked":["Busted Crown","Sozu"],"picked":"HoveringKite"},{"not_picked":["SlaversCollar","Black Star"],"picked":"Empty Cage"}],"items_purged_floors":[2,19,42,53],"is_endless":false,"potions_floor_spawned":[4,5,6,8,12,16,18,20,23,30,33,38,41,47,48],"ascension_level":1}}