{"host":"7sni158j623xchr2","time":1609178632,"event":{"mods":["BaseMod","Colored Map","Highlight Path","Minty Spire (QoL Compilation)","Permanent Neow","Potion Indicator Mod","Rare Cards Sparkle","Relic Sorter","Relic Stats","StSLib","everything is the same but u backflip on backflip"],"gold_per_floor":[116,66,79,97,22,22,197,231,231,249,266,289,321,355,355,458,458,443,460,6,18,18,18,18],"floor_reached":23,"playtime":931,"items_purged":["Defend_G"],"score":222,"play_id":"d8463e78-b524-4e5e-b196-3807c883009c","local_time":"20201228120352","is_ascension_mode":true,"campfire_choices":[{"data":"Backstab","floor":6,"key":"SMITH"},{"floor":15,"key":"REST"}],"circlet_count":0,"master_deck":["Strike_G","Strike_G","Strike_G","Strike_G","Strike_G","Defend_G","Defend_G+1","Defend_G","Defend_G","Survivor","Neutralize","Bane","Backstab+1","Backflip","Doubt","Venomology","Footwork+1","Deadly Poison","Catalyst","Bullet Time+1","CurseOfTheBell","Dagger Spray","Caltrops+1","Footwork+1","Deadly Poison"],"relics":["Ring of the Snake","WingedGreaves","Frozen Egg 2","Mercury Hourglass","Odd Mushroom","Happy Flower","Blood Vial","Calling Bell","Shuriken","StoneCalendar","War Paint","Paper Crane","Potion Belt"],"acts_visited":["Exordium","TheCity"],"potions_floor_usage":[10,11,12,13,13,16,19,19,23,23,23],"damage_taken":[{"damage":0,"enemies":"Cultist","floor":1,"turns":4},{"damage":2,"enemies":"Jaw Worm","floor":3,"turns":5},{"damage":1,"enemies":"2 Louse","floor":4,"turns":4},{"damage":31,"enemies":"Gremlin Nob","floor":8,"turns":5},{"damage":5,"enemies":"Exordium Thugs","floor":10,"turns":5},{"damage":0,"enemies":"3 Louse","floor":11,"turns":3},{"damage":1,"enemies":"The Mushroom Lair","floor":12,"turns":4},{"damage":7,"enemies":"3 Sentries","floor":13,"turns":6},{"damage":5,"enemies":"Gremlin Nob","floor":14,"turns":4},{"damage":6,"enemies":"The Guardian","floor":16,"turns":12},{"damage":5,"enemies":"2 Thieves","floor":18,"turns":4},{"damage":17,"enemies":"Shell Parasite","floor":19,"turns":6},{"damage":28,"enemies":"Snecko","floor":21,"turns":5},{"damage":31,"enemies":"Gremlin Leader","floor":23,"turns":6}],"seed_played":"5123066986373400795","potions_obtained":[{"floor":1,"key":"SpeedPotion"},{"floor":3,"key":"Swift Potion"},{"floor":10,"key":"Block Potion"},{"floor":12,"key":"LiquidMemories"},{"floor":21,"key":"Energy Potion"}],"is_trial":false,"path_per_floor":["M","$","M","M","$","R","?","E","T","M","M","?","E","E","R","B",null,"M","M","$","M","?","E"],"character_chosen":"THE_SILENT","items_purchased":["Fire Potion","Paper Crane","Potion Belt","Strength Potion"],"campfire_rested":1,"item_purchase_floors":[2,20,20,20],"current_hp_per_floor":[63,63,61,60,60,60,60,29,29,24,24,23,16,11,29,25,63,58,43,43,17,17,0,0],"gold":18,"neow_bonus":"ONE_RARE_RELIC","is_daily":false,"chose_seed":false,"campfire_upgraded":1,"win_rate":0.0,"timestamp":1609178632,"path_taken":["M","?","M","?","$","R","?","E","T","M","M","?","E","E","R","BOSS","M","M","$","M","?","E"],"items_purchased_type":["Potion","Relic","Relic","Potion"],"build_version":"2020-12-22","purchased_purges":1,"victory":false,"max_hp_per_floor":[63,63,63,63,63,63,63,63,63,63,63,63,63,63,63,63,63,63,63,63,63,63,63,63],"relic_stats":{"Blood Vial":8,"Happy Flower":[12],"counters":[14,72],"Shuriken":[7],"StoneCalendar":[0],"War Paint":["Bullet Time","Defend_G"],"obtain_stats":[{"Potion Belt":20,"Happy Flower":13,"StoneCalendar":17,"Frozen Egg 2":8,"Odd Mushroom":12,"War Paint":17,"Paper Crane":20,"Mercury Hourglass":9,"Blood Vial":14,"Calling Bell":17,"Shuriken":17,"WingedGreaves":0,"Ring of the Snake":0},{"Potion Belt":12,"Happy Flower":8,"StoneCalendar":10,"Frozen Egg 2":4,"Odd Mushroom":7,"War Paint":10,"Paper Crane":12,"Mercury Hourglass":4,"Blood Vial":9,"Calling Bell":10,"Shuriken":10,"WingedGreaves":0,"Ring of the Snake":0},{"Potion Belt":61,"Happy Flower":35,"StoneCalendar":51,"Frozen Egg 2":18,"Odd Mushroom":29,"War Paint":51,"Paper Crane":61,"Mercury Hourglass":18,"Blood Vial":39,"Calling Bell":51,"Shuriken":51,"WingedGreaves":0,"Ring of the Snake":0}],"Ring of the Snake":[28],"Mercury Hourglass":[206]},"card_choices":[{"not_picked":["Finisher","Cloak And Dagger"],"picked":"Bane","floor":1},{"not_picked":["Choke","Setup"],"picked":"Backstab","floor":3},{"not_picked":["Blade Dance","Slice"],"picked":"Backflip","floor":4},{"not_picked":["Underhanded Strike","Blur"],"picked":"Venomology","floor":8},{"not_picked":["Infinite Blades+1","Deflect","Blade Dance"],"picked":"SKIP","floor":10},{"not_picked":["Underhanded Strike","Poisoned Stab"],"picked":"Footwork+1","floor":11},{"not_picked":["Underhanded Strike","Grand Finale"],"picked":"Deadly Poison","floor":12},{"not_picked":["Grand Finale","Eviscerate","Backstab"],"picked":"SKIP","floor":13},{"not_picked":["Backflip","Dagger Spray"],"picked":"Catalyst","floor":14},{"not_picked":["Envenom+1","Grand Finale"],"picked":"Bullet Time","floor":16},{"not_picked":["Predator","Flechettes"],"picked":"Dagger Spray","floor":18},{"not_picked":["Heel Hook+1","All Out Attack"],"picked":"Caltrops+1","floor":19},{"not_picked":["Heel Hook","Blade Dance"],"picked":"Footwork+1","floor":21}],"player_experience":1546065,"relics_obtained":[{"floor":8,"key":"Frozen Egg 2"},{"floor":9,"key":"Mercury Hourglass"},{"floor":12,"key":"Odd Mushroom"},{"floor":13,"key":"Happy Flower"},{"floor":14,"key":"Blood Vial"},{"floor":17,"key":"Shuriken"},{"floor":17,"key":"StoneCalendar"},{"floor":17,"key":"War Paint"}],"event_choices":[{"damage_healed":0,"gold_gain":175,"player_choice":"AGREE","damage_taken":0,"max_hp_gain":0,"max_hp_loss":0,"event_name":"Liars Game","floor":7,"gold_loss":0,"cards_obtained":["Doubt"]},{"damage_healed":0,"gold_gain":0,"player_choice":"Fought Mushrooms","damage_taken":0,"max_hp_gain":0,"max_hp_loss":0,"event_name":"Mushrooms","floor":12,"gold_loss":0},{"damage_healed":0,"gold_gain":0,"player_choice":"Read","damage_taken":0,"max_hp_gain":0,"max_hp_loss":0,"event_name":"The Library","floor":22,"gold_loss":0,"cards_obtained":["Deadly Poison"]}],"is_beta":false,"boss_relics":[{"not_picked":["Philosopher\u0027s Stone","SacredBark"],"picked":"Calling Bell"}],"items_purged_floors":[5],"is_endless":false,"potions_floor_spawned":[1,3,10,12,14,21],"killed_by":"Gremlin Leader","ascension_level":1}}