{"host":"p34rppyhk302xzzg","time":1609174882,"event":{"mods":["Ascension Reborn","BaseMod","Marisa£®ÏF”Í°°ƒß¿Ì…≥£©","Minty Spire (QoL Compilation)","Quick Restart","READ ME - Guardian Mod","Remilia£®¿Ÿ√◊¿Ú—«£©","SOS£®Àπ∞Õ¥Ô÷Æ◊”£©","StSLib","Td1madao Mod","Youmu£®ªÍ∆«—˝√Œ£©","[IsaacMod]“‘»ˆº‚À˛"],"gold_per_floor":[112,112,130,151,193,224,224,224,224,240,133,133,147,187,187,306,306,306],"floor_reached":17,"playtime":664,"items_purged":[],"score":165,"play_id":"cdf83cea-ba8d-47df-9676-ed3304354c2f","local_time":"20201229010122","is_ascension_mode":false,"campfire_choices":[{"data":"CrescentMoonSlash","floor":8,"key":"SMITH"},{"floor":15,"key":"REST"}],"circlet_count":0,"master_deck":["Strike_YM","Strike_YM","Strike_YM","Strike_YM","Defend_YM","Defend_YM","Defend_YM","Defend_YM","SlashOfPresentWorld","WheelOfPainOfLivingAndDead","BloodyBrimstone","CherryBlossomFlashing","CrescentMoonSlash+1","CrescentMoonSlash","WickedSoul+1","FourBirthsSword","RapidSlash","HiganSword","SpiritCuttingSword","ConstancyOfTheConventionalTruth","HeavenGodSword"],"relics":["HalfPhantom","HushsDoor","DeadEye","Golden Idol","SharpPlug","Darkstone Periapt","UnicornStump","Ancient Tea Set","Runic Dome"],"acts_visited":["Exordium","TheCity"],"potions_floor_usage":[10,14,14,14,16],"damage_taken":[{"damage":7,"enemies":"Cultist","floor":1,"turns":5},{"damage":2,"enemies":"Small Slimes","floor":3,"turns":5},{"damage":0,"enemies":"2 Louse","floor":4,"turns":3},{"damage":16,"enemies":"3 Sentries","floor":6,"turns":6},{"damage":11,"enemies":"Lots of Slimes","floor":10,"turns":2},{"damage":0,"enemies":"3 Louse","floor":13,"turns":2},{"damage":26,"enemies":"Lagavulin","floor":14,"turns":5},{"damage":39,"enemies":"Hexaghost","floor":16,"turns":10}],"seed_played":"1918426298679657105","potions_obtained":[{"floor":3,"key":"Explosive Potion"},{"floor":6,"key":"ColorlessPotion"},{"floor":10,"key":"Ancient Potion"},{"floor":13,"key":"Regen Potion"},{"floor":14,"key":"SpeedPotion"}],"is_trial":false,"path_per_floor":["M","?","M","M","?","E","?","R","T","M","$","T","M","E","R","B",null],"character_chosen":"YOUMU","items_purchased":["RapidSlash","HiganSword"],"campfire_rested":1,"item_purchase_floors":[11,11],"current_hp_per_floor":[75,75,73,73,58,42,42,42,42,31,31,31,31,19,41,2,73,73],"gold":306,"neow_bonus":"TEN_PERCENT_HP_BONUS","is_daily":false,"chose_seed":false,"campfire_upgraded":1,"win_rate":0.0,"timestamp":1609174882,"path_taken":["M","?","?","M","?","E","?","R","T","M","?","?","M","E","R","BOSS"],"items_purchased_type":["Card","Card"],"build_version":"2020-12-22","purchased_purges":0,"victory":false,"max_hp_per_floor":[82,76,76,76,76,76,76,76,76,76,76,76,76,76,76,73,73,73],"card_choices":[{"not_picked":[],"picked":"BloodyBrimstone","floor":0},{"not_picked":["SpiritCuttingSword","CrescentMoonSlash"],"picked":"CherryBlossomFlashing","floor":1},{"not_picked":["CherryBlossomFlashing","SlashOfMeditation"],"picked":"CrescentMoonSlash","floor":3},{"not_picked":["HeavenlyHaloSlash","ConstancyOfTheConventionalTruth"],"picked":"CrescentMoonSlash","floor":4},{"not_picked":["HesitationCuttingSword","PhosphoricSlash"],"picked":"WickedSoul","floor":6},{"not_picked":["CherryBlossomFlashing","CrescentMoonSlash"],"picked":"FourBirthsSword","floor":10},{"not_picked":["HiganSword","CherryBlossomSword"],"picked":"SpiritCuttingSword","floor":13},{"not_picked":["SwordOfBindingDesires","ObsessionSword"],"picked":"ConstancyOfTheConventionalTruth","floor":14},{"not_picked":["CelestialStarSword","IrresoluteSoul"],"picked":"HeavenGodSword","floor":16}],"player_experience":39184,"relics_obtained":[{"floor":6,"key":"SharpPlug"},{"floor":9,"key":"Darkstone Periapt"},{"floor":12,"key":"UnicornStump"},{"floor":14,"key":"Ancient Tea Set"}],"event_choices":[{"damage_healed":0,"gold_gain":0,"player_choice":"Lose Max HP","damage_taken":0,"relics_obtained":["Golden Idol"],"max_hp_gain":0,"max_hp_loss":6,"event_name":"Golden Idol","floor":2,"gold_loss":0},{"damage_healed":0,"gold_gain":0,"player_choice":"Grow","damage_taken":0,"max_hp_gain":0,"max_hp_loss":0,"event_name":"Living Wall","floor":7,"gold_loss":0,"cards_upgraded":["WickedSoul"]}],"is_beta":false,"boss_relics":[{"not_picked":["Astrolabe","Calling Bell"],"picked":"Runic Dome"},{"not_picked":[]}],"items_purged_floors":[],"is_endless":false,"potions_floor_spawned":[3,6,10,13,14],"ascension_level":0}}