{"host":"Nexxot","time":1609177630,"event":{"mods":["AchievementEnabler","BaseMod","Colored Map","Downfall","Highlight Path","Jorbs\u0027s Wanderer Trilogy","Minty Spire (QoL Compilation)","Relic Stats","StSLib"],"gold_per_floor":[99,113,113,113,131,66,89,26,43,63,98,113,38,23,41,146,146,71,86,106,106,106,106,106,116,116,133,5,30,30,15,32,128,128,128,143,159,259,277,308,308,233,287,318,329,382,382,382,396,396],"floor_reached":51,"playtime":4234,"items_purged":[],"score":777,"play_id":"16fb9ddb-3759-4ba4-a71e-987deaedb314","local_time":"20201228184710","is_ascension_mode":false,"campfire_choices":[{"data":"Guardian:TwinSlam","floor":1.0,"key":"SMITH"},{"data":"Guardian:DecasProtection","floor":13.0,"key":"SMITH"},{"data":"Guardian:Planning","floor":18,"key":"SMITH"},{"data":"Guardian:Harden","floor":26,"key":"SMITH"},{"floor":35,"key":"RECALL"},{"data":"Guardian:TimeSifter","floor":42,"key":"SMITH"}],"circlet_count":0,"master_deck":["Guardian:Defend_Guardian","Guardian:Defend_Guardian","Guardian:Defend_Guardian","Guardian:Defend_Guardian","Guardian:CurlUp","Guardian:TwinSlam+1","Guardian:Recover","Guardian:DecasProtection+1","Guardian:Reroute","Guardian:Incinerate","Guardian:TemporalStrike","Guardian:TemporalShield","Guardian:VentSteam","Guardian:WalkerClaw","Guardian:GuardianWhirl","Guardian:Planning+1","Guardian:TimeSifter+1","Guardian:CrystalBeam","Guardian:CrystalBeam+1","Guardian:BronzeArmor","Guardian:TimeBomb","Bite","Bite","Bite","Bite","Guardian:Harden+1","Guardian:ChargeUp","Guardian:Harden+1","Guardian:StasisField","Guardian:SentryBeam","Guardian:SentryBeam+1","Guardian:ShieldCharger","Guardian:TemporalShield+1","Guardian:SphericShield","Guardian:TemporalShield+1","Guardian:BronzeOrb","Guardian:Recover","Deep Breath","Guardian:Emergency+1","Guardian:PrimingBeam+1","Guardian:PrismaticBarrier","Guardian:MultiBeam","expansioncontent:DarkVoid"],"relics":["Guardian:ModeShifter","Guardian:SackOfGems","Guardian:PickAxe","Prayer Wheel","downfall:HeartBlessingBlue","Black Star","downfall:HeartBlessingGreen","Kunai","The Courier","Shovel","Regal Pillow","Coffee Dripper","downfall:GremlinSack","Matryoshka","Ancient Tea Set","InkBottle","Singing Bowl","downfall:HeartBlessingRed","CaptainsWheel","Blood Vial","Mercury Hourglass","Strawberry","Dream Catcher"],"acts_visited":["Exordium","TheCity","TheBeyond"],"potions_floor_usage":[19,33,33,43],"damage_taken":[{"damage":0.0,"enemies":"2 Louse","floor":2.0,"turns":3.0},{"damage":0.0,"enemies":"Small Slimes","floor":5.0,"turns":3.0},{"damage":0.0,"enemies":"downfall:FleeingMerchant","floor":6.0,"turns":4.0},{"damage":0.0,"enemies":"downfall:FleeingMerchant","floor":8.0,"turns":4.0},{"damage":1.0,"enemies":"Jaw Worm","floor":9.0,"turns":3.0},{"damage":7.0,"enemies":"Red Slaver","floor":10.0,"turns":4.0},{"damage":14.0,"enemies":"Gremlin Nob","floor":11.0,"turns":4.0},{"damage":15.0,"enemies":"Large Slime","floor":12.0,"turns":6.0},{"damage":6.0,"enemies":"downfall:FleeingMerchant","floor":14.0,"turns":4.0},{"damage":12.0,"enemies":"Blue Slaver","floor":15.0,"turns":2.0},{"damage":11.0,"enemies":"downfall:Watcher","floor":16.0,"turns":10.0},{"damage":3,"enemies":"Spheric Guardian","floor":19,"turns":5},{"damage":24,"enemies":"Snake Plant","floor":20,"turns":3},{"damage":10,"enemies":"Sentry and Sphere","floor":25,"turns":5},{"damage":4,"enemies":"Cultist and Chosen","floor":27,"turns":5},{"damage":2,"enemies":"downfall:FleeingMerchant","floor":28,"turns":4},{"damage":11,"enemies":"Book of Stabbing","floor":29,"turns":5},{"damage":16,"enemies":"downfall:FleeingMerchant","floor":31,"turns":4},{"damage":2,"enemies":"Centurion and Healer","floor":32,"turns":17},{"damage":9,"enemies":"downfall:Silent","floor":33,"turns":7},{"damage":19,"enemies":"3 Darklings","floor":36,"turns":3},{"damage":16,"enemies":"3 Shapes","floor":37,"turns":7},{"damage":1,"enemies":"3 Shapes","floor":38,"turns":4},{"damage":19,"enemies":"Writhing Mass","floor":39,"turns":6},{"damage":0,"enemies":"Giant Head","floor":40,"turns":11},{"damage":0,"enemies":"2 Orb Walkers","floor":43,"turns":5},{"damage":14,"enemies":"Reptomancer","floor":44,"turns":8},{"damage":5,"enemies":"Maw","floor":45,"turns":8},{"damage":0,"enemies":"Transient","floor":49,"turns":5},{"damage":22,"enemies":"downfall:Ironclad","floor":50,"turns":10}],"seed_played":"-5964805653554375572","potions_obtained":[{"floor":2.0,"key":"SpeedPotion"},{"floor":5.0,"key":"ColorlessPotion"},{"floor":10.0,"key":"Dexterity Potion"},{"floor":11.0,"key":"Energy Potion"},{"floor":12.0,"key":"sneckomod:MuddlingPotion"},{"floor":15.0,"key":"SpeedPotion"},{"floor":20,"key":"SteroidPotion"},{"floor":32,"key":"Guardian:DefensiveModePotion"},{"floor":37,"key":"SteroidPotion"},{"floor":39,"key":"SpeedPotion"},{"floor":44,"key":"BlessingOfTheForge"},{"floor":49,"key":"Guardian:AcceleratePotion"}],"is_trial":false,"path_per_floor":["R","M","?","?","M","$","T","$","M","M","E","M","R","$","M","B",null,"R","M","M","?","?","T","T","M","R","M","$","E","?","$","M","B",null,"R","M","M","?","M","E","T","R","?","E","M","T","?","?","M","B",null],"character_chosen":"GUARDIAN","items_purchased":["Guardian:Incinerate","Guardian:TemporalStrike","Guardian:StasisField","Guardian:SentryBeam"],"campfire_rested":0,"item_purchase_floors":[6,8,28,28],"current_hp_per_floor":[80,80,80,80,80,80,80,80,79,72,58,43,53,47,35,24,90,90,87,63,62,62,62,62,55,55,57,59,52,52,40,62,59,62,62,51,45,46,35,49,49,49,57,57,64,71,71,71,77,59],"gold":396,"neow_bonus":"ONE_RARE_RELIC","is_daily":false,"chose_seed":false,"campfire_upgraded":5,"win_rate":0.0,"timestamp":1609177630,"path_taken":["R","M","?","?","M","$","T","?","?","M","E","M","R","?","M","BOSS","R","M","M","?","?","?","T","?","R","M","$","E","?","$","M","BOSS","R","M","M","?","?","E","T","R","?","E","M","?","?","?","M","BOSS"],"items_purchased_type":["Card","Card","Card","Card"],"build_version":"2020-12-18","purchased_purges":0,"victory":true,"max_hp_per_floor":[80,80,80,80,80,80,80,80,80,80,80,80,90,90,90,90,90,90,90,90,62,62,62,62,62,62,62,62,62,62,62,62,62,62,62,62,62,62,62,62,62,62,64,66,66,73,73,73,77,77],"relic_stats":{"Blood Vial":4,"Regal Pillow":0,"Dream Catcher":0,"Shovel":0,"Singing Bowl":8,"counters":[30,169],"Prayer Wheel":12,"Black Star":3,"Kunai":[46],"obtain_stats":[{"Regal Pillow":29,"Singing Bowl":41,"downfall:HeartBlessingRed":42,"Guardian:ModeShifter":0,"Guardian:SackOfGems":0,"downfall:HeartBlessingGreen":18,"The Courier":24,"Ancient Tea Set":40,"Mercury Hourglass":44,"Guardian:PickAxe":3,"Blood Vial":44,"CaptainsWheel":43,"Dream Catcher":46,"Shovel":29,"Matryoshka":40,"downfall:GremlinSack":38,"downfall:HeartBlessingBlue":13,"Strawberry":46,"Prayer Wheel":11,"Black Star":17,"Coffee Dripper":34,"Kunai":23,"InkBottle":41},{"Regal Pillow":17,"Singing Bowl":25,"downfall:HeartBlessingRed":25,"Guardian:ModeShifter":0,"Guardian:SackOfGems":0,"downfall:HeartBlessingGreen":11,"The Courier":13,"Ancient Tea Set":25,"Mercury Hourglass":27,"Guardian:PickAxe":1,"Blood Vial":27,"CaptainsWheel":26,"Dream Catcher":28,"Shovel":17,"Matryoshka":25,"downfall:GremlinSack":23,"downfall:HeartBlessingBlue":8,"Strawberry":28,"Prayer Wheel":7,"Black Star":11,"Coffee Dripper":20,"Kunai":13,"InkBottle":25},{"Regal Pillow":74,"Singing Bowl":133,"downfall:HeartBlessingRed":133,"Guardian:ModeShifter":0,"Guardian:SackOfGems":0,"downfall:HeartBlessingGreen":47,"The Courier":55,"Ancient Tea Set":133,"Mercury Hourglass":146,"Guardian:PickAxe":3,"Blood Vial":146,"CaptainsWheel":138,"Dream Catcher":154,"Shovel":74,"Matryoshka":133,"downfall:GremlinSack":116,"downfall:HeartBlessingBlue":31,"Strawberry":154,"Prayer Wheel":25,"Black Star":47,"Coffee Dripper":102,"Kunai":55,"InkBottle":133}],"InkBottle":[22],"Mercury Hourglass":[42]},"card_choices":[{"not_picked":["Guardian:Gem_Red","Guardian:RollAttack"],"picked":"Guardian:Recover","floor":2.0},{"not_picked":["Guardian:TemporalShield","Guardian:RollAttack"],"picked":"Guardian:DecasProtection","floor":5.0},{"not_picked":["Guardian:HyperBeam_Guardian","Guardian:Planning"],"picked":"Guardian:Reroute","floor":6.0},{"not_picked":["Guardian:BronzeArmor","Guardian:Gem_Lightblue"],"picked":"Guardian:Gem_Crimson","floor":8.0},{"not_picked":["Guardian:Gem_Blue","Guardian:TimeCapacitor"],"picked":"Guardian:TemporalShield","floor":9.0},{"not_picked":["Guardian:Gem_Cyan","Guardian:ShieldCharger"],"picked":"Guardian:VentSteam","floor":10.0},{"not_picked":["Guardian:Gem_Cyan","Guardian:Planning"],"picked":"Guardian:Gem_Orange","floor":11.0},{"not_picked":["Guardian:Reroute","Guardian:TimeCapacitor"],"picked":"Guardian:WalkerClaw","floor":12.0},{"not_picked":["Guardian:Preprogram","Guardian:TemporalShield","Guardian:VentSteam"],"picked":"SKIP","floor":12.0},{"not_picked":["Guardian:Gem_Lightblue","Guardian:ShieldSpikes"],"picked":"Guardian:Gem_Red","floor":14.0},{"not_picked":["Guardian:ArmoredProtocol","Guardian:Gem_Purple"],"picked":"Guardian:GuardianWhirl","floor":15.0},{"not_picked":["Guardian:Recover","Guardian:Gem_Lightblue"],"picked":"Guardian:Planning","floor":15.0},{"not_picked":["Guardian:StasisField","Guardian:HyperBeam_Guardian"],"picked":"Guardian:TimeSifter","floor":16.0},{"not_picked":["Guardian:ShieldCharger","Guardian:Gem_Lightblue"],"picked":"Guardian:CrystalBeam","floor":19},{"not_picked":["Guardian:WalkerClaw","Guardian:ChargeCore"],"picked":"Guardian:CrystalBeam+1","floor":19},{"not_picked":["Guardian:Gem_Purple","Guardian:ChargeCore"],"picked":"Guardian:BronzeArmor","floor":20},{"not_picked":["Guardian:VentSteam","Guardian:ArmoredProtocol"],"picked":"Guardian:TimeBomb","floor":20},{"not_picked":["Guardian:Gem_Cyan","Guardian:TemporalShield"],"picked":"Guardian:Harden","floor":25},{"not_picked":["Guardian:VentSteam","Guardian:Planning","Guardian:RollAttack"],"picked":"SKIP","floor":25},{"not_picked":["Guardian:WalkerClaw","Guardian:Gem_White"],"picked":"Guardian:ChargeUp","floor":27},{"not_picked":["Guardian:Planning","Guardian:RevengeProtocol"],"picked":"Guardian:Harden+1","floor":27},{"not_picked":["Guardian:Gem_Blue","Guardian:WalkerClaw","Guardian:Gem_Fragmented"],"picked":"SKIP","floor":28},{"not_picked":["Guardian:TimeSifter","Guardian:Gem_Green","Guardian:BronzeArmor+1"],"picked":"SKIP","floor":29},{"not_picked":["Guardian:PolyBeam","Guardian:Gem_Green"],"picked":"Guardian:SentryBeam+1","floor":31},{"not_picked":["Guardian:RollAttack+1","Guardian:VentSteam"],"picked":"Guardian:ShieldCharger","floor":32},{"not_picked":["Guardian:CrystalBeam","Guardian:Gem_Green","Guardian:PiercingHide"],"picked":"SKIP","floor":32},{"not_picked":["Guardian:RollAttack+1","Guardian:TemporalStrike"],"picked":"Guardian:TemporalShield+1","floor":36},{"not_picked":["Guardian:GuardianWhirl+1","Guardian:Gem_Red","Guardian:Gem_Blue"],"picked":"SKIP","floor":36},{"not_picked":["Guardian:PiercingHide","Guardian:Gem_Red"],"picked":"Guardian:SphericShield","floor":37},{"not_picked":["Guardian:Planning","Guardian:Gem_Purple"],"picked":"Guardian:TemporalShield+1","floor":37},{"not_picked":["Guardian:Gem_Crimson","Guardian:ShieldCharger+1"],"picked":"Guardian:Emergency+1","floor":38},{"not_picked":["Guardian:AncientConstruct","Guardian:ShieldCharger"],"picked":"Guardian:PrimingBeam+1","floor":39},{"not_picked":["Guardian:Gem_Green","Guardian:ShieldCharger+1","Guardian:TemporalStrike"],"picked":"SKIP","floor":39},{"not_picked":["Guardian:VentSteam+1","Guardian:Incinerate+1","Guardian:TimeSifter"],"picked":"SKIP","floor":40},{"not_picked":["Guardian:Repulse","Guardian:RollAttack+1","Guardian:Incinerate"],"picked":"Singing Bowl","floor":43},{"not_picked":["Guardian:Gem_Lightblue","Guardian:SentryBeam","Guardian:VentSteam+1"],"picked":"Singing Bowl","floor":44},{"not_picked":["Guardian:VentSteam","Guardian:TemporalStrike"],"picked":"Guardian:PrismaticBarrier","floor":45},{"not_picked":["Guardian:Gem_Green","Guardian:PrimingBeam+1"],"picked":"Guardian:MultiBeam","floor":45},{"not_picked":["Guardian:Gem_Blue","Guardian:BronzeArmor+1","Guardian:Suspension"],"picked":"Singing Bowl","floor":49},{"not_picked":["Guardian:Gem_Lightblue","Guardian:Gem_Green","Guardian:PrimingBeam+1"],"picked":"Singing Bowl","floor":49}],"player_experience":348193,"relics_obtained":[{"floor":11.0,"key":"Prayer Wheel"},{"floor":23,"key":"Kunai"},{"floor":24,"key":"The Courier"},{"floor":29,"key":"Shovel"},{"floor":29,"key":"Regal Pillow"},{"floor":38,"key":"downfall:GremlinSack"},{"floor":40,"key":"Matryoshka"},{"floor":40,"key":"Ancient Tea Set"},{"floor":41,"key":"InkBottle"},{"floor":41,"key":"Singing Bowl"},{"floor":43,"key":"CaptainsWheel"},{"floor":44,"key":"Blood Vial"},{"floor":44,"key":"Mercury Hourglass"},{"floor":46,"key":"Strawberry"},{"floor":46,"key":"Dream Catcher"}],"event_choices":[{"cards_removed":["Slimebound:Icky"],"damage_healed":0.0,"max_hp_gain":0.0,"max_hp_loss":0.0,"gold_gain":0.0,"event_name":"The Cleric","player_choice":"Card Removal","floor":4.0,"gold_loss":0.0,"damage_taken":0.0},{"damage_healed":0.0,"max_hp_gain":0.0,"max_hp_loss":0.0,"gold_gain":0.0,"event_name":"The Cleric","player_choice":"Leave","floor":14.0,"gold_loss":0.0,"damage_taken":0.0},{"damage_healed":0,"gold_gain":0,"player_choice":"Became a vampire","damage_taken":0,"max_hp_gain":0,"max_hp_loss":28,"event_name":"Vampires","floor":21,"gold_loss":0,"cards_obtained":["Bite","Bite","Bite","Bite","Bite"]},{"damage_healed":0,"gold_gain":0,"player_choice":"Fight","damage_taken":0,"max_hp_gain":0,"max_hp_loss":0,"event_name":"Mysterious Sphere","floor":43,"gold_loss":0},{"damage_healed":0,"gold_gain":0,"cards_transformed":["Bite"],"player_choice":"Transformed","damage_taken":0,"max_hp_gain":0,"max_hp_loss":0,"event_name":"Transmorgrifier","floor":48,"gold_loss":0,"cards_obtained":["expansioncontent:DarkVoid"]}],"is_beta":true,"boss_relics":[{"not_picked":["Empty Cage","Busted Crown"],"picked":"Black Star"},{"not_picked":["SlaversCollar","Sozu"],"picked":"Coffee Dripper"}],"items_purged_floors":[],"is_endless":false,"potions_floor_spawned":[2,5,10,11,12,15,20,32,37,39,44,49],"ascension_level":0}}