{"host":"79pwvnyrdes6uj7k","time":1609187881,"event":{"mods":["2.2 Compatiblity","Astrologer","BaseMod","Beaked The Cultist","Colored Powertips","Downfall","Exacting","Friendly Minions","HexUI Lib","Highlight Path","Hubris","Infinite Spire","JesterMod","Mad Scientist","Mimic Mod","Minty Spire (QoL Compilation)","Random Character Button","Replay The Spire","Reworked Bosses","Shop Mod","Somnambulant","StSLib","The Cursed","The Disciple","The Factory","The Judge","The Jungle","The Marked","The Poker Player","The Runesmith","TheHeartMod"],"gold_per_floor":[99,114,114,114,22,197,223,237,249,260,260,110,152,163,209,209,209,209],"floor_reached":16,"playtime":961,"items_purged":[],"score":94,"play_id":"9cdb1bca-fc3d-4efe-9857-c63bde0670b9","local_time":"20201228143801","is_ascension_mode":false,"campfire_choices":[{"floor":1,"key":"RECALL"},{"data":"Guardian:Orbwalk","floor":12,"key":"SMITH"}],"circlet_count":0,"master_deck":["Guardian:Strike_Guardian","Guardian:Strike_Guardian","Guardian:Strike_Guardian","Guardian:Defend_Guardian","Guardian:Defend_Guardian","Guardian:Defend_Guardian","Guardian:CurlUp","Guardian:TwinSlam","Guardian:Orbwalk+1","infinitespire:Starlight","Guardian:CrystalBeam","Guardian:FloatingOrbs","Doubt","Guardian:PrimingBeam","Guardian:Suspension","Delirium","Guardian:Repulse","Guardian:TemporalStrike","Guardian:Gem_Green","Guardian:Gem_Orange"],"relics":["Empty Cage","hubris:Icosahedron","Ring of Hypnosis","Ring of Fury","downfall:HeartBlessingRed","downfall:HeartBlessingBlue"],"acts_visited":["Exordium"],"potions_floor_usage":[5,13,16],"damage_taken":[{"damage":0,"enemies":"Jaw Worm","floor":2,"turns":3},{"damage":10,"enemies":"downfall:FleeingMerchant","floor":5,"turns":4},{"damage":13,"enemies":"Small Slimes","floor":8,"turns":4},{"damage":7,"enemies":"2 Louse","floor":9,"turns":3},{"damage":15,"enemies":"Blue Slaver","floor":10,"turns":4},{"damage":9,"enemies":"Gremlin Gang","floor":13,"turns":4},{"damage":0,"enemies":"Large Slime","floor":14,"turns":3},{"damage":3,"enemies":"Lots of Slimes","floor":15,"turns":4},{"damage":100,"enemies":"downfall:Defect","floor":16,"turns":7}],"seed_played":"-4566518563206313504","potions_obtained":[{"floor":2,"key":"Explosive Potion"},{"floor":10,"key":"Regen Potion"},{"floor":15,"key":"BlessingOfTheForge"}],"is_trial":false,"path_per_floor":["R","M","?","?","$","?","T","M","M","M","?","R","M","M","M","B"],"character_chosen":"GUARDIAN","items_purchased":["Guardian:FloatingOrbs"],"campfire_rested":0,"item_purchase_floors":[5],"current_hp_per_floor":[80,80,60,60,60,60,60,57,62,57,57,67,80,90,89,0,0,0],"gold":209,"neow_bonus":"BOSS_RELIC","is_daily":false,"chose_seed":false,"campfire_upgraded":1,"win_rate":0.0,"timestamp":1609187881,"path_taken":["R","M","?","?","$","?","T","M","M","M","?","R","?","?","M","BOSS"],"items_purchased_type":["Card"],"build_version":"2020-12-22","purchased_purges":0,"victory":false,"max_hp_per_floor":[80,80,80,80,80,80,80,80,82,82,82,92,92,92,92,92,92,92],"card_choices":[{"not_picked":["Guardian:Gem_Lightblue","Guardian:MultiBeam"],"picked":"Guardian:Orbwalk","floor":2},{"not_picked":["infinitespire:UltimateForm","infinitespire:Execution"],"picked":"infinitespire:Starlight","floor":3},{"not_picked":["Guardian:Planning","Guardian:ChargeCore"],"picked":"Guardian:CrystalBeam","floor":5},{"not_picked":["Guardian:FloatingOrbs","Guardian:TemporalStrike"],"picked":"Guardian:PrimingBeam","floor":8},{"not_picked":["Guardian:TemporalStrike","Guardian:DonusPower"],"picked":"Guardian:Gem_Yellow","floor":9},{"not_picked":["Guardian:ChargeCore","Guardian:SpikerProtocol"],"picked":"Guardian:Suspension","floor":10},{"not_picked":["Guardian:Emergency","Guardian:ChargeCore"],"picked":"Guardian:Repulse","floor":13},{"not_picked":["Guardian:Gem_Blue","Guardian:DonusPower"],"picked":"Guardian:TemporalStrike","floor":13},{"not_picked":["Guardian:AncientConstruct","Guardian:Reroute"],"picked":"Guardian:Gem_Green","floor":14},{"not_picked":["Guardian:Gem_Lightblue","Guardian:Reroute"],"picked":"Guardian:Gem_Orange","floor":15}],"player_experience":341871,"relics_obtained":[{"floor":11,"key":"Ring of Hypnosis"},{"floor":11,"key":"Ring of Fury"}],"event_choices":[],"is_beta":false,"boss_relics":[],"items_purged_floors":[],"is_endless":false,"potions_floor_spawned":[2,10,15],"killed_by":"downfall:Defect","ascension_level":0}}