{"host":"1tl36azeqm6yhdgj","time":1609155799,"event":{"mods":["AchievementEnabler","BaseMod","Minty Spire (QoL Compilation)","StSLib","The IronCluck","everything is the same but u backflip on backflip"],"gold_per_floor":[116,21,41,116,266,300,300,328,355,355,389,409,427,427,427,506,506,524,534,534,550,47,78,78,108,131,162,175,192,209,220,220,295,295,309,4,20,20,37,37,56,56,56,56,69,69,69,104,104,104,104,104,15,15,15],"floor_reached":54,"playtime":2442,"items_purged":["Strike_R"],"score":1370,"play_id":"d3f00e31-80b9-444e-b0f4-7e6b74d1ee0a","local_time":"20201228064319","is_ascension_mode":true,"campfire_choices":[{"data":"Shrug It Off","floor":10.0,"key":"SMITH"},{"floor":15.0,"key":"REST"},{"floor":24.0,"key":"REST"},{"data":"Barricade","floor":32.0,"key":"SMITH"},{"floor":40.0,"key":"RECALL"},{"floor":46.0,"key":"REST"},{"data":"Inflame","floor":49.0,"key":"SMITH"},{"data":"Feel No Pain","floor":52.0,"key":"SMITH"}],"circlet_count":0,"master_deck":["AscendersBane","Strike_R","Strike_R+1","Strike_R","Defend_R","Defend_R","Defend_R","Defend_R","Bash","Headbutt+1","Panacea","Anger","Shrug It Off+1","Fiend Fire","Inflame+1","Feel No Pain+1","Barricade+1","Uppercut+1","Fire Breathing","Flex","Immolate","Dark Embrace+1","Fire Breathing","Flame Barrier","Clash","Offering","The Bomb","Havoc+1","Flash of Steel","Bandage Up","Violence","Madness","Madness","Body Slam+1","Cleave","Feel No Pain"],"relics":["Burning Blood","NeowsBlessing","Happy Flower","Mummified Hand","Whetstone","Self Forming Clay","Oddly Smooth Stone","Empty Cage","Letter Opener","Anchor","Meat on the Bone","CaptainsWheel","Blood Vial","Magic Flower","Busted Crown","Smiling Mask"],"acts_visited":["Exordium","TheCity","TheBeyond","TheEnding"],"potions_floor_usage":[54],"damage_taken":[{"damage":0.0,"enemies":"Cultist","floor":1.0,"turns":1.0},{"damage":0.0,"enemies":"Small Slimes","floor":3.0,"turns":1.0},{"damage":0.0,"enemies":"3 Sentries","floor":6.0,"turns":1.0},{"damage":26.0,"enemies":"Gremlin Nob","floor":8.0,"turns":4.0},{"damage":25.0,"enemies":"Lagavulin","floor":11.0,"turns":8.0},{"damage":1.0,"enemies":"Jaw Worm","floor":12.0,"turns":3.0},{"damage":0.0,"enemies":"2 Fungi Beasts","floor":13.0,"turns":3.0},{"damage":21.0,"enemies":"The Guardian","floor":16.0,"turns":13.0},{"damage":0.0,"enemies":"Chosen","floor":18.0,"turns":6.0},{"damage":20.0,"enemies":"Shell Parasite","floor":19.0,"turns":5.0},{"damage":7.0,"enemies":"Centurion and Healer","floor":21.0,"turns":8.0},{"damage":41.0,"enemies":"Gremlin Leader","floor":23.0,"turns":10.0},{"damage":43.0,"enemies":"Slavers","floor":25.0,"turns":6.0},{"damage":28.0,"enemies":"Gremlin Leader","floor":27.0,"turns":7.0},{"damage":23.0,"enemies":"Snecko","floor":28.0,"turns":5.0},{"damage":18.0,"enemies":"Snake Plant","floor":29.0,"turns":4.0},{"damage":0.0,"enemies":"Shelled Parasite and Fungi","floor":30.0,"turns":3.0},{"damage":22.0,"enemies":"Centurion and Healer","floor":31.0,"turns":5.0},{"damage":44.0,"enemies":"Collector","floor":33.0,"turns":9.0},{"damage":28.0,"enemies":"3 Darklings","floor":35.0,"turns":6.0},{"damage":1.0,"enemies":"Orb Walker","floor":37.0,"turns":4.0},{"damage":6.0,"enemies":"Maw","floor":39.0,"turns":7.0},{"damage":42.0,"enemies":"Transient","floor":41.0,"turns":5.0},{"damage":33.0,"enemies":"Spire Growth","floor":45.0,"turns":5.0},{"damage":12.0,"enemies":"Giant Head","floor":48.0,"turns":6.0},{"damage":72.0,"enemies":"Donu and Deca","floor":50.0,"turns":8.0},{"damage":75,"enemies":"Shield and Spear","floor":54,"turns":5}],"seed_played":"2190459511657990631","potions_obtained":[{"floor":11.0,"key":"SteroidPotion"},{"floor":12.0,"key":"SpeedPotion"},{"floor":13.0,"key":"AttackPotion"},{"floor":16.0,"key":"BlessingOfTheForge"},{"floor":19.0,"key":"Block Potion"},{"floor":23.0,"key":"BloodPotion"},{"floor":25.0,"key":"Explosive Potion"},{"floor":27.0,"key":"BloodPotion"},{"floor":41.0,"key":"FearPotion"},{"floor":45.0,"key":"SpeedPotion"}],"is_trial":false,"path_per_floor":["M","$","M","?","?","E","?","E","T","R","E","M","M","?","R","B",null,"M","M","?","M","$","E","R","E","T","E","M","M","M","M","R","B",null,"M","$","M","?","M","R","M","?","T","$","M","R","?","E","R","B",null,"R","$","E"],"character_chosen":"IRONCLAD","items_purchased":["Panacea","Letter Opener","Anchor","The Bomb","BloodPotion","SkillPotion","Feel No Pain"],"campfire_rested":3,"item_purchase_floors":[2,22,22,36,36,36,53],"current_hp_per_floor":[74,74,75,64,64,70,75,55,55,55,36,41,47,42,66,51,73,79,65,65,64,64,29,53,44,44,36,67,61,73,63,63,49,72,56,56,67,57,69,69,63,49,49,49,58,80,80,80,80,41,70,70,70,0,0],"gold":15,"neow_bonus":"THREE_ENEMY_KILL","is_daily":false,"chose_seed":false,"campfire_upgraded":4,"win_rate":0.0,"timestamp":1609155799,"path_taken":["M","$","M","?","?","E","?","E","T","R","E","?","M","?","R","BOSS","M","M","?","M","$","E","R","E","T","E","M","M","M","M","R","BOSS","M","$","M","?","M","R","M","?","T","$","M","R","?","E","R","BOSS","R","$","E"],"items_purchased_type":["Card","Relic","Relic","Card","Potion","Potion","Card"],"build_version":"2020-12-22","purchased_purges":1,"victory":false,"max_hp_per_floor":[75,75,75,75,75,75,80,80,80,80,80,80,80,80,80,80,80,80,80,80,80,80,80,80,80,80,80,80,80,80,80,80,80,80,80,80,80,80,80,80,80,80,80,80,80,80,80,80,80,80,80,80,80,80,80],"card_choices":[{"not_picked":["Iron Wave","Rupture"],"picked":"Headbutt","floor":1.0},{"not_picked":["Combust","Sentinel"],"picked":"Anger","floor":3.0},{"not_picked":["Iron Wave","Wild Strike"],"picked":"Shrug It Off","floor":6.0},{"not_picked":["Thunderclap","Anger"],"picked":"Fiend Fire","floor":8.0},{"not_picked":["Metallicize","Thunderclap"],"picked":"Inflame","floor":11.0},{"not_picked":["Rampage","Shockwave"],"picked":"Feel No Pain","floor":12.0},{"not_picked":["Pommel Strike","Heavy Blade","True Grit"],"picked":"SKIP","floor":13.0},{"not_picked":["Feed","Limit Break"],"picked":"Barricade","floor":16.0},{"not_picked":["Shrug It Off","Clash"],"picked":"Uppercut+1","floor":18.0},{"not_picked":["Intimidate","Flex"],"picked":"Fire Breathing","floor":19.0},{"not_picked":["Blood for Blood","Fire Breathing"],"picked":"Flex","floor":21.0},{"not_picked":["Warcry","Shrug It Off"],"picked":"Immolate","floor":23.0},{"not_picked":["Rage","Havoc"],"picked":"Dark Embrace+1","floor":25.0},{"not_picked":["Pommel Strike","Immolate"],"picked":"Fire Breathing","floor":27.0},{"not_picked":["Iron Wave","Clothesline","Sentinel"],"picked":"SKIP","floor":28.0},{"not_picked":["Warcry","Twin Strike"],"picked":"Flame Barrier","floor":29.0},{"not_picked":["Ghostly Armor","Heavy Blade"],"picked":"Clash","floor":30.0},{"not_picked":["Twin Strike","Second Wind","Warcry"],"picked":"SKIP","floor":31.0},{"not_picked":["Berserk","Fiend Fire"],"picked":"Offering","floor":33.0},{"not_picked":["Twin Strike"],"picked":"SKIP","floor":35.0},{"not_picked":[],"picked":"Havoc+1","floor":37.0},{"not_picked":[],"picked":"Flash of Steel","floor":38.0},{"not_picked":[],"picked":"Bandage Up","floor":38.0},{"not_picked":[],"picked":"Violence","floor":38.0},{"not_picked":["Warcry"],"picked":"SKIP","floor":39.0},{"not_picked":["Iron Wave"],"picked":"SKIP","floor":41.0},{"not_picked":[],"picked":"Body Slam","floor":45.0},{"not_picked":[],"picked":"Cleave","floor":48.0}],"player_experience":1978182,"relics_obtained":[{"floor":6.0,"key":"Happy Flower"},{"floor":8.0,"key":"Mummified Hand"},{"floor":9.0,"key":"Whetstone"},{"floor":11.0,"key":"Self Forming Clay"},{"floor":23.0,"key":"Meat on the Bone"},{"floor":25.0,"key":"CaptainsWheel"},{"floor":26.0,"key":"Blood Vial"},{"floor":27.0,"key":"Magic Flower"},{"floor":48.0,"key":"Smiling Mask"}],"event_choices":[{"damage_healed":0.0,"max_hp_gain":0.0,"max_hp_loss":0.0,"gold_gain":75.0,"event_name":"World of Goop","player_choice":"Gather Gold","floor":4.0,"gold_loss":0.0,"damage_taken":11.0},{"damage_healed":0.0,"max_hp_gain":0.0,"max_hp_loss":0.0,"gold_gain":150.0,"event_name":"Liars Game","player_choice":"AGREE","floor":5.0,"gold_loss":0.0,"damage_taken":0.0,"cards_obtained":["Doubt"]},{"damage_healed":0.0,"max_hp_gain":5.0,"max_hp_loss":0.0,"gold_gain":0.0,"event_name":"Big Fish","player_choice":"Donut","floor":7.0,"gold_loss":0.0,"damage_taken":0.0},{"damage_healed":0.0,"max_hp_gain":0.0,"max_hp_loss":0.0,"gold_gain":0.0,"event_name":"Scrap Ooze","player_choice":"Success","floor":14.0,"gold_loss":0.0,"damage_taken":5.0,"relics_obtained":["Oddly Smooth Stone"]},{"damage_healed":0.0,"max_hp_gain":0.0,"max_hp_loss":0.0,"gold_gain":0.0,"event_name":"Cursed Tome","player_choice":"Ignored","floor":20.0,"gold_loss":0.0,"damage_taken":0.0},{"damage_healed":0.0,"max_hp_gain":0.0,"max_hp_loss":0.0,"gold_gain":0.0,"event_name":"SensoryStone","player_choice":"Memory 3","floor":38.0,"gold_loss":0.0,"damage_taken":10.0},{"damage_healed":0.0,"max_hp_gain":0.0,"max_hp_loss":0.0,"gold_gain":0.0,"event_name":"Winding Halls","player_choice":"Embrace Madness","floor":42.0,"gold_loss":0.0,"damage_taken":14.0,"cards_obtained":["Madness","Madness"]},{"damage_healed":0.0,"max_hp_gain":0.0,"max_hp_loss":0.0,"gold_gain":0.0,"event_name":"Accursed Blacksmith","player_choice":"Forge","floor":47.0,"gold_loss":0.0,"damage_taken":0.0,"cards_upgraded":["Body Slam"]}],"is_beta":false,"boss_relics":[{"not_picked":["Tiny House","Velvet Choker"],"picked":"Empty Cage"},{"not_picked":["Mark of Pain","Fusion Hammer"],"picked":"Busted Crown"}],"items_purged_floors":[22],"is_endless":false,"potions_floor_spawned":[11,12,13,16,19,23,25,27,41,45,48],"killed_by":"Shield and Spear","ascension_level":16}}