{"host":"gj32n68c553yo87c","time":1609143565,"event":{"mods":["BaseMod","Downfall","Minty Spire (QoL Compilation)","Replay The Spire","StSLib","The Hayseed"],"gold_per_floor":[12,28,45,45,45,55,55,84,109,109,109,125,125,138,138,237,237,150,178,103,202,202,202,102,102,102,119,153,168,180,180,180,276,276,292,139,139,139,139,139,139,361,388,388,388,160,160,177,177,177],"floor_reached":51,"playtime":2235,"items_purged":["Injury","Steam","Adaptation"],"score":884,"play_id":"20fa7484-09ae-4e06-bdbc-a9ba46cee6b6","local_time":"20201228001925","is_ascension_mode":false,"campfire_choices":[{"data":"SignatureMove","floor":11.0,"key":"SMITH"},{"data":"Eruption","floor":13.0,"key":"SMITH"},{"data":"ForeignInfluence","floor":15.0,"key":"SMITH"},{"data":"DevaForm","floor":23.0,"key":"SMITH"},{"floor":32.0,"key":"DIG"},{"data":"Pray","floor":40.0,"key":"SMITH"},{"data":"Deep Breath","floor":45.0,"key":"SMITH"},{"data":"Vigilance","floor":49,"key":"SMITH"}],"circlet_count":0,"master_deck":["Defend_P","Defend_P","Eruption+1","Vigilance+1","Pray+1","SignatureMove+1","ForeignInfluence+1","DevaForm+1","Deep Breath+1","Adaptation"],"relics":["PureWater","Juzu Bracelet","Ancient Tea Set","Replay:Ancient Bell","Damaru","Replay:Accelerometer","Replay:Purple Gloves","Red Mask","Darkstone Periapt","Sundial","Bottled Flame","ReplayTheSpireMod:DimensionalGlitch","TheAbacus","Bag of Marbles"],"acts_visited":["Exordium","TheCity","TheBeyond"],"potions_floor_usage":[48],"damage_taken":[{"damage":0.0,"enemies":"Cultist","floor":1.0,"turns":3.0},{"damage":0.0,"enemies":"2 Louse","floor":2.0,"turns":5.0},{"damage":0.0,"enemies":"Jaw Worm","floor":3.0,"turns":5.0},{"damage":0.0,"enemies":"Looter","floor":6.0,"turns":5.0},{"damage":0.0,"enemies":"Gremlin Nob","floor":8.0,"turns":2.0},{"damage":0.0,"enemies":"Large Slime","floor":12.0,"turns":2.0},{"damage":0.0,"enemies":"Gremlin Gang","floor":14.0,"turns":3.0},{"damage":0.0,"enemies":"Slime Boss","floor":16.0,"turns":2.0},{"damage":6.0,"enemies":"Shell Parasite","floor":18.0,"turns":3.0},{"damage":0.0,"enemies":"Masked Bandits","floor":19.0,"turns":3.0},{"damage":5.0,"enemies":"3 Byrds","floor":27.0,"turns":3.0},{"damage":37.0,"enemies":"Slavers","floor":28.0,"turns":4.0},{"damage":1.0,"enemies":"Cultist and Chosen","floor":29.0,"turns":3.0},{"damage":11.0,"enemies":"Centurion and Healer","floor":30.0,"turns":4.0},{"damage":37.0,"enemies":"Champ","floor":33.0,"turns":4.0},{"damage":5.0,"enemies":"Orb Walker","floor":35.0,"turns":3.0},{"damage":12,"enemies":"3 Darklings","floor":48,"turns":2},{"damage":11,"enemies":"Time Eater","floor":50,"turns":5}],"seed_played":"-3709034195077080730","potions_obtained":[{"floor":2.0,"key":"Languid Potion"},{"floor":3.0,"key":"AttackPotion"},{"floor":6.0,"key":"Fruit Juice"},{"floor":7.0,"key":"FairyPotion"},{"floor":7.0,"key":"EntropicBrew"},{"floor":8.0,"key":"BottledMiracle"},{"floor":18.0,"key":"Block Potion"},{"floor":28.0,"key":"SteroidPotion"},{"floor":30.0,"key":"AttackPotion"},{"floor":48,"key":"Energy Potion"}],"is_trial":false,"path_per_floor":["M","M","M","$","?","M","?","E","T","?","R","M","R","M","R","B",null,"M","?","$","?","?","R","$","?","T","M","E","M","M","$","R","B",null,"M","$","?","?","?","R","?","?","T","?","R","$","?","M","R","B",null],"character_chosen":"WATCHER","items_purchased":["TheAbacus","Adaptation","PowerPotion"],"campfire_rested":0,"item_purchase_floors":[36,46,46],"current_hp_per_floor":[72,72,72,72,72,77,77,77,77,77,77,77,77,77,77,77,77,71,71,71,71,71,71,71,71,71,66,29,28,17,17,17,11,77,72,72,72,72,72,72,72,72,72,72,72,72,72,60,60,49],"gold":177,"neow_bonus":"REMOVE_TWO","is_daily":false,"chose_seed":false,"campfire_upgraded":7,"win_rate":0.0,"timestamp":1609143565,"path_taken":["M","M","M","?","?","?","?","E","T","?","R","M","R","M","R","BOSS","M","?","$","?","?","R","$","?","T","M","E","M","M","$","R","BOSS","M","$","?","?","?","R","?","?","T","?","R","$","?","M","R","BOSS"],"items_purchased_type":["Relic","Card","Potion"],"build_version":"2020-12-13","purchased_purges":3,"victory":true,"max_hp_per_floor":[72,72,72,72,72,77,77,77,77,77,77,77,77,77,77,77,77,77,77,77,77,77,77,77,77,77,77,77,77,77,77,77,77,77,77,77,77,77,77,77,73,73,73,73,73,73,73,73,73,73],"card_choices":[{"not_picked":["Crescendo","Consecrate"],"picked":"Pray","floor":1.0},{"not_picked":["Replay:Hum","FlyingSleeves","Tantrum"],"picked":"SKIP","floor":2.0},{"not_picked":["Study","ThirdEye","Weave"],"picked":"SKIP","floor":3.0},{"not_picked":["Crescendo","Replay:Vibes"],"picked":"SignatureMove","floor":6.0},{"not_picked":["ReachHeaven","Sanctity","WaveOfTheHand"],"picked":"SKIP","floor":8.0},{"not_picked":["EmptyBody","Collect"],"picked":"Adaptation","floor":12.0},{"not_picked":["SashWhip","Consecrate","Evaluate"],"picked":"SKIP","floor":14.0},{"not_picked":["Blasphemy","Devotion"],"picked":"DevaForm","floor":16.0},{"not_picked":["Voices","Guardian:Aged"],"picked":"ReplayTheSpireMod:IOU","floor":17.0},{"not_picked":["AbeCurse","sneckomod:Bewildered"],"picked":"Injury","floor":17.0},{"not_picked":["Normality","CommonCold"],"picked":"ReplayTheSpireMod:Doomed","floor":17.0},{"not_picked":["Replay:Anticipation+1","EmptyBody","ThirdEye"],"picked":"SKIP","floor":18.0},{"not_picked":["Replay:ManipulateFuture","FlyingSleeves","Protect+1"],"picked":"SKIP","floor":27.0},{"not_picked":["Study+1","EmptyBody+1","Omniscience"],"picked":"SKIP","floor":28.0},{"not_picked":["Replay:BluntJabs","FollowUp","SandsOfTime"],"picked":"SKIP","floor":29.0},{"not_picked":["EmptyFist","Vengeance","EmptyBody+1"],"picked":"SKIP","floor":30.0},{"not_picked":["FlurryOfBlows+1","Replay:Vibes","SandsOfTime+1"],"picked":"SKIP","floor":35.0},{"not_picked":["Replay:Bootleg Shield Generator","Violence"],"picked":"Deep Breath","floor":44.0},{"not_picked":["WaveOfTheHand+1","Wallop","Evaluate+1"],"picked":"SKIP","floor":48}],"player_experience":55215,"relics_obtained":[{"floor":8.0,"key":"Juzu Bracelet"},{"floor":9.0,"key":"Ancient Tea Set"},{"floor":19.0,"key":"Red Mask"},{"floor":26.0,"key":"Darkstone Periapt"},{"floor":28.0,"key":"Sundial"},{"floor":32.0,"key":"Bottled Flame"},{"floor":43.0,"key":"Bag of Marbles"}],"event_choices":[{"cards_removed":["Strike_P"],"damage_healed":0.0,"max_hp_gain":0.0,"max_hp_loss":0.0,"gold_gain":0.0,"event_name":"Bonfire Elementals","player_choice":"Offered Basic","floor":5.0,"gold_loss":0.0,"damage_taken":0.0},{"damage_healed":0.0,"max_hp_gain":0.0,"max_hp_loss":0.0,"gold_gain":0.0,"event_name":"Lab","player_choice":"Got Potions","floor":7.0,"gold_loss":0.0,"damage_taken":0.0},{"damage_healed":0.0,"max_hp_gain":0.0,"max_hp_loss":0.0,"gold_gain":0.0,"event_name":"Masked Bandits","player_choice":"Fought Bandits","floor":19.0,"gold_loss":0.0,"damage_taken":0.0},{"damage_healed":0.0,"max_hp_gain":0.0,"max_hp_loss":0.0,"gold_gain":99.0,"event_name":"Nest","player_choice":"Stole From Cult","floor":21.0,"gold_loss":0.0,"damage_taken":0.0},{"cards_removed":["ReplayTheSpireMod:Doomed"],"damage_healed":0.0,"max_hp_gain":0.0,"max_hp_loss":0.0,"gold_gain":0.0,"event_name":"Back to Basics","player_choice":"Elegance","floor":22.0,"gold_loss":0.0,"damage_taken":0.0},{"damage_healed":0.0,"max_hp_gain":0.0,"max_hp_loss":0.0,"gold_gain":0.0,"event_name":"The Woman in Blue","player_choice":"Bought 0 Potions","floor":25.0,"gold_loss":0.0,"damage_taken":0.0},{"cards_removed":["Defend_P"],"damage_healed":0.0,"max_hp_gain":0.0,"max_hp_loss":0.0,"gold_gain":0.0,"event_name":"Purifier","player_choice":"Purged","floor":37.0,"gold_loss":0.0,"damage_taken":0.0},{"cards_removed":["Adaptation"],"damage_healed":0.0,"max_hp_gain":0.0,"max_hp_loss":0.0,"gold_gain":0.0,"event_name":"Falling","player_choice":"Removed Power","floor":38.0,"gold_loss":0.0,"damage_taken":0.0},{"damage_healed":0.0,"max_hp_gain":0.0,"max_hp_loss":0.0,"gold_gain":0.0,"event_name":"SecretPortal","player_choice":"Ignored","floor":39.0,"gold_loss":0.0,"damage_taken":0.0},{"damage_healed":0.0,"max_hp_gain":0.0,"max_hp_loss":4.0,"gold_gain":0.0,"event_name":"Winding Halls","player_choice":"Max HP","floor":41.0,"gold_loss":0.0,"damage_taken":0.0},{"damage_healed":0.0,"max_hp_gain":0.0,"max_hp_loss":0.0,"gold_gain":222.0,"event_name":"Tomb of Lord Red Mask","player_choice":"Wore Mask","floor":42.0,"gold_loss":0.0,"damage_taken":0.0},{"damage_healed":0.0,"max_hp_gain":0.0,"max_hp_loss":0.0,"gold_gain":0.0,"event_name":"SensoryStone","player_choice":"Memory 1","floor":44.0,"gold_loss":0.0,"damage_taken":0.0},{"damage_healed":0.0,"max_hp_gain":0.0,"max_hp_loss":0.0,"gold_gain":0.0,"event_name":"Mysterious Sphere","player_choice":"Ignored","floor":47.0,"gold_loss":0.0,"damage_taken":0.0}],"is_beta":false,"boss_relics":[{"not_picked":["Velvet Choker","Fusion Hammer"],"picked":"Replay:Ancient Bell"},{"not_picked":["Dream Catcher","Grinning Jar"],"picked":"Damaru"},{"not_picked":["Question Card","Replay:Bottled Snecko"],"picked":"Replay:Accelerometer"},{"not_picked":["Old Coin","Calipers"],"picked":"Replay:Purple Gloves"},{"not_picked":["Replay:Wanted Poster","Snecko Eye"],"picked":"ReplayTheSpireMod:DimensionalGlitch"}],"items_purged_floors":[20,24,46],"is_endless":false,"potions_floor_spawned":[2,3,6,8,18,28,30,48],"ascension_level":0}}