{"host":"6t1lyqu4vs0bu9t8","time":1609143714,"event":{"mods":["AchievementEnabler","BaseMod","Colored Map","Keyboard Shortcuts","Minty Spire (QoL Compilation)","Permanent Neow","Quick Restart","Rare Cards Sparkle","StSLib","SuperFastMode","everything is the same but u backflip on backflip"],"gold_per_floor":[114,114,114,130,55,55,14,14,14,42,53,53,72,89,89,89,89],"floor_reached":16,"playtime":1609,"items_purged":[],"score":190,"play_id":"7d55e68f-6319-4957-b187-e008a981682e","local_time":"20201228172154","is_ascension_mode":true,"campfire_choices":[{"data":"Eruption","floor":6,"key":"SMITH"},{"data":"Vengeance","floor":8,"key":"SMITH"},{"data":"Adaptation","floor":15,"key":"SMITH"}],"circlet_count":0,"master_deck":["AscendersBane","Strike_P","Strike_P","Strike_P","Defend_P","Defend_P","Defend_P","Defend_P","Eruption+1","Vigilance","CutThroughFate","WheelKick","Vengeance+1","Judgement","ClearTheMind","Adaptation+1","Consecrate"],"relics":["PureWater","Calipers","Strawberry","Boot","Damaru"],"acts_visited":["Exordium"],"potions_floor_usage":[10,16],"damage_taken":[{"damage":0.0,"enemies":"Cultist","floor":1.0,"turns":2.0},{"damage":0,"enemies":"Jaw Worm","floor":4,"turns":5},{"damage":10,"enemies":"Gremlin Nob","floor":10,"turns":3},{"damage":1,"enemies":"2 Louse","floor":11,"turns":2},{"damage":0,"enemies":"Looter","floor":13,"turns":1},{"damage":12,"enemies":"Exordium Wildlife","floor":14,"turns":2},{"damage":28,"enemies":"Hexaghost","floor":16,"turns":4}],"seed_played":"4634493209114549643","potions_obtained":[{"floor":4,"key":"Block Potion"},{"floor":10,"key":"Explosive Potion"},{"floor":14,"key":"PowerPotion"}],"is_trial":false,"path_per_floor":["M","?","?","M","?","R","$","R","T","E","M","$","M","M","R","B"],"character_chosen":"WATCHER","items_purchased":["Vengeance"],"campfire_rested":0,"item_purchase_floors":[7],"current_hp_per_floor":[61,50,43,43,43,43,43,43,43,33,32,32,32,20,20,0,0],"gold":89,"neow_bonus":"ONE_RARE_RELIC","is_daily":false,"chose_seed":false,"campfire_upgraded":3,"win_rate":0.0,"timestamp":1609143714,"path_taken":["M","?","?","M","?","R","$","R","T","E","M","$","M","M","R","BOSS"],"items_purchased_type":["Card"],"build_version":"2020-12-22","purchased_purges":0,"victory":false,"max_hp_per_floor":[68,75,75,75,75,75,75,75,75,75,75,75,75,75,75,75,75],"card_choices":[{"not_picked":["Worship","DeceiveReality"],"picked":"CutThroughFate","floor":1.0},{"not_picked":["ThirdEye","FollowUp"],"picked":"WheelKick","floor":4},{"not_picked":["FearNoEvil","SashWhip"],"picked":"Judgement","floor":10},{"not_picked":["FollowUp","Alpha"],"picked":"ClearTheMind","floor":11},{"not_picked":["TalkToTheHand","Prostrate"],"picked":"Adaptation","floor":13},{"not_picked":["FearNoEvil","Perseverance"],"picked":"Consecrate","floor":14}],"player_experience":427074,"relics_obtained":[{"floor":9,"key":"Boot"},{"floor":10,"key":"Damaru"}],"event_choices":[{"damage_healed":0.0,"max_hp_gain":0.0,"max_hp_loss":0.0,"gold_gain":0.0,"event_name":"Scrap Ooze","player_choice":"Success","floor":2.0,"gold_loss":0.0,"damage_taken":18.0,"relics_obtained":["Strawberry"]},{"cards_removed":["Decay"],"damage_healed":0,"gold_gain":0,"player_choice":"Card Removal","damage_taken":7,"max_hp_gain":0,"max_hp_loss":0,"event_name":"Golden Wing","floor":3,"gold_loss":0},{"cards_removed":["Strike_P"],"damage_healed":0,"gold_gain":0,"player_choice":"Card Removal","damage_taken":0,"max_hp_gain":0,"max_hp_loss":0,"event_name":"The Cleric","floor":5,"gold_loss":75}],"is_beta":false,"boss_relics":[],"items_purged_floors":[],"is_endless":false,"potions_floor_spawned":[4,10,14],"killed_by":"Hexaghost","ascension_level":18}}