{"host":"pynofkhbweftzsaw","time":1609126529,"event":{"mods":["BaseMod","Colored Map","Minty Spire (QoL Compilation)","StSLib"],"gold_per_floor":[118,128,128,144,144,171,187,215,215,215,225,238,238,263,263,364,364,384,384,398,398,409,98,126,137,137,163,173,173,190,1,1,97,97,110,125,144,244,244,269,269,64,64,74,74,74,0,15,15,15,15],"floor_reached":50,"playtime":3664,"items_purged":[],"score":534,"play_id":"a2875854-bf5b-4488-8122-80926dd90e0c","local_time":"20201228113529","is_ascension_mode":false,"campfire_choices":[{"floor":10,"key":"REST"},{"data":"Adrenaline","floor":13,"key":"SMITH"},{"floor":15,"key":"REST"},{"data":"Choke","floor":29,"key":"SMITH"},{"data":"Apotheosis","floor":32,"key":"SMITH"},{"data":"Madness","floor":46,"key":"SMITH"},{"data":"Madness","floor":49,"key":"SMITH"}],"circlet_count":0,"master_deck":["Strike_G","Strike_G","Strike_G","Strike_G","Strike_G","Defend_G","Defend_G","Defend_G","Defend_G","Survivor","Neutralize+1","Finisher","Dagger Throw","Quick Slash","Backflip","Adrenaline+1","Poisoned Stab","Finisher","Poisoned Stab","Underhanded Strike","Noxious Fumes+1","After Image+1","Choke+1","Deflect","Adrenaline+1","Blade Dance","Glass Knife","Backflip","Blade Dance+1","Deadly Poison","Well Laid Plans+1","Apotheosis+1","After Image+1","Finisher","Outmaneuver+1","Outmaneuver+1","Acrobatics+1","Tactician+1","Madness+1","Madness+1","Prepared"],"relics":["Ring of the Snake","NeowsBlessing","Frozen Egg 2","Tough Bandages","Ninja Scroll","Paper Crane","Philosopher\u0027s Stone","Anchor","Nunchaku","OrangePellets","Blood Vial","Ginger","Juzu Bracelet","Cursed Key","Pear","Bag of Marbles","Red Mask"],"acts_visited":["Exordium","TheCity","TheBeyond"],"potions_floor_usage":[6,6,24,33,33,33,40,50,50,50],"damage_taken":[{"damage":0,"enemies":"Jaw Worm","floor":1,"turns":1},{"damage":0,"enemies":"Cultist","floor":2,"turns":1},{"damage":0,"enemies":"2 Louse","floor":4,"turns":1},{"damage":33,"enemies":"3 Sentries","floor":6,"turns":5},{"damage":0,"enemies":"Exordium Wildlife","floor":7,"turns":3},{"damage":21,"enemies":"Lagavulin","floor":8,"turns":5},{"damage":1,"enemies":"Gremlin Gang","floor":11,"turns":2},{"damage":0,"enemies":"Red Slaver","floor":12,"turns":1},{"damage":0,"enemies":"Gremlin Nob","floor":14,"turns":1},{"damage":35,"enemies":"Hexaghost","floor":16,"turns":7},{"damage":0,"enemies":"3 Byrds","floor":18,"turns":3},{"damage":0,"enemies":"Shell Parasite","floor":20,"turns":2},{"damage":14,"enemies":"Sentry and Sphere","floor":22,"turns":5},{"damage":14,"enemies":"Book of Stabbing","floor":24,"turns":4},{"damage":0,"enemies":"Cultist and Chosen","floor":25,"turns":2},{"damage":0,"enemies":"Gremlin Leader","floor":27,"turns":2},{"damage":0,"enemies":"Snecko","floor":28,"turns":2},{"damage":0,"enemies":"Centurion and Healer","floor":30,"turns":2},{"damage":22,"enemies":"Collector","floor":33,"turns":5},{"damage":0,"enemies":"Orb Walker","floor":35,"turns":2},{"damage":5,"enemies":"3 Shapes","floor":36,"turns":3},{"damage":0,"enemies":"Spire Growth","floor":37,"turns":4},{"damage":0,"enemies":"Reptomancer","floor":40,"turns":2},{"damage":0,"enemies":"4 Shapes","floor":44,"turns":3},{"damage":0,"enemies":"3 Darklings","floor":48,"turns":3},{"damage":77,"enemies":"Time Eater","floor":50,"turns":7}],"seed_played":"3076797184571963416","potions_obtained":[{"floor":1,"key":"Explosive Potion"},{"floor":2,"key":"Dexterity Potion"},{"floor":4,"key":"FearPotion"},{"floor":22,"key":"GamblersBrew"},{"floor":27,"key":"Fire Potion"},{"floor":28,"key":"Fire Potion"},{"floor":30,"key":"SkillPotion"},{"floor":35,"key":"SpeedPotion"},{"floor":36,"key":"Poison Potion"},{"floor":40,"key":"LiquidMemories"}],"is_trial":false,"path_per_floor":["M","M","?","M","?","E","M","E","T","R","M","M","R","E","R","B",null,"M","?","M","?","M","$","E","M","T","E","M","R","M","$","R","B",null,"M","M","M","?","?","E","?","$","T","M","?","R","?","M","R","B"],"character_chosen":"THE_SILENT","items_purchased":["Nunchaku","OrangePellets","Apotheosis","Bag of Marbles","Swift Potion"],"campfire_rested":2,"item_purchase_floors":[23,23,31,42,42],"current_hp_per_floor":[70,70,70,70,70,37,37,16,16,37,36,36,36,36,57,22,70,70,70,70,70,56,56,42,44,44,46,48,48,50,50,50,30,70,70,65,67,67,67,79,79,79,79,80,70,70,70,72,72,0,0],"gold":15,"neow_bonus":"THREE_ENEMY_KILL","is_daily":false,"chose_seed":false,"campfire_upgraded":5,"win_rate":0.0,"timestamp":1609126529,"path_taken":["M","M","?","?","?","E","M","E","T","R","M","M","R","E","R","BOSS","M","?","M","?","?","$","E","M","T","E","M","R","M","?","R","BOSS","M","M","M","?","?","E","?","$","T","M","?","R","?","M","R","BOSS"],"items_purchased_type":["Relic","Relic","Card","Relic","Potion"],"build_version":"2020-12-22","purchased_purges":0,"victory":false,"max_hp_per_floor":[70,70,70,70,70,70,70,70,70,70,70,70,70,70,70,70,70,70,70,70,70,70,70,70,70,70,70,70,70,70,70,70,70,70,70,70,70,70,70,80,80,80,80,80,80,80,80,80,80,80,80],"card_choices":[{"not_picked":["Noxious Fumes","Riddle With Holes"],"picked":"Finisher","floor":1},{"not_picked":["Heel Hook","Sucker Punch"],"picked":"Dagger Throw","floor":2},{"not_picked":["Expertise","Tactician"],"picked":"Backflip","floor":4},{"not_picked":["Deadly Poison","Expertise"],"picked":"Adrenaline","floor":6},{"not_picked":["Escape Plan","Flechettes"],"picked":"Poisoned Stab","floor":7},{"not_picked":["PiercingWail","Flying Knee"],"picked":"Finisher","floor":8},{"not_picked":["Slice","Footwork+1"],"picked":"Poisoned Stab","floor":11},{"not_picked":["Acrobatics","Backflip"],"picked":"Underhanded Strike","floor":12},{"not_picked":["Blur","PiercingWail"],"picked":"Noxious Fumes+1","floor":14},{"not_picked":["Venomology","Night Terror"],"picked":"After Image+1","floor":16},{"not_picked":["Underhanded Strike","Deflect+1"],"picked":"Choke","floor":18},{"not_picked":["Dodge and Roll","Distraction"],"picked":"Deflect","floor":20},{"not_picked":["Prepared","Flying Knee"],"picked":"Blade Dance","floor":22},{"not_picked":["Flying Knee+1","Dagger Spray"],"picked":"Glass Knife","floor":24},{"not_picked":["All Out Attack","Masterful Stab"],"picked":"Backflip","floor":25},{"not_picked":["Blur","Dagger Spray"],"picked":"Blade Dance+1","floor":27},{"not_picked":["PiercingWail","Dodge and Roll"],"picked":"Deadly Poison","floor":28},{"not_picked":["Poisoned Stab","Dagger Spray+1"],"picked":"Well Laid Plans+1","floor":30},{"not_picked":["Night Terror","Tools of the Trade+1"],"picked":"After Image+1","floor":33},{"not_picked":["Leg Sweep+1","PiercingWail+1"],"picked":"Finisher","floor":35},{"not_picked":["Sucker Punch","Backstab"],"picked":"Outmaneuver+1","floor":36},{"not_picked":["Quick Slash","Dagger Spray"],"picked":"Outmaneuver","floor":37},{"not_picked":["Well Laid Plans+1","Deadly Poison+1"],"picked":"Acrobatics+1","floor":40},{"not_picked":["Infinite Blades+1","Prepared"],"picked":"Tactician+1","floor":44},{"not_picked":["Glass Knife","Caltrops+1"],"picked":"Prepared","floor":48}],"player_experience":14616,"relics_obtained":[{"floor":6,"key":"Frozen Egg 2"},{"floor":8,"key":"Tough Bandages"},{"floor":9,"key":"Ninja Scroll"},{"floor":14,"key":"Paper Crane"},{"floor":24,"key":"Blood Vial"},{"floor":26,"key":"Ginger"},{"floor":27,"key":"Juzu Bracelet"},{"floor":40,"key":"Pear"}],"event_choices":[{"damage_healed":0,"gold_gain":0,"cards_transformed":["Defend_G"],"player_choice":"Transformed","damage_taken":0,"max_hp_gain":0,"max_hp_loss":0,"event_name":"Transmorgrifier","floor":3,"gold_loss":0,"cards_obtained":["Quick Slash"]},{"damage_healed":0,"gold_gain":0,"player_choice":"Grow","damage_taken":0,"max_hp_gain":0,"max_hp_loss":0,"event_name":"Living Wall","floor":5,"gold_loss":0,"cards_upgraded":["Neutralize"]},{"damage_healed":0,"gold_gain":0,"player_choice":"Opened","damage_taken":0,"relics_obtained":["Anchor"],"max_hp_gain":0,"max_hp_loss":0,"event_name":"The Mausoleum","floor":19,"gold_loss":0},{"damage_healed":0,"gold_gain":0,"player_choice":"Copied","damage_taken":0,"max_hp_gain":0,"max_hp_loss":0,"event_name":"Duplicator","floor":21,"gold_loss":0,"cards_obtained":["Adrenaline"]},{"damage_healed":0,"gold_gain":100,"player_choice":"Pray","damage_taken":0,"max_hp_gain":0,"max_hp_loss":0,"event_name":"Golden Shrine","floor":38,"gold_loss":0},{"damage_healed":0,"gold_gain":0,"player_choice":"Ignored","damage_taken":0,"max_hp_gain":0,"max_hp_loss":0,"event_name":"NoteForYourself","floor":39,"gold_loss":0},{"damage_healed":0,"gold_gain":0,"player_choice":"Upgraded","damage_taken":0,"max_hp_gain":0,"max_hp_loss":0,"event_name":"Upgrade Shrine","floor":41,"gold_loss":0,"cards_upgraded":["Outmaneuver"]},{"damage_healed":0,"gold_gain":0,"player_choice":"Embrace Madness","damage_taken":10,"max_hp_gain":0,"max_hp_loss":0,"event_name":"Winding Halls","floor":45,"gold_loss":0,"cards_obtained":["Madness","Madness"]},{"damage_healed":0,"gold_gain":0,"player_choice":"Paid","damage_taken":0,"relics_obtained":["Red Mask"],"max_hp_gain":0,"max_hp_loss":0,"event_name":"Tomb of Lord Red Mask","floor":47,"gold_loss":74}],"is_beta":false,"boss_relics":[{"not_picked":["Runic Dome","Runic Pyramid"],"picked":"Philosopher\u0027s Stone"},{"not_picked":["Empty Cage","Calling Bell"],"picked":"Cursed Key"}],"items_purged_floors":[],"is_endless":false,"potions_floor_spawned":[1,2,4,22,27,28,30,35,36,40],"killed_by":"Time Eater","ascension_level":0}}