{"host":"ydb2tj77qwtn71sy","time":1609187847,"event":{"mods":["2.2 Compatiblity","AchievementEnabler","Aspiration","BaseMod","Bestiary","Better Note","Better Skull","Better Third Choice","BetterRewards","Colored Map","Colored Powertips","Conspire","DeckTracker","Displayed Cursed Tome","Infinite Spire","Lobotomy","Minty Spire (QoL Compilation)","Relic Stats","Replay The Spire","Spicy Shops","StSLib","The Blue Laboratory","Uncapped"],"gold_per_floor":[109,109,109,122,137,137,166,185,185,216,216,233,252,267,267,364,364,379,379,389,389,404,434,445,474,497,497,497,497,512,543,543,641,641,656,667,684,684,700,730,730,755,827,861,861,861,861,871,871,871],"floor_reached":51,"playtime":2447,"items_purged":[],"score":1226,"play_id":"6c40d4c3-f6a6-4445-86e0-f5a7fca750aa","local_time":"20201229053727","is_ascension_mode":true,"campfire_choices":[{"data":"Sunder","floor":6,"key":"SMITH"},{"data":"White Noise","floor":11,"key":"SMITH"},{"floor":15,"key":"REST"},{"floor":29,"key":"REST"},{"floor":32,"key":"REST"},{"floor":41,"key":"REST"},{"data":"ReplaySolidLightProjector","floor":45,"key":"SMITH"},{"data":"infinitespire:Oblivion","floor":47,"key":"SMITH"},{"floor":49,"key":"REST"}],"circlet_count":0,"master_deck":["Strike_B","Strike_B","Strike_B","Defend_B","Defend_B","Defend_B","Defend_B","Zap","Dualcast","Sunder+1","Static Discharge+1","Barrage","Leap+1","Coolheaded","Steam","Cold Snap+1","Turbo","Streamline","Conserve Battery","Rebound","White Noise+1","Double Energy","ReplayTheSpireMod:Dual Polarity","Thunder Strike","Ball Lightning","Turbo+1","Barrage","Storm","Cold Snap+1","Skim+1","FTL","Gash","ReplayTheSpireMod:Omega Cannon","Gash","Streamline+1","ReplaySolidLightProjector+1","Steam+1","Heatsinks+1","aspiration:Polymerization","infinitespire:Oblivion+1","infinitespire:UltimateForm"],"relics":["Cracked Core","Blood Vial","Runic Capacitor","infinitespire:WardingShard","infinitespire:Satchel","Ginger","Solar Panel","infinitespire:Freezer","aspiration:TomeofQuesting","Symbiotic Virus","aspiration:FrozenJewel","Ring of Chaos","ReplayTheSpireMod:Shallot","Singing Bowl","Mummified Hand","Pen Nib","Strawberry"],"acts_visited":["Exordium","TheCity","TheBeyond"],"potions_floor_usage":[13,24,24,25,40,50],"damage_taken":[{"damage":0,"enemies":"Jaw Worm","floor":1,"turns":3},{"damage":0,"enemies":"Small Slimes","floor":4,"turns":3},{"damage":7,"enemies":"2 Louse","floor":5,"turns":3},{"damage":16,"enemies":"Lagavulin","floor":7,"turns":5},{"damage":0,"enemies":"Looter","floor":8,"turns":2},{"damage":6,"enemies":"3 Sentries","floor":10,"turns":4},{"damage":0,"enemies":"Red Slaver","floor":12,"turns":1},{"damage":11,"enemies":"Lots of Slimes","floor":13,"turns":4},{"damage":0,"enemies":"Large Slime","floor":14,"turns":2},{"damage":23,"enemies":"Hexaghost","floor":16,"turns":7},{"damage":3,"enemies":"Spheric Guardian","floor":18,"turns":5},{"damage":0,"enemies":"2 Thieves","floor":20,"turns":4},{"damage":20,"enemies":"Snake Plant","floor":22,"turns":3},{"damage":31,"enemies":"conspire:SneckoGhost","floor":23,"turns":5},{"damage":6,"enemies":"Shelled Parasite and Fungi","floor":24,"turns":3},{"damage":4,"enemies":"Book of Stabbing","floor":25,"turns":3},{"damage":12,"enemies":"Snecko","floor":30,"turns":3},{"damage":27,"enemies":"conspire:SneckoGhost","floor":31,"turns":5},{"damage":49,"enemies":"Automaton","floor":33,"turns":8},{"damage":20,"enemies":"3 Darklings","floor":35,"turns":5},{"damage":0,"enemies":"Orb Walker","floor":36,"turns":2},{"damage":0,"enemies":"3 Darklings","floor":37,"turns":3},{"damage":15,"enemies":"4 Shapes","floor":39,"turns":5},{"damage":35,"enemies":"Nemesis","floor":40,"turns":5},{"damage":7,"enemies":"Giant Head","floor":42,"turns":7},{"damage":19,"enemies":"Reptomancer","floor":44,"turns":6},{"damage":29,"enemies":"Maw","floor":48,"turns":6},{"damage":52,"enemies":"Time Eater","floor":50,"turns":10}],"seed_played":"-5342251829118458648","potions_obtained":[{"floor":7,"key":"blueLaboratory:ConsumingVoid"},{"floor":10,"key":"blueLaboratory:FruitPunch"},{"floor":14,"key":"SpeedPotion"},{"floor":16,"key":"PowerPotion"},{"floor":18,"key":"PowerPotion"},{"floor":24,"key":"blueLaboratory:SavagePotion"},{"floor":30,"key":"EssenceOfSteel"},{"floor":36,"key":"SteroidPotion"},{"floor":37,"key":"Regen Potion"}],"is_trial":false,"path_per_floor":["M","?","?","M","M","R","E","M","T","E","R","M","M","M","R","B",null,"M","?","M","?","M","E","M","E","T","?","T","R","M","E","R","B",null,"M","M","M","?","M","E","R","E","T","E","R","AVR","R","M","R","B",null],"character_chosen":"DEFECT","items_purchased":["Sunder","Static Discharge+1","Blood Vial","Runic Capacitor","Barrage","Leap+1","Coolheaded"],"campfire_rested":5,"item_purchase_floors":[0,0,0,0,0,0,0],"current_hp_per_floor":[75,75,75,75,68,68,54,56,56,52,52,54,47,49,72,51,77,74,74,76,76,57,28,34,40,40,40,40,63,63,42,65,28,77,67,73,77,77,64,51,74,77,77,74,74,81,81,66,88,40],"gold":871,"neow_bonus":"","is_daily":false,"chose_seed":false,"campfire_upgraded":4,"win_rate":0.0,"timestamp":1609187847,"path_taken":["M","?","?","M","M","R","E","M","T","E","R","M","M","M","R","BOSS","M","?","M","?","M","E","M","E","T","?","?","R","M","E","R","BOSS","M","M","M","?","M","E","R","E","T","E","R","AVR","R","?","R","BOSS"],"items_purchased_type":["Card","Card","Relic","Relic","Card","Card","Card"],"build_version":"2020-12-22","purchased_purges":0,"victory":true,"max_hp_per_floor":[75,75,75,75,75,75,75,75,75,75,75,75,77,77,77,77,77,77,77,77,77,77,77,77,77,77,77,77,77,77,77,77,77,77,77,77,77,77,77,77,77,77,77,79,79,86,86,88,88,88],"relic_stats":{"Blood Vial":39,"Singing Bowl":4,"counters":[185,782],"Mummified Hand":[14],"Pen Nib":[3],"Ginger":[10],"obtain_stats":[{"TwistedFunnel":0,"infinitespire:BottledMercury":9,"Golden Egg":45,"Spirit Poop":20,"Whetstone":44,"Ginger":10,"Sling":0,"Blood Vial":0,"infinitespire:ShieldingShard":26,"MealTicket":9,"Fusion Hammer":17,"HandDrill":0,"Kunai":38,"Replay:Wax Seal":0,"aspiration:StickyExplosives":47,"Blue Candle":40,"Eternal Feather":6,"Tingsha":30,"ReplayTheSpireMod:SealedPack":17,"Pen Nib":44,"Paper Crane":0,"aspiration:IroncladSkillbook":17,"aspiration:FrozenJewel":31,"SlaversCollar":17,"infinitespire:Broken Mirror":24,"infinitespire:PuzzleCube":23,"Solar Panel":23,"Lantern":0,"Torii":0,"Singing Bowl":42,"Blue Doll":9,"Replay:Multitool":45,"Cursed Key":21,"Ancient Tea Set":14,"conspire:InfiniteJournal":6,"Matryoshka":26,"WristBlade":17,"infinitespire:Eraser":40,"Replay:Bottled Eggs":43,"Ring of the Snake":0,"aspiration:VileToxins":8,"Lee\u0027s Waffle":0,"Replay:M_StaffOfTheSnake":24,"Basket Of Snakes":0,"PreservedInsect":24,"infinitespire:Joker Card":27,"The Courier":9,"Omamori":48,"infinitespire:Lucky Rock":9,"Busted Crown":17,"Turnip":42,"Art of War":23,"ReplayTheSpireMod:Lightbulb":26,"Toy Ornithopter":43,"infinitespire:Freezer":25,"Ice Cream":46,"Divine Protection":43,"Vajra":0,"Runic Capacitor":0,"conspire:SeveredTorchhead":34,"Centennial Puzzle":47,"HornCleat":3,"Strawberry":11,"Toxic Egg 2":4,"Happy Flower":5,"aspiration:Nostalgia":24,"Ring of Chaos":34,"Letter Opener":9,"aspiration:HiddenCompartment":12,"Replay:Baseball":0,"ReplayTheSpireMod:Shallot":40,"Bronze Scales":44,"Onion Ring":24,"Simple Rune":0,"Molten Egg 2":0,"Mirror":0,"Symbiotic Virus":28,"Darkstone Periapt":26,"Replay:PocketPolymizer":24,"SacredBark":34,"conspire:SpecialSausage":34,"aspiration:TomeofQuesting":9,"Juzu Bracelet":25,"PrismaticShard":29,"conspire:TopHat":43,"ClockworkSouvenir":38,"Nunchaku":14,"Replay:Bandana":23,"TheAbacus":20,"Mummified Hand":43,"Pantograph":28,"Runic Pyramid":34,"Replay:Towering Pillar of Hats":8,"aspiration:FetidBarrel":43,"infinitespire:CursedDice":37,"Replay:WaspNest":29,"infinitespire:FocusingShard":47,"aspiration:HummingbirdHeart":28,"Orichalcum":44,"CaptainsWheel":13,"Anchor":0,"infinitespire:WardingShard":7,"infinitespire:Satchel":21,"Membership Card":24,"FossilizedHelix":31},{"TwistedFunnel":46,"infinitespire:BottledMercury":52,"Golden Egg":96,"Spirit Poop":17,"Whetstone":125,"Ginger":163,"Sling":34,"Blood Vial":157,"infinitespire:ShieldingShard":61,"MealTicket":5,"Fusion Hammer":137,"HandDrill":99,"Kunai":94,"Replay:Wax Seal":34,"aspiration:StickyExplosives":71,"Blue Candle":95,"Eternal Feather":10,"Tingsha":143,"ReplayTheSpireMod:SealedPack":15,"Pen Nib":183,"Paper Crane":99,"aspiration:IroncladSkillbook":108,"aspiration:FrozenJewel":175,"SlaversCollar":83,"infinitespire:Broken Mirror":141,"infinitespire:PuzzleCube":114,"Solar Panel":171,"Lantern":6,"Torii":73,"Singing Bowl":182,"Blue Doll":11,"Replay:Multitool":71,"Cursed Key":17,"Ancient Tea Set":82,"conspire:InfiniteJournal":132,"Matryoshka":20,"WristBlade":56,"infinitespire:Eraser":69,"Replay:Bottled Eggs":95,"Ring of the Snake":0,"aspiration:VileToxins":52,"Lee\u0027s Waffle":73,"Replay:M_StaffOfTheSnake":60,"Basket Of Snakes":73,"PreservedInsect":60,"infinitespire:Joker Card":116,"The Courier":133,"Omamori":72,"infinitespire:Lucky Rock":105,"Busted Crown":43,"Turnip":153,"Art of War":141,"ReplayTheSpireMod:Lightbulb":142,"Toy Ornithopter":124,"infinitespire:Freezer":173,"Ice Cream":33,"Divine Protection":31,"Vajra":73,"Runic Capacitor":157,"conspire:SeveredTorchhead":119,"Centennial Puzzle":97,"HornCleat":1,"Strawberry":53,"Toxic Egg 2":8,"Happy Flower":50,"aspiration:Nostalgia":60,"Ring of Chaos":176,"Letter Opener":79,"aspiration:HiddenCompartment":135,"Replay:Baseball":128,"ReplayTheSpireMod:Shallot":181,"Bronze Scales":154,"Onion Ring":60,"Simple Rune":73,"Molten Egg 2":99,"Mirror":34,"Symbiotic Virus":173,"Darkstone Periapt":88,"Replay:PocketPolymizer":19,"SacredBark":92,"conspire:SpecialSausage":25,"aspiration:TomeofQuesting":41,"Juzu Bracelet":88,"PrismaticShard":62,"conspire:TopHat":31,"ClockworkSouvenir":94,"Nunchaku":14,"Replay:Bandana":60,"TheAbacus":84,"Mummified Hand":182,"Pantograph":116,"Runic Pyramid":145,"Replay:Towering Pillar of Hats":79,"aspiration:FetidBarrel":69,"infinitespire:CursedDice":148,"Replay:WaspNest":90,"infinitespire:FocusingShard":126,"aspiration:HummingbirdHeart":21,"Orichalcum":32,"CaptainsWheel":107,"Anchor":128,"infinitespire:WardingShard":161,"infinitespire:Satchel":17,"Membership Card":60,"FossilizedHelix":63},{"TwistedFunnel":207,"infinitespire:BottledMercury":231,"Golden Egg":414,"Spirit Poop":81,"Whetstone":534,"Ginger":680,"Sling":148,"Blood Vial":660,"infinitespire:ShieldingShard":271,"MealTicket":12,"Fusion Hammer":575,"HandDrill":435,"Kunai":402,"Replay:Wax Seal":148,"aspiration:StickyExplosives":308,"Blue Candle":408,"Eternal Feather":41,"Tingsha":596,"ReplayTheSpireMod:SealedPack":69,"Pen Nib":766,"Paper Crane":435,"aspiration:IroncladSkillbook":468,"aspiration:FrozenJewel":725,"SlaversCollar":352,"infinitespire:Broken Mirror":590,"infinitespire:PuzzleCube":495,"Solar Panel":711,"Lantern":19,"Torii":315,"Singing Bowl":760,"Blue Doll":44,"Replay:Multitool":308,"Cursed Key":81,"Ancient Tea Set":343,"conspire:InfiniteJournal":557,"Matryoshka":89,"WristBlade":251,"infinitespire:Eraser":301,"Replay:Bottled Eggs":408,"Ring of the Snake":0,"aspiration:VileToxins":231,"Lee\u0027s Waffle":315,"Replay:M_StaffOfTheSnake":267,"Basket Of Snakes":315,"PreservedInsect":267,"infinitespire:Joker Card":501,"The Courier":559,"Omamori":310,"infinitespire:Lucky Rock":452,"Busted Crown":190,"Turnip":637,"Art of War":590,"ReplayTheSpireMod:Lightbulb":593,"Toy Ornithopter":528,"infinitespire:Freezer":717,"Ice Cream":145,"Divine Protection":134,"Vajra":315,"Runic Capacitor":660,"conspire:SeveredTorchhead":513,"Centennial Puzzle":419,"HornCleat":2,"Strawberry":238,"Toxic Egg 2":27,"Happy Flower":221,"aspiration:Nostalgia":267,"Ring of Chaos":733,"Letter Opener":332,"aspiration:HiddenCompartment":565,"Replay:Baseball":548,"ReplayTheSpireMod:Shallot":753,"Bronze Scales":641,"Onion Ring":267,"Simple Rune":315,"Molten Egg 2":435,"Mirror":148,"Symbiotic Virus":717,"Darkstone Periapt":373,"Replay:PocketPolymizer":86,"SacredBark":393,"conspire:SpecialSausage":109,"aspiration:TomeofQuesting":175,"Juzu Bracelet":373,"PrismaticShard":274,"conspire:TopHat":134,"ClockworkSouvenir":402,"Nunchaku":53,"Replay:Bandana":267,"TheAbacus":359,"Mummified Hand":760,"Pantograph":501,"Runic Pyramid":604,"Replay:Towering Pillar of Hats":332,"aspiration:FetidBarrel":301,"infinitespire:CursedDice":614,"Replay:WaspNest":381,"infinitespire:FocusingShard":539,"aspiration:HummingbirdHeart":96,"Orichalcum":142,"CaptainsWheel":459,"Anchor":548,"infinitespire:WardingShard":674,"infinitespire:Satchel":81,"Membership Card":267,"FossilizedHelix":277}]},"card_choices":[{"not_picked":["BasicCrystalCard","Hologram"],"picked":"Steam","floor":1},{"not_picked":["Coolheaded","Conserve Battery"],"picked":"Turbo","floor":4},{"not_picked":["White Noise","Time Bomb"],"picked":"Streamline","floor":5},{"not_picked":["Stack","Gash"],"picked":"Conserve Battery","floor":7},{"not_picked":["Skim","ReplayGash"],"picked":"Rebound","floor":8},{"not_picked":["Force Field","Creative AI"],"picked":"White Noise","floor":10},{"not_picked":["Streamline","Hologram"],"picked":"Double Energy","floor":12},{"not_picked":["Turbo","Streamline","Panic Button"],"picked":"SKIP","floor":13},{"not_picked":["Hologram","Reinforced Body"],"picked":"ReplayTheSpireMod:Dual Polarity","floor":14},{"not_picked":["ReplayTheSpireMod:Fabricate Wheel","Buffer"],"picked":"Thunder Strike","floor":16},{"not_picked":["Steam","Sunder"],"picked":"Ball Lightning","floor":18},{"not_picked":["Conserve Battery","BasicCrystalCard"],"picked":"Turbo+1","floor":20},{"not_picked":["Fusion","Panic Button"],"picked":"Barrage","floor":22},{"not_picked":["Turbo","Compile Driver"],"picked":"Storm","floor":23},{"not_picked":["Hologram+1","Panic Button+1"],"picked":"Cold Snap+1","floor":24},{"not_picked":["Echo Form","Panic Button"],"picked":"Skim+1","floor":25},{"not_picked":["Hologram","Capacitor"],"picked":"FTL","floor":30},{"not_picked":["Stack","Chaos"],"picked":"Gash","floor":31},{"not_picked":["Multi-Cast","Meteor Strike"],"picked":"ReplayTheSpireMod:Omega Cannon","floor":33},{"not_picked":["ReplaySolidLightProjector+1","Barrage"],"picked":"Gash","floor":35},{"not_picked":["Gash","conspire:Rain"],"picked":"Streamline+1","floor":36},{"not_picked":["Blizzard+1","Darkness+1"],"picked":"ReplaySolidLightProjector","floor":37},{"not_picked":["Force Field+1","Gash+1"],"picked":"Steam+1","floor":39},{"not_picked":["Streamline+1","Rip and Tear+1"],"picked":"Heatsinks+1","floor":40},{"not_picked":["Rainbow","Rebound"],"picked":"aspiration:Polymerization","floor":42},{"not_picked":["Undo","Compile Driver+1","ReplayTheSpireMod:System Scan+1"],"picked":"Singing Bowl","floor":44},{"not_picked":["Hologram","ReplayTheSpireMod:Repulse+1","Self Repair+1"],"picked":"Singing Bowl","floor":48}],"player_experience":381979,"relics_obtained":[{"floor":7,"key":"infinitespire:WardingShard"},{"floor":9,"key":"infinitespire:Satchel"},{"floor":10,"key":"Ginger"},{"floor":23,"key":"Solar Panel"},{"floor":25,"key":"infinitespire:Freezer"},{"floor":26,"key":"aspiration:TomeofQuesting"},{"floor":28,"key":"Symbiotic Virus"},{"floor":31,"key":"aspiration:FrozenJewel"},{"floor":40,"key":"ReplayTheSpireMod:Shallot"},{"floor":42,"key":"Singing Bowl"},{"floor":43,"key":"Mummified Hand"},{"floor":44,"key":"Pen Nib"}],"event_choices":[{"damage_healed":0,"gold_gain":0,"player_choice":"Adaptability","damage_taken":0,"max_hp_gain":0,"max_hp_loss":0,"event_name":"betterThird:BetterWriting","floor":19,"gold_loss":0},{"cards_removed":["Shame"],"damage_healed":0,"gold_gain":0,"player_choice":"Removed Curses","damage_taken":0,"max_hp_gain":0,"max_hp_loss":0,"event_name":"Fountain of Cleansing","floor":38,"gold_loss":0}],"is_beta":false,"boss_relics":[{"not_picked":["aspiration:RitualDagger","aspiration:PoetsPen","Runic Pyramid"]},{"not_picked":["Replay:Ancient Bell","Runic Dome"],"picked":"Ring of Chaos"}],"items_purged_floors":[],"is_endless":false,"potions_floor_spawned":[7,10,14,16,18,22,24,30,36,37,39],"ascension_level":4}}