{"host":"s6mlqkqtr3ey2mm2","time":1609172460,"event":{"mods":["2.2 Compatiblity","AchievementEnabler","Aspiration","BaseMod","Beaked The Cultist","Better Note","BetterRewards","Challenge The Spire","Colored Map","Colored Powertips","Conspire","Curses Come First","Downfall","Emptier Cage","Energized Spire","GifTheSpireLib","Halation","Hermit","Hubris","Infinite Spire","Ironclad Rager","Marked Mod","Minty Spire (QoL Compilation)","Quick Restart","RatMod","Replay The Spire","Retaliation","Shade Mod","Somnambulant","Spicy Shops","StSLib","Stuff the Spire","The Blue Laboratory","The Construct","The Druid","The IronCluck","The Marked","The Mystic","The Necromancer","The Poker Player","The Runesmith","The Valiant","vexMod"],"gold_per_floor":[110,126,183,231,259,295,333,333,360,390,390,428,428,456,456,607,607,642,642,681,697,697],"floor_reached":21,"playtime":1772,"items_purged":[],"score":183,"play_id":"834cd24a-a216-4b26-b3ae-6ae052cb5eea","local_time":"20201228112100","is_ascension_mode":false,"campfire_choices":[{"data":"Summon_Undead","floor":8,"key":"SMITH"},{"data":"Siphon_Strength","floor":13,"key":"SMITH"}],"circlet_count":0,"master_deck":["Strike_W","Strike_W","Strike_W","Strike_W","Defend_W","Defend_W","Defend_W","Negative_Energy_Arrows","Bone_Wall","Thousand_Bone_Knives","Summon_Undead+1","Siphon_Strength+1","Blood_Is_Power","Grasp_Heart","Negative_Energy_Burst","Necrotic_Claws","Bone_Armor","Summon_Vampire_Lady","Stop_Heart","Bone_Armory"],"relics":["Vampire_Amulet","hubris:TenFootPole","Replay:Bandana","hubris:OldNail","Strawberry","Golden Idol","energizedSpire:OgreHead"],"acts_visited":["Exordium","TheCity"],"potions_floor_usage":[6,16,21,21,21],"damage_taken":[{"damage":0,"enemies":"Small Slimes","floor":1,"turns":3},{"damage":2,"enemies":"Jaw Worm","floor":2,"turns":3},{"damage":0,"enemies":"Cultist","floor":5,"turns":3},{"damage":41,"enemies":"3 Sentries","floor":6,"turns":7},{"damage":4,"enemies":"Large Slime","floor":7,"turns":4},{"damage":3,"enemies":"2 Fungi Beasts","floor":10,"turns":3},{"damage":2,"enemies":"Lots of Slimes","floor":12,"turns":2},{"damage":2,"enemies":"Exordium Wildlife","floor":14,"turns":3},{"damage":20,"enemies":"Fading Forest","floor":16,"turns":11},{"damage":4,"enemies":"Shell Parasite","floor":18,"turns":4},{"damage":2,"enemies":"Spheric Guardian","floor":20,"turns":3},{"damage":98,"enemies":"hubris:Merchant","floor":21,"turns":6}],"seed_played":"-8325150850958687803","potions_obtained":[{"floor":2,"key":"blueLaboratory:SavagePotion"},{"floor":3,"key":"Reflective Coating"},{"floor":3,"key":"Dexterity Potion"},{"floor":6,"key":"Strength Potion"},{"floor":20,"key":"LiquidMemories"}],"is_trial":false,"path_per_floor":["M","M","?","T","M","E","M","R","T","M","?","M","R","M","R_BF","B",null,"M","?","M","$"],"character_chosen":"NECROMANCER","items_purchased":[],"campfire_rested":0,"item_purchase_floors":[],"current_hp_per_floor":[75,75,66,66,68,51,51,51,58,62,52,60,60,62,62,62,82,82,82,82,0,0],"gold":697,"neow_bonus":"RANDOM_COMMON_RELIC","is_daily":false,"chose_seed":false,"campfire_upgraded":2,"win_rate":0.0,"timestamp":1609172460,"path_taken":["M","M","?","?","M","E","M","R","T","M","?","M","R","M","R_BF","BOSS","M","?","M","$"],"items_purchased_type":[],"build_version":"2020-12-22","purchased_purges":0,"victory":false,"max_hp_per_floor":[75,75,75,75,75,75,75,75,82,82,82,82,82,82,82,82,82,82,82,82,82,82],"card_choices":[{"not_picked":["Bone_Bullets","Scare"],"picked":"Thousand_Bone_Knives","floor":1},{"not_picked":["Blood_Is_Power","Negative_Energy_Javelin"],"picked":"Summon_Undead","floor":2},{"not_picked":["Vampiric_Strike","Bone_Spikes"],"picked":"Siphon_Strength","floor":3},{"not_picked":["Scare","Blood_Curse"],"picked":"Blood_Is_Power","floor":5},{"not_picked":["Bone_Armor","Thousand_Bone_Knives"],"picked":"Grasp_Heart","floor":6},{"not_picked":["Negative_Energy_Sphere","Bone_Shift"],"picked":"Negative_Energy_Burst","floor":7},{"not_picked":["Negative_Energy_Mist","Spectral_Armor"],"picked":"Necrotic_Claws","floor":10},{"not_picked":["Negative_Energy_Javelin","Shade_Step","Blood_Curse"],"picked":"SKIP","floor":12},{"not_picked":["Negative_Energy_Javelin","Bones_to_Steel"],"picked":"Bone_Armor","floor":14},{"not_picked":["Negative_Energy_Bomb","Detonate_Bones"],"picked":"Summon_Vampire_Lady","floor":16},{"not_picked":["Vampiric_Strike","Thousand_Bone_Knives"],"picked":"Stop_Heart","floor":18},{"not_picked":["Bone_Spikes","Bone_Shift"],"picked":"Bone_Armory","floor":20}],"player_experience":37905,"relics_obtained":[{"floor":4,"key":"Replay:Bandana"},{"floor":6,"key":"hubris:OldNail"},{"floor":9,"key":"Strawberry"}],"event_choices":[{"damage_healed":0,"gold_gain":0,"player_choice":"Take Damage","damage_taken":20,"relics_obtained":["Golden Idol"],"max_hp_gain":0,"max_hp_loss":0,"event_name":"Golden Idol","floor":11,"gold_loss":0},{"damage_healed":0,"gold_gain":0,"player_choice":"Ignored","damage_taken":0,"max_hp_gain":0,"max_hp_loss":0,"event_name":"betterNote:BetterNote","floor":19,"gold_loss":0,"cards_obtained":["conspire:DoublingDagger"]}],"is_beta":false,"boss_relics":[{"not_picked":["vexMod:TanglingVine","halation:PlatinumPhoenix"],"picked":"energizedSpire:OgreHead"}],"items_purged_floors":[],"is_endless":false,"potions_floor_spawned":[2,6,7,10,12,20],"killed_by":"hubris:Merchant","ascension_level":0}}