{"host":"kdt6w7ix8lwe69i9","time":1609146617,"event":{"mods":["Bartender","BaseMod","ChefMod","Downfall","Fiend Mod","Jorbs\u0027s Wanderer Trilogy","Minty Spire (QoL Compilation)","Reimu（博丽灵梦）","Robot Space Explorer","StSLib","The Cursed","The Disciple","The Dragon Tamer","The Druid","The Elementalist","The Forsaken","The Gatherer","The Judge","The Marked","TheBandit"],"gold_per_floor":[112,112,112,112,127,127,127,127,150,160,15,43,43,61,61,61,61],"floor_reached":16,"playtime":1447,"items_purged":[],"score":98,"play_id":"ec695ca1-c422-4dc7-b27d-ea034ef4db91","local_time":"20201228041017","is_ascension_mode":false,"campfire_choices":[{"data":"chefmod:OldCookbook","floor":6,"key":"SMITH"},{"floor":8,"key":"REST"},{"floor":15,"key":"REST"}],"circlet_count":0,"master_deck":["chefmod:Strike","chefmod:Strike","chefmod:Strike","chefmod:Strike+1","chefmod:Strike","chefmod:Defend","chefmod:Defend+1","chefmod:Defend","chefmod:QuickThaw","chefmod:TodaysSpecial","CurseOfTheBell","chefmod:BleedOut","chefmod:OldCookbook+1","chefmod:Flambe","chefmod:FireUp+1","Decay","chefmod:DinoKale+1"],"relics":["Calling Bell","Happy Flower","Ornamental Fan","Turnip","Potion Belt","theForsaken:HumbleEgg","Blood Vial","chefmod:RollingPin","Protect_Vest"],"acts_visited":["Exordium"],"potions_floor_usage":[12,12,16],"damage_taken":[{"damage":3,"enemies":"Small Slimes","floor":1,"turns":4},{"damage":4,"enemies":"Jaw Worm","floor":5,"turns":4},{"damage":7,"enemies":"2 Louse","floor":10,"turns":3},{"damage":32,"enemies":"Gremlin Nob","floor":12,"turns":7},{"damage":5,"enemies":"Red Slaver","floor":14,"turns":3},{"damage":50,"enemies":"Hexaghost","floor":16,"turns":10}],"seed_played":"-1268490057055871019","potions_obtained":[{"floor":1,"key":"Guardian:BlockOnCardUsePotion"},{"floor":10,"key":"Block Potion"},{"floor":14,"key":"chefmod:PotionOfPlenty"}],"is_trial":false,"path_per_floor":["M","?","?","?","M","R","T","R","T","M","$","E","?","M","R","B"],"character_chosen":"THE_CHEF","items_purchased":["chefmod:RollingPin"],"campfire_rested":2,"item_purchase_floors":[11],"current_hp_per_floor":[73,61,61,46,42,42,42,64,64,59,59,29,29,26,48,0,0],"gold":61,"neow_bonus":"BOSS_RELIC","is_daily":false,"chose_seed":false,"campfire_upgraded":1,"win_rate":0.0,"timestamp":1609146617,"path_taken":["M","?","?","?","M","R","?","R","T","?","$","E","?","M","R","BOSS"],"items_purchased_type":["Relic"],"build_version":"2020-12-22","purchased_purges":0,"victory":false,"max_hp_per_floor":[76,76,76,76,76,76,76,76,76,76,76,76,76,76,76,76,76],"card_choices":[{"not_picked":["chefmod:Chop","chefmod:Granita"],"picked":"chefmod:BleedOut","floor":1},{"not_picked":["chefmod:Gelato","chefmod:FireUp"],"picked":"chefmod:OldCookbook","floor":5},{"not_picked":["chefmod:GroceryDelivery","chefmod:Granita+1"],"picked":"chefmod:Flambe","floor":10},{"not_picked":["chefmod:Fillet+1","chefmod:PotatoGratin"],"picked":"chefmod:FireUp+1","floor":12},{"not_picked":["chefmod:DeepFreeze","chefmod:ColdSteel+1"],"picked":"chefmod:DinoKale+1","floor":14}],"player_experience":1621881,"relics_obtained":[{"floor":0,"key":"Happy Flower"},{"floor":0,"key":"Ornamental Fan"},{"floor":0,"key":"Turnip"},{"floor":7,"key":"theForsaken:HumbleEgg"},{"floor":9,"key":"Blood Vial"},{"floor":12,"key":"Protect_Vest"}],"event_choices":[{"damage_healed":0,"gold_gain":0,"player_choice":"Success","damage_taken":12,"relics_obtained":["Potion Belt"],"max_hp_gain":0,"max_hp_loss":0,"event_name":"Scrap Ooze","floor":2,"gold_loss":0},{"damage_healed":0,"gold_gain":0,"player_choice":"Leave","damage_taken":0,"max_hp_gain":0,"max_hp_loss":0,"event_name":"The Cleric","floor":3,"gold_loss":0},{"damage_healed":0,"gold_gain":0,"player_choice":"Entered Light","damage_taken":15,"max_hp_gain":0,"max_hp_loss":0,"event_name":"Shining Light","floor":4,"gold_loss":0,"cards_upgraded":["chefmod:Defend","chefmod:Strike"]},{"damage_healed":0,"gold_gain":0,"player_choice":"Cursed","damage_taken":0,"max_hp_gain":0,"max_hp_loss":0,"event_name":"Wheel of Change","floor":13,"gold_loss":0,"cards_obtained":["Decay"]}],"is_beta":false,"boss_relics":[],"items_purged_floors":[],"is_endless":false,"potions_floor_spawned":[1,10,14],"killed_by":"Hexaghost","ascension_level":0}}