{"host":"37uvkxgs6qebn1sk","time":1609139104,"event":{"mods":["BaseMod","Better Match","Better Third Choice","KomeijiMod","Luminous","Minty Spire (QoL Compilation)","Replay The Spire","StSLib","vexMod"],"gold_per_floor":[17,60,60,410,197,197,79,79,103,103,116,136,136,149,149,252,252,252,162,117,17,17,17,17,17,17,17,17,17,17,17,17,17,17,17,17,17,17,17,17,17,17,17,17,17,17,17,17,17,17],"floor_reached":51,"playtime":2426,"items_purged":["Looming Evil","Regret","Parasite"],"score":590,"play_id":"70a3d207-dab8-4cb8-b797-5d580c3801c0","local_time":"20201228150504","is_ascension_mode":true,"campfire_choices":[{"data":"Apotheosis","floor":6.0,"key":"SMITH"},{"data":"Luminous:Concentrate_Luminous","floor":8.0,"key":"SMITH"},{"data":"Luminous:Light_Wash_Luminous","floor":13.0,"key":"SMITH"},{"data":"Luminous:Accumulation_Luminous","floor":15.0,"key":"SMITH"},{"data":"Luminous:Arcane_Rage_Luminous","floor":24.0,"key":"SMITH"},{"floor":40.0,"key":"REST"},{"floor":44.0,"key":"REST"},{"data":"Luminous:Accumulation_Luminous","floor":49,"key":"SMITH"}],"circlet_count":0,"master_deck":["Luminous:Light_Flash_Shower","Luminous:Light_Flash_Shower","Luminous:Light_Flash_Shower","Luminous:Dark_Abyssal_Drop","Luminous:Dark_Abyssal_Drop","Luminous:Dark_Abyssal_Drop","Luminous:Defend_Luminous","Luminous:Defend_Luminous","Luminous:Defend_Luminous","Luminous:Defend_Luminous","Luminous:Switch_Luminous","Luminous:Arcane_Rage_Luminous+1","Luminous:Concentrate_Luminous+1","Luminous:Balance_Death_Scythe","Apotheosis+1","Luminous:Light_Wash_Luminous+1","Luminous:Chaos_Field_Luminous+1","Luminous:Accumulation_Luminous+1","Luminous:Balance_Baptism","Luminous:Accumulation_Luminous+1","Luminous:Hero_Will_Luminous","Luminous:Dark_Morning_Star","Luminous:Lunar_Tide_Luminous+1","Luminous:Dark_Crescendo_Luminous+1","Luminous:Concentrate_Luminous","Luminous:Magic_Boost_Luminous","Luminous:Concentrate_Luminous","Luminous:Armageddon_Luminous","Luminous:Light_Ray_of_Redemption","Luminous:Balance_Ender+1","Luminous:Shadow_Shell_Luminous+1","Luminous:Accumulation_Luminous+1","Luminous:Magic_Guard_Luminous+1","Luminous:Concentrate_Luminous"],"relics":["Luminous:MirrorRelic","ReplayTheSpireMod:TigerMarble","Ring of Greed","Old Coin","The Courier","ReplayTheSpireMod:Lightbulb","Spirit Poop","Ectoplasm","Replay:Baseball","White Beast Statue","SacredBark","vexMod:CardConverter","Bottled Lightning","Prayer Wheel","Quantum Egg"],"acts_visited":["Exordium","TheCity","TheBeyond"],"potions_floor_usage":[46,47,50,50,50],"damage_taken":[{"damage":0.0,"enemies":"2 Louse","floor":1.0,"turns":3.0},{"damage":0.0,"enemies":"Small Slimes","floor":11.0,"turns":2.0},{"damage":0.0,"enemies":"Jaw Worm","floor":12.0,"turns":1.0},{"damage":4.0,"enemies":"Looter","floor":14.0,"turns":3.0},{"damage":48.0,"enemies":"Fading Forest","floor":16.0,"turns":11.0},{"damage":7.0,"enemies":"Shell Parasite","floor":18.0,"turns":3.0},{"damage":12.0,"enemies":"2 Thieves","floor":20.0,"turns":3.0},{"damage":17.0,"enemies":"Gremlin Leader","floor":23.0,"turns":4.0},{"damage":10.0,"enemies":"Chosen and Byrds","floor":25.0,"turns":5.0},{"damage":20.0,"enemies":"3 Cultists","floor":27.0,"turns":4.0},{"damage":14.0,"enemies":"Centurion and Healer","floor":28.0,"turns":4.0},{"damage":3.0,"enemies":"Shelled Parasite and Fungi","floor":29.0,"turns":3.0},{"damage":2.0,"enemies":"Snake Plant","floor":31.0,"turns":4.0},{"damage":35.0,"enemies":"Automaton","floor":33.0,"turns":8.0},{"damage":1.0,"enemies":"3 Darklings","floor":35.0,"turns":3.0},{"damage":31.0,"enemies":"3 Shapes","floor":37.0,"turns":9.0},{"damage":14.0,"enemies":"Maw","floor":38.0,"turns":8.0},{"damage":32.0,"enemies":"Sphere and 2 Shapes","floor":39.0,"turns":6.0},{"damage":27.0,"enemies":"Nemesis","floor":41.0,"turns":6.0},{"damage":10.0,"enemies":"Transient","floor":42.0,"turns":5.0},{"damage":0.0,"enemies":"Mind Bloom Boss Battle","floor":45.0,"turns":5.0},{"damage":9,"enemies":"3 Darklings","floor":46,"turns":4},{"damage":6,"enemies":"Spire Growth","floor":47,"turns":7},{"damage":54,"enemies":"Replay:Hell Engine","floor":50,"turns":8}],"seed_played":"3624598221468250642","potions_obtained":[{"floor":2.0,"key":"Ancient Potion"},{"floor":11.0,"key":"DuplicationPotion"},{"floor":12.0,"key":"Weak Potion"},{"floor":27.0,"key":"Adrenaline Potion"},{"floor":28.0,"key":"Swift Potion"},{"floor":29.0,"key":"GamblersBrew"},{"floor":31.0,"key":"Adrenaline Potion"},{"floor":33.0,"key":"Explosive Potion"},{"floor":35.0,"key":"Languid Potion"},{"floor":37.0,"key":"Strength Potion"},{"floor":38.0,"key":"SteroidPotion"},{"floor":39.0,"key":"BlessingOfTheForge"},{"floor":42.0,"key":"ColorlessPotion"},{"floor":45.0,"key":"Ancient Potion"},{"floor":46,"key":"Strength Potion"},{"floor":47,"key":"AttackPotion"}],"is_trial":false,"path_per_floor":["M","?","$","?","$","R","$","R","T","?","M","M","R","M","R","B",null,"M","?","M","$","?","E","R","M","T","M","M","M","$","M","R","B",null,"M","?","M","M","M","R","E","M","T","R","?","M","M","?","R","B",null],"character_chosen":"LuminousClass","items_purchased":["Apotheosis","Luminous:Light_Wash_Luminous"],"campfire_rested":2,"item_purchase_floors":[5,7],"current_hp_per_floor":[75,57,57,57,57,57,57,57,57,57,57,57,57,53,53,15,75,68,68,56,56,56,44,44,43,43,35,26,23,23,26,47,12,72,71,71,45,38,13,34,17,25,25,47,63,65,73,75,75,34],"gold":17,"neow_bonus":"THREE_RARE_CARDS","is_daily":false,"chose_seed":false,"campfire_upgraded":6,"win_rate":0.0,"timestamp":1609139104,"path_taken":["M","?","$","?","?","R","$","R","T","?","M","M","R","M","R","BOSS","M","?","?","$","?","E","R","M","T","M","M","M","?","M","R","BOSS","M","?","M","M","M","R","E","M","T","R","?","M","M","?","R","BOSS"],"items_purchased_type":["Card","Card"],"build_version":"2020-12-22","purchased_purges":3,"victory":true,"max_hp_per_floor":[75,75,75,75,75,75,75,75,75,75,75,75,75,75,75,75,75,75,75,75,72,72,72,72,72,72,72,72,72,72,72,72,72,72,72,72,72,72,72,72,74,76,76,76,78,80,80,82,82,82],"card_choices":[{"not_picked":["Luminous:Dark_Crescendo_Luminous","Luminous:Balance_Aether_Conduit"],"picked":"Luminous:Arcane_Rage_Luminous","floor":0.0},{"not_picked":["Luminous:Mana_Overload_Luminous","Luminous:Chase_Spell_Luminous"],"picked":"Luminous:Dark_Raid","floor":1.0},{"not_picked":["Luminous:Light_Disperse","Luminous:Dark_Pressure_Void"],"picked":"Luminous:Concentrate_Luminous","floor":2.0},{"not_picked":["Luminous:Darkness_Mastery_Luminous","Luminous:Blinding_Pillar_Luminous"],"picked":"Luminous:Balance_Death_Scythe","floor":2.0},{"not_picked":["Luminous:Fast_Spell_Luminous","Luminous:Chase_Spell_Luminous","Luminous:Light_Sylvan_Lance"],"picked":"SKIP","floor":11.0},{"not_picked":["Luminous:Dark_Extract","Luminous:Light_Wash_Luminous"],"picked":"Luminous:Chaos_Field_Luminous","floor":12.0},{"not_picked":["Luminous:Light_Reflection","Luminous:Shadow_Shell_Luminous"],"picked":"Luminous:Accumulation_Luminous","floor":14.0},{"not_picked":["Luminous:Date_of_Light_Luminous","Luminous:Equalize_Luminous"],"picked":"Luminous:Balance_Baptism","floor":16.0},{"not_picked":["Luminous:Dark_Dim_Erosion+1","Luminous:Light_Sylvan_Lance+1"],"picked":"Luminous:Accumulation_Luminous","floor":18.0},{"not_picked":["Luminous:Dark_Extract","Luminous:Chase_Spell_Luminous+1"],"picked":"Luminous:Hero_Will_Luminous","floor":20.0},{"not_picked":["Luminous:Light_Wash_Luminous","Luminous:Light_Track"],"picked":"Luminous:Dark_Morning_Star","floor":23.0},{"not_picked":["Luminous:Dark_Apocalypse","Luminous:Light_Reflection"],"picked":"Luminous:Lunar_Tide_Luminous+1","floor":25.0},{"not_picked":["Luminous:Dark_Raid","Luminous:Light_Glare+1"],"picked":"Luminous:Dark_Crescendo_Luminous","floor":27.0},{"not_picked":["Luminous:Dark_Pressure_Void","Luminous:Dusk_Guard_Luminous+1"],"picked":"Luminous:Concentrate_Luminous","floor":28.0},{"not_picked":["Luminous:Magic_Accelerate_Luminous","Luminous:Dark_Pressure_Void"],"picked":"Luminous:Magic_Boost_Luminous","floor":29.0},{"not_picked":["Luminous:Light_Wash_Luminous","Luminous:Dark_Raid"],"picked":"Luminous:Concentrate_Luminous","floor":31.0},{"not_picked":["Luminous:Equalize_Luminous","Luminous:Erosion_Luminous"],"picked":"Luminous:Armageddon_Luminous","floor":33.0},{"not_picked":["Luminous:Mana_Overload_Luminous","Luminous:Dark_Raid","Luminous:Light_Wash_Luminous"],"picked":"SKIP","floor":35.0},{"not_picked":["Luminous:Accumulation_Luminous","Luminous:Blinding_Pillar_Luminous"],"picked":"Luminous:Light_Ray_of_Redemption","floor":37.0},{"not_picked":["Luminous:Light_Disperse+1","Luminous:Light_Glare+1"],"picked":"Luminous:Balance_Ender+1","floor":38.0},{"not_picked":["Luminous:Light_Spectral_Light","Luminous:Dark_Raid+1","Luminous:Dark_Pressure_Void"],"picked":"SKIP","floor":39.0},{"not_picked":["Luminous:Dark_Raid","Luminous:Light_Gather+1"],"picked":"Luminous:Darks_Surge_Luminous+1","floor":41.0},{"not_picked":["Luminous:Sympathy_Luminous","Luminous:Mana_Overload_Luminous+1"],"picked":"Luminous:Shadow_Shell_Luminous+1","floor":42.0},{"not_picked":["Luminous:Light_Gather+1","Luminous:Dark_Dim_Erosion"],"picked":"Luminous:Accumulation_Luminous","floor":45.0},{"not_picked":["Luminous:Sympathy_Luminous","Luminous:Dark_Arcane_Pitch"],"picked":"Luminous:Magic_Guard_Luminous+1","floor":46},{"not_picked":["Luminous:Darkness_Mastery_Luminous+1","Luminous:Light_Track+1","Luminous:Balance_Baptism"],"picked":"SKIP","floor":46},{"not_picked":["Luminous:Light_Disperse","Luminous:Dark_Moonlight_Spear+1","Luminous:Light_Wash_Luminous"],"picked":"SKIP","floor":47},{"not_picked":["Luminous:Mana_Overload_Luminous+1","Luminous:Dark_Morning_Star+1","Luminous:Blinding_Pillar_Luminous"],"picked":"SKIP","floor":47},{"not_picked":["Luminous:Magic_Accelerate_Luminous","Luminous:Balance_Aether_Conduit"],"picked":"Luminous:Concentrate_Luminous","floor":48}],"player_experience":968160,"relics_obtained":[{"floor":2.0,"key":"ReplayTheSpireMod:TigerMarble"},{"floor":4.0,"key":"Ring of Greed"},{"floor":4.0,"key":"Old Coin"},{"floor":4.0,"key":"The Courier"},{"floor":9.0,"key":"ReplayTheSpireMod:Lightbulb"},{"floor":23.0,"key":"Replay:Baseball"},{"floor":26.0,"key":"White Beast Statue"},{"floor":41.0,"key":"vexMod:CardConverter"},{"floor":43.0,"key":"Bottled Lightning"},{"floor":45.0,"key":"Prayer Wheel"},{"floor":48,"key":"Quantum Egg"}],"event_choices":[{"cards_removed":["CommonCold"],"damage_healed":0.0,"max_hp_gain":0.0,"max_hp_loss":0.0,"gold_gain":0.0,"event_name":"Bonfire Elementals","player_choice":"Offered Curse","floor":10.0,"gold_loss":0.0,"damage_taken":0.0,"relics_obtained":["Spirit Poop"]},{"cards_removed":["Amnesia"],"damage_healed":0.0,"max_hp_gain":0.0,"max_hp_loss":0.0,"gold_gain":0.0,"event_name":"Designer","player_choice":"Upgrade and Remove","floor":19.0,"gold_loss":90.0,"damage_taken":0.0,"cards_upgraded":["Luminous:Chaos_Field_Luminous"]},{"damage_healed":0.0,"max_hp_gain":0.0,"max_hp_loss":0.0,"gold_gain":0.0,"event_name":"Upgrade Shrine","player_choice":"Upgraded","floor":22.0,"gold_loss":0.0,"damage_taken":0.0,"cards_upgraded":["Luminous:Accumulation_Luminous"]},{"cards_removed":["Luminous:Dark_Raid"],"damage_healed":0.0,"max_hp_gain":0.0,"max_hp_loss":0.0,"gold_gain":0.0,"event_name":"Falling","player_choice":"Removed Attack","floor":36.0,"gold_loss":0.0,"damage_taken":0.0},{"damage_healed":0.0,"max_hp_gain":0.0,"max_hp_loss":0.0,"gold_gain":0.0,"event_name":"MindBloom","player_choice":"Fight","floor":45.0,"gold_loss":0.0,"damage_taken":0.0}],"is_beta":false,"boss_relics":[{"not_picked":["ReplayTheSpireMod:DimensionalGlitch","Velvet Choker"],"picked":"Ectoplasm"},{"not_picked":["vexMod:EndlessSickness","Runic Pyramid"],"picked":"SacredBark"}],"items_purged_floors":[5,7,21],"is_endless":false,"potions_floor_spawned":[11,12,14,18,23,27,28,29,31,33,35,37,38,39,41,42,45,46,47],"ascension_level":1}}