{"host":"bydnmyvf669xu6ab","time":1609194025,"event":{"mods":["Aspiration","BaseMod","Better Note","BetterRewards","Colored Map","Colored Powertips","Minty Spire (QoL Compilation)","Rare Cards Sparkle","Relic Stats","Shop Mod","StSLib","SuperFastMode","Virulent Crown"],"gold_per_floor":[136,136,136,203,223,223,252,290,314,394,394,222,222,25,25,177,177,219,219,219,95,95,95,136,136,159,159,49,49,49,124,124,252,252,269,90,90,90,90,90],"floor_reached":39,"playtime":1950,"items_purged":[],"score":578,"play_id":"410f6f29-aaac-4784-97e3-73e4c1ea3fe2","local_time":"20201228142025","is_ascension_mode":true,"campfire_choices":[{"data":"HandOfGreed","floor":6,"key":"SMITH"},{"floor":15,"key":"REST"},{"data":"Armaments","floor":23,"key":"SMITH"},{"data":"Berserk","floor":25,"key":"SMITH"},{"floor":29,"key":"RECALL"},{"data":"Limit Break","floor":32,"key":"SMITH"}],"circlet_count":0,"master_deck":["Strike_R+1","Strike_R+1","Strike_R+1","Strike_R+1","Defend_R+1","Defend_R+1","Defend_R+1","Defend_R+1","Bash","HandOfGreed+1","Cleave","Shrug It Off+1","Headbutt","Berserk+1","Metallicize","Armaments+1","Limit Break+1","Metallicize","Blood for Blood","Reaper","Pommel Strike+1","Entrench","Sadistic Nature"],"relics":["Burning Blood","aspiration:SeaSaltIceCream","Shuriken","Membership Card","Pantograph","Juzu Bracelet","aspiration:DSix","InkBottle","WingedGreaves","MealTicket","Bag of Preparation","Singing Bowl","aspiration:RitualDagger","Kunai","War Paint","Bronze Scales","Philosopher\u0027s Stone","FossilizedHelix"],"acts_visited":["TheCity","TheBeyond"],"potions_floor_usage":[10,33],"damage_taken":[{"damage":3,"enemies":"Small Slimes","floor":1,"turns":3},{"damage":20,"enemies":"Jaw Worm","floor":5,"turns":4},{"damage":28,"enemies":"Gremlin Nob","floor":7,"turns":4},{"damage":0,"enemies":"2 Louse","floor":8,"turns":2},{"damage":18,"enemies":"3 Sentries","floor":10,"turns":4},{"damage":24,"enemies":"Slime Boss","floor":16,"turns":11},{"damage":43,"enemies":"Spheric Guardian","floor":18,"turns":5},{"damage":31,"enemies":"Shell Parasite","floor":24,"turns":6},{"damage":129,"enemies":"Collector","floor":33,"turns":14},{"damage":47,"enemies":"3 Darklings","floor":35,"turns":7},{"damage":119,"enemies":"2 Orb Walkers","floor":39,"turns":4}],"seed_played":"1986929535190621079","potions_obtained":[{"floor":8,"key":"AttackPotion"},{"floor":10,"key":"AttackPotion"},{"floor":24,"key":"Block Potion"}],"is_trial":false,"path_per_floor":["M","?","T","?","M","R","E","M","T","E","?","$","?","$","R","B",null,"M","?","?","$","?","R","M","R","T","?","$","R","?","?","R","B",null,"M","$","?","$","?"],"character_chosen":"IRONCLAD","items_purchased":["aspiration:SeaSaltIceCream","Shuriken","Cleave","HandOfGreed","WingedGreaves","Armaments","Bag of Preparation","Singing Bowl","Kunai","Bronze Scales","Metallicize","FossilizedHelix","Entrench"],"campfire_rested":1,"item_purchase_floors":[0,0,0,0,12,12,14,14,21,28,28,36,36],"current_hp_per_floor":[56,64,64,64,50,50,28,34,34,22,15,15,15,30,54,61,80,45,45,45,60,60,60,37,37,37,37,52,52,52,44,44,84,84,74,84,84,84,0,0],"gold":90,"neow_bonus":"","is_daily":false,"chose_seed":false,"campfire_upgraded":4,"win_rate":0.0,"timestamp":1609194025,"path_taken":["M","?","?","?","M","R","E","?","T","E","?","$","?","$","R","BOSS","M","?","?","$","?","R","M","R","T","?","$","R","?","?","R","BOSS","M","?","?","$","?"],"items_purchased_type":["Relic","Relic","Card","Card","Relic","Card","Relic","Relic","Relic","Relic","Card","Relic","Card"],"build_version":"2020-12-22","purchased_purges":0,"victory":false,"max_hp_per_floor":[80,80,80,80,80,80,80,80,80,80,80,80,80,80,80,80,80,82,82,82,82,82,82,84,84,84,84,84,84,84,84,84,84,84,84,84,84,84,84,84],"relic_stats":{"Singing Bowl":4,"counters":[1073,5436],"Juzu Bracelet":2,"Bag of Preparation":[12],"War Paint":["Shrug It Off","Defend_R"],"Burning Blood":827,"Shuriken":[16],"Pantograph":125,"Bronze Scales":[88],"MealTicket":55,"Kunai":[8],"obtain_stats":[{"Ice Cream":49,"Calipers":10,"Tiny House":34,"Gremlin Horn":29,"Whetstone":19,"Ginger":24,"Boot":9,"Old Coin":43,"Blood Vial":4,"HornCleat":10,"DollysMirror":0,"Strawberry":10,"MealTicket":19,"Philosopher\u0027s Stone":17,"Fusion Hammer":17,"Kunai":31,"Toxic Egg 2":19,"aspiration:DSix":10,"Pear":7,"Happy Flower":22,"Blue Candle":44,"Oddly Smooth Stone":10,"Eternal Feather":44,"Pen Nib":9,"Charon\u0027s Ashes":37,"aspiration:SeaSaltIceCream":25,"Letter Opener":40,"War Paint":26,"aspiration:HiddenCompartment":9,"Question Card":19,"SlaversCollar":17,"Shuriken":30,"Bird Faced Urn":22,"Bronze Scales":28,"Mark of Pain":34,"Black Star":17,"Nloth\u0027s Gift":20,"aspiration:HatOfInfinitePower":12,"Unceasing Top":5,"Meat on the Bone":24,"Regal Pillow":0,"Lantern":24,"Singing Bowl":26,"Enchiridion":19,"Black Blood":17,"Mango":45,"Bag of Preparation":38,"Incense Burner":38,"Juzu Bracelet":40,"Cursed Key":17,"Ancient Tea Set":26,"Burning Blood":0,"ClockworkSouvenir":19,"Nunchaku":0,"Dream Catcher":9,"Shovel":38,"Mummified Hand":31,"aspiration:AnachronicSnailShell":12,"Pantograph":26,"Toolbox":0,"WingedGreaves":36,"Red Skull":0,"InkBottle":11,"Paper Frog":45,"Potion Belt":38,"Self Forming Clay":26,"The Courier":12,"PreservedInsect":0,"aspiration:HummingbirdHeart":9,"Omamori":0,"aspiration:SecretTechniqueScroll":17,"MawBank":8,"Strange Spoon":0,"Anchor":0,"Orrery":0,"Turnip":38,"Champion Belt":24,"Membership Card":38,"Bottled Lightning":14,"aspiration:RitualDagger":17,"TungstenRod":42,"FossilizedHelix":10},{"Ice Cream":978,"Calipers":937,"Tiny House":1020,"Gremlin Horn":968,"Whetstone":964,"Ginger":1051,"Boot":983,"Old Coin":975,"Blood Vial":1032,"HornCleat":983,"DollysMirror":979,"Strawberry":983,"MealTicket":1003,"Philosopher\u0027s Stone":1013,"Fusion Hammer":1049,"Kunai":970,"Toxic Egg 2":942,"aspiration:DSix":1067,"Pear":983,"Happy Flower":1051,"Blue Candle":976,"Oddly Smooth Stone":1010,"Eternal Feather":976,"Pen Nib":936,"Charon\u0027s Ashes":1056,"aspiration:SeaSaltIceCream":1017,"Letter Opener":1058,"War Paint":1070,"aspiration:HiddenCompartment":1009,"Question Card":1014,"SlaversCollar":985,"Shuriken":1019,"Bird Faced Urn":951,"Bronze Scales":1017,"Mark of Pain":971,"Black Star":963,"Nloth\u0027s Gift":986,"aspiration:HatOfInfinitePower":1011,"Unceasing Top":945,"Meat on the Bone":966,"Regal Pillow":956,"Lantern":1051,"Singing Bowl":1017,"Enchiridion":951,"Black Blood":1002,"Mango":1060,"Bag of Preparation":973,"Incense Burner":973,"Juzu Bracelet":974,"Cursed Key":941,"Ancient Tea Set":953,"Burning Blood":0,"ClockworkSouvenir":964,"Nunchaku":979,"Dream Catcher":1033,"Shovel":973,"Mummified Hand":970,"aspiration:AnachronicSnailShell":949,"Pantograph":1051,"Toolbox":943,"WingedGreaves":1022,"Red Skull":1029,"InkBottle":1067,"Paper Frog":976,"Potion Belt":1022,"Self Forming Clay":966,"The Courier":961,"PreservedInsect":1043,"aspiration:HummingbirdHeart":960,"Omamori":979,"aspiration:SecretTechniqueScroll":950,"MawBank":960,"Strange Spoon":956,"Anchor":992,"Orrery":1007,"Turnip":973,"Champion Belt":952,"Membership Card":973,"Bottled Lightning":1048,"aspiration:RitualDagger":1068,"TungstenRod":975,"FossilizedHelix":999},{"Ice Cream":4914,"Calipers":4722,"Tiny House":5142,"Gremlin Horn":4863,"Whetstone":4842,"Ginger":5310,"Boot":4940,"Old Coin":4895,"Blood Vial":5197,"HornCleat":4940,"DollysMirror":4922,"Strawberry":4940,"MealTicket":5053,"Philosopher\u0027s Stone":5111,"Fusion Hammer":5300,"Kunai":4872,"Toxic Egg 2":4738,"aspiration:DSix":5389,"Pear":4940,"Happy Flower":5310,"Blue Candle":4903,"Oddly Smooth Stone":5090,"Eternal Feather":4903,"Pen Nib":4716,"Charon\u0027s Ashes":5339,"aspiration:SeaSaltIceCream":5129,"Letter Opener":5349,"War Paint":5411,"aspiration:HiddenCompartment":5083,"Question Card":5113,"SlaversCollar":4957,"Shuriken":5135,"Bird Faced Urn":4777,"Bronze Scales":5129,"Mark of Pain":4879,"Black Star":4835,"Nloth\u0027s Gift":4962,"aspiration:HatOfInfinitePower":5094,"Unceasing Top":4749,"Meat on the Bone":4851,"Regal Pillow":4807,"Lantern":5310,"Singing Bowl":5129,"Enchiridion":4777,"Black Blood":5048,"Mango":5360,"Bag of Preparation":4886,"Incense Burner":4886,"Juzu Bracelet":4891,"Cursed Key":4734,"Ancient Tea Set":4790,"Burning Blood":0,"ClockworkSouvenir":4842,"Nunchaku":4922,"Dream Catcher":5203,"Shovel":4886,"Mummified Hand":4872,"aspiration:AnachronicSnailShell":4761,"Pantograph":5310,"Toolbox":4741,"WingedGreaves":5152,"Red Skull":5186,"InkBottle":5389,"Paper Frog":4903,"Potion Belt":5152,"Self Forming Clay":4851,"The Courier":4824,"PreservedInsect":5276,"aspiration:HummingbirdHeart":4819,"Omamori":4922,"aspiration:SecretTechniqueScroll":4773,"MawBank":4819,"Strange Spoon":4807,"Anchor":5001,"Orrery":5076,"Turnip":4886,"Champion Belt":4786,"Membership Card":4886,"Bottled Lightning":5292,"aspiration:RitualDagger":5400,"TungstenRod":4895,"FossilizedHelix":5030}],"InkBottle":[15]},"card_choices":[{"not_picked":["Dual Wield","Rupture"],"picked":"Cleave","floor":1},{"not_picked":["Thunderclap","Second Wind"],"picked":"Shrug It Off","floor":5},{"not_picked":["Combust","Power Through"],"picked":"Headbutt","floor":7},{"not_picked":["True Grit","Shockwave"],"picked":"Berserk","floor":8},{"not_picked":["Seeing Red","Fire Breathing"],"picked":"Metallicize","floor":10},{"not_picked":["Impervious","Bludgeon"],"picked":"Limit Break","floor":16},{"not_picked":["Thunderclap","True Grit","Burning Pact+1"],"picked":"Singing Bowl","floor":18},{"not_picked":["Fire Breathing","Pommel Strike","Uppercut"],"picked":"Singing Bowl","floor":24},{"not_picked":["Feed","Double Tap"],"picked":"Reaper","floor":33},{"not_picked":["Twin Strike","Wild Strike+1"],"picked":"Pommel Strike+1","floor":35},{"not_picked":["Deep Breath","Impatience"],"picked":"Sadistic Nature","floor":37}],"player_experience":2068259,"relics_obtained":[{"floor":7,"key":"Pantograph"},{"floor":9,"key":"Juzu Bracelet"},{"floor":10,"key":"aspiration:DSix"},{"floor":26,"key":"War Paint"}],"event_choices":[{"damage_healed":0,"gold_gain":67,"player_choice":"Gained Gold","damage_taken":0,"max_hp_gain":0,"max_hp_loss":0,"event_name":"Golden Wing","floor":4,"gold_loss":0},{"damage_healed":0,"gold_gain":0,"player_choice":"Success","damage_taken":7,"relics_obtained":["InkBottle"],"max_hp_gain":0,"max_hp_loss":0,"event_name":"Scrap Ooze","floor":11,"gold_loss":0},{"damage_healed":0,"gold_gain":0,"player_choice":"Gave Potion","damage_taken":0,"relics_obtained":["MealTicket"],"max_hp_gain":0,"max_hp_loss":0,"event_name":"WeMeetAgain","floor":13,"gold_loss":0},{"cards_removed":["Strike_R"],"damage_healed":0,"gold_gain":0,"player_choice":"Offered Basic","damage_taken":0,"max_hp_gain":0,"max_hp_loss":0,"event_name":"Bonfire Elementals","floor":19,"gold_loss":0},{"damage_healed":0,"gold_gain":0,"player_choice":"Ignored","damage_taken":0,"max_hp_gain":0,"max_hp_loss":0,"event_name":"betterNote:BetterNote","floor":20,"gold_loss":0,"cards_obtained":["Armaments"]},{"damage_healed":0,"gold_gain":0,"player_choice":"Ignored","damage_taken":0,"max_hp_gain":0,"max_hp_loss":0,"event_name":"Vampires","floor":22,"gold_loss":0},{"damage_healed":0,"gold_gain":0,"player_choice":"Simplicity","damage_taken":0,"max_hp_gain":0,"max_hp_loss":0,"event_name":"Back to Basics","floor":27,"gold_loss":0,"cards_upgraded":["Strike_R","Strike_R","Strike_R","Strike_R","Defend_R","Defend_R","Defend_R"]},{"damage_healed":0,"gold_gain":0,"cards_transformed":["Cleave"],"player_choice":"Transformed","damage_taken":0,"max_hp_gain":0,"max_hp_loss":0,"event_name":"Transmorgrifier","floor":30,"gold_loss":0,"cards_obtained":["Blood for Blood"]},{"damage_healed":0,"gold_gain":75,"player_choice":"Touch","damage_taken":8,"max_hp_gain":0,"max_hp_loss":0,"event_name":"FaceTrader","floor":31,"gold_loss":0},{"damage_healed":0,"gold_gain":0,"player_choice":"Memory 1","damage_taken":0,"max_hp_gain":0,"max_hp_loss":0,"event_name":"SensoryStone","floor":37,"gold_loss":0},{"damage_healed":0,"gold_gain":0,"player_choice":"Fight","damage_taken":0,"max_hp_gain":0,"max_hp_loss":0,"event_name":"Mysterious Sphere","floor":39,"gold_loss":0}],"is_beta":false,"boss_relics":[{"not_picked":["Empty Cage","Fusion Hammer"],"picked":"aspiration:RitualDagger"},{"not_picked":["aspiration:SecretTechniqueScroll","Cursed Key"],"picked":"Philosopher\u0027s Stone"}],"items_purged_floors":[],"is_endless":false,"potions_floor_spawned":[8,10,24],"killed_by":"2 Orb Walkers","ascension_level":1}}