{"host":"2461dio7vetlq1z3","time":1609158091,"event":{"mods":["2.2 Compatiblity","AchievementEnabler","Aspiration","BaseMod","Better Third Choice","Friendly Minions","Hermit","Marisa????????","Minty Spire (QoL Compilation)","Relic Stats","Spicy Shops","StSLib","Waifu the Spire"],"gold_per_floor":[113,67,79,95,107,107,107],"floor_reached":6,"playtime":176,"items_purged":[],"score":76,"play_id":"f882cd11-710a-4b9f-aa9b-0046f8bc7f25","local_time":"20201228132131","is_ascension_mode":true,"campfire_choices":[],"circlet_count":0,"master_deck":["AscendersBane","Strike_G","Strike_G","Strike_G","Strike_G","Strike_G","Defend_G","Defend_G","Defend_G","Defend_G","Defend_G","Survivor","Neutralize","Sucker Punch","Poisoned Stab","Poisoned Stab","Blade Dance"],"relics":["Cursed Key","betterThird:SlimedRelic"],"acts_visited":["Exordium"],"potions_floor_usage":[6],"damage_taken":[{"damage":0,"enemies":"Small Slimes","floor":1,"turns":4},{"damage":6,"enemies":"Cultist","floor":3,"turns":5},{"damage":16,"enemies":"Jaw Worm","floor":4,"turns":4},{"damage":0,"enemies":"Looter","floor":5,"turns":3},{"damage":47,"enemies":"Gremlin Nob","floor":6,"turns":4}],"seed_played":"1083539237580495237","potions_obtained":[{"floor":3,"key":"BlessingOfTheForge"},{"floor":5,"key":"Weak Potion"}],"is_trial":false,"path_per_floor":["M","?","M","M","M","E"],"character_chosen":"THE_SILENT","items_purchased":[],"campfire_rested":0,"item_purchase_floors":[],"current_hp_per_floor":[59,48,42,26,26,0,0],"gold":107,"neow_bonus":"BOSS_RELIC","is_daily":false,"chose_seed":false,"campfire_upgraded":0,"win_rate":0.0,"timestamp":1609158091,"path_taken":["M","?","M","M","M","E"],"items_purchased_type":[],"build_version":"2020-12-22","purchased_purges":0,"victory":false,"max_hp_per_floor":[66,66,66,66,66,66,66],"relic_stats":{"counters":[5,20],"Cursed Key":0,"obtain_stats":[{"betterThird:SlimedRelic":2,"Cursed Key":0,"Ring of the Snake":0},{"betterThird:SlimedRelic":1,"Cursed Key":0,"Ring of the Snake":0},{"betterThird:SlimedRelic":4,"Cursed Key":0,"Ring of the Snake":0}]},"card_choices":[{"not_picked":["Dodge and Roll","Blur"],"picked":"Sucker Punch","floor":1},{"not_picked":["Backflip","Setup"],"picked":"Poisoned Stab","floor":3},{"not_picked":["Concentrate","Blade Dance"],"picked":"Poisoned Stab","floor":4},{"not_picked":["Slice","Underhanded Strike"],"picked":"Blade Dance","floor":5}],"player_experience":1067074,"relics_obtained":[],"event_choices":[{"damage_healed":0,"gold_gain":0,"player_choice":"Slimed","damage_taken":11,"max_hp_gain":0,"max_hp_loss":0,"event_name":"betterThird:BetterGoop","floor":2,"gold_loss":46}],"is_beta":false,"boss_relics":[],"items_purged_floors":[],"is_endless":false,"potions_floor_spawned":[3,5],"killed_by":"Gremlin Nob","ascension_level":20}}