{"host":"5fasz840ryq7obdf","time":1609129596,"event":{"mods":["AchievementEnabler","BaseMod","Bestiary","Better Altar","Better Skull","Better Third Choice","BetterRewards","Block Reminder","Colored Powertips","Curses Come First","Highlight Path","Minty Spire (QoL Compilation)","Quick Restart","Rare Cards Sparkle","Relic Stats","Replay The Spire","Shop Mod","Spicy Shops","StSLib","SuperFastMode"],"gold_per_floor":[115,115,126,13,26,60,73,106,106,106,132,132,145,37,37,111,111,125,50,60,60,80,113,113,140,140,190,190,190,190,219,283,360,460,479,234,234,247,247,247,247,275,299,360,376,405,455,471,471,471,471,471,471,1,36,36],"floor_reached":57,"playtime":3190,"items_purged":["Strike_G","Strike_G","Defend_G","Defend_G","Strike_G","Defend_G","Defend_G","Injury"],"score":4018,"play_id":"3cafdcf1-614f-4af7-af34-3370e96040ed","local_time":"20201228042636","is_ascension_mode":true,"campfire_choices":[{"floor":10,"key":"REST"},{"floor":12,"key":"RECALL"},{"floor":15,"key":"REST"},{"data":"Neutralize","floor":24,"key":"SMITH"},{"data":"Fluid Movement","floor":28,"key":"SMITH"},{"data":"1","floor":40,"key":"LIFT"},{"data":"2","floor":49,"key":"LIFT"},{"data":"3","floor":53,"key":"LIFT"}],"circlet_count":0,"master_deck":["AscendersBane","Defend_G","Survivor","Neutralize+1","Tactician+1","Well Laid Plans+1","Backflip+1","Concentrate+1","Sneak Up+1","Quick Slash+1","Dodge and Roll+1","Deflect+1","Outmaneuver+1","Draining Mist+1","Prepared+1","Footwork+1","Footwork+1","Footwork+1","Sadistic Nature+1","Bouncing Flask+1","Dodge and Roll+1","Calculated Gamble+1","Calculated Gamble+1","Bouncing Flask+1","Acrobatics+1","Acrobatics+1","Crippling Poison+1","ReplayTheSpireMod:Tripwire+1","Backflip+1","Reflex+1","Crippling Poison+1","Sadistic Nature+1","Die Die Die+1","CurseOfTheBell","Deflect+1","Fluid Movement+1","Corpse Explosion+1","Madness+1","Madness+1","Acrobatics+1","Wraith Form v2+1","Draining Mist+1","Catalyst+1","PiercingWail+1","PiercingWail+1","Bouncing Flask+1","Expertise+1","Tools of the Trade+1","Tactician+1","Master of Strategy+1","Dodge and Roll+1","PiercingWail+1","Backflip+1","Quick Slash+1","Replay:Sssssssssshield+1","PanicButton+1","Slice+1","Dodge and Roll+1"],"relics":["Ring of the Snake","Golden Egg","Snake Skull","Toxic Egg 2","Orrery","Blue Doll","TwistedFunnel","Membership Card","Happy Flower","Garlic","OrangePellets","Divine Protection","Juzu Bracelet","The Courier","Girya","DollysMirror","Calling Bell","Bag of Marbles","Quantum Egg","Tingsha","Blue Candle","Gremlin Food","Bottled Tornado","Ring of Hypnosis","Eternal Feather","Replay:Wanted Poster","Unceasing Top","ReplayFunnel","Chameleon Ring","Potion Belt","Nunchaku","TungstenRod","BargainBundle","Replay:Wax Seal","CaptainsWheel","ClockworkSouvenir","Toy Ornithopter","Replay:Baseball","Replay:PocketPolymizer"],"acts_visited":["Exordium","TheCity","TheBeyond","TheEnding"],"potions_floor_usage":[45],"damage_taken":[{"damage":0,"enemies":"Small Slimes","floor":1,"turns":2},{"damage":1,"enemies":"Jaw Worm","floor":3,"turns":2},{"damage":0,"enemies":"Cultist","floor":5,"turns":2},{"damage":3,"enemies":"Gremlin Nob","floor":6,"turns":3},{"damage":0,"enemies":"Blue Slaver","floor":7,"turns":2},{"damage":0,"enemies":"Lagavulin","floor":8,"turns":4},{"damage":0,"enemies":"3 Sentries","floor":11,"turns":4},{"damage":0,"enemies":"2 Fungi Beasts","floor":13,"turns":2},{"damage":0,"enemies":"Fading Forest","floor":16,"turns":9},{"damage":0,"enemies":"Spheric Guardian","floor":18,"turns":2},{"damage":0,"enemies":"Shell Parasite","floor":20,"turns":2},{"damage":0,"enemies":"Snecko","floor":22,"turns":3},{"damage":0,"enemies":"Slavers","floor":23,"turns":2},{"damage":0,"enemies":"Gremlin Leader","floor":25,"turns":5},{"damage":0,"enemies":"Slavers","floor":31,"turns":1},{"damage":0,"enemies":"Automaton","floor":33,"turns":6},{"damage":0,"enemies":"Orb Walker","floor":35,"turns":1},{"damage":1,"enemies":"3 Shapes","floor":38,"turns":2},{"damage":0,"enemies":"Giant Head","floor":42,"turns":5},{"damage":0,"enemies":"Jaw Worm Horde","floor":45,"turns":4},{"damage":0,"enemies":"R_Hoarder","floor":46,"turns":4},{"damage":0,"enemies":"2 Orb Walkers","floor":47,"turns":3},{"damage":0,"enemies":"Maw","floor":48,"turns":3},{"damage":1,"enemies":"Donu and Deca","floor":50,"turns":4},{"damage":13,"enemies":"Awakened One","floor":51,"turns":8},{"damage":19,"enemies":"Shield and Spear","floor":55,"turns":5},{"damage":6,"enemies":"The Heart","floor":56,"turns":7}],"seed_played":"-623280504428014339","potions_obtained":[{"floor":1,"key":"SkillPotion"},{"floor":3,"key":"SpeedPotion"},{"floor":5,"key":"Venom Potion"},{"floor":11,"key":"Death Potion"},{"floor":44,"key":"Poison Potion"},{"floor":44,"key":"Regen Potion"},{"floor":44,"key":"GhostInAJar"},{"floor":45,"key":"BlessingOfTheForge"}],"is_trial":false,"path_per_floor":["M","?","M","$","M","E","M","E","T","R","E","R","M","$","R","B",null,"M","?","M","$","M","E","R","E","T","?","R","$","?","E","R","B",null,"M","$","?","M","?","R","?","E","T","?","M","E","?","M","R","B","B",null,"R","$","E","B",null],"character_chosen":"THE_SILENT","items_purchased":["Golden Egg","Snake Skull","Tactician","Well Laid Plans","Toxic Egg 2","Orrery","Deflect+1","Outmaneuver+1","Draining Mist+1","Blue Doll","TwistedFunnel","Prepared+1","Footwork","Membership Card","Happy Flower","Footwork","Sadistic Nature","Bouncing Flask+1","Dodge and Roll+1","Garlic","OrangePellets","Bouncing Flask+1","Acrobatics+1","DollysMirror","Die Die Die+1","Unceasing Top","ReplayFunnel","Chameleon Ring","BargainBundle","Replay:Wax Seal","CaptainsWheel","ClockworkSouvenir","Catalyst+1","PiercingWail+1","Bouncing Flask+1","Expertise+1","Tools of the Trade","Tactician+1","Master of Strategy+1","Dodge and Roll+1","PiercingWail+1","Backflip+1","Quick Slash","Replay:Sssssssssshield+1","PanicButton+1","Slice","Toy Ornithopter","Replay:Baseball"],"campfire_rested":2,"item_purchase_floors":[0,0,0,0,0,0,0,0,0,0,0,0,0,0,0,0,0,0,0,0,4,4,4,14,14,36,36,36,54,54,54,54,54,54,54,54,54,54,54,54,54,54,54,54,54,54,54,54],"current_hp_per_floor":[17,10,9,9,9,6,6,6,6,25,25,25,25,25,44,44,61,61,61,61,61,61,61,61,61,61,61,61,61,61,61,66,66,66,66,66,66,65,53,66,66,66,66,45,58,58,58,58,66,65,52,63,66,66,47,41],"gold":36,"neow_bonus":"","is_daily":false,"chose_seed":false,"campfire_upgraded":2,"win_rate":0.0,"timestamp":1609129596,"path_taken":["M","?","M","$","M","E","M","E","T","R","E","R","M","$","R","BOSS","M","?","M","$","M","E","R","E","T","?","R","$","?","E","R","BOSS","M","$","?","M","?","R","?","E","T","?","M","E","?","M","R","BOSS","BOSS","R","$","E","BOSS"],"items_purchased_type":["Relic","Relic","Card","Card","Relic","Relic","Card","Card","Card","Relic","Relic","Card","Card","Relic","Relic","Card","Card","Card","Card","Relic","Relic","Card","Card","Relic","Card","Relic","Relic","Relic","Relic","Relic","Relic","Relic","Card","Card","Card","Card","Card","Card","Card","Card","Card","Card","Card","Card","Card","Card","Relic","Relic"],"build_version":"2020-12-22","purchased_purges":8,"victory":true,"max_hp_per_floor":[66,66,66,66,66,66,66,66,66,66,66,66,66,66,66,66,66,66,66,66,66,66,66,66,66,66,66,66,66,66,66,66,66,66,66,66,66,66,66,66,66,66,66,66,66,66,66,66,66,66,66,66,66,66,66,66],"relic_stats":{"Happy Flower":[68],"counters":[383,1421],"Blue Candle":[6],"Tingsha":[741],"Eternal Feather":29,"Snake Skull":[863],"Juzu Bracelet":2,"OrangePellets":[4],"Nunchaku":[7],"obtain_stats":[{"TwistedFunnel":19,"Golden Egg":40,"Replay:Accelerometer":10,"Vampiric Spirits":4,"Spirit Poop":5,"Whetstone":40,"Ginger":0,"Bottled Tornado":0,"Sling":0,"Boot":3,"Old Coin":39,"Blood Vial":48,"Replay:Wanted Poster":36,"Replay:Ringing Soul":40,"Sundial":11,"MealTicket":0,"HandDrill":2,"Replay:Bottled Flurry":53,"Kunai":26,"Replay:Wax Seal":0,"Replay:Bottled Steam":12,"Pear":27,"Blue Candle":41,"Counterbalance":39,"Tingsha":0,"Eternal Feather":26,"Pen Nib":36,"Paper Crane":36,"Akabeko":2,"SlaversCollar":17,"Bird Faced Urn":6,"ReplayTheSpireMod:Ring of Collecting":47,"Pandora\u0027s Box":17,"Kintsugi":34,"Unceasing Top":0,"Ring of the Serpent":17,"Lantern":23,"Regal Pillow":28,"Singing Bowl":36,"Torii":25,"Blue Doll":0,"Painkiller Herb":17,"Bag of Preparation":6,"Replay:Multitool":11,"Smiling Mask":20,"Cursed Key":34,"Pet Ghost":23,"Replay:Rubber Ducky":21,"Matryoshka":8,"Ring of Fangs":25,"Shovel":45,"Ninja Scroll":10,"Ring of Peace":22,"Toolbox":54,"Chemical X":0,"Replay:Bottled Eggs":12,"InkBottle":21,"Ring of the Snake":0,"Potion Belt":9,"Lee\u0027s Waffle":0,"The Specimen":17,"Golden Idol":2,"Basket Of Snakes":5,"PreservedInsect":9,"The Courier":28,"Omamori":0,"Ring of Greed":47,"Frozen Egg 2":17,"MawBank":14,"Replay:Arrowhead":0,"Busted Crown":17,"Ornamental Fan":54,"Bloody Idol":19,"Ring of Misfortune":39,"Orrery":0,"Turnip":0,"Art of War":40,"Durian":42,"Garlic":23,"Bottled Lightning":26,"Toy Ornithopter":9,"Ice Cream":0,"Divine Protection":6,"Tiny House":17,"Calipers":43,"Gremlin Horn":0,"CeramicFish":44,"Vajra":0,"HoveringKite":34,"Sozu":34,"Centennial Puzzle":22,"Lizard Tail":38,"DollysMirror":25,"Strawberry":46,"Prayer Wheel":17,"Philosopher\u0027s Stone":34,"Toxic Egg 2":7,"Byrd Skull":13,"Girya":44,"Happy Flower":0,"Ring of Hypnosis":38,"ReplayTheSpireMod:CursedCoin":48,"Astrolabe":17,"Replay:Grab Bag":17,"Oddly Smooth Stone":11,"Letter Opener":40,"Replay:Kaleidoscope":28,"War Paint":0,"Question Card":17,"Du-Vu Doll":13,"OrangePellets":4,"Bottled Flame":32,"Replay:Baseball":40,"ReplayTheSpireMod:Shallot":9,"Shuriken":25,"Bronze Scales":26,"Onion Ring":0,"Molten Egg 2":9,"ReplayTheSpireMod:TigerMarble":44,"Nloth\u0027s Gift":22,"Grinning Jar":15,"Mirror":40,"ReplayTheSpireMod:DimensionalGlitch":34,"Pocketwatch":14,"Meat on the Bone":0,"Darkstone Periapt":9,"ReplayFunnel":15,"ReplayTheSpireMod:Ring of Exchange":25,"Replay:PocketPolymizer":55,"Snake Skull":0,"Juzu Bracelet":30,"Incense Burner":0,"Sizzling Blood":12,"Replay:Mystery Machine":55,"Empty Cage":34,"ClockworkSouvenir":54,"Frozen Eye":10,"Nunchaku":43,"Dream Catcher":26,"Replay:Bandana":14,"Tough Bandages":14,"Chameleon Ring":36,"Mummified Hand":31,"Pantograph":55,"Tiny Chest":6,"Red Mask":36,"Replay:Bottled Snecko":10,"Runic Pyramid":17,"Gremlin Food":26,"BargainBundle":0,"ReplayTheSpireMod:Ninjato":0,"Replay:Towering Pillar of Hats":0,"Guide Book":0,"Quantum Egg":17,"Orichalcum":55,"Medical Kit":46,"White Beast Statue":19,"Mercury Hourglass":8,"Calling Bell":17,"Strange Spoon":0,"Anchor":55,"Pondfish Scales":42,"CaptainsWheel":54,"Ring of Fury":22,"ChewingGum":17,"Bag of Marbles":49,"Snack Pack":0,"Coffee Dripper":17,"Membership Card":8,"TungstenRod":0},{"TwistedFunnel":77,"Golden Egg":144,"Replay:Accelerometer":270,"Vampiric Spirits":153,"Spirit Poop":68,"Whetstone":88,"Ginger":127,"Bottled Tornado":42,"Sling":29,"Boot":43,"Old Coin":317,"Blood Vial":27,"Replay:Wanted Poster":141,"Replay:Ringing Soul":201,"Sundial":37,"MealTicket":32,"HandDrill":97,"Replay:Bottled Flurry":354,"Kunai":16,"Replay:Wax Seal":150,"Replay:Bottled Steam":217,"Pear":83,"Blue Candle":88,"Counterbalance":172,"Tingsha":29,"Eternal Feather":251,"Pen Nib":21,"Paper Crane":21,"Akabeko":33,"SlaversCollar":247,"Bird Faced Urn":184,"ReplayTheSpireMod:Ring of Collecting":205,"Pandora\u0027s Box":332,"Kintsugi":169,"Unceasing Top":29,"Ring of the Serpent":40,"Lantern":14,"Regal Pillow":17,"Singing Bowl":86,"Torii":110,"Blue Doll":127,"Painkiller Herb":332,"Bag of Preparation":4,"Replay:Multitool":302,"Smiling Mask":51,"Cursed Key":85,"Pet Ghost":138,"Replay:Rubber Ducky":136,"Matryoshka":46,"Ring of Fangs":224,"Shovel":349,"Ninja Scroll":131,"Ring of Peace":248,"Toolbox":354,"Chemical X":296,"Replay:Bottled Eggs":132,"InkBottle":51,"Ring of the Snake":0,"Potion Belt":46,"Lee\u0027s Waffle":96,"The Specimen":105,"Golden Idol":1,"Basket Of Snakes":153,"PreservedInsect":70,"The Courier":83,"Omamori":96,"Ring of Greed":205,"Frozen Egg 2":105,"MawBank":39,"Replay:Arrowhead":150,"Busted Crown":187,"Ornamental Fan":125,"Bloody Idol":248,"Ring of Misfortune":346,"Orrery":29,"Turnip":296,"Art of War":61,"Durian":174,"Garlic":224,"Bottled Lightning":82,"Toy Ornithopter":5,"Ice Cream":96,"Divine Protection":360,"Tiny House":9,"Calipers":89,"Gremlin Horn":0,"CeramicFish":25,"Vajra":0,"HoveringKite":20,"Sozu":313,"Centennial Puzzle":79,"Lizard Tail":117,"DollysMirror":110,"Strawberry":146,"Prayer Wheel":76,"Philosopher\u0027s Stone":115,"Toxic Egg 2":36,"Byrd Skull":158,"Girya":290,"Happy Flower":96,"Ring of Hypnosis":285,"ReplayTheSpireMod:CursedCoin":175,"Astrolabe":134,"Replay:Grab Bag":332,"Oddly Smooth Stone":7,"Letter Opener":24,"Replay:Kaleidoscope":225,"War Paint":32,"Question Card":76,"Du-Vu Doll":74,"OrangePellets":358,"Bottled Flame":140,"Replay:Baseball":318,"ReplayTheSpireMod:Shallot":214,"Shuriken":16,"Bronze Scales":110,"Onion Ring":127,"Molten Egg 2":155,"ReplayTheSpireMod:TigerMarble":145,"Nloth\u0027s Gift":335,"Grinning Jar":159,"Mirror":231,"ReplayTheSpireMod:DimensionalGlitch":283,"Pocketwatch":8,"Meat on the Bone":66,"Darkstone Periapt":46,"ReplayFunnel":159,"ReplayTheSpireMod:Ring of Exchange":224,"Replay:PocketPolymizer":382,"Snake Skull":32,"Juzu Bracelet":18,"Incense Burner":96,"Sizzling Blood":302,"Replay:Mystery Machine":265,"Empty Cage":58,"ClockworkSouvenir":354,"Frozen Eye":131,"Nunchaku":24,"Dream Catcher":55,"Replay:Bandana":219,"Tough Bandages":273,"Chameleon Ring":373,"Mummified Hand":114,"Pantograph":126,"Tiny Chest":45,"Red Mask":59,"Replay:Bottled Snecko":243,"Runic Pyramid":50,"Gremlin Food":139,"BargainBundle":127,"ReplayTheSpireMod:Ninjato":127,"Replay:Towering Pillar of Hats":150,"Guide Book":179,"Quantum Egg":365,"Orichalcum":95,"Medical Kit":291,"White Beast Statue":77,"Mercury Hourglass":5,"Calling Bell":76,"Strange Spoon":210,"Anchor":178,"Pondfish Scales":232,"CaptainsWheel":381,"Ring of Fury":248,"ChewingGum":332,"Bag of Marbles":147,"Snack Pack":179,"Coffee Dripper":220,"Membership Card":36,"TungstenRod":325},{"TwistedFunnel":427,"Golden Egg":660,"Replay:Accelerometer":1067,"Vampiric Spirits":686,"Spirit Poop":395,"Whetstone":467,"Ginger":613,"Bottled Tornado":241,"Sling":179,"Boot":244,"Old Coin":1200,"Blood Vial":148,"Replay:Wanted Poster":648,"Replay:Ringing Soul":817,"Sundial":209,"MealTicket":186,"HandDrill":504,"Replay:Bottled Flurry":1316,"Kunai":93,"Replay:Wax Seal":681,"Replay:Bottled Steam":877,"Pear":450,"Blue Candle":467,"Counterbalance":729,"Tingsha":179,"Eternal Feather":986,"Pen Nib":120,"Paper Crane":120,"Akabeko":190,"SlaversCollar":973,"Bird Faced Urn":760,"ReplayTheSpireMod:Ring of Collecting":833,"Pandora\u0027s Box":1265,"Kintsugi":726,"Unceasing Top":179,"Ring of the Serpent":230,"Lantern":82,"Regal Pillow":97,"Singing Bowl":460,"Torii":544,"Blue Doll":613,"Painkiller Herb":1265,"Bag of Preparation":20,"Replay:Multitool":1142,"Smiling Mask":286,"Cursed Key":456,"Pet Ghost":640,"Replay:Rubber Ducky":637,"Matryoshka":260,"Ring of Fangs":898,"Shovel":1302,"Ninja Scroll":622,"Ring of Peace":975,"Toolbox":1316,"Chemical X":1126,"Replay:Bottled Eggs":625,"InkBottle":286,"Ring of the Snake":0,"Potion Belt":260,"Lee\u0027s Waffle":501,"The Specimen":525,"Golden Idol":2,"Basket Of Snakes":686,"PreservedInsect":401,"The Courier":450,"Omamori":501,"Ring of Greed":833,"Frozen Egg 2":525,"MawBank":219,"Replay:Arrowhead":681,"Busted Crown":775,"Ornamental Fan":602,"Bloody Idol":975,"Ring of Misfortune":1296,"Orrery":179,"Turnip":1126,"Art of War":353,"Durian":733,"Garlic":898,"Bottled Lightning":446,"Toy Ornithopter":24,"Ice Cream":501,"Divine Protection":1333,"Tiny House":46,"Calipers":472,"Gremlin Horn":0,"CeramicFish":136,"Vajra":0,"HoveringKite":115,"Sozu":1183,"Centennial Puzzle":435,"Lizard Tail":569,"DollysMirror":544,"Strawberry":664,"Prayer Wheel":425,"Philosopher\u0027s Stone":563,"Toxic Egg 2":204,"Byrd Skull":700,"Girya":1110,"Happy Flower":501,"Ring of Hypnosis":1099,"ReplayTheSpireMod:CursedCoin":734,"Astrolabe":632,"Replay:Grab Bag":1265,"Oddly Smooth Stone":32,"Letter Opener":132,"Replay:Kaleidoscope":902,"War Paint":186,"Question Card":425,"Du-Vu Doll":415,"OrangePellets":1328,"Bottled Flame":645,"Replay:Baseball":1205,"ReplayTheSpireMod:Shallot":869,"Shuriken":93,"Bronze Scales":544,"Onion Ring":613,"Molten Egg 2":694,"ReplayTheSpireMod:TigerMarble":663,"Nloth\u0027s Gift":1271,"Grinning Jar":701,"Mirror":922,"ReplayTheSpireMod:DimensionalGlitch":1094,"Pocketwatch":39,"Meat on the Bone":392,"Darkstone Periapt":260,"ReplayFunnel":701,"ReplayTheSpireMod:Ring of Exchange":898,"Replay:PocketPolymizer":1414,"Snake Skull":186,"Juzu Bracelet":102,"Incense Burner":501,"Sizzling Blood":1142,"Replay:Mystery Machine":1051,"Empty Cage":333,"ClockworkSouvenir":1316,"Frozen Eye":622,"Nunchaku":132,"Dream Catcher":308,"Replay:Bandana":881,"Tough Bandages":1072,"Chameleon Ring":1376,"Mummified Hand":557,"Pantograph":606,"Tiny Chest":254,"Red Mask":338,"Replay:Bottled Snecko":960,"Runic Pyramid":281,"Gremlin Food":642,"BargainBundle":613,"ReplayTheSpireMod:Ninjato":613,"Replay:Towering Pillar of Hats":681,"Guide Book":749,"Quantum Egg":1354,"Orichalcum":496,"Medical Kit":1112,"White Beast Statue":427,"Mercury Hourglass":24,"Calling Bell":425,"Strange Spoon":858,"Anchor":744,"Pondfish Scales":926,"CaptainsWheel":1409,"Ring of Fury":975,"ChewingGum":1265,"Bag of Marbles":668,"Snack Pack":749,"Coffee Dripper":886,"Membership Card":204,"TungstenRod":1245}],"Unceasing Top":[17],"TungstenRod":44,"Toy Ornithopter":0,"Ring of the Snake":[116]},"card_choices":[{"not_picked":["Prepared+1","Caltrops"],"picked":"Backflip+1","floor":0},{"not_picked":["Deadly Poison+1","Flying Knee"],"picked":"Concentrate+1","floor":0},{"not_picked":["Distraction+1","Riddle With Holes"],"picked":"Sneak Up+1","floor":0},{"not_picked":["Glass Knife","Cloak And Dagger+1"],"picked":"Quick Slash","floor":0},{"not_picked":["Hidden Blade+1","ReplayTheSpireMod:Tripwire+1"],"picked":"Dodge and Roll+1","floor":0},{"not_picked":["ReplayTheSpireMod:Shiv Toss+1","Slice"],"picked":"Calculated Gamble+1","floor":1},{"not_picked":["Dagger Spray","Wraith Form v2"],"picked":"Calculated Gamble+1","floor":3},{"not_picked":["Acrobatics+1","Blade Dance+1"],"picked":"Crippling Poison+1","floor":5},{"not_picked":["Sucker Punch","Bane"],"picked":"ReplayTheSpireMod:Tripwire+1","floor":6},{"not_picked":["Poisoned Stab","Dagger Spray"],"picked":"Backflip+1","floor":7},{"not_picked":["Fluid Movement","Riddle With Holes"],"picked":"Backflip+1","floor":8},{"not_picked":["Dodge and Roll+1","Sucker Punch"],"picked":"Reflex+1","floor":11},{"not_picked":["Bane","Deadly Poison+1"],"picked":"Crippling Poison+1","floor":13},{"not_picked":["ReplayTheSpireMod:Scrap Shanks+1","Calculated Gamble+1"],"picked":"Deflect+1","floor":18},{"not_picked":["Distraction+1","Calculated Gamble+1","Acrobatics+1"],"picked":"SKIP","floor":20},{"not_picked":["Underhanded Strike","Backflip+1","Masterful Stab"],"picked":"SKIP","floor":22},{"not_picked":["Reflex+1","Quick Slash"],"picked":"Fluid Movement","floor":23},{"not_picked":["Accuracy","Envenom","Calculated Gamble+1"],"picked":"SKIP","floor":25},{"not_picked":["Cloak And Dagger+1","Quick Slash","Outmaneuver+1"],"picked":"SKIP","floor":31},{"not_picked":["Die Die Die","Malaise+1"],"picked":"Corpse Explosion+1","floor":33},{"not_picked":["Finisher+1","Outmaneuver+1","Hidden Blade+1"],"picked":"SKIP","floor":35},{"not_picked":["Slice+1","Bane","Outmaneuver+1"],"picked":"SKIP","floor":38},{"not_picked":["Poisoned Stab","Slice+1"],"picked":"Acrobatics+1","floor":42},{"not_picked":["Sucker Punch+1","Poisoned Stab","Flechettes"],"picked":"SKIP","floor":45},{"not_picked":["Backstab","Poisoned Stab"],"picked":"Wraith Form v2","floor":46},{"not_picked":["Deflect+1","Cloak And Dagger+1"],"picked":"Draining Mist+1","floor":48},{"not_picked":["Cloak And Dagger+1","Outmaneuver+1"],"picked":"Dodge and Roll+1","floor":55}],"player_experience":1204479,"relics_obtained":[{"floor":6,"key":"Divine Protection"},{"floor":8,"key":"Juzu Bracelet"},{"floor":9,"key":"The Courier"},{"floor":11,"key":"Girya"},{"floor":17,"key":"Bag of Marbles"},{"floor":17,"key":"Quantum Egg"},{"floor":17,"key":"Tingsha"},{"floor":23,"key":"Blue Candle"},{"floor":25,"key":"Gremlin Food"},{"floor":26,"key":"Bottled Tornado"},{"floor":30,"key":"Ring of Hypnosis"},{"floor":31,"key":"Eternal Feather"},{"floor":42,"key":"Potion Belt"},{"floor":46,"key":"Nunchaku"},{"floor":47,"key":"TungstenRod"},{"floor":55,"key":"Replay:PocketPolymizer"}],"event_choices":[{"cards_removed":["Strike_G"],"damage_healed":0,"gold_gain":0,"player_choice":"Card Removal","damage_taken":7,"max_hp_gain":0,"max_hp_loss":0,"event_name":"Golden Wing","floor":2,"gold_loss":0},{"cards_removed":["Strike_G"],"damage_healed":0,"gold_gain":0,"player_choice":"Gave Gold","damage_taken":0,"max_hp_gain":0,"max_hp_loss":0,"event_name":"Beggar","floor":19,"gold_loss":75},{"damage_healed":0,"gold_gain":50,"player_choice":"Pray","damage_taken":0,"max_hp_gain":0,"max_hp_loss":0,"event_name":"Golden Shrine","floor":27,"gold_loss":0},{"damage_healed":0,"gold_gain":0,"player_choice":"Ignored","damage_taken":0,"max_hp_gain":0,"max_hp_loss":0,"event_name":"Tomb of Lord Red Mask","floor":37,"gold_loss":0},{"damage_healed":0,"gold_gain":0,"player_choice":"Embrace Madness","damage_taken":12,"max_hp_gain":0,"max_hp_loss":0,"event_name":"Winding Halls","floor":39,"gold_loss":0,"cards_obtained":["Madness","Madness"]},{"cards_removed":["Backflip"],"damage_healed":0,"gold_gain":0,"player_choice":"Removed Skill","damage_taken":0,"max_hp_gain":0,"max_hp_loss":0,"event_name":"Falling","floor":41,"gold_loss":0},{"damage_healed":0,"gold_gain":0,"player_choice":"Fight","damage_taken":0,"max_hp_gain":0,"max_hp_loss":0,"event_name":"Mysterious Sphere","floor":47,"gold_loss":0}],"is_beta":false,"boss_relics":[{"not_picked":["Coffee Dripper","WristBlade"],"picked":"Calling Bell"},{"not_picked":["Busted Crown","ChewingGum"],"picked":"Replay:Wanted Poster"}],"items_purged_floors":[0,0,0,0,0,0,0,54],"is_endless":false,"potions_floor_spawned":[1,3,5,11,20,23,25,33,45,46],"ascension_level":20}}