{"host":"k9ktbd3ums043v5c","time":1609157802,"event":{"mods":["BaseMod","GifTheSpireLib","Googly Eyes","KinomotoSakuraMod(木之本樱)","Lobotomy","LobotomyExtend","Luminous","Marisa（F雨　魔理沙）","Minty Spire (QoL Compilation)","SIMod","StSLib","SuperFastMode","The Gatherer","Yuyuko","【功能Mod】聪明的最终Boss"],"gold_per_floor":[111,31,47,47,47,47,59,74,74,89,89,104,119,119,119,119,119],"floor_reached":16,"playtime":956,"items_purged":[],"score":94,"play_id":"56254eb7-0c4d-4f14-ae90-227b89a3de80","local_time":"20201228201642","is_ascension_mode":false,"campfire_choices":[{"data":"DynamicVision","floor":6,"key":"SMITH"},{"floor":11,"key":"REST"},{"floor":15,"key":"REST"}],"circlet_count":0,"master_deck":["Strike_AJ","Strike_TS","Strike_RR","Strike_RD","Defend_TS","Defend_PP","Defend_FS","Defend_AJ","ConcertedEfforts","HarmonyShield","SpiderBud","Winterwrapup","BehindTheScene","DynamicVision+1","RedShoes","TwentyPercentcooler","PinkiePromise","Winterwrapup","RunningOfTheLeaves","OSAHOGD","LittleHelper","DynamicVision","Magictrain","UniverseFragment","Dear_Princess","GemstoneDetection","PinkiePromise","ThunderCloud","Murderer","Magic","CheerUp","BigBadWolf"],"relics":["The_element_of_harmony","CogitoBucket","LetterFromLob","Ornamental Fan","MealTicket","FleshIdol"],"acts_visited":["Exordium"],"potions_floor_usage":[16],"damage_taken":[{"damage":2,"enemies":"Small Slimes","floor":1,"turns":4},{"damage":6,"enemies":"Jaw Worm","floor":3,"turns":5},{"damage":10,"enemies":"2 Louse","floor":7,"turns":4},{"damage":9,"enemies":"Exordium Wildlife","floor":8,"turns":4},{"damage":26,"enemies":"Lots of Slimes","floor":10,"turns":4},{"damage":12,"enemies":"Large Slime","floor":12,"turns":2},{"damage":9,"enemies":"3 Louse","floor":13,"turns":2},{"damage":37,"enemies":"Slime Boss","floor":16,"turns":3}],"seed_played":"-4557486001167095051","potions_obtained":[{"floor":1,"key":"DuplicationPotion"},{"floor":8,"key":"ColorlessPotion"}],"is_trial":false,"path_per_floor":["M","$","M","?","$","R","M","M","T","M","R","M","M","M","R","B"],"character_chosen":"TWI_CLASS","items_purchased":["DynamicVision"],"campfire_rested":2,"item_purchase_floors":[2],"current_hp_per_floor":[80,80,74,49,49,49,39,30,30,4,28,16,7,7,31,0,0],"gold":119,"neow_bonus":"","is_daily":false,"chose_seed":false,"campfire_upgraded":1,"win_rate":0.0,"timestamp":1609157802,"path_taken":["M","$","M","?","?","R","M","M","T","M","R","M","M","?","R","BOSS"],"items_purchased_type":["Card"],"build_version":"2020-12-22","purchased_purges":0,"victory":false,"max_hp_per_floor":[82,82,82,82,82,82,82,82,82,82,82,82,82,82,82,82,82],"card_choices":[{"not_picked":["VoidDream","Wellcheers","PunishingBird"],"picked":"Singing Bowl","floor":1},{"not_picked":["Scorched","CrumblingArmor"],"picked":"SpiderBud","floor":1},{"not_picked":["Tornado"],"picked":"Winterwrapup","floor":1},{"not_picked":["Charge"],"picked":"BehindTheScene","floor":1},{"not_picked":["OldLady","ShyLook"],"picked":"RedShoes","floor":3},{"not_picked":["ThrowingApples"],"picked":"TwentyPercentcooler","floor":3},{"not_picked":["HideCarefully"],"picked":"PinkiePromise","floor":3},{"not_picked":["Whining"],"picked":"Winterwrapup","floor":7},{"not_picked":["Charge"],"picked":"RunningOfTheLeaves","floor":7},{"not_picked":["CherryBlossoms","PunishingBird"],"picked":"OSAHOGD","floor":7},{"not_picked":["BlackArmy","MHz"],"picked":"LittleHelper","floor":8},{"not_picked":["FriendOfNature"],"picked":"DynamicVision","floor":8},{"not_picked":["Boundary"],"picked":"Magictrain","floor":8},{"not_picked":["Bloodbath","OldLady"],"picked":"UniverseFragment","floor":10},{"not_picked":["Perfectionism"],"picked":"Dear_Princess","floor":10},{"not_picked":["FollowTherRainbow"],"picked":"GemstoneDetection","floor":10},{"not_picked":["Perfectionism"],"picked":"PinkiePromise","floor":12},{"not_picked":["ServeMeal"],"picked":"ThunderCloud","floor":12},{"not_picked":["WallGazer","Bloodbath"],"picked":"Murderer","floor":12},{"not_picked":["FarmExpert"],"picked":"Magic","floor":13},{"not_picked":["TenInstruments"],"picked":"CheerUp","floor":13},{"not_picked":["NakedNest","PunishingBird"],"picked":"BigBadWolf","floor":13}],"player_experience":16858,"relics_obtained":[{"floor":1,"key":"LetterFromLob"},{"floor":9,"key":"MealTicket"}],"event_choices":[{"damage_healed":0,"gold_gain":0,"player_choice":"Success","damage_taken":25,"relics_obtained":["Ornamental Fan"],"max_hp_gain":0,"max_hp_loss":0,"event_name":"Scrap Ooze","floor":4,"gold_loss":0}],"is_beta":false,"boss_relics":[],"items_purged_floors":[],"is_endless":false,"potions_floor_spawned":[1,8],"killed_by":"Slime Boss","ascension_level":0}}