{"host":"szp1d6dso4pv7ddl","time":1609130298,"event":{"mods":["AchievementEnabler","Alarm Clock","BaseMod","Bestiary","Block Reminder","Colored Map","Colored Powertips","Curses Come First","Displayed Cursed Tome","Highlight Path","Minty Spire (QoL Compilation)","Permanent Neow","Quick Restart","Relic Sorter","Relic Stats","StSLib","Synergy Search"],"gold_per_floor":[115,129,129,147,165,195,195,230,254,273,273,76,111,131,131,204,204,223,223,148,163,182,182,212,224,251,251,264,284,23,37,37,116,116,127,141,166,178,197,232,232,232,232,232,232,249,262,114,114,114,114,114,39,39,39],"floor_reached":54,"playtime":3045,"items_purged":["Strike_G","Strike_G"],"score":1237,"play_id":"68a7b4db-5d7d-47ab-9b28-24b165ea0502","local_time":"20201227203818","is_ascension_mode":true,"campfire_choices":[{"floor":7.0,"key":"REST"},{"floor":15.0,"key":"REST"},{"floor":23.0,"key":"REST"},{"floor":27,"key":"REST"},{"floor":32,"key":"REST"},{"floor":41,"key":"REST"},{"floor":44,"key":"RECALL"},{"floor":49,"key":"REST"},{"data":"Accuracy","floor":52,"key":"SMITH"}],"circlet_count":0,"master_deck":["AscendersBane","Strike_G","Strike_G+1","Strike_G","Defend_G","Defend_G","Defend_G","Survivor","Neutralize+1","Blade Dance+1","Slice","Prepared","Blade Dance+1","Leg Sweep","Blade Dance","Prepared","Tools of the Trade","Cloak And Dagger","Underhanded Strike","Acrobatics","Tactician","Acrobatics","A Thousand Cuts","Accuracy+1","Blade Dance+1","Infinite Blades","Deep Breath"],"relics":["Empty Cage","Shuriken","Nunchaku","Boot","Orichalcum","Ancient Tea Set","Oddly Smooth Stone","HoveringKite","Ninja Scroll","Whetstone","Bag of Preparation","WristBlade","Turnip","Meat on the Bone"],"acts_visited":["Exordium","TheCity","TheBeyond","TheEnding"],"potions_floor_usage":[28,33,38,50,50],"damage_taken":[{"damage":0.0,"enemies":"2 Louse","floor":1.0,"turns":3.0},{"damage":0.0,"enemies":"Cultist","floor":2.0,"turns":4.0},{"damage":0.0,"enemies":"Jaw Worm","floor":4.0,"turns":3.0},{"damage":9.0,"enemies":"Red Slaver","floor":5.0,"turns":3.0},{"damage":22.0,"enemies":"3 Sentries","floor":6.0,"turns":7.0},{"damage":35.0,"enemies":"Gremlin Nob","floor":8.0,"turns":4.0},{"damage":0.0,"enemies":"Lots of Slimes","floor":10.0,"turns":3.0},{"damage":9.0,"enemies":"3 Sentries","floor":13.0,"turns":6.0},{"damage":0.0,"enemies":"Exordium Wildlife","floor":14.0,"turns":2.0},{"damage":19.0,"enemies":"Slime Boss","floor":16.0,"turns":8.0},{"damage":0.0,"enemies":"3 Byrds","floor":18.0,"turns":4.0},{"damage":2.0,"enemies":"Chosen","floor":21.0,"turns":5.0},{"damage":24.0,"enemies":"Snecko","floor":22.0,"turns":6.0},{"damage":27.0,"enemies":"Slavers","floor":24.0,"turns":8.0},{"damage":6,"enemies":"Shelled Parasite and Fungi","floor":25,"turns":4},{"damage":20,"enemies":"Snake Plant","floor":28,"turns":4},{"damage":1,"enemies":"Centurion and Healer","floor":29,"turns":4},{"damage":0,"enemies":"3 Cultists","floor":31,"turns":4},{"damage":33,"enemies":"Collector","floor":33,"turns":8},{"damage":0,"enemies":"3 Shapes","floor":35,"turns":3},{"damage":0,"enemies":"Orb Walker","floor":36,"turns":2},{"damage":2,"enemies":"Mind Bloom Boss Battle","floor":37,"turns":3},{"damage":0,"enemies":"Spire Growth","floor":38,"turns":2},{"damage":16,"enemies":"Maw","floor":39,"turns":4},{"damage":10,"enemies":"Giant Head","floor":40,"turns":5},{"damage":0,"enemies":"3 Darklings","floor":46,"turns":2},{"damage":7,"enemies":"Sphere and 2 Shapes","floor":47,"turns":4},{"damage":36,"enemies":"Awakened One","floor":50,"turns":6},{"damage":77,"enemies":"Shield and Spear","floor":54,"turns":3}],"seed_played":"668191637396710029","potions_obtained":[{"floor":4.0,"key":"Energy Potion"},{"floor":5.0,"key":"AttackPotion"},{"floor":13.0,"key":"AttackPotion"},{"floor":14.0,"key":"Swift Potion"},{"floor":18.0,"key":"LiquidMemories"},{"floor":22.0,"key":"Regen Potion"},{"floor":24.0,"key":"Poison Potion"},{"floor":29,"key":"Explosive Potion"},{"floor":31,"key":"LiquidMemories"},{"floor":35,"key":"Poison Potion"},{"floor":37,"key":"BlessingOfTheForge"}],"is_trial":false,"path_per_floor":["M","M","?","M","M","E","R","E","T","M","?","$","E","M","R","B",null,"M","T","$","M","M","R","E","M","T","R","M","M","$","M","R","B",null,"M","M","?","M","M","E","R","?","T","R","?","M","M","$","R","B",null,"R","$","E"],"character_chosen":"THE_SILENT","items_purchased":["Nunchaku","Blade Dance","Shuriken","Fire Potion","Ancient Potion"],"campfire_rested":7,"item_purchase_floors":[12,12,30,48,53],"current_hp_per_floor":[59,59,59,59,50,28,47,12,12,12,12,12,3,3,22,3,50,50,50,50,48,24,43,31,25,25,44,24,23,23,23,42,9,52,52,52,50,50,34,24,43,43,43,43,43,43,36,36,55,31,57,57,57,0,0],"gold":39,"neow_bonus":"BOSS_RELIC","is_daily":false,"chose_seed":false,"campfire_upgraded":1,"win_rate":0.0,"timestamp":1609130298,"path_taken":["M","M","?","M","?","E","R","E","T","M","?","$","E","M","R","BOSS","M","?","$","M","M","R","E","M","T","R","M","M","$","M","R","BOSS","M","?","?","M","M","E","R","?","T","R","?","M","M","$","R","BOSS","R","$","E"],"items_purchased_type":["Relic","Card","Relic","Potion","Potion"],"build_version":"2020-12-22","purchased_purges":2,"victory":false,"max_hp_per_floor":[66,66,66,66,66,66,66,66,66,66,66,66,66,66,66,66,66,66,66,66,66,66,66,66,66,66,66,66,66,66,66,66,66,66,66,66,66,66,66,66,66,66,66,66,66,66,66,66,66,66,66,66,66,66,66],"relic_stats":{"Nunchaku":[52],"counters":[29,124],"Shuriken":[81],"HoveringKite":[64],"Turnip":[3],"Bag of Preparation":[28],"Whetstone":["Strike_G","Neutralize"],"Orichalcum":[138],"Boot":[266],"obtain_stats":[{"Oddly Smooth Stone":13,"HoveringKite":17,"Bag of Preparation":26,"Whetstone":24,"Orichalcum":8,"Empty Cage":0,"Boot":6,"Ancient Tea Set":9,"Nunchaku":12,"WristBlade":34,"Ninja Scroll":19,"Shuriken":30,"Turnip":37,"Ring of the Snake":0,"Meat on the Bone":40},{"Oddly Smooth Stone":8,"HoveringKite":10,"Bag of Preparation":15,"Whetstone":14,"Orichalcum":6,"Empty Cage":0,"Boot":5,"Ancient Tea Set":6,"Nunchaku":7,"WristBlade":19,"Ninja Scroll":11,"Shuriken":17,"Turnip":22,"Ring of the Snake":0,"Meat on the Bone":25},{"Oddly Smooth Stone":33,"HoveringKite":43,"Bag of Preparation":70,"Whetstone":66,"Orichalcum":24,"Empty Cage":0,"Boot":20,"Ancient Tea Set":24,"Nunchaku":27,"WristBlade":90,"Ninja Scroll":47,"Shuriken":78,"Turnip":98,"Ring of the Snake":0,"Meat on the Bone":109}],"Meat on the Bone":12},"card_choices":[{"not_picked":["Quick Slash","Distraction"],"picked":"Blade Dance","floor":1.0},{"not_picked":["Deflect","Bane"],"picked":"Slice","floor":2.0},{"not_picked":["Backflip","Crippling Poison","Flying Knee"],"picked":"SKIP","floor":4.0},{"not_picked":["Endless Agony","Outmaneuver"],"picked":"Prepared","floor":5.0},{"not_picked":["Bane","Slice"],"picked":"Blade Dance","floor":6.0},{"not_picked":["Outmaneuver","Sucker Punch","Flying Knee"],"picked":"SKIP","floor":8.0},{"not_picked":["Riddle With Holes","Poisoned Stab"],"picked":"Leg Sweep","floor":10.0},{"not_picked":["Crippling Poison","Quick Slash"],"picked":"Prepared","floor":13.0},{"not_picked":["Poisoned Stab","Tactician","Bane"],"picked":"SKIP","floor":14.0},{"not_picked":["Wraith Form v2","Envenom"],"picked":"Tools of the Trade","floor":16.0},{"not_picked":["Dodge and Roll","Bane+1"],"picked":"Cloak And Dagger","floor":18.0},{"not_picked":["Noxious Fumes","Quick Slash","Setup+1"],"picked":"SKIP","floor":21.0},{"not_picked":["Slice+1","Prepared"],"picked":"Underhanded Strike","floor":22.0},{"not_picked":["Escape Plan","All Out Attack"],"picked":"Acrobatics","floor":24.0},{"not_picked":["Dagger Spray","Prepared","Quick Slash+1"],"picked":"SKIP","floor":25},{"not_picked":["Finisher","Poisoned Stab"],"picked":"Tactician","floor":28},{"not_picked":["Flying Knee","Crippling Poison","Dagger Throw"],"picked":"SKIP","floor":29},{"not_picked":["Corpse Explosion","Deflect+1"],"picked":"Acrobatics","floor":31},{"not_picked":["Glass Knife","Envenom"],"picked":"A Thousand Cuts","floor":33},{"not_picked":["Poisoned Stab","Deadly Poison+1","Caltrops+1"],"picked":"SKIP","floor":35},{"not_picked":["Outmaneuver","Bane"],"picked":"Accuracy","floor":36},{"not_picked":["Deflect","Cloak And Dagger","Dagger Throw"],"picked":"SKIP","floor":38},{"not_picked":["Malaise","Terror"],"picked":"Blade Dance+1","floor":39},{"not_picked":["Crippling Poison+1","Dagger Spray"],"picked":"Infinite Blades","floor":40},{"not_picked":["Secret Weapon","Master of Strategy"],"picked":"Deep Breath","floor":45},{"not_picked":["Poisoned Stab+1","Predator","Underhanded Strike"],"picked":"SKIP","floor":46},{"not_picked":["Bane","Riddle With Holes","Escape Plan"],"picked":"SKIP","floor":47}],"player_experience":1044351,"relics_obtained":[{"floor":6.0,"key":"Boot"},{"floor":8.0,"key":"Orichalcum"},{"floor":9.0,"key":"Ancient Tea Set"},{"floor":13.0,"key":"Oddly Smooth Stone"},{"floor":19.0,"key":"Ninja Scroll"},{"floor":24.0,"key":"Whetstone"},{"floor":26,"key":"Bag of Preparation"},{"floor":37,"key":"Turnip"},{"floor":40,"key":"Meat on the Bone"}],"event_choices":[{"damage_healed":0.0,"max_hp_gain":0.0,"max_hp_loss":0.0,"gold_gain":0.0,"event_name":"Upgrade Shrine","player_choice":"Upgraded","floor":3.0,"gold_loss":0.0,"damage_taken":0.0,"cards_upgraded":["Blade Dance"]},{"damage_healed":0.0,"max_hp_gain":0.0,"max_hp_loss":0.0,"gold_gain":0.0,"event_name":"Accursed Blacksmith","player_choice":"Forge","floor":11.0,"gold_loss":0.0,"damage_taken":0.0,"cards_upgraded":["Blade Dance"]},{"damage_healed":0,"gold_gain":0,"player_choice":"Fight","damage_taken":0,"max_hp_gain":0,"max_hp_loss":0,"event_name":"MindBloom","floor":37,"gold_loss":0},{"damage_healed":0,"gold_gain":0,"player_choice":"Ignored","damage_taken":0,"max_hp_gain":0,"max_hp_loss":0,"event_name":"Tomb of Lord Red Mask","floor":42,"gold_loss":0},{"damage_healed":0,"gold_gain":0,"player_choice":"Memory 1","damage_taken":0,"max_hp_gain":0,"max_hp_loss":0,"event_name":"SensoryStone","floor":45,"gold_loss":0}],"is_beta":false,"boss_relics":[{"not_picked":["Ectoplasm","Calling Bell"],"picked":"HoveringKite"},{"not_picked":["Philosopher\u0027s Stone","Runic Pyramid"],"picked":"WristBlade"}],"items_purged_floors":[20,48],"is_endless":false,"potions_floor_spawned":[4,5,13,14,18,22,24,29,31,35,37],"killed_by":"Shield and Spear","ascension_level":14}}