{"host":"f5gffvlv6a66yqkd","time":1609131547,"event":{"mods":["2.2 Compatiblity","BaseMod","Colored Map","DeckTracker","Keyboard Shortcuts","Lobotomy","Minty Spire (QoL Compilation)","Permanent Neow","Quick Restart","Relic Stats","StSLib","SuperFastMode"],"gold_per_floor":[116,131,281,281,281,281,281],"floor_reached":6,"playtime":146,"items_purged":[],"score":68,"play_id":"7d611278-799b-4d48-998e-0dc60cc5ea8a","local_time":"20201228135907","is_ascension_mode":true,"campfire_choices":[],"circlet_count":0,"master_deck":["AscendersBane","Strike_B","Strike_B","Strike_B","Strike_B","Defend_B","Defend_B","Defend_B","Defend_B","Zap","Dualcast","Woodsman","Turbo","Murderer","Ball Lightning","Doubt"],"relics":["Cracked Core","CogitoBucket","Eternal Feather"],"acts_visited":["Exordium"],"potions_floor_usage":[],"damage_taken":[{"damage":0,"enemies":"2 Louse","floor":1,"turns":3},{"damage":29,"enemies":"Small Slimes","floor":2,"turns":4},{"damage":49,"enemies":"Gremlin Nob","floor":6,"turns":3}],"seed_played":"8130537598310439393","potions_obtained":[{"floor":2,"key":"EssenceOfSteel"}],"is_trial":false,"path_per_floor":["M","M","?","?","?","E"],"character_chosen":"DEFECT","items_purchased":[],"campfire_rested":0,"item_purchase_floors":[],"current_hp_per_floor":[64,47,47,52,34,0,0],"gold":281,"neow_bonus":"","is_daily":false,"chose_seed":false,"campfire_upgraded":0,"win_rate":0.0,"timestamp":1609131547,"path_taken":["M","M","?","?","?","E"],"items_purchased_type":[],"build_version":"2020-12-22","purchased_purges":0,"victory":false,"max_hp_per_floor":[71,71,71,76,76,76,76],"relic_stats":{"counters":[3,10],"Eternal Feather":0,"obtain_stats":[{"CogitoBucket":0,"Eternal Feather":5,"Cracked Core":0},{"CogitoBucket":0,"Eternal Feather":2,"Cracked Core":0},{"CogitoBucket":0,"Eternal Feather":7,"Cracked Core":0}]},"card_choices":[{"not_picked":["GreedKing","BeautyBeast"],"picked":"Woodsman","floor":1},{"not_picked":["Barrage","Leap"],"picked":"Turbo","floor":1},{"not_picked":["LittlePrince","MHz"],"picked":"Murderer","floor":2},{"not_picked":["Aggregate","Coolheaded"],"picked":"Ball Lightning","floor":2}],"player_experience":1496250,"relics_obtained":[],"event_choices":[{"damage_healed":0,"gold_gain":150,"player_choice":"AGREE","damage_taken":0,"max_hp_gain":0,"max_hp_loss":0,"event_name":"Liars Game","floor":3,"gold_loss":0,"cards_obtained":["Doubt"]},{"damage_healed":0,"gold_gain":0,"player_choice":"Donut","damage_taken":0,"max_hp_gain":5,"max_hp_loss":0,"event_name":"Big Fish","floor":4,"gold_loss":0},{"damage_healed":0,"gold_gain":0,"player_choice":"Success","damage_taken":18,"relics_obtained":["Eternal Feather"],"max_hp_gain":0,"max_hp_loss":0,"event_name":"Scrap Ooze","floor":5,"gold_loss":0}],"is_beta":false,"boss_relics":[],"items_purged_floors":[],"is_endless":false,"potions_floor_spawned":[2],"killed_by":"Gremlin Nob","ascension_level":20}}