{"host":"lgcfsflrbypvnipj","time":1609129305,"event":{"mods":["2.2 Compatiblity","BaseMod","Bestiary","Block Reminder","Colored Map","Colored Powertips","Hermit","Minty Spire (QoL Compilation)","Quick Restart","Rare Cards Sparkle","Relic Stats","StSLib","everything is the same but u backflip on backflip"],"gold_per_floor":[110,110,126,140,140,165,183,183,183,183,209,227,227,243,243,343,343,360,375,375,375,23,54,54,54,108,108,119,149,167,186,186,281,281,291,303,303,1,1,336,336,336,360,45,65,83,98,114,114,114],"floor_reached":51,"playtime":2427,"items_purged":["Strike_G+1","Strike_G+1"],"score":744,"play_id":"be3e3439-7a5d-4e7e-9bf3-102ddbc27132","local_time":"20201227232145","is_ascension_mode":false,"campfire_choices":[{"data":"Footwork","floor":8,"key":"SMITH"},{"data":"Infinite Blades","floor":10,"key":"SMITH"},{"floor":13,"key":"REST"},{"data":"Dagger Throw","floor":15,"key":"SMITH"},{"data":"Noxious Fumes","floor":25,"key":"SMITH"},{"data":"Adrenaline","floor":27,"key":"SMITH"},{"data":"PiercingWail","floor":32,"key":"SMITH"},{"data":"Choke","floor":41,"key":"SMITH"},{"floor":49,"key":"REST"}],"circlet_count":0,"master_deck":["Strike_G+1","Strike_G+1","Defend_G+1","Defend_G+1","Defend_G+1","Defend_G+1","Defend_G+1","Survivor","Neutralize+1","Infinite Blades+1","Backflip","Footwork+1","Dash+1","Crippling Poison","Prepared","Dagger Throw+1","Adrenaline+1","Dagger Spray+1","Noxious Fumes+1","PiercingWail+1","Flechettes+1","Burst","PiercingWail+1","Envenom","Choke+1","Well Laid Plans"],"relics":["Ring of the Snake","NeowsBlessing","Juzu Bracelet","Torii","Sundial","Happy Flower","Busted Crown","Vajra","Whetstone","MutagenicStrength","Pen Nib","Nunchaku","WristBlade","Oddly Smooth Stone","Old Coin","MawBank","TwistedFunnel"],"acts_visited":["Exordium","TheCity","TheBeyond"],"potions_floor_usage":[16,16,40,40,48,50,50],"damage_taken":[{"damage":0,"enemies":"2 Louse","floor":1,"turns":1},{"damage":0,"enemies":"Cultist","floor":3,"turns":1},{"damage":0,"enemies":"Small Slimes","floor":4,"turns":1},{"damage":14,"enemies":"3 Sentries","floor":6,"turns":13},{"damage":0,"enemies":"Exordium Wildlife","floor":7,"turns":4},{"damage":2,"enemies":"Large Slime","floor":12,"turns":8},{"damage":0,"enemies":"Looter","floor":14,"turns":3},{"damage":3,"enemies":"The Guardian","floor":16,"turns":13},{"damage":0,"enemies":"3 Byrds","floor":18,"turns":5},{"damage":0,"enemies":"Chosen","floor":19,"turns":6},{"damage":1,"enemies":"Gremlin Leader","floor":23,"turns":8},{"damage":0,"enemies":"Centurion and Healer","floor":28,"turns":4},{"damage":1,"enemies":"Book of Stabbing","floor":29,"turns":5},{"damage":0,"enemies":"Sentry and Sphere","floor":30,"turns":5},{"damage":0,"enemies":"Snake Plant","floor":31,"turns":4},{"damage":24,"enemies":"Champ","floor":33,"turns":13},{"damage":0,"enemies":"3 Shapes","floor":35,"turns":5},{"damage":0,"enemies":"Orb Walker","floor":36,"turns":3},{"damage":20,"enemies":"Reptomancer","floor":40,"turns":7},{"damage":0,"enemies":"Maw","floor":45,"turns":7},{"damage":3,"enemies":"Transient","floor":46,"turns":5},{"damage":0,"enemies":"Sphere and 2 Shapes","floor":47,"turns":4},{"damage":0,"enemies":"Jaw Worm Horde","floor":48,"turns":4},{"damage":52,"enemies":"Time Eater","floor":50,"turns":14}],"seed_played":"-5899524629530364870","potions_obtained":[{"floor":4,"key":"BlessingOfTheForge"},{"floor":7,"key":"Strength Potion"},{"floor":14,"key":"Energy Potion"},{"floor":16,"key":"SpeedPotion"},{"floor":19,"key":"GhostInAJar"},{"floor":46,"key":"ColorlessPotion"},{"floor":47,"key":"Ancient Potion"}],"is_trial":false,"path_per_floor":["M","?","M","M","?","E","M","R","T","R","T","M","R","M","R","B",null,"M","M","?","?","$","E","?","R","T","R","M","E","M","M","R","B",null,"M","M","?","$","?","E","R","?","T","$","M","M","M","M","R","B",null],"character_chosen":"THE_SILENT","items_purchased":["Vajra","Noxious Fumes","PiercingWail","Envenom","Oddly Smooth Stone","Choke","Well Laid Plans","TwistedFunnel"],"campfire_rested":2,"item_purchase_floors":[22,22,22,38,38,38,44,44],"current_hp_per_floor":[70,70,70,70,45,31,31,31,31,31,31,29,50,50,50,47,70,70,70,70,70,70,69,69,69,69,69,69,68,68,68,68,44,70,70,70,70,70,70,50,50,50,50,50,50,47,47,47,68,16],"gold":114,"neow_bonus":"THREE_ENEMY_KILL","is_daily":false,"chose_seed":false,"campfire_upgraded":7,"win_rate":0.0,"timestamp":1609129305,"path_taken":["M","?","?","M","?","E","M","R","T","R","?","M","R","M","R","BOSS","M","M","?","?","?","E","?","R","T","R","M","E","M","M","R","BOSS","M","M","?","$","?","E","R","?","T","$","M","M","M","M","R","BOSS"],"items_purchased_type":["Relic","Card","Card","Card","Relic","Card","Card","Relic"],"build_version":"2020-12-22","purchased_purges":2,"victory":true,"max_hp_per_floor":[70,70,70,70,70,70,70,70,70,70,70,70,70,70,70,70,70,70,70,70,70,70,70,70,70,70,70,70,70,70,70,70,70,70,70,70,70,70,70,70,70,70,70,70,70,70,70,70,70,70],"relic_stats":{"Nunchaku":[16],"Busted Crown":32,"Torii":15,"Happy Flower":[41],"counters":[24,143],"Sundial":[20],"Pen Nib":[19],"Juzu Bracelet":0,"Whetstone":["Dash"],"MawBank":12,"obtain_stats":[{"TwistedFunnel":44,"NeowsBlessing":0,"Torii":6,"Happy Flower":11,"Vajra":22,"Oddly Smooth Stone":38,"Pen Nib":26,"Juzu Bracelet":5,"Whetstone":23,"MawBank":43,"Old Coin":40,"Nunchaku":29,"Busted Crown":17,"WristBlade":34,"Sundial":9,"MutagenicStrength":24,"Ring of the Snake":0},{"TwistedFunnel":19,"NeowsBlessing":0,"Torii":4,"Happy Flower":5,"Vajra":10,"Oddly Smooth Stone":18,"Pen Nib":11,"Juzu Bracelet":3,"Whetstone":11,"MawBank":19,"Old Coin":19,"Nunchaku":13,"Busted Crown":8,"WristBlade":16,"Sundial":5,"MutagenicStrength":11,"Ring of the Snake":0},{"TwistedFunnel":109,"NeowsBlessing":0,"Torii":16,"Happy Flower":20,"Vajra":55,"Oddly Smooth Stone":102,"Pen Nib":63,"Juzu Bracelet":3,"Whetstone":63,"MawBank":109,"Old Coin":109,"Nunchaku":72,"Busted Crown":44,"WristBlade":94,"Sundial":20,"MutagenicStrength":63,"Ring of the Snake":0}],"Ring of the Snake":[48]},"card_choices":[{"not_picked":["Flying Knee","PiercingWail"],"picked":"Infinite Blades","floor":1},{"not_picked":["Underhanded Strike","Dagger Throw"],"picked":"Backflip","floor":3},{"not_picked":["Caltrops","Backflip"],"picked":"Footwork","floor":4},{"not_picked":["Quick Slash","Tactician"],"picked":"Dash","floor":6},{"not_picked":["Outmaneuver","Dagger Throw"],"picked":"Crippling Poison","floor":7},{"not_picked":["Dash","Choke"],"picked":"Prepared","floor":12},{"not_picked":["Crippling Poison","Bane"],"picked":"Dagger Throw","floor":14},{"not_picked":["Burst","Doppelganger"],"picked":"Adrenaline","floor":16},{"not_picked":["Acrobatics+1"],"picked":"SKIP","floor":18},{"not_picked":[],"picked":"Dagger Spray+1","floor":19},{"not_picked":["Quick Slash"],"picked":"SKIP","floor":23},{"not_picked":["Escape Plan"],"picked":"SKIP","floor":28},{"not_picked":[],"picked":"Flechettes+1","floor":29},{"not_picked":["Expertise"],"picked":"SKIP","floor":30},{"not_picked":["Prepared"],"picked":"SKIP","floor":31},{"not_picked":[],"picked":"Burst","floor":33},{"not_picked":["Backflip"],"picked":"SKIP","floor":35},{"not_picked":[],"picked":"PiercingWail+1","floor":36},{"not_picked":["Crippling Poison"],"picked":"SKIP","floor":40},{"not_picked":["Underhanded Strike"],"picked":"SKIP","floor":45},{"not_picked":["Bane"],"picked":"SKIP","floor":46},{"not_picked":["Deflect"],"picked":"SKIP","floor":47},{"not_picked":["PiercingWail"],"picked":"SKIP","floor":48}],"player_experience":5619,"relics_obtained":[{"floor":6,"key":"Torii"},{"floor":9,"key":"Sundial"},{"floor":11,"key":"Happy Flower"},{"floor":23,"key":"Whetstone"},{"floor":26,"key":"Pen Nib"},{"floor":29,"key":"Nunchaku"},{"floor":40,"key":"Old Coin"},{"floor":43,"key":"MawBank"}],"event_choices":[{"damage_healed":0,"gold_gain":0,"player_choice":"Forge","damage_taken":0,"max_hp_gain":0,"max_hp_loss":0,"event_name":"Accursed Blacksmith","floor":2,"gold_loss":0,"cards_upgraded":["Neutralize"]},{"damage_healed":0,"gold_gain":0,"player_choice":"Success","damage_taken":25,"relics_obtained":["Juzu Bracelet"],"max_hp_gain":0,"max_hp_loss":0,"event_name":"Scrap Ooze","floor":5,"gold_loss":0},{"damage_healed":0,"gold_gain":0,"player_choice":"Ignored","damage_taken":0,"max_hp_gain":0,"max_hp_loss":0,"event_name":"Vampires","floor":20,"gold_loss":0},{"damage_healed":0,"gold_gain":0,"player_choice":"Simplicity","damage_taken":0,"max_hp_gain":0,"max_hp_loss":0,"event_name":"Back to Basics","floor":21,"gold_loss":0,"cards_upgraded":["Strike_G","Strike_G","Strike_G","Strike_G","Strike_G","Defend_G","Defend_G","Defend_G","Defend_G","Defend_G"]},{"damage_healed":0,"gold_gain":0,"player_choice":"Inject Mutagens","damage_taken":0,"relics_obtained":["MutagenicStrength"],"max_hp_gain":0,"max_hp_loss":0,"event_name":"Drug Dealer","floor":24,"gold_loss":0},{"damage_healed":0,"gold_gain":0,"player_choice":"Memory 1","damage_taken":0,"max_hp_gain":0,"max_hp_loss":0,"event_name":"SensoryStone","floor":37,"gold_loss":0},{"cards_removed":["Strike_G"],"damage_healed":0,"gold_gain":0,"player_choice":"Removed Attack","damage_taken":0,"max_hp_gain":0,"max_hp_loss":0,"event_name":"Falling","floor":39,"gold_loss":0},{"damage_healed":0,"gold_gain":0,"player_choice":"0 cards matched","damage_taken":0,"max_hp_gain":0,"max_hp_loss":0,"event_name":"Match and Keep!","floor":42,"gold_loss":0,"cards_obtained":[]}],"is_beta":false,"boss_relics":[{"not_picked":["Runic Pyramid","Velvet Choker"],"picked":"Busted Crown"},{"not_picked":["Tiny House","Fusion Hammer"],"picked":"WristBlade"}],"items_purged_floors":[22,44],"is_endless":false,"potions_floor_spawned":[4,7,14,16,19,28,33,36,46,47],"ascension_level":0}}