{"host":"hig4mmxcip4vq5ai","time":1609166204,"event":{"mods":["Aspiration","BaseMod","Challenge The Spire","Colored Powertips","Conspire","Energized Spire","Friendly Minions","GungeonMod","Halation","Hubris","Minty Spire (QoL Compilation)","Replay The Spire","Shop Mod","Small Relic Pack","StSLib","slay the spire mod where everything is the same but ironclad has a cowboy hat","vexMod"],"gold_per_floor":[114,5,214,447,468,468,487,487,557,86,86,86,104,130,130,285,285,315,265,276,191,191,191,166,19,68,68,88,88,88],"floor_reached":29,"playtime":1396,"items_purged":["DemoMod:DirectionalPad"],"score":219,"play_id":"a1237f4c-1676-41a1-8c13-eae07fb027eb","local_time":"20201228173644","is_ascension_mode":false,"campfire_choices":[{"data":"DemoMod:HungryBullets","floor":6,"key":"SMITH"},{"data":"DemoMod:ManualReload","floor":8,"key":"SMITH"},{"data":"DemoMod:AWP","floor":15,"key":"SMITH"},{"floor":23,"key":"REST"},{"data":"DemoMod:ShadowBullets","floor":27,"key":"SMITH"}],"circlet_count":0,"master_deck":["DemoMod:Strike_Huntress","DemoMod:Strike_Huntress","DemoMod:Strike_Huntress","DemoMod:Defend_Huntress","DemoMod:Defend_Huntress","DemoMod:Defend_Huntress","DemoMod:Defend_Huntress","DemoMod:Roll","DemoMod:ManualReload+1","DemoMod:RustySidearm","DemoMod:CrossBow","DemoMod:HuntsMan","DemoMod:HungryBullets+1","DemoMod:AWP+1","DemoMod:SniperShot","DemoMod:TableSutra","DemoMod:SuppressiveFire","DemoMod:SniperShot","DemoMod:BulletBore","conspire:SpireCoStock","DemoMod:ShadowBullets+1","DemoMod:BattleInHaste+1","DemoMod:HardPowerCard"],"relics":["DemoMod:Dog","NeowsBlessing","halation:SelfBoilingWater","Mummified Hand","hubris:OldNail","relicPack:OneForAll","Matryoshka","aspiration:FutureDiary","Prayer Wheel","Bag of Preparation","halation:AfternoonTea"],"acts_visited":["Exordium","TheCity"],"potions_floor_usage":[28,29],"damage_taken":[{"damage":0,"enemies":"Cultist","floor":1,"turns":1},{"damage":0,"enemies":"Small Slimes","floor":5,"turns":1},{"damage":0,"enemies":"2 Louse","floor":7,"turns":1},{"damage":0,"enemies":"Gremlin Gang","floor":13,"turns":4},{"damage":4,"enemies":"Gremlin Nob","floor":14,"turns":3},{"damage":25,"enemies":"Slime Boss","floor":16,"turns":18},{"damage":10,"enemies":"Shell Parasite","floor":18,"turns":4},{"damage":9,"enemies":"3 Byrds","floor":20,"turns":5},{"damage":52,"enemies":"Snake Plant","floor":28,"turns":5},{"damage":26,"enemies":"Slavers","floor":29,"turns":2}],"seed_played":"-3818831458058373654","potions_obtained":[{"floor":13,"key":"Regen Potion"},{"floor":20,"key":"BlessingOfTheForge"},{"floor":28,"key":"Dexterity Potion"}],"is_trial":false,"path_per_floor":["M","$","?","?","M","R","M","R","T","$","?","?","M","E","R","B",null,"M","?","M","?","?","R","?","$","T","R","M","E"],"character_chosen":"HUNTRESS","items_purchased":["DemoMod:HuntsMan","DemoMod:HungryBullets","Mummified Hand","DemoMod:TableSutra","hubris:OldNail","DemoMod:ShadowBullets"],"campfire_rested":1,"item_purchase_floors":[2,2,10,10,10,25],"current_hp_per_floor":[70,70,53,53,53,53,53,53,53,53,53,53,53,49,49,24,70,60,60,51,51,38,60,60,60,60,60,22,0,0],"gold":88,"neow_bonus":"THREE_ENEMY_KILL","is_daily":false,"chose_seed":false,"campfire_upgraded":4,"win_rate":0.0,"timestamp":1609166204,"path_taken":["M","$","?","?","?","R","M","R","T","$","?","?","M","E","R","BOSS","M","?","M","?","?","R","?","$","T","R","?","E"],"items_purchased_type":["Card","Card","Relic","Card","Relic","Card"],"build_version":"2020-12-22","purchased_purges":1,"victory":false,"max_hp_per_floor":[70,70,70,70,70,70,70,70,70,70,70,70,70,70,70,70,70,70,70,70,70,75,75,75,75,75,75,75,75,75],"card_choices":[{"not_picked":["DemoMod:PracticeMakesPerfect","DemoMod:MegaHand"],"picked":"DemoMod:DirectionalPad","floor":1},{"not_picked":["DemoMod:Camera","DemoMod:FastSwitch"],"picked":"DemoMod:AWP","floor":3},{"not_picked":["DemoMod:ChanceBullets","DemoMod:HuntsMan"],"picked":"DemoMod:SniperShot","floor":5},{"not_picked":["DemoMod:MegaHand","DemoMod:AbyssalTentacle"],"picked":"DemoMod:DirectionalPad","floor":7},{"not_picked":["DemoMod:Ejector","DemoMod:PracticeMakesPerfect","DemoMod:FastSwitch"],"picked":"SKIP","floor":13},{"not_picked":["DemoMod:FastSwitch","DemoMod:HuntsMan"],"picked":"DemoMod:SniperShot","floor":14},{"not_picked":["DemoMod:Elimentaler","DemoMod:FullFirepower"],"picked":"DemoMod:BulletBore","floor":16},{"not_picked":["DemoMod:ChanceBullets","DemoMod:TeaPot","DemoMod:Unmoved"],"picked":"SKIP","floor":18},{"not_picked":["DemoMod:ConditionalReflex","DemoMod:BattleInHaste","DemoMod:AC15"],"picked":"SKIP","floor":20},{"not_picked":["DemoMod:Camera","DemoMod:FullFirepower"],"picked":"DemoMod:BattleInHaste+1","floor":28},{"not_picked":["DemoMod:RadGun","DemoMod:Purify"],"picked":"DemoMod:HardPowerCard","floor":28}],"player_experience":409506,"relics_obtained":[{"floor":9,"key":"halation:SelfBoilingWater"},{"floor":14,"key":"Matryoshka"},{"floor":26,"key":"Bag of Preparation"},{"floor":26,"key":"halation:AfternoonTea"}],"event_choices":[{"damage_healed":0,"gold_gain":0,"player_choice":"1 cards matched","damage_taken":0,"max_hp_gain":0,"max_hp_loss":0,"event_name":"Match and Keep!","floor":12,"gold_loss":0,"cards_obtained":["DemoMod:SuppressiveFire"]},{"damage_healed":0,"gold_gain":0,"player_choice":"Invest 1","damage_taken":0,"max_hp_gain":0,"max_hp_loss":0,"event_name":"conspire:Investor","floor":19,"gold_loss":0},{"damage_healed":0,"gold_gain":0,"player_choice":"Obtained Relic","damage_taken":0,"relics_obtained":["Prayer Wheel"],"max_hp_gain":0,"max_hp_loss":0,"event_name":"Addict","floor":21,"gold_loss":85},{"damage_healed":0,"gold_gain":0,"player_choice":"Shed Blood","damage_taken":18,"max_hp_gain":5,"max_hp_loss":0,"event_name":"Forgotten Altar","floor":22,"gold_loss":0}],"is_beta":false,"boss_relics":[{"not_picked":["hubris:GrandSneckoEye","aspiration:RitualDagger"],"picked":"aspiration:FutureDiary"}],"items_purged_floors":[25],"is_endless":false,"potions_floor_spawned":[13,20,28],"killed_by":"Slavers","ascension_level":0}}