{"host":"6r341r9cz00j2qc1","time":1609185718,"event":{"mods":["BaseMod","Better Third Choice","Downfall","GungeonMod","Hermit","Lobotomy","LobotomyExtend","Minty Spire (QoL Compilation)","Shop Mod","StSLib"],"gold_per_floor":[212,212,137,137,137,137,161,161,208,208,255,270,286,301,301,424,487,500,500,500,500,500],"floor_reached":21,"playtime":1746,"items_purged":["Injury"],"score":217,"play_id":"53ecd1d8-fcb2-49d2-85a0-455cba1934ea","local_time":"20201228210158","is_ascension_mode":false,"campfire_choices":[{"data":"DemoMod:CrossBow","floor":6,"key":"SMITH"},{"data":"DemoMod:MegaHand","floor":8,"key":"SMITH"},{"data":"DemoMod:Roll","floor":10,"key":"SMITH"},{"data":"DemoMod:TableSutra","floor":15,"key":"SMITH"}],"circlet_count":0,"master_deck":[],"relics":["DemoMod:Dog","LetterFromLob","Golden Idol","War Paint","Tiny House"],"acts_visited":["Exordium","TheCity"],"potions_floor_usage":[14,14,16,18],"damage_taken":[{"damage":5,"enemies":"Small Slimes","floor":1,"turns":3},{"damage":0,"enemies":"2 Louse","floor":7,"turns":2},{"damage":0,"enemies":"Jaw Worm","floor":12,"turns":2},{"damage":0,"enemies":"Gremlin Gang","floor":13,"turns":7},{"damage":0,"enemies":"Exordium Wildlife","floor":14,"turns":3},{"damage":0,"enemies":"The Guardian","floor":16,"turns":10},{"damage":2,"enemies":"2 Thieves","floor":18,"turns":4},{"damage":73,"enemies":"3 Byrds","floor":21,"turns":5}],"seed_played":"5996224295507859164","potions_obtained":[{"floor":1,"key":"Guardian:BlockOnCardUsePotion"},{"floor":7,"key":"AttackPotion"},{"floor":13,"key":"LiquidBronze"},{"floor":17,"key":"SpeedPotion"}],"is_trial":false,"path_per_floor":["M","?","$","?","?","R","M","R","T","R","?","M","M","M","R","B",null,"M","?","?","M"],"character_chosen":"HUNTRESS","items_purchased":[],"campfire_rested":0,"item_purchase_floors":[],"current_hp_per_floor":[65,65,65,65,65,65,65,65,65,65,53,53,53,53,53,53,75,73,75,72,0,0],"gold":500,"neow_bonus":"HUNDRED_GOLD","is_daily":false,"chose_seed":false,"campfire_upgraded":4,"win_rate":0.0,"timestamp":1609185718,"path_taken":["M","?","$","?","?","R","M","R","T","R","?","M","M","M","R","BOSS","M","?","?","M"],"items_purchased_type":[],"build_version":"2020-12-22","purchased_purges":1,"victory":false,"max_hp_per_floor":[70,70,70,70,70,70,70,70,70,70,70,70,70,70,70,70,75,75,75,75,75,75],"card_choices":[{"not_picked":["DemoMod:FortunesFavor","DemoMod:ProbeStrike"],"picked":"DemoMod:SAA","floor":1},{"not_picked":["DemoMod:BoxingGlove","DemoMod:Unmoved"],"picked":"DemoMod:MegaHand","floor":7},{"not_picked":["DemoMod:ProbeStrike","DemoMod:RadGun"],"picked":"DemoMod:Purify","floor":12},{"not_picked":["DemoMod:StickyCrossBow","DemoMod:MachoBrace"],"picked":"DemoMod:HungryBullets","floor":13},{"not_picked":["DemoMod:SAA","DemoMod:PracticeMakesPerfect"],"picked":"DemoMod:TableSutra","floor":14},{"not_picked":["DemoMod:Desperate","DemoMod:DarkMarker"],"picked":"DemoMod:BulletBore","floor":16},{"not_picked":["DemoMod:AbyssalTentacle","DemoMod:StickyCrossBow"],"picked":"DemoMod:ChanceBullets","floor":17},{"not_picked":["DemoMod:AC15","DemoMod:BattleInHaste"],"picked":"DemoMod:PotionOfGunFriendShip","floor":18}],"player_experience":425821,"relics_obtained":[{"floor":1,"key":"LetterFromLob"},{"floor":9,"key":"War Paint"}],"event_choices":[{"damage_healed":0,"gold_gain":0,"player_choice":"Take Wound","damage_taken":0,"relics_obtained":["Golden Idol"],"max_hp_gain":0,"max_hp_loss":0,"event_name":"Golden Idol","floor":2,"gold_loss":0,"cards_obtained":["Injury"]},{"damage_healed":0,"gold_gain":0,"player_choice":"Ignored","damage_taken":0,"max_hp_gain":0,"max_hp_loss":0,"event_name":"Golden Wing","floor":4,"gold_loss":0},{"damage_healed":0,"gold_gain":0,"player_choice":"Leave","damage_taken":0,"max_hp_gain":0,"max_hp_loss":0,"event_name":"The Cleric","floor":5,"gold_loss":0},{"damage_healed":0,"gold_gain":0,"player_choice":"Punched","damage_taken":3,"max_hp_gain":0,"max_hp_loss":0,"event_name":"Designer","floor":20,"gold_loss":0}],"is_beta":false,"boss_relics":[{"not_picked":["Coffee Dripper","Runic Pyramid"],"picked":"Tiny House"}],"items_purged_floors":[3],"is_endless":false,"potions_floor_spawned":[1,7,13],"killed_by":"3 Byrds","ascension_level":0}}