{"host":"hyrsuayny3efwwum","time":1609139288,"event":{"mods":["BaseMod","Bestiary","Colored Map","Highlight Path","Minty Spire (QoL Compilation)","Relic Stats","StSLib"],"gold_per_floor":[115,115,65,86,86,122,122,160,160,173,173,19,19,19,19,115,115,110,125,125,125,140,140,164,164,210,210,210],"floor_reached":27,"playtime":1037,"items_purged":[],"score":369,"play_id":"d3c80304-2482-407d-b9a1-e072522a7904","local_time":"20201228020808","is_ascension_mode":true,"campfire_choices":[{"data":"Defragment","floor":7,"key":"SMITH"},{"floor":11,"key":"REST"},{"data":"Defragment","floor":13,"key":"SMITH"},{"floor":15,"key":"REST"},{"floor":23,"key":"REST"},{"data":"Buffer","floor":25,"key":"SMITH"}],"circlet_count":0,"master_deck":["AscendersBane","Strike_B","Strike_B","Defend_B","Defend_B","Defend_B","Defend_B","Zap","Dualcast","PanicButton","Defragment+1","Static Discharge","Defragment+1","Hello World","Leap","Chaos","Loop","Buffer+1","Ball Lightning","Writhe","Self Repair+1"],"relics":["Cracked Core","Bloody Idol","Blue Candle","Happy Flower","Mercury Hourglass","Lantern","Velvet Choker","Frozen Egg 2","Bronze Scales","Toy Ornithopter"],"acts_visited":["Exordium","TheCity"],"potions_floor_usage":[8,10,27],"damage_taken":[{"damage":1,"enemies":"Cultist","floor":1,"turns":3},{"damage":0,"enemies":"2 Louse","floor":4,"turns":3},{"damage":20,"enemies":"Lagavulin","floor":6,"turns":7},{"damage":25,"enemies":"3 Sentries","floor":8,"turns":4},{"damage":7,"enemies":"Jaw Worm","floor":10,"turns":3},{"damage":22,"enemies":"The Guardian","floor":16,"turns":8},{"damage":22,"enemies":"2 Thieves","floor":18,"turns":4},{"damage":4,"enemies":"Spheric Guardian","floor":19,"turns":4},{"damage":28,"enemies":"Shelled Parasite and Fungi","floor":22,"turns":4},{"damage":49,"enemies":"Slavers","floor":27,"turns":3}],"seed_played":"7850358185521484465","potions_obtained":[{"floor":4,"key":"Explosive Potion"},{"floor":8,"key":"SkillPotion"},{"floor":18,"key":"CultistPotion"},{"floor":19,"key":"FocusPotion"}],"is_trial":false,"path_per_floor":["M","?","?","M","?","E","R","E","T","M","R","$","R","?","R","B",null,"M","M","?","?","M","R","T","R","T","E"],"character_chosen":"DEFECT","items_purchased":["Chaos","Block Potion","Loop"],"campfire_rested":3,"item_purchase_floors":[12,12,12],"current_hp_per_floor":[63,63,63,63,56,36,36,11,11,4,23,23,23,23,42,20,55,33,29,29,29,6,25,30,30,35,0,0],"gold":210,"neow_bonus":"RANDOM_COLORLESS","is_daily":false,"chose_seed":false,"campfire_upgraded":3,"win_rate":0.0,"timestamp":1609139288,"path_taken":["M","?","?","M","?","E","R","E","T","?","R","?","R","?","R","BOSS","M","M","?","?","M","R","?","R","T","E"],"items_purchased_type":["Card","Potion","Card"],"build_version":"2020-12-22","purchased_purges":0,"victory":false,"max_hp_per_floor":[71,66,66,66,66,66,66,66,66,66,66,66,66,66,66,66,66,66,66,66,66,66,66,66,66,66,66,66],"relic_stats":{"Happy Flower":[8],"counters":[10,42],"Bloody Idol":15,"Blue Candle":[1],"Bronze Scales":[24],"obtain_stats":[{"Lantern":14,"Happy Flower":8,"Golden Idol":2,"Blue Candle":6,"Bloody Idol":21,"Bronze Scales":24,"Velvet Choker":17,"Frozen Egg 2":20,"Cracked Core":0,"Toy Ornithopter":26,"Mercury Hourglass":9},{"Lantern":5,"Happy Flower":4,"Golden Idol":1,"Blue Candle":3,"Bloody Idol":8,"Bronze Scales":9,"Velvet Choker":6,"Frozen Egg 2":8,"Cracked Core":0,"Toy Ornithopter":9,"Mercury Hourglass":4},{"Lantern":20,"Happy Flower":17,"Golden Idol":3,"Blue Candle":13,"Bloody Idol":35,"Bronze Scales":39,"Velvet Choker":27,"Frozen Egg 2":35,"Cracked Core":0,"Toy Ornithopter":39,"Mercury Hourglass":17}],"Toy Ornithopter":5,"Mercury Hourglass":[83]},"card_choices":[{"not_picked":["Impatience","Panacea"],"picked":"PanicButton","floor":0},{"not_picked":["Blizzard","Go for the Eyes"],"picked":"Defragment","floor":1},{"not_picked":["Blizzard","Rebound"],"picked":"Static Discharge","floor":4},{"not_picked":["Creative AI","Heatsinks"],"picked":"Defragment","floor":6},{"not_picked":["Steam Power","Streamline"],"picked":"Hello World","floor":8},{"not_picked":["Stack","Streamline"],"picked":"Leap","floor":10},{"not_picked":["All For One","Core Surge"],"picked":"Buffer","floor":16},{"not_picked":["Stack","Redo"],"picked":"Ball Lightning","floor":18},{"not_picked":["Rebound","Barrage","Turbo"],"picked":"SKIP","floor":19},{"not_picked":["Hello World+1","Beam Cell"],"picked":"Self Repair+1","floor":22}],"player_experience":751924,"relics_obtained":[{"floor":6,"key":"Blue Candle"},{"floor":8,"key":"Happy Flower"},{"floor":9,"key":"Mercury Hourglass"},{"floor":24,"key":"Bronze Scales"},{"floor":26,"key":"Toy Ornithopter"}],"event_choices":[{"damage_healed":0,"gold_gain":0,"player_choice":"Lose Max HP","damage_taken":0,"relics_obtained":["Golden Idol"],"max_hp_gain":0,"max_hp_loss":5,"event_name":"Golden Idol","floor":2,"gold_loss":0},{"cards_removed":["Strike_B"],"damage_healed":0,"gold_gain":0,"player_choice":"Card Removal","damage_taken":0,"max_hp_gain":0,"max_hp_loss":0,"event_name":"The Cleric","floor":3,"gold_loss":50},{"cards_removed":["Strike_B"],"damage_healed":0,"gold_gain":0,"player_choice":"Card Removal","damage_taken":7,"max_hp_gain":0,"max_hp_loss":0,"event_name":"Golden Wing","floor":5,"gold_loss":0},{"damage_healed":0,"gold_gain":0,"player_choice":"Gave Potion","damage_taken":0,"relics_obtained":["Lantern"],"max_hp_gain":0,"max_hp_loss":0,"event_name":"WeMeetAgain","floor":14,"gold_loss":0},{"damage_healed":0,"gold_gain":0,"player_choice":"Opened","damage_taken":0,"relics_obtained":["Frozen Egg 2"],"max_hp_gain":0,"max_hp_loss":0,"event_name":"The Mausoleum","floor":20,"gold_loss":0,"cards_obtained":["Writhe"]},{"damage_healed":0,"gold_gain":0,"player_choice":"Gave Idol","damage_taken":0,"relics_obtained":["Bloody Idol"],"max_hp_gain":0,"max_hp_loss":0,"event_name":"Forgotten Altar","floor":21,"relics_lost":["Golden Idol"],"gold_loss":0}],"is_beta":false,"boss_relics":[{"not_picked":["Cursed Key","Astrolabe"],"picked":"Velvet Choker"}],"items_purged_floors":[],"is_endless":false,"potions_floor_spawned":[4,8,18,19],"killed_by":"Slavers","ascension_level":14}}