{"host":"m77rrhbqzv44va4v","time":1609130730,"event":{"mods":["AchievementEnabler","BaseMod","Colored Map","DeckTracker","Keyboard Shortcuts","Minty Spire (QoL Compilation)","StSLib","SuperFastMode","everything is the same but u backflip on backflip"],"gold_per_floor":[119,133,308,37,54,82,100,135,135,26,26,42,75,87,87,184,184,194,206,225,225,250,250,283,69,69,96,96,96],"floor_reached":28,"playtime":1521,"items_purged":["Doubt","Strike_B","Defend_B"],"score":484,"play_id":"66659a8b-7cd8-4d3f-9e9a-d13e9a673335","local_time":"20201228134530","is_ascension_mode":true,"campfire_choices":[{"floor":11,"key":"REST"},{"floor":15,"key":"REST"},{"data":"Buffer","floor":23,"key":"SMITH"}],"circlet_count":0,"master_deck":["Strike_B","Strike_B","Defend_B","Defend_B","Defend_B","Zap","Dualcast","Ball Lightning","Compile Driver","Defragment","Coolheaded","Streamline","Leap","Compile Driver","Skim","Buffer+1","Chill","Genetic Algorithm","Redo","Doom and Gloom","Biased Cognition","Defragment+1","Sweeping Beam","Barrage+1","Double Energy","Undo","FTL"],"relics":["Cracked Core","Regal Pillow","Bronze Scales","Mercury Hourglass","The Courier","Pear","Nuclear Battery","Red Mask","Strawberry","Shovel","Smiling Mask"],"acts_visited":["Exordium","TheCity"],"potions_floor_usage":[20,24,24],"damage_taken":[{"damage":8.0,"enemies":"2 Louse","floor":1.0,"turns":2.0},{"damage":7.0,"enemies":"Jaw Worm","floor":2.0,"turns":3.0},{"damage":1.0,"enemies":"Small Slimes","floor":5.0,"turns":3.0},{"damage":15.0,"enemies":"Gremlin Nob","floor":6.0,"turns":3.0},{"damage":20.0,"enemies":"Exordium Wildlife","floor":7.0,"turns":4.0},{"damage":3.0,"enemies":"Lagavulin","floor":8.0,"turns":5.0},{"damage":6,"enemies":"3 Louse","floor":12,"turns":2},{"damage":20,"enemies":"3 Sentries","floor":13,"turns":5},{"damage":13,"enemies":"Large Slime","floor":14,"turns":6},{"damage":0,"enemies":"Slime Boss","floor":16,"turns":8},{"damage":0,"enemies":"Shell Parasite","floor":18,"turns":6},{"damage":0,"enemies":"Spheric Guardian","floor":19,"turns":3},{"damage":9,"enemies":"Snecko","floor":20,"turns":5},{"damage":8,"enemies":"Masked Bandits","floor":22,"turns":4},{"damage":24,"enemies":"Slavers","floor":24,"turns":3},{"damage":43,"enemies":"Book of Stabbing","floor":27,"turns":6},{"damage":7,"enemies":"Snake Plant","floor":28,"turns":3}],"seed_played":"4810071217199351249","potions_obtained":[{"floor":1.0,"key":"SneckoOil"},{"floor":2.0,"key":"DistilledChaos"},{"floor":7.0,"key":"SkillPotion"},{"floor":12,"key":"PotionOfCapacity"},{"floor":14,"key":"Energy Potion"},{"floor":20,"key":"Swift Potion"},{"floor":22,"key":"SkillPotion"},{"floor":27,"key":"Ancient Potion"}],"is_trial":false,"path_per_floor":["M","M","?","$","M","E","M","E","T","$","R","M","E","M","R","B",null,"M","M","M","?","?","R","E","$","T","E","M"],"character_chosen":"DEFECT","items_purchased":["Defragment","Coolheaded","Streamline","Leap","Genetic Algorithm","Double Energy","Undo"],"campfire_rested":2,"item_purchase_floors":[4,4,4,4,10,25,25],"current_hp_per_floor":[60,53,53,53,52,37,17,14,14,14,51,45,35,22,62,62,79,79,79,70,70,62,62,45,45,45,2,0,0],"gold":96,"neow_bonus":"RANDOM_COMMON_RELIC","is_daily":false,"chose_seed":false,"campfire_upgraded":1,"win_rate":0.0,"timestamp":1609130730,"path_taken":["M","M","?","$","M","E","M","E","T","?","R","?","E","M","R","BOSS","M","M","M","?","?","R","E","$","T","E","M"],"items_purchased_type":["Card","Card","Card","Card","Card","Card","Card"],"build_version":"2020-12-22","purchased_purges":3,"victory":false,"max_hp_per_floor":[75,75,75,75,75,75,75,75,75,75,75,75,85,85,85,85,85,85,85,85,85,85,85,92,92,92,92,92,92],"card_choices":[{"not_picked":["Static Discharge","White Noise"],"picked":"Ball Lightning","floor":1.0},{"not_picked":["Force Field","Ball Lightning"],"picked":"Compile Driver","floor":2.0},{"not_picked":["Leap","Double Energy"],"picked":"Compile Driver","floor":5.0},{"not_picked":["Cold Snap","Rip and Tear"],"picked":"Skim","floor":6.0},{"not_picked":["Beam Cell","Chaos"],"picked":"Buffer","floor":7.0},{"not_picked":["Redo","Barrage"],"picked":"Chill","floor":8.0},{"not_picked":["Turbo","Gash"],"picked":"Redo","floor":12},{"not_picked":["BootSequence","Compile Driver"],"picked":"Doom and Gloom","floor":13},{"not_picked":["Leap","Skim","Meteor Strike"],"picked":"SKIP","floor":14},{"not_picked":["Meteor Strike","Fission"],"picked":"Biased Cognition","floor":16},{"not_picked":["Rebound","Tempest+1"],"picked":"Defragment+1","floor":18},{"not_picked":["Genetic Algorithm","Streamline"],"picked":"Sweeping Beam","floor":19},{"not_picked":["Stack+1","Rebound","Leap+1"],"picked":"SKIP","floor":20},{"not_picked":["Leap","Redo"],"picked":"Barrage+1","floor":22},{"not_picked":["Skim","Conserve Battery","Barrage+1"],"picked":"SKIP","floor":24},{"not_picked":["Reboot","Auto Shields"],"picked":"FTL","floor":27}],"player_experience":818870,"relics_obtained":[{"floor":6.0,"key":"Bronze Scales"},{"floor":8.0,"key":"Mercury Hourglass"},{"floor":9.0,"key":"The Courier"},{"floor":13,"key":"Pear"},{"floor":22,"key":"Red Mask"},{"floor":24,"key":"Strawberry"},{"floor":26,"key":"Shovel"},{"floor":27,"key":"Smiling Mask"}],"event_choices":[{"damage_healed":0.0,"max_hp_gain":0.0,"max_hp_loss":0.0,"gold_gain":175.0,"event_name":"Liars Game","player_choice":"AGREE","floor":3.0,"gold_loss":0.0,"damage_taken":0.0,"cards_obtained":["Doubt"]},{"cards_removed":["Strike_B"],"damage_healed":0,"gold_gain":0,"player_choice":"Elegance","damage_taken":0,"max_hp_gain":0,"max_hp_loss":0,"event_name":"Back to Basics","floor":21,"gold_loss":0},{"damage_healed":0,"gold_gain":0,"player_choice":"Fought Bandits","damage_taken":0,"max_hp_gain":0,"max_hp_loss":0,"event_name":"Masked Bandits","floor":22,"gold_loss":0}],"is_beta":false,"boss_relics":[{"not_picked":["Tiny House","Busted Crown"],"picked":"Nuclear Battery"}],"items_purged_floors":[4,10,25],"is_endless":false,"potions_floor_spawned":[1,2,7,12,14,20,22,27],"killed_by":"Snake Plant","ascension_level":8}}