{"host":"y89x8uui45kcjy42","time":1609122996,"event":{"mods":["2.2 Compatiblity","BaseMod","CapriCore","Colored Map","Colored Powertips","Custom Start","Friendly Minions","Highlight Path","Keyboard Shortcuts","Minty Spire (QoL Compilation)","Relic Stats","Slay the Relics Exporter","StSLib","SuperFastMode","Waifu the Spire"],"gold_per_floor":[611,623,636,649,664,692,692,724,724,724,724,874,874,181,181,271,271,291,304,125,143,143,143,193,193,193,193,217,217,258,148,148,242,242,261,261,277,277,293,326,366,241,241,272,272,272,272],"floor_reached":46,"playtime":1155,"items_purged":["Strike_R","Strike_R","Strike_R+1"],"score":1268,"play_id":"757927ea-8060-4260-beb1-4e7622bd2e29","local_time":"20201228113636","is_ascension_mode":true,"campfire_choices":[{"data":"Bloodletting","floor":7,"key":"SMITH"},{"data":"Body Slam","floor":10,"key":"SMITH"},{"data":"Shockwave","floor":15,"key":"SMITH"},{"data":"Hemokinesis","floor":23,"key":"SMITH"},{"data":"Dropkick","floor":25,"key":"SMITH"},{"floor":27,"key":"RECALL"},{"data":"Battle Trance","floor":29,"key":"SMITH"},{"floor":32,"key":"REST"}],"circlet_count":0,"master_deck":["Defend_R+1","Defend_R+1","Defend_R+1","Defend_R+1","Bash+1","Battle Trance+1","Shockwave+1","Body Slam+1","Shrug It Off+1","Bloodletting+1","Shrug It Off+1","Dropkick+1","Bloodletting+1","Rupture+1","Hemokinesis+1","Impervious+1","Inflame+1","Ghostly Armor+1","Fire Breathing+1","Disarm+1","Impervious+1","Berserk+1","Madness+1","Barricade+1"],"relics":["Black Blood","PreservedInsect","Toxic Egg 2","Golden Idol","Frozen Egg 2","Self Forming Clay","Cursed Key","Magic Flower","Pear","Paper Frog","Calling Bell","Omamori","Ornamental Fan","Thread and Needle","Pantograph","WingedGreaves","Strawberry","Darkstone Periapt","Anchor"],"acts_visited":["Exordium","TheCity","TheBeyond"],"potions_floor_usage":[6,8,41],"damage_taken":[{"damage":7,"enemies":"Jaw Worm","floor":1,"turns":3},{"damage":10,"enemies":"Small Slimes","floor":2,"turns":3},{"damage":12,"enemies":"2 Louse","floor":3,"turns":3},{"damage":16,"enemies":"Looter","floor":4,"turns":3},{"damage":11,"enemies":"Blue Slaver","floor":5,"turns":6},{"damage":0,"enemies":"Gremlin Nob","floor":6,"turns":3},{"damage":13,"enemies":"3 Sentries","floor":8,"turns":4},{"damage":23,"enemies":"Hexaghost","floor":16,"turns":5},{"damage":14,"enemies":"Shell Parasite","floor":18,"turns":5},{"damage":11,"enemies":"3 Byrds","floor":19,"turns":4},{"damage":20,"enemies":"Snake Plant","floor":21,"turns":3},{"damage":4,"enemies":"Snecko","floor":28,"turns":6},{"damage":3,"enemies":"Book of Stabbing","floor":30,"turns":5},{"damage":28,"enemies":"Collector","floor":33,"turns":7},{"damage":12,"enemies":"Orb Walker","floor":35,"turns":4},{"damage":11,"enemies":"3 Shapes","floor":37,"turns":3},{"damage":12,"enemies":"3 Darklings","floor":39,"turns":5},{"damage":9,"enemies":"Giant Head","floor":40,"turns":6},{"damage":83,"enemies":"Reptomancer","floor":41,"turns":7},{"damage":22,"enemies":"Giant Head","floor":44,"turns":6},{"damage":31,"enemies":"Reptomancer","floor":46,"turns":2}],"seed_played":"-5076148621490120523","potions_obtained":[{"floor":2,"key":"SneckoOil"},{"floor":6,"key":"Explosive Potion"},{"floor":16,"key":"Block Potion"},{"floor":18,"key":"BlessingOfTheForge"},{"floor":37,"key":"SpeedPotion"},{"floor":41,"key":"FearPotion"}],"is_trial":false,"path_per_floor":["M","M","M","M","M","E","R","E","T","R","?","?","?","$","R","B",null,"M","M","$","M","?","R","?","R","T","R","M","R","E","?","R","B",null,"M","?","M","?","M","E","E","$","T","E","?","E"],"character_chosen":"IRONCLAD","items_purchased":["Dropkick","Self Forming Clay","Bloodletting+1","Rupture+1","Hemokinesis","Fire Breathing+1"],"campfire_rested":1,"item_purchase_floors":[14,14,14,14,14,20],"current_hp_per_floor":[80,82,82,78,79,82,82,81,81,81,53,53,35,35,35,24,68,66,67,67,59,59,59,59,59,69,69,83,83,92,92,92,82,90,92,92,92,82,88,92,34,34,34,30,30,0,0],"gold":272,"neow_bonus":"TWO_FIFTY_GOLD","is_daily":false,"chose_seed":false,"campfire_upgraded":6,"win_rate":0.0,"timestamp":1609122996,"path_taken":["M","M","M","M","M","E","R","E","T","R","?","?","?","$","R","BOSS","M","M","$","M","?","R","?","R","T","R","M","R","E","?","R","BOSS","M","?","M","?","M","E","E","$","T","E","?","E"],"items_purchased_type":["Card","Relic","Card","Card","Card","Card"],"build_version":"2020-12-22","purchased_purges":3,"victory":false,"max_hp_per_floor":[82,82,82,82,82,82,82,82,82,82,82,82,82,82,82,82,82,82,82,82,82,82,82,82,82,92,92,92,92,92,92,92,92,92,92,92,92,92,92,92,99,99,99,99,99,99,99],"relic_stats":{"Darkstone Periapt":0,"counters":[21,93],"Golden Idol":92,"Self Forming Clay":[144],"Ornamental Fan":[12],"Pantograph":0,"Black Blood":263,"Magic Flower":[33],"PreservedInsect":456,"Cursed Key":2,"obtain_stats":[{"Darkstone Periapt":43,"Pear":26,"Golden Idol":11,"Self Forming Clay":14,"Black Blood":0,"Magic Flower":21,"Thread and Needle":34,"PreservedInsect":6,"Omamori":0,"Frozen Egg 2":13,"Cursed Key":17,"Burning Blood":0,"Calling Bell":34,"Anchor":44,"Ornamental Fan":34,"Pantograph":40,"Strawberry":41,"WingedGreaves":40,"Toxic Egg 2":8,"Paper Frog":30},{"Darkstone Periapt":19,"Pear":11,"Golden Idol":7,"Self Forming Clay":7,"Black Blood":0,"Magic Flower":11,"Thread and Needle":14,"PreservedInsect":6,"Omamori":0,"Frozen Egg 2":7,"Cursed Key":8,"Burning Blood":0,"Calling Bell":14,"Anchor":20,"Ornamental Fan":14,"Pantograph":18,"Strawberry":19,"WingedGreaves":18,"Toxic Egg 2":7,"Paper Frog":13},{"Darkstone Periapt":85,"Pear":42,"Golden Idol":25,"Self Forming Clay":25,"Black Blood":0,"Magic Flower":42,"Thread and Needle":60,"PreservedInsect":21,"Omamori":0,"Frozen Egg 2":25,"Cursed Key":30,"Burning Blood":0,"Calling Bell":60,"Anchor":91,"Ornamental Fan":60,"Pantograph":78,"Strawberry":85,"WingedGreaves":78,"Toxic Egg 2":25,"Paper Frog":53}]},"card_choices":[{"not_picked":["Pummel","Perfected Strike"],"picked":"Battle Trance","floor":1},{"not_picked":["Havoc","Carnage"],"picked":"Shockwave","floor":2},{"not_picked":["Wild Strike","Flex","Sever Soul"],"picked":"SKIP","floor":3},{"not_picked":["Headbutt","Thunderclap"],"picked":"Body Slam","floor":4},{"not_picked":["Impervious","Thunderclap"],"picked":"Shrug It Off","floor":5},{"not_picked":["Sword Boomerang","Sentinel"],"picked":"Bloodletting","floor":6},{"not_picked":["Blood for Blood","Whirlwind"],"picked":"Shrug It Off+1","floor":8},{"not_picked":["Bludgeon","Double Tap+1"],"picked":"Impervious+1","floor":16},{"not_picked":["Burning Pact+1","Clash"],"picked":"Inflame+1","floor":18},{"not_picked":["Body Slam+1","Blood for Blood"],"picked":"Ghostly Armor+1","floor":19},{"not_picked":["Warcry+1","Clash"],"picked":"Disarm+1","floor":21},{"not_picked":["Intimidate+1","Flex+1","Pummel"],"picked":"SKIP","floor":28},{"not_picked":["Juggernaut+1","Dual Wield+1","Clothesline"],"picked":"SKIP","floor":30},{"not_picked":["Bludgeon","Feed"],"picked":"Impervious+1","floor":33},{"not_picked":["Cleave","Anger","Warcry+1"],"picked":"SKIP","floor":35},{"not_picked":["Dropkick","Hemokinesis"],"picked":"Berserk+1","floor":37},{"not_picked":["Dark Shackles+1","PanicButton+1"],"picked":"Madness+1","floor":38},{"not_picked":["Anger","Shrug It Off+1","Sever Soul"],"picked":"SKIP","floor":39},{"not_picked":["Clothesline","Anger","Pommel Strike+1"],"picked":"SKIP","floor":40},{"not_picked":["Carnage+1","Clash","Wild Strike"],"picked":"SKIP","floor":41},{"not_picked":["Bloodletting+1","Feel No Pain+1"],"picked":"Barricade+1","floor":44}],"player_experience":515247,"relics_obtained":[{"floor":6,"key":"PreservedInsect"},{"floor":8,"key":"Toxic Egg 2"},{"floor":26,"key":"Pear"},{"floor":30,"key":"Paper Frog"},{"floor":34,"key":"Omamori"},{"floor":34,"key":"Ornamental Fan"},{"floor":34,"key":"Thread and Needle"},{"floor":40,"key":"Pantograph"},{"floor":41,"key":"Strawberry"},{"floor":43,"key":"Darkstone Periapt"},{"floor":44,"key":"Anchor"}],"event_choices":[{"damage_healed":0,"gold_gain":0,"player_choice":"Take Damage","damage_taken":28,"relics_obtained":["Golden Idol"],"max_hp_gain":0,"max_hp_loss":0,"event_name":"Golden Idol","floor":11,"gold_loss":0},{"damage_healed":0,"gold_gain":150,"player_choice":"AGREE","damage_taken":0,"max_hp_gain":0,"max_hp_loss":0,"event_name":"Liars Game","floor":12,"gold_loss":0,"cards_obtained":["Doubt"]},{"damage_healed":0,"gold_gain":0,"player_choice":"Success","damage_taken":18,"relics_obtained":["Frozen Egg 2"],"max_hp_gain":0,"max_hp_loss":0,"event_name":"Scrap Ooze","floor":13,"gold_loss":0},{"damage_healed":0,"gold_gain":0,"player_choice":"Simplicity","damage_taken":0,"max_hp_gain":0,"max_hp_loss":0,"event_name":"Back to Basics","floor":22,"gold_loss":0,"cards_upgraded":["Strike_R","Strike_R","Strike_R","Defend_R","Defend_R","Defend_R","Defend_R"]},{"damage_healed":0,"gold_gain":50,"player_choice":"Stole From Cult","damage_taken":0,"max_hp_gain":0,"max_hp_loss":0,"event_name":"Nest","floor":24,"gold_loss":0},{"cards_removed":["Strike_R"],"damage_healed":0,"gold_gain":0,"player_choice":"Upgrade and Remove","damage_taken":0,"max_hp_gain":0,"max_hp_loss":0,"event_name":"Designer","floor":31,"gold_loss":110,"cards_upgraded":["Shrug It Off"]},{"damage_healed":0,"gold_gain":0,"player_choice":"Ignored","damage_taken":0,"max_hp_gain":0,"max_hp_loss":0,"event_name":"Tomb of Lord Red Mask","floor":36,"gold_loss":0},{"damage_healed":0,"gold_gain":0,"player_choice":"Memory 3","damage_taken":10,"max_hp_gain":0,"max_hp_loss":0,"event_name":"SensoryStone","floor":38,"gold_loss":0},{"cards_removed":["Strike_R"],"damage_healed":0,"gold_gain":0,"player_choice":"Removed Attack","damage_taken":0,"max_hp_gain":0,"max_hp_loss":0,"event_name":"Falling","floor":45,"gold_loss":0}],"is_beta":false,"boss_relics":[{"not_picked":["Empty Cage","Mark of Pain"],"picked":"Cursed Key"},{"not_picked":["SlaversCollar","SacredBark"],"picked":"Calling Bell"}],"items_purged_floors":[14,20,42],"is_endless":false,"potions_floor_spawned":[2,6,16,18,21,37,40,41],"killed_by":"Reptomancer","ascension_level":20}}