{"host":"g907ck67u7c3hrs6","time":1609136655,"event":{"mods":["BaseMod","DeckTracker","Highlight Path","Keyboard Shortcuts","Minty Spire (QoL Compilation)","Permanent Neow","Say the Spire","SuperFastMode"],"gold_per_floor":[117,135,145,70,80,80,144,173,225,225,225,225],"floor_reached":11,"playtime":223,"items_purged":["Strike_R"],"score":84,"play_id":"d6333f70-3a49-4cb1-8104-c1984134c186","local_time":"20201228152415","is_ascension_mode":true,"campfire_choices":[{"data":"Blood for Blood","floor":6,"key":"SMITH"},{"data":"Limit Break","floor":10,"key":"SMITH"}],"circlet_count":0,"master_deck":["Strike_R","Strike_R","Strike_R","Strike_R","Defend_R","Defend_R","Defend_R","Defend_R","Bash","Limit Break+1","Flame Barrier","Blood for Blood+1","Disarm","Burning Pact","Spot Weakness"],"relics":["Burning Blood","Vajra"],"acts_visited":["Exordium"],"potions_floor_usage":[11],"damage_taken":[{"damage":6.0,"enemies":"Cultist","floor":1.0,"turns":3.0},{"damage":0.0,"enemies":"2 Louse","floor":2.0,"turns":3.0},{"damage":5.0,"enemies":"Small Slimes","floor":3.0,"turns":3.0},{"damage":15,"enemies":"3 Louse","floor":5,"turns":4},{"damage":57,"enemies":"Gremlin Nob","floor":8,"turns":6},{"damage":20,"enemies":"3 Sentries","floor":11,"turns":4}],"seed_played":"-1806642535074508844","potions_obtained":[{"floor":1.0,"key":"GamblersBrew"},{"floor":2.0,"key":"Weak Potion"}],"is_trial":false,"path_per_floor":["M","M","M","$","M","R","?","E","T","R","E"],"character_chosen":"IRONCLAD","items_purchased":[],"campfire_rested":0,"item_purchase_floors":[],"current_hp_per_floor":[80,80,80,80,71,71,71,20,20,20,0,0],"gold":225,"neow_bonus":"ONE_RANDOM_RARE_CARD","is_daily":false,"chose_seed":false,"campfire_upgraded":2,"win_rate":0.0,"timestamp":1609136655,"path_taken":["M","M","M","?","?","R","?","E","T","R","E"],"items_purchased_type":[],"build_version":"2020-12-22","purchased_purges":1,"victory":false,"max_hp_per_floor":[80,80,80,80,80,80,80,80,80,80,80,80],"card_choices":[{"not_picked":["Rage","Dropkick"],"picked":"Flame Barrier","floor":1.0},{"not_picked":["Pommel Strike","True Grit"],"picked":"Blood for Blood","floor":2.0},{"not_picked":["True Grit","Body Slam"],"picked":"Disarm","floor":3.0},{"not_picked":["Perfected Strike","Intimidate"],"picked":"Burning Pact","floor":5},{"not_picked":["Hemokinesis","Pummel"],"picked":"Spot Weakness","floor":8}],"player_experience":198833,"relics_obtained":[{"floor":9,"key":"Vajra"}],"event_choices":[{"damage_healed":0,"gold_gain":64,"player_choice":"Gained Gold","damage_taken":0,"max_hp_gain":0,"max_hp_loss":0,"event_name":"Golden Wing","floor":7,"gold_loss":0}],"is_beta":false,"boss_relics":[],"items_purged_floors":[4],"is_endless":false,"potions_floor_spawned":[1,2],"killed_by":"3 Sentries","ascension_level":3}}