{"host":"mxpmrihs65xqmug3","time":1609152023,"event":{"mods":["AchievementEnabler","BaseMod","BetterRewards","Card Forge","Colored Map","Colored Powertips","Curses Come First","DNKmod","Friendly Minions","GifTheSpireLib","Hubris","Minty Spire (QoL Compilation)","Permanent Neow","Quick Restart","Replay The Spire","StSLib","Stuff the Spire","Useless Jewels Mod"],"gold_per_floor":[922,922,35,48,62,62,108,128,128,128,149,189,212,43,43,168,168,187,210,234,234,234,275,298,298,298,321,321,352,373,1,1,131,131,147,147,22,22,22,66,82,115,115,146,116,116,116,129,129,170,170,170],"floor_reached":53,"playtime":6770,"items_purged":[],"score":1433,"play_id":"a09f16be-5be5-4f8b-ba49-4de29b74741f","local_time":"20201228211023","is_ascension_mode":true,"campfire_choices":[{"floor":6,"key":"REST"},{"floor":32,"key":"DIG"},{"floor":49,"key":"REST"},{"floor":51,"key":"REST"}],"circlet_count":0,"master_deck":["Defend_P+1","Defend_P+1","Defend_P+1","Defend_P+1","Eruption+1","Vigilance+1","Adaptation+1","Ragnarok+1","Prostrate+1","Pray+1","LikeWater+1","Judgement+1","FollowUp+1","ForeignInfluence+1","Devotion+1","DevaForm+1","DeusExMachina+1","Consecrate+1","Replay:BluntJabs+1","WreathOfFlame+1","ReplayTheSpireMod:Trickstab+1","ClearTheMind+1","Anger+1","Barricade+1","WreathOfFlame+1","Vigilance+1","ClearTheMind+1","ThirdEye+1","Tantrum+1","Swivel+1","Prostrate+1","Protect+1","SandsOfTime+1","Nirvana+1","Omniscience+1","Meditate+1","Replay:ManipulateFuture+1","Replay:LoomingThreat+1","InnerPeace+1","Indignation+1","Wireheading+1","FlyingSleeves+1","FollowUp+1","Crescendo+1","SandsOfTime+1","DeceiveReality","Protect","Prostrate+1","Halt","Vault+1","ClearTheMind","Crescendo","Ragnarok+1","ClearTheMind","Ragnarok+1","Pray","SashWhip+1","Sanctity","ReachHeaven+1","Prostrate+1","Vault+1","Bite+1","Bite+1","Bite+1","Bite+1","Bite+1","J.A.X.+1","Transmutation+1","J.A.X.+1","EmptyMind","Consecrate","Establishment","Ghostly+1","Ghostly+1","Ghostly+1","Ghostly+1","Ghostly+1","Pray","LikeWater+1","Replay:Hum","Replay:Hum","MasterReality","EmptyFist","FlyingSleeves+1","FlurryOfBlows+1","Replay:Vibes","DeusExMachina","BattleHymn+1","Protect","Transmutation","ReplayUltimateDefense","Replay:Bootleg Shield Generator","Secret Technique","Panache","Dramatic Entrance","Prostrate+1","Crescendo+1","Perseverance+1","Replay:Battleflow+1","Worship+1","Prostrate","Pray+1","LikeWater+1"],"relics":["PureWater","Hammer of Thor","Seething Fire","Anvil of the Gods","NeowsBlessing","Golden Idol","Toolbox","Omamori","StuffTheSpire:HeavyRock","Prayer Wheel","Boot","Toy Ornithopter","WarpedTongs","Fusion Hammer","White Beast Statue","Happy Flower","Gremlin Food","Lee\u0027s Waffle","Pen Nib","Quantum Egg","Black Star","hubris:Towel","ReplayTheSpireMod:ShopPack","Matryoshka","ReplayFunnel","Bag of Preparation","StuffTheSpire:PointBlank","Pet Ghost","Kunai","Gambling Chip","Garlic","ReplayTheSpireMod:TigerMarble","Bottled Lightning"],"acts_visited":["Exordium","TheCity","TheBeyond"],"potions_floor_usage":[3,16,16,16,16,16,18,23,24,29,33,33,33,33,33,41,41,42,42,42,44,52,52,52,53],"damage_taken":[{"damage":0,"enemies":"2 Louse","floor":1,"turns":2},{"damage":0,"enemies":"Jaw Worm","floor":4,"turns":1},{"damage":0,"enemies":"Cultist","floor":5,"turns":1},{"damage":0,"enemies":"Lagavulin","floor":7,"turns":4},{"damage":0,"enemies":"Exordium Thugs","floor":8,"turns":2},{"damage":7,"enemies":"Blue Slaver","floor":11,"turns":3},{"damage":0,"enemies":"3 Sentries","floor":12,"turns":1},{"damage":0,"enemies":"Lots of Slimes","floor":13,"turns":3},{"damage":0,"enemies":"The Guardian","floor":16,"turns":5},{"damage":0,"enemies":"2 Thieves","floor":18,"turns":4},{"damage":0,"enemies":"Spheric Guardian","floor":19,"turns":1},{"damage":0,"enemies":"Chosen and Byrds","floor":20,"turns":3},{"damage":48,"enemies":"Gremlin Leader","floor":23,"turns":5},{"damage":0,"enemies":"Centurion and Healer","floor":24,"turns":2},{"damage":3,"enemies":"Cultist and Chosen","floor":27,"turns":3},{"damage":3,"enemies":"Book of Stabbing","floor":29,"turns":4},{"damage":3,"enemies":"Snake Plant","floor":30,"turns":5},{"damage":5,"enemies":"hubris:MusketHawk","floor":33,"turns":4},{"damage":0,"enemies":"3 Shapes","floor":35,"turns":1},{"damage":1,"enemies":"Giant Head","floor":40,"turns":4},{"damage":0,"enemies":"3 Darklings","floor":41,"turns":3},{"damage":3,"enemies":"Reptomancer","floor":42,"turns":5},{"damage":6,"enemies":"Giant Head","floor":44,"turns":4},{"damage":3,"enemies":"Writhing Mass","floor":48,"turns":2},{"damage":0,"enemies":"Nemesis","floor":50,"turns":3},{"damage":3,"enemies":"Donu and Deca","floor":52,"turns":2}],"seed_played":"4153000994787668386","potions_obtained":[{"floor":7,"key":"Explosive Potion"},{"floor":8,"key":"ColorlessPotion"},{"floor":12,"key":"LiquidBronze"},{"floor":16,"key":"SkillPotion"},{"floor":19,"key":"Swift Potion"},{"floor":23,"key":"Regen Potion"},{"floor":24,"key":"Languid Potion"},{"floor":27,"key":"EntropicBrew"},{"floor":29,"key":"Elixir"},{"floor":30,"key":"DuplicationPotion"},{"floor":33,"key":"GamblersBrew"},{"floor":35,"key":"Block Potion"},{"floor":40,"key":"FairyPotion"},{"floor":41,"key":"ColorlessPotion"},{"floor":42,"key":"Block Potion"},{"floor":45,"key":"Ambrosia"},{"floor":45,"key":"Venom Potion"},{"floor":50,"key":"SteroidPotion"}],"is_trial":false,"path_per_floor":["M","?","$","M","M","R","E","M","T","?","M","E","M","$","R_BF","B",null,"M","M","M","?","?","E","M","?","T","M","?","E","M","$","R_BF","B",null,"M","?","$","?","?","E","M","E","T","E","?","PTL","PTL","M","R","E","R","B",null],"character_chosen":"WATCHER","items_purchased":["Toolbox","Omamori","StuffTheSpire:HeavyRock","GamblersBrew","Fruit Juice","WreathOfFlame","Brilliance+1","ReplayTheSpireMod:Trickstab","Ragnarok+1","ClearTheMind","Lee\u0027s Waffle","Pen Nib","Replay:Vibes","ReplayTheSpireMod:ShopPack"],"campfire_rested":3,"item_purchase_floors":[3,3,3,3,3,3,3,3,14,14,31,31,31,37],"current_hp_per_floor":[150,138,143,143,143,143,143,143,143,153,146,146,146,146,146,153,153,153,153,153,107,107,67,81,53,53,50,50,50,50,60,60,60,60,60,60,60,50,50,52,57,57,57,57,57,57,57,54,57,57,57,54],"gold":170,"neow_bonus":"THREE_ENEMY_KILL","is_daily":false,"chose_seed":false,"campfire_upgraded":0,"win_rate":0.0,"timestamp":1609152023,"path_taken":["M","?","$","M","M","R","E","M","T","?","M","E","?","$","R_BF","BOSS","M","M","?","?","?","E","M","?","T","M","?","E","M","$","R_BF","BOSS","M","?","$","?","?","E","M","E","T","E","?","PTL","PTL","?","R","E","R","BOSS"],"items_purchased_type":["Relic","Relic","Relic","Potion","Potion","Card","Card","Card","Card","Card","Relic","Relic","Card","Relic"],"build_version":"2020-12-22","purchased_purges":0,"victory":true,"max_hp_per_floor":[150,138,143,143,143,143,143,143,143,153,153,153,153,153,153,153,153,153,153,153,107,107,107,107,53,53,53,53,53,53,60,60,60,60,60,60,60,60,57,57,57,57,57,57,57,57,57,57,57,57,57,57],"card_choices":[{"not_picked":["JustLucky","CutThroughFate"],"picked":"Pray","floor":1},{"not_picked":["Consecrate","TalkToTheHand"],"picked":"ClearTheMind","floor":4},{"not_picked":["Replay:AtTheReady","MasterReality"],"picked":"Crescendo","floor":5},{"not_picked":["Replay:BluntJabs","EmptyBody"],"picked":"SandsOfTime","floor":7},{"not_picked":["CutThroughFate","FollowUp"],"picked":"DeceiveReality","floor":8},{"not_picked":["Meditate","Evaluate"],"picked":"Protect","floor":8},{"not_picked":["WaveOfTheHand","SignatureMove"],"picked":"Prostrate","floor":11},{"not_picked":["EmptyMind","ReachHeaven"],"picked":"Halt","floor":11},{"not_picked":["CutThroughFate","FearNoEvil"],"picked":"Vault","floor":12},{"not_picked":["FlurryOfBlows","Fasting2"],"picked":"ClearTheMind","floor":13},{"not_picked":["Prostrate","Crescendo","Replay:Hum"],"picked":"SKIP","floor":13},{"not_picked":["Prostrate","Replay:Hum"],"picked":"Crescendo","floor":13},{"not_picked":["Establishment","Scrawl"],"picked":"Ragnarok","floor":16},{"not_picked":["Halt","Evaluate"],"picked":"Pray","floor":18},{"not_picked":["CrushJoints","MentalFortress+1"],"picked":"SashWhip+1","floor":18},{"not_picked":["Replay:AllIn","FollowUp"],"picked":"Sanctity","floor":19},{"not_picked":["ThirdEye","EmptyBody"],"picked":"ReachHeaven","floor":19},{"not_picked":["Consecrate","Pray"],"picked":"Prostrate+1","floor":20},{"not_picked":["Replay:DivineShield","FlurryOfBlows"],"picked":"Vault","floor":20},{"not_picked":["CutThroughFate","ClearTheMind"],"picked":"EmptyMind","floor":23},{"not_picked":["FlyingSleeves+1","Evaluate"],"picked":"Consecrate","floor":24},{"not_picked":["DeceiveReality","SandsOfTime+1"],"picked":"Establishment","floor":24},{"not_picked":["Wireheading+1","TalkToTheHand"],"picked":"Pray","floor":27},{"not_picked":["SignatureMove+1","EmptyBody"],"picked":"LikeWater+1","floor":27},{"not_picked":["MentalFortress","Replay:ManipulateFuture+1"],"picked":"EmptyFist","floor":29},{"not_picked":["EmptyBody","FlurryOfBlows"],"picked":"FlyingSleeves+1","floor":30},{"not_picked":["Replay:AtTheReady","ConjureBlade"],"picked":"FlurryOfBlows+1","floor":30},{"not_picked":["ConjureBlade","DevaForm"],"picked":"DeusExMachina","floor":33},{"not_picked":["Sanctity","Halt"],"picked":"BattleHymn+1","floor":35},{"not_picked":["SignatureMove","FlurryOfBlows"],"picked":"Protect","floor":35},{"not_picked":["hubris:EnhanceAbility","Poisoned Strike"],"picked":"Transmutation","floor":37},{"not_picked":["Bandage Up","Panacea"],"picked":"ReplayUltimateDefense","floor":37},{"not_picked":["ReplayTheSpireMod:Uncanny Aura","hubris:Ssssneak"],"picked":"Replay:Bootleg Shield Generator","floor":37},{"not_picked":["Replay:Parry","Crow Ritual"],"picked":"Secret Technique","floor":38},{"not_picked":["Finesse","Swift Strike"],"picked":"Panache","floor":38},{"not_picked":["Survey Options","ReplayUltimateDefense"],"picked":"Dramatic Entrance","floor":38},{"not_picked":["ClearTheMind","SandsOfTime+1"],"picked":"Prostrate+1","floor":40},{"not_picked":["PathToVictory+1","Study"],"picked":"Crescendo+1","floor":41},{"not_picked":["EmptyBody","Replay:BluntJabs"],"picked":"Perseverance","floor":41},{"not_picked":["ThirdEye","EmptyFist"],"picked":"Replay:Battleflow+1","floor":42},{"not_picked":["CrushJoints","SashWhip"],"picked":"Worship+1","floor":44},{"not_picked":["ReachHeaven","Sanctity+1"],"picked":"Prostrate","floor":48},{"not_picked":["BowlingBash","Replay:ManipulateFuture"],"picked":"Pray","floor":48},{"not_picked":["InnerPeace","EmptyMind+1"],"picked":"LikeWater+1","floor":50}],"player_experience":196627,"relics_obtained":[{"floor":7,"key":"Prayer Wheel"},{"floor":9,"key":"Boot"},{"floor":12,"key":"Toy Ornithopter"},{"floor":23,"key":"White Beast Statue"},{"floor":26,"key":"Happy Flower"},{"floor":29,"key":"Gremlin Food"},{"floor":32,"key":"Quantum Egg"},{"floor":40,"key":"Matryoshka"},{"floor":40,"key":"ReplayFunnel"},{"floor":42,"key":"Bag of Preparation"},{"floor":42,"key":"StuffTheSpire:PointBlank"},{"floor":43,"key":"Pet Ghost"},{"floor":43,"key":"Kunai"},{"floor":44,"key":"Gambling Chip"},{"floor":44,"key":"Garlic"},{"floor":50,"key":"ReplayTheSpireMod:TigerMarble"},{"floor":50,"key":"Bottled Lightning"}],"event_choices":[{"damage_healed":0,"gold_gain":0,"player_choice":"Lose Max HP","damage_taken":0,"relics_obtained":["Golden Idol"],"max_hp_gain":0,"max_hp_loss":12,"event_name":"Golden Idol","floor":2,"gold_loss":0},{"cards_removed":["Brilliance"],"damage_healed":0,"gold_gain":0,"player_choice":"Offered Rare","damage_taken":0,"max_hp_gain":10,"max_hp_loss":0,"event_name":"Bonfire Elementals","floor":10,"gold_loss":0},{"damage_healed":0,"gold_gain":0,"player_choice":"Rummage","damage_taken":0,"relics_obtained":["WarpedTongs"],"max_hp_gain":0,"max_hp_loss":0,"event_name":"Accursed Blacksmith","floor":15,"gold_loss":0,"cards_obtained":["Pain"]},{"damage_healed":0,"gold_gain":0,"player_choice":"Became a vampire","damage_taken":0,"max_hp_gain":0,"max_hp_loss":46,"event_name":"Vampires","floor":21,"gold_loss":0,"cards_obtained":["Bite","Bite","Bite","Bite","Bite"]},{"damage_healed":0,"gold_gain":0,"player_choice":"Obtain J.A.X.","damage_taken":0,"max_hp_gain":0,"max_hp_loss":0,"event_name":"Drug Dealer","floor":22,"gold_loss":0,"cards_obtained":["J.A.X."]},{"damage_healed":0,"gold_gain":0,"player_choice":"Became a Ghost","damage_taken":0,"max_hp_gain":0,"max_hp_loss":54,"event_name":"Ghosts","floor":25,"gold_loss":0,"cards_obtained":["Ghostly","Ghostly","Ghostly","Ghostly","Ghostly"]},{"damage_healed":0,"gold_gain":0,"player_choice":"Read","damage_taken":0,"max_hp_gain":0,"max_hp_loss":0,"event_name":"The Library","floor":28,"gold_loss":0,"cards_obtained":["Replay:Hum"]},{"damage_healed":0,"gold_gain":0,"player_choice":"Memory 3","damage_taken":10,"max_hp_gain":0,"max_hp_loss":0,"event_name":"SensoryStone","floor":38,"gold_loss":0},{"damage_healed":0,"gold_gain":0,"player_choice":"Max HP","damage_taken":0,"max_hp_gain":0,"max_hp_loss":3,"event_name":"Winding Halls","floor":39,"gold_loss":0},{"damage_healed":0,"gold_gain":0,"player_choice":"Bought 2 Potions","damage_taken":0,"max_hp_gain":0,"max_hp_loss":0,"event_name":"The Woman in Blue","floor":45,"gold_loss":0}],"is_beta":false,"boss_relics":[{"not_picked":["Replay:Bronze Core","Replay:Wanted Poster"],"picked":"Fusion Hammer"},{"not_picked":["StuffTheSpire:RunicHypercube","hubris:ScarierMask"],"picked":"Black Star"}],"items_purged_floors":[],"is_endless":false,"potions_floor_spawned":[7,8,12,16,19,23,24,27,29,30,33,35,40,41,42,44,48,50],"ascension_level":1}}