{"host":"reretk0dz0kj8f1n","time":1609117906,"event":{"mods":["Arknights The Spire","BaseMod","Colored Map","Minty Spire (QoL Compilation)","StSLib"],"gold_per_floor":[113,388,404,404,67,98,114,114,139,139,170,170,183,26,26,26,26],"floor_reached":16,"playtime":338,"items_purged":["Regret"],"score":140,"play_id":"f8339047-ae7c-441e-aa88-d9787c64a754","local_time":"20201228101146","is_ascension_mode":true,"campfire_choices":[{"data":"ats:Overload","floor":10,"key":"SMITH"},{"data":"ats:Song Of Battle","floor":12,"key":"SMITH"},{"floor":15,"key":"REST"}],"circlet_count":0,"master_deck":["ats:Strike C","ats:Strike G","ats:Strike S","ats:Strike V","ats:Armor Crushing Shot","ats:Defend","ats:Defend","ats:Defend","ats:Defend","ats:Emotion Absorption","ats:Overload+1","ats:Song Of Battle+1","ats:Dogmatic Field+1","ats:Rapid Magazine+1","ats:Echo Reverb"],"relics":["ats:Sanity","NeowsBlessing","NlothsMask","Frozen Egg 2","ats:Originium","Mango","ats:Rhine Circuitry","ats:Originium","Pen Nib","Membership Card"],"acts_visited":["Exordium"],"potions_floor_usage":[13,16],"damage_taken":[{"damage":0,"enemies":"Small Slimes","floor":1,"turns":1},{"damage":0,"enemies":"Cultist","floor":3,"turns":1},{"damage":0,"enemies":"3 Sentries","floor":6,"turns":2},{"damage":19,"enemies":"2 Louse","floor":7,"turns":4},{"damage":27,"enemies":"Gremlin Nob","floor":11,"turns":4},{"damage":17,"enemies":"Exordium Thugs","floor":13,"turns":4},{"damage":105,"enemies":"Slime Boss","floor":16,"turns":9}],"seed_played":"-8231813327744466211","potions_obtained":[{"floor":1,"key":"LiquidMemories"},{"floor":7,"key":"SpeedPotion"}],"is_trial":false,"path_per_floor":["M","?","M","?","$","E","M","T","T","R","E","R","M","$","R","B"],"character_chosen":"DOCTOR_CLASS","items_purchased":["Frozen Egg 2","Membership Card"],"campfire_rested":1,"item_purchase_floors":[5,14],"current_hp_per_floor":[72,72,72,72,72,86,86,86,86,86,59,59,42,42,67,0,0],"gold":26,"neow_bonus":"THREE_ENEMY_KILL","is_daily":false,"chose_seed":false,"campfire_upgraded":2,"win_rate":0.0,"timestamp":1609117906,"path_taken":["M","?","?","?","?","E","?","?","T","R","E","R","M","$","R","BOSS"],"items_purchased_type":["Relic","Relic"],"build_version":"2020-12-22","purchased_purges":1,"victory":false,"max_hp_per_floor":[72,72,72,72,72,86,86,86,86,86,86,86,86,86,86,86,86],"card_choices":[{"not_picked":["ats:Rapid Magazine","ats:Apocalypse"],"picked":"ats:Overload","floor":1},{"not_picked":["ats:Flexible Camouflage","ats:Explosion Area Strengthen"],"picked":"ats:Song Of Battle","floor":3},{"not_picked":["ats:Consecutive Shot Auto","ats:Flame Of Heaven"],"picked":"ats:Dogmatic Field+1","floor":6},{"not_picked":["ats:Support Order","ats:Flexible Camouflage"],"picked":"ats:Rapid Magazine+1","floor":7},{"not_picked":["ats:Leaping Hammer","ats:Childhood Dance"],"picked":"ats:Echo Reverb","floor":11},{"not_picked":["ats:Cat Scratch","ats:Apocalypse","ats:Hammer On"],"picked":"SKIP","floor":13}],"player_experience":256954,"relics_obtained":[{"floor":6,"key":"ats:Originium"},{"floor":6,"key":"Mango"},{"floor":9,"key":"ats:Rhine Circuitry"},{"floor":11,"key":"ats:Originium"},{"floor":11,"key":"Pen Nib"}],"event_choices":[{"damage_healed":0,"gold_gain":275,"player_choice":"Desecrate","damage_taken":0,"max_hp_gain":0,"max_hp_loss":0,"event_name":"Golden Shrine","floor":2,"gold_loss":0,"cards_obtained":["Regret"]},{"damage_healed":0,"gold_gain":0,"player_choice":"Trade","damage_taken":0,"relics_obtained":["NlothsMask"],"max_hp_gain":0,"max_hp_loss":0,"event_name":"FaceTrader","floor":4,"gold_loss":0}],"is_beta":false,"boss_relics":[],"items_purged_floors":[5],"is_endless":false,"potions_floor_spawned":[1,7],"killed_by":"Slime Boss","ascension_level":1}}