{"host":"sh8ot41fo7a0kahq","time":1609118918,"event":{"mods":["ATMod(°¢èªMod)","BaseMod","Better Third Choice","Colored Powertips","Displayed Cursed Tome","Minty Spire (QoL Compilation)","Quick Restart","Spicy Shops","StSLib","UnlockEverythingMod","¡¾ÒÅÎï¿¨ÅÆ¡¿REMEMod"],"gold_per_floor":[118,138,155,169,169,198,210,236,274,236,277,289,320,350,362,476,488,517,444,254,273,273,273,308,308,334,334,347,397,397,409,409,505,555,567,567,567],"floor_reached":36,"playtime":3353,"items_purged":["Strike_G"],"score":642,"play_id":"0d35d6f5-8796-414a-a341-2f57644db60c","local_time":"20201228092838","is_ascension_mode":true,"campfire_choices":[{"data":"Recycle","floor":7.0,"key":"SMITH"},{"data":"AT_ArcaneSupremacy","floor":15.0,"key":"SMITH"},{"data":"Apotheosis","floor":23.0,"key":"SMITH"},{"data":"Phantasmal Killer","floor":25.0,"key":"SMITH"},{"data":"AT_Dispersion","floor":27.0,"key":"SMITH"},{"data":"Calculated Gamble","floor":30,"key":"SMITH"},{"floor":32,"key":"REST"}],"circlet_count":0,"master_deck":["Defend_G","Defend_G","Defend_G","Defend_G","Survivor","Neutralize","AT_Dispersion+1","Recycle+1","Backflip","AT_ArcaneSupremacy+1","Blade Dance","Venomology","Tactician","AT_WindFlip","PiercingWail","Phantasmal Killer+1","Apotheosis+1","Calculated Gamble+1","AT_Desolate","Prepared+1","Acrobatics","AT_WomanClash","Well Laid Plans","Concentrate","AT_EssenceShift"],"relics":["Ring of the Snake","AT_ATBox","REME_ComplimentaryCards","MawBank","Smiling Mask","Nunchaku","REME_LowDesire","Potion Belt","Orichalcum","Art of War","Orrery","Dream Catcher","Tiny House"],"acts_visited":["Exordium","TheCity","TheBeyond"],"potions_floor_usage":[33,35],"damage_taken":[{"damage":3.0,"enemies":"2 Louse","floor":1.0,"turns":5.0},{"damage":2.0,"enemies":"Cultist","floor":2.0,"turns":5.0},{"damage":0.0,"enemies":"Small Slimes","floor":3.0,"turns":5.0},{"damage":1.0,"enemies":"Blue Slaver","floor":4.0,"turns":5.0},{"damage":16.0,"enemies":"3 Sentries","floor":6.0,"turns":7.0},{"damage":12.0,"enemies":"Exordium Thugs","floor":8.0,"turns":7.0},{"damage":14.0,"enemies":"Lagavulin","floor":11.0,"turns":13.0},{"damage":6.0,"enemies":"Looter","floor":13.0,"turns":4.0},{"damage":2.0,"enemies":"2 Fungi Beasts","floor":14.0,"turns":3.0},{"damage":0.0,"enemies":"Hexaghost","floor":16.0,"turns":9.0},{"damage":12.0,"enemies":"Shell Parasite","floor":18.0,"turns":4.0},{"damage":4.0,"enemies":"3 Byrds","floor":21.0,"turns":6.0},{"damage":0.0,"enemies":"REME_1_Revenger","floor":24.0,"turns":3.0},{"damage":12.0,"enemies":"3 Cultists","floor":28.0,"turns":4.0},{"damage":4,"enemies":"Centurion and Healer","floor":31,"turns":5},{"damage":4,"enemies":"Collector","floor":33,"turns":5},{"damage":20,"enemies":"3 Darklings","floor":35,"turns":3},{"damage":49,"enemies":"3 Shapes","floor":36,"turns":3}],"seed_played":"-1424709527492936072","potions_obtained":[{"floor":1.0,"key":"Block Potion"},{"floor":2.0,"key":"Swift Potion"},{"floor":6.0,"key":"BlessingOfTheForge"},{"floor":8.0,"key":"Strength Potion"},{"floor":21.0,"key":"EntropicBrew"}],"is_trial":false,"path_per_floor":["M","M","M","M","?","E","R","M","T","?","E","?","M","M","R","B",null,"M","?","$","M","?","R","E","R","T","R","M","?","R","M","R","B",null,"M","M"],"character_chosen":"THE_SILENT","items_purchased":["Orrery"],"campfire_rested":1,"item_purchase_floors":[20],"current_hp_per_floor":[60,58,58,57,57,41,41,29,29,29,15,15,9,7,7,7,49,37,37,37,33,33,33,33,33,33,33,21,21,21,17,35,31,60,40,0,0],"gold":567,"neow_bonus":"REMOVE_TWO","is_daily":false,"chose_seed":false,"campfire_upgraded":6,"win_rate":0.0,"timestamp":1609118918,"path_taken":["M","M","M","M","?","E","R","M","T","?","E","?","M","?","R","BOSS","M","?","$","M","?","R","E","R","T","R","M","?","R","M","R","BOSS","M","M"],"items_purchased_type":["Relic"],"build_version":"2020-12-22","purchased_purges":1,"victory":false,"max_hp_per_floor":[63,63,63,63,63,63,63,63,63,63,63,63,63,63,63,63,63,63,63,63,63,63,63,63,63,63,63,63,63,63,63,63,63,68,68,68,68],"card_choices":[{"not_picked":["Masterful Stab","PiercingWail"],"picked":"Backflip","floor":1.0},{"not_picked":["Dodge and Roll","Bane"],"picked":"AT_ArcaneSupremacy","floor":2.0},{"not_picked":["Dagger Throw","Deflect","Quick Slash"],"picked":"SKIP","floor":3.0},{"not_picked":["Footwork","Prepared"],"picked":"Blade Dance","floor":4.0},{"not_picked":["Predator","All Out Attack","Deflect"],"picked":"SKIP","floor":6.0},{"not_picked":["Dagger Throw","Bane","Poisoned Stab"],"picked":"SKIP","floor":8.0},{"not_picked":["AT_TwilightShroud","Predator"],"picked":"Venomology","floor":11.0},{"not_picked":["All Out Attack","Poisoned Stab"],"picked":"AT_WindFlip","floor":13.0},{"not_picked":["Quick Slash","Backflip"],"picked":"PiercingWail","floor":14.0},{"not_picked":["REME_GrazeFinale","Die Die Die"],"picked":"Phantasmal Killer","floor":16.0},{"not_picked":["Footwork","Prepared+1","PiercingWail"],"picked":"Apotheosis","floor":18.0},{"not_picked":["Grand Finale","AT_WindFlip","AT_PowerWithin"],"picked":"Calculated Gamble","floor":20.0},{"not_picked":["Deadly Poison+1","Blade Dance","REME_MawOfCthun"],"picked":"AT_Desolate","floor":20.0},{"not_picked":["Poisoned Stab+1","Dodge and Roll","Panache"],"picked":"Prepared","floor":20.0},{"not_picked":["Sucker Punch","Blade Dance","Violence"],"picked":"Acrobatics","floor":21.0},{"not_picked":["Tactician+1","REME_ShadowStrike","Noxious Fumes","Mayhem"],"picked":"SKIP","floor":24.0},{"not_picked":["Sucker Punch","All Out Attack","AT_EmpoweredMortalDraw"],"picked":"Concentrate","floor":28.0},{"not_picked":["AT_KneejerkReflex","Bane","Calculated Gamble","AT_Homeward"],"picked":"SKIP","floor":31},{"not_picked":["Malaise","After Image","AT_Homeward"],"picked":"AT_EssenceShift","floor":33},{"not_picked":["Leg Sweep+1","Tactician+1","Cloak And Dagger","Thinking Ahead"],"picked":"SKIP","floor":35}],"player_experience":298907,"relics_obtained":[{"floor":6.0,"key":"MawBank"},{"floor":9.0,"key":"Smiling Mask"},{"floor":11.0,"key":"Nunchaku"},{"floor":17.0,"key":"Potion Belt"},{"floor":17.0,"key":"Orichalcum"},{"floor":24.0,"key":"Dream Catcher"}],"event_choices":[{"damage_healed":57.0,"max_hp_gain":0.0,"max_hp_loss":63.0,"gold_gain":0.0,"event_name":"betterThird:BetterShining","player_choice":"Leave","floor":5.0,"gold_loss":0.0,"damage_taken":0.0},{"cards_removed":["Strike_G"],"damage_healed":0.0,"max_hp_gain":0.0,"max_hp_loss":0.0,"gold_gain":0.0,"event_name":"The Cleric","player_choice":"Card Removal","floor":10.0,"gold_loss":50.0,"damage_taken":0.0},{"damage_healed":0.0,"max_hp_gain":0.0,"max_hp_loss":0.0,"gold_gain":0.0,"event_name":"Match and Keep!","player_choice":"1 cards matched","floor":12.0,"gold_loss":0.0,"damage_taken":0.0,"cards_obtained":["Tactician"]},{"damage_healed":0.0,"max_hp_gain":0.0,"max_hp_loss":0.0,"gold_gain":0.0,"event_name":"Addict","player_choice":"Obtained Relic","floor":19.0,"gold_loss":85.0,"damage_taken":0.0,"relics_obtained":["Art of War"]},{"damage_healed":0.0,"max_hp_gain":0.0,"max_hp_loss":0.0,"gold_gain":0.0,"cards_transformed":["Strike_G","Defend_G"],"event_name":"Drug Dealer","player_choice":"Became Test Subject","floor":22.0,"gold_loss":0.0,"damage_taken":0.0,"cards_obtained":["AT_WomanClash","Well Laid Plans"]},{"damage_healed":0,"gold_gain":100,"player_choice":"Bet on Murderer","damage_taken":0,"max_hp_gain":0,"max_hp_loss":0,"event_name":"The Joust","floor":29,"gold_loss":50}],"is_beta":false,"boss_relics":[{"not_picked":["Velvet Choker","Fusion Hammer"],"picked":"REME_LowDesire"},{"not_picked":["REME_ChargedStone","Sozu"],"picked":"Tiny House"}],"items_purged_floors":[20],"is_endless":false,"potions_floor_spawned":[1,2,6,8,14,21,24],"killed_by":"3 Shapes","ascension_level":6}}