{"host":"zhec3g4cvsmevugl","time":1609135570,"event":{"mods":["BaseMod","BetterRewards","Curses Come First","Minty Spire (QoL Compilation)","Relic Stats","Slay-I","StSLib"],"gold_per_floor":[117,130,130,205,216,216,176,176,176,191,191,191,202,218,218,218,218],"floor_reached":16,"playtime":917,"items_purged":[],"score":142,"play_id":"c966539d-b510-463f-b7f7-d0bc786d4849","local_time":"20201228140610","is_ascension_mode":false,"campfire_choices":[{"data":"SignatureMove","floor":6,"key":"SMITH"},{"floor":8,"key":"REST"},{"floor":12,"key":"REST"},{"floor":15,"key":"REST"}],"circlet_count":0,"master_deck":["Strike_P","Strike_P","Strike_P+1","Strike_P","Defend_P","Defend_P","Defend_P","Defend_P","Eruption","Vigilance","SignatureMove+1","CutThroughFate","ClearTheMind+1","Halt","BattleHymn","Conclude","SandsOfTime"],"relics":["PureWater","Mummified Hand","Matryoshka"],"acts_visited":["Exordium"],"potions_floor_usage":[13,13],"damage_taken":[{"damage":9,"enemies":"Jaw Worm","floor":1,"turns":5},{"damage":10,"enemies":"Small Slimes","floor":2,"turns":2},{"damage":6,"enemies":"Cultist","floor":5,"turns":3},{"damage":12,"enemies":"Exordium Thugs","floor":10,"turns":4},{"damage":1,"enemies":"Blue Slaver","floor":13,"turns":2},{"damage":25,"enemies":"Exordium Wildlife","floor":14,"turns":4},{"damage":49,"enemies":"The Guardian","floor":16,"turns":6}],"seed_played":"-7085861488547728182","potions_obtained":[{"floor":7,"key":"AttackPotion"},{"floor":7,"key":"SmokeBomb"},{"floor":7,"key":"GamblersBrew"},{"floor":13,"key":"SmokeBomb"}],"is_trial":false,"path_per_floor":["M","M","?","?","M","R","?","R","T","M","T","R","M","M","R","B"],"character_chosen":"WATCHER","items_purchased":["SignatureMove"],"campfire_rested":3,"item_purchase_floors":[0],"current_hp_per_floor":[63,53,39,28,22,22,22,43,43,31,31,52,51,26,47,0,0],"gold":218,"neow_bonus":"","is_daily":false,"chose_seed":false,"campfire_upgraded":1,"win_rate":0.0,"timestamp":1609135570,"path_taken":["M","M","?","?","M","R","?","R","T","?","?","R","M","M","R","BOSS"],"items_purchased_type":["Card"],"build_version":"2020-12-22","purchased_purges":0,"victory":false,"max_hp_per_floor":[72,72,72,72,72,72,72,72,72,72,72,72,72,72,72,72,72],"relic_stats":{"counters":[11,42],"Mummified Hand":[4],"obtain_stats":[{"Matryoshka":11,"Mummified Hand":9,"PureWater":0,"Orichalcum":4,"PrismaticShard":4},{"Matryoshka":8,"Mummified Hand":7,"PureWater":0,"Orichalcum":1,"PrismaticShard":1},{"Matryoshka":30,"Mummified Hand":26,"PureWater":0,"Orichalcum":5,"PrismaticShard":5}]},"card_choices":[{"not_picked":["JustLucky","FlurryOfBlows"],"picked":"CutThroughFate","floor":1},{"not_picked":["TalkToTheHand","FlurryOfBlows"],"picked":"ClearTheMind","floor":2},{"not_picked":["ReachHeaven","Adaptation"],"picked":"Halt","floor":5},{"not_picked":["Conclude","Crescendo"],"picked":"BattleHymn","floor":10},{"not_picked":["ReachHeaven","CutThroughFate"],"picked":"Conclude","floor":13},{"not_picked":["FollowUp","PathToVictory"],"picked":"SandsOfTime","floor":14}],"player_experience":188217,"relics_obtained":[{"floor":9,"key":"Mummified Hand"},{"floor":11,"key":"Matryoshka"}],"event_choices":[{"damage_healed":0,"gold_gain":0,"player_choice":"Entered Light","damage_taken":14,"max_hp_gain":0,"max_hp_loss":0,"event_name":"Shining Light","floor":3,"gold_loss":0,"cards_upgraded":["Strike_P","ClearTheMind"]},{"damage_healed":0,"gold_gain":75,"player_choice":"Gather Gold","damage_taken":11,"max_hp_gain":0,"max_hp_loss":0,"event_name":"World of Goop","floor":4,"gold_loss":0},{"damage_healed":0,"gold_gain":0,"player_choice":"Bought 3 Potions","damage_taken":0,"max_hp_gain":0,"max_hp_loss":0,"event_name":"The Woman in Blue","floor":7,"gold_loss":0}],"is_beta":false,"boss_relics":[],"items_purged_floors":[],"is_endless":false,"potions_floor_spawned":[13],"killed_by":"The Guardian","ascension_level":0}}