{"host":"07ljfmttuzqopd7f","time":1609143145,"event":{"mods":["2.2 Compatiblity","BaseMod","Bestiary","Block Reminder","Colored Map","Colored Powertips","Hermit","Minty Spire (QoL Compilation)","Quick Restart","Rare Cards Sparkle","Relic Stats","StSLib"],"gold_per_floor":[112,112,112,77,95,138,138,31,80,80,103,103,136,150,150,281,281,304,319,319,95,95,135,135,153,153,153,153],"floor_reached":27,"playtime":860,"items_purged":["Strike_B"],"score":356,"play_id":"3219b429-72af-4426-9e09-5596d94ad49b","local_time":"20201228031225","is_ascension_mode":true,"campfire_choices":[{"data":"Zap","floor":7,"key":"SMITH"},{"data":"Consume","floor":12,"key":"SMITH"},{"floor":15,"key":"REST"},{"data":"Hello World","floor":24,"key":"SMITH"}],"circlet_count":0,"master_deck":["Strike_B","Strike_B","Strike_B","Defend_B","Defend_B","Defend_B","Defend_B","Zap+1","Dualcast","Coolheaded","Chill","Hello World+1","Capacitor","Chaos","Consume+1","FTL","Streamline","Electrodynamics","Cold Snap","Ball Lightning","Loop","Skim","Capacitor"],"relics":["Cracked Core","NeowsBlessing","Golden Idol","Oddly Smooth Stone","Bag of Marbles","Sundial","StoneCalendar","Coffee Dripper","Blue Candle","Cables"],"acts_visited":["Exordium","TheCity"],"potions_floor_usage":[14,23,23,27,27],"damage_taken":[{"damage":0,"enemies":"Small Slimes","floor":1,"turns":1},{"damage":0,"enemies":"2 Louse","floor":5,"turns":1},{"damage":0,"enemies":"3 Sentries","floor":6,"turns":1},{"damage":0,"enemies":"Jaw Worm","floor":11,"turns":6},{"damage":22,"enemies":"Gremlin Nob","floor":13,"turns":6},{"damage":20,"enemies":"Exordium Thugs","floor":14,"turns":7},{"damage":2,"enemies":"The Guardian","floor":16,"turns":10},{"damage":35,"enemies":"2 Thieves","floor":18,"turns":5},{"damage":1,"enemies":"Shell Parasite","floor":19,"turns":6},{"damage":38,"enemies":"Slavers","floor":23,"turns":5},{"damage":9,"enemies":"Centurion and Healer","floor":25,"turns":6},{"damage":5,"enemies":"Colosseum Slavers","floor":27,"turns":1}],"seed_played":"-4914151129952912099","potions_obtained":[{"floor":6,"key":"EssenceOfSteel"},{"floor":13,"key":"Swift Potion"},{"floor":16,"key":"Regen Potion"},{"floor":19,"key":"Ancient Potion"},{"floor":23,"key":"FocusPotion"},{"floor":25,"key":"ColorlessPotion"}],"is_trial":false,"path_per_floor":["M","?","?","?","M","E","R","$","T","T","M","R","E","M","R","B",null,"M","M","?","$","?","E","R","M","T","?"],"character_chosen":"DEFECT","items_purchased":["Capacitor","Chaos","Loop","Skim"],"campfire_rested":1,"item_purchase_floors":[8,8,21,21],"current_hp_per_floor":[68,50,55,75,75,75,75,75,75,75,75,75,53,33,57,55,74,39,38,38,38,38,14,14,5,5,0,0],"gold":153,"neow_bonus":"THREE_ENEMY_KILL","is_daily":false,"chose_seed":false,"campfire_upgraded":3,"win_rate":0.0,"timestamp":1609143145,"path_taken":["M","?","?","?","?","E","R","$","T","?","M","R","E","M","R","BOSS","M","M","?","$","?","E","R","?","T","?"],"items_purchased_type":["Card","Card","Card","Card"],"build_version":"2020-12-22","purchased_purges":1,"victory":false,"max_hp_per_floor":[75,75,80,80,80,80,80,80,80,80,80,80,80,80,80,80,80,80,80,80,80,80,80,80,80,80,80,80],"relic_stats":{"counters":[12,55],"Golden Idol":74,"Sundial":[8],"Blue Candle":[0],"StoneCalendar":[52],"obtain_stats":[{"NeowsBlessing":0,"Golden Idol":2,"Sundial":10,"Blue Candle":23,"Oddly Smooth Stone":6,"StoneCalendar":13,"Bag of Marbles":9,"Coffee Dripper":17,"Cracked Core":0,"Cables":26},{"NeowsBlessing":0,"Golden Idol":1,"Sundial":3,"Blue Candle":10,"Oddly Smooth Stone":3,"StoneCalendar":5,"Bag of Marbles":3,"Coffee Dripper":7,"Cracked Core":0,"Cables":11},{"NeowsBlessing":0,"Golden Idol":1,"Sundial":3,"Blue Candle":48,"Oddly Smooth Stone":3,"StoneCalendar":15,"Bag of Marbles":3,"Coffee Dripper":32,"Cracked Core":0,"Cables":54}],"Cables":[1,0,1,0,0]},"card_choices":[{"not_picked":["Scrape","Melter"],"picked":"Coolheaded","floor":1},{"not_picked":["Hologram","Stack"],"picked":"Chill","floor":5},{"not_picked":["Coolheaded","Hologram"],"picked":"Hello World","floor":6},{"not_picked":["Streamline","Redo"],"picked":"Consume","floor":11},{"not_picked":["Amplify","Static Discharge"],"picked":"FTL","floor":13},{"not_picked":["Redo","Stack"],"picked":"Streamline","floor":14},{"not_picked":["Multi-Cast","Meteor Strike"],"picked":"Electrodynamics","floor":16},{"not_picked":["Recycle","Consume+1"],"picked":"Cold Snap","floor":18},{"not_picked":["Double Energy","Barrage"],"picked":"Ball Lightning","floor":19},{"not_picked":["Aggregate","Blizzard","Ball Lightning"],"picked":"SKIP","floor":23},{"not_picked":["Steam Power","Thunder Strike","Reprogram"],"picked":"SKIP","floor":25}],"player_experience":327652,"relics_obtained":[{"floor":6,"key":"Oddly Smooth Stone"},{"floor":9,"key":"Bag of Marbles"},{"floor":10,"key":"Sundial"},{"floor":13,"key":"StoneCalendar"},{"floor":23,"key":"Blue Candle"},{"floor":26,"key":"Cables"}],"event_choices":[{"damage_healed":0,"gold_gain":0,"player_choice":"Take Damage","damage_taken":18,"relics_obtained":["Golden Idol"],"max_hp_gain":0,"max_hp_loss":0,"event_name":"Golden Idol","floor":2,"gold_loss":0},{"damage_healed":0,"gold_gain":0,"player_choice":"Donut","damage_taken":0,"max_hp_gain":5,"max_hp_loss":0,"event_name":"Big Fish","floor":3,"gold_loss":0},{"damage_healed":20,"gold_gain":0,"player_choice":"Healed","damage_taken":0,"max_hp_gain":0,"max_hp_loss":0,"event_name":"The Cleric","floor":4,"gold_loss":35},{"damage_healed":0,"gold_gain":0,"player_choice":"Ignored","damage_taken":0,"max_hp_gain":0,"max_hp_loss":0,"event_name":"Cursed Tome","floor":20,"gold_loss":0},{"damage_healed":0,"gold_gain":0,"player_choice":"1 cards matched","damage_taken":0,"max_hp_gain":0,"max_hp_loss":0,"event_name":"Match and Keep!","floor":22,"gold_loss":0,"cards_obtained":["Capacitor"]},{"damage_healed":0,"gold_gain":0,"player_choice":"Fight","damage_taken":0,"max_hp_gain":0,"max_hp_loss":0,"event_name":"Colosseum","floor":27,"gold_loss":0}],"is_beta":false,"boss_relics":[{"not_picked":["Astrolabe","Ectoplasm"],"picked":"Coffee Dripper"}],"items_purged_floors":[21],"is_endless":false,"potions_floor_spawned":[6,13,16,19,23,25],"killed_by":"Colosseum Slavers","ascension_level":7}}