{"host":"cpokje45u5l0nisu","time":1609193760,"event":{"mods":["AchievementEnabler","BaseMod","Minty Spire (QoL Compilation)","StSLib"],"gold_per_floor":[109,109,109,209,227,243,258,258,306,329,4,4,4,25,25,145,145,165,10,30,54,54,54,75,75,101,124,79,99,115,136,136,256,256,280,131,149,169,16,16,29,63,139,158,158,158],"floor_reached":45,"playtime":3541,"items_purged":["Injury"],"score":443,"play_id":"247006e4-f6cf-4356-8e83-25944c286499","local_time":"20201228151600","is_ascension_mode":false,"campfire_choices":[{"floor":12.0,"key":"REST"},{"data":"Dagger Spray","floor":15.0,"key":"SMITH"},{"floor":23,"key":"REST"},{"data":"Skewer","floor":25,"key":"SMITH"},{"floor":32,"key":"REST"},{"floor":40,"key":"REST"}],"circlet_count":0,"master_deck":["Strike_G","Strike_G","Strike_G","Strike_G","Strike_G+1","Defend_G","Defend_G","Defend_G","Defend_G","Defend_G+1","Survivor","Neutralize","Flying Knee","Predator","Flying Knee","Footwork","Dagger Spray+1","Corpse Explosion","Sucker Punch","Skewer+1","Endless Agony+1","RitualDagger","Dodge and Roll+1","Outmaneuver","Crippling Poison","Deflect+1","Phantasmal Killer","Noxious Fumes+1","Parasite"],"relics":["Runic Pyramid","Golden Idol","Happy Flower","Paper Crane","Oddly Smooth Stone","Sozu","Blood Vial","Bronze Scales","Busted Crown","ClockworkSouvenir","Vajra","Centennial Puzzle","Question Card"],"acts_visited":["Exordium","TheCity","TheBeyond"],"potions_floor_usage":[21],"damage_taken":[{"damage":0.0,"enemies":"2 Louse","floor":1.0,"turns":2.0},{"damage":8.0,"enemies":"Jaw Worm","floor":5.0,"turns":3.0},{"damage":0.0,"enemies":"Cultist","floor":6.0,"turns":3.0},{"damage":1.0,"enemies":"2 Fungi Beasts","floor":7.0,"turns":3.0},{"damage":2.0,"enemies":"Looter","floor":10.0,"turns":3.0},{"damage":4.0,"enemies":"Exordium Wildlife","floor":14.0,"turns":3.0},{"damage":11.0,"enemies":"Slime Boss","floor":16.0,"turns":10.0},{"damage":8.0,"enemies":"2 Thieves","floor":18.0,"turns":2.0},{"damage":5.0,"enemies":"Shell Parasite","floor":20.0,"turns":5.0},{"damage":16,"enemies":"Snake Plant","floor":21,"turns":5},{"damage":11,"enemies":"Snecko","floor":24,"turns":5},{"damage":10,"enemies":"Shelled Parasite and Fungi","floor":27,"turns":4},{"damage":0,"enemies":"Cultist and Chosen","floor":29,"turns":3},{"damage":0,"enemies":"Chosen and Byrds","floor":30,"turns":5},{"damage":12,"enemies":"Centurion and Healer","floor":31,"turns":4},{"damage":58,"enemies":"Automaton","floor":33,"turns":11},{"damage":5,"enemies":"Orb Walker","floor":35,"turns":4},{"damage":23,"enemies":"3 Darklings","floor":37,"turns":3},{"damage":2,"enemies":"Maw","floor":38,"turns":7},{"damage":16,"enemies":"Transient","floor":41,"turns":5},{"damage":38,"enemies":"Giant Head","floor":42,"turns":10},{"damage":2,"enemies":"Writhing Mass","floor":44,"turns":4},{"damage":25,"enemies":"Jaw Worm Horde","floor":45,"turns":2}],"seed_played":"5432031878245740819","potions_obtained":[{"floor":5.0,"key":"Swift Potion"},{"floor":6.0,"key":"Explosive Potion"},{"floor":10.0,"key":"LiquidBronze"},{"floor":16.0,"key":"LiquidMemories"}],"is_trial":false,"path_per_floor":["M","?","?","?","M","M","M","?","T","M","$","R","?","M","R","B",null,"M","$","M","M","?","R","M","R","T","M","$","M","M","M","R","B",null,"M","$","M","M","$","R","M","E","T","M","M"],"character_chosen":"THE_SILENT","items_purchased":["Paper Crane","Blood Vial","Outmaneuver","ClockworkSouvenir","Vajra"],"campfire_rested":4,"item_purchase_floors":[11,19,28,36,39],"current_hp_per_floor":[70,56,61,61,53,53,52,52,52,50,50,72,72,68,68,57,75,67,67,64,50,44,66,57,57,57,49,49,51,53,43,65,9,75,70,70,49,49,49,71,57,21,21,21,0,0],"gold":158,"neow_bonus":"BOSS_RELIC","is_daily":false,"chose_seed":false,"campfire_upgraded":2,"win_rate":0.0,"timestamp":1609193760,"path_taken":["M","?","?","?","M","?","M","?","T","M","$","R","?","M","R","BOSS","M","$","M","M","?","R","M","R","T","M","$","M","M","M","R","BOSS","M","$","M","M","$","R","M","E","T","M","M"],"items_purchased_type":["Relic","Relic","Card","Relic","Relic"],"build_version":"2020-12-22","purchased_purges":1,"victory":false,"max_hp_per_floor":[70,70,75,75,75,75,75,75,75,75,75,75,75,75,75,75,75,75,75,75,75,75,75,75,75,75,75,75,75,75,75,75,75,75,75,75,75,75,75,75,75,75,75,75,75,75],"card_choices":[{"not_picked":["Poisoned Stab","Underhanded Strike"],"picked":"Flying Knee","floor":1.0},{"not_picked":["PiercingWail","Dash","Underhanded Strike"],"picked":"SKIP","floor":5.0},{"not_picked":["Catalyst","Expertise"],"picked":"Predator","floor":6.0},{"not_picked":["Deadly Poison","Dagger Throw"],"picked":"Flying Knee","floor":7.0},{"not_picked":["Deadly Poison","Reflex"],"picked":"Footwork","floor":10.0},{"not_picked":["Escape Plan","Poisoned Stab"],"picked":"Dagger Spray","floor":14.0},{"not_picked":["After Image","Burst"],"picked":"Corpse Explosion","floor":16.0},{"not_picked":["Infinite Blades","Deadly Poison"],"picked":"Sucker Punch","floor":18.0},{"not_picked":["Reflex","Catalyst"],"picked":"Skewer","floor":20},{"not_picked":["Flying Knee+1","Dagger Throw"],"picked":"Endless Agony+1","floor":21},{"not_picked":["Noxious Fumes","Dagger Throw+1"],"picked":"Dodge and Roll+1","floor":24},{"not_picked":["Prepared","Quick Slash","Catalyst"],"picked":"SKIP","floor":27},{"not_picked":["Quick Slash","Prepared","Deadly Poison"],"picked":"SKIP","floor":29},{"not_picked":["Poisoned Stab+1","Backstab"],"picked":"Crippling Poison","floor":30},{"not_picked":["Slice","Backflip"],"picked":"Deflect+1","floor":31},{"not_picked":["Die Die Die","Corpse Explosion"],"picked":"Phantasmal Killer","floor":33},{"not_picked":["Masterful Stab"],"picked":"SKIP","floor":35},{"not_picked":["Quick Slash+1"],"picked":"SKIP","floor":37},{"not_picked":[],"picked":"Noxious Fumes+1","floor":38},{"not_picked":["Poisoned Stab+1"],"picked":"SKIP","floor":41},{"not_picked":["Distraction"],"picked":"SKIP","floor":42},{"not_picked":["PiercingWail+1","Dagger Spray+1"],"picked":"SKIP","floor":44}],"player_experience":17165,"relics_obtained":[{"floor":9.0,"key":"Happy Flower"},{"floor":26,"key":"Bronze Scales"},{"floor":42,"key":"Centennial Puzzle"},{"floor":43,"key":"Question Card"}],"event_choices":[{"damage_healed":0.0,"max_hp_gain":0.0,"max_hp_loss":0.0,"gold_gain":0.0,"event_name":"Shining Light","player_choice":"Entered Light","floor":2.0,"gold_loss":0.0,"damage_taken":14.0,"cards_upgraded":["Defend_G","Strike_G"]},{"damage_healed":0.0,"max_hp_gain":5.0,"max_hp_loss":0.0,"gold_gain":0.0,"event_name":"Big Fish","player_choice":"Donut","floor":3.0,"gold_loss":0.0,"damage_taken":0.0},{"damage_healed":0.0,"max_hp_gain":0.0,"max_hp_loss":0.0,"gold_gain":100.0,"event_name":"Golden Shrine","player_choice":"Pray","floor":4.0,"gold_loss":0.0,"damage_taken":0.0},{"damage_healed":0.0,"max_hp_gain":0.0,"max_hp_loss":0.0,"gold_gain":0.0,"event_name":"Golden Idol","player_choice":"Take Wound","floor":8.0,"gold_loss":0.0,"damage_taken":0.0,"relics_obtained":["Golden Idol"],"cards_obtained":["Injury"]},{"damage_healed":0.0,"max_hp_gain":0.0,"max_hp_loss":0.0,"gold_gain":0.0,"event_name":"Dead Adventurer","player_choice":"Searched \u00272\u0027 times","floor":13.0,"gold_loss":0.0,"damage_taken":0.0,"relics_obtained":["Oddly Smooth Stone"]},{"damage_healed":0,"gold_gain":0,"player_choice":"Joined the Cult","damage_taken":6,"max_hp_gain":0,"max_hp_loss":0,"event_name":"Nest","floor":22,"gold_loss":0,"cards_obtained":["RitualDagger"]}],"is_beta":false,"boss_relics":[{"not_picked":["Tiny House","Ectoplasm"],"picked":"Sozu"},{"not_picked":["Philosopher\u0027s Stone","Coffee Dripper"],"picked":"Busted Crown"}],"items_purged_floors":[11],"is_endless":false,"potions_floor_spawned":[5,6,10,16,20,21,29,30,31,35,41],"killed_by":"Jaw Worm Horde","ascension_level":0}}