{"host":"08nxni9rwzvm98vp","time":1609166281,"event":{"mods":["AchievementEnabler","BaseMod","Card Forge","Colored Powertips","Googly Eyes","Highlight Path","Marisa£¨Ùöéë¡¡Øª×âÞÞ£©","Minty Spire (QoL Compilation)","Quick Restart","Rare Cards Sparkle","StSLib","SuperFastMode"],"gold_per_floor":[109,109,123,139,139,139,174,24,79,97,136,61,61,86,86,211,211,224,10,10,10,30,30,63,63,112,148,167,167,42,56,56,177,177,197,110,175,175,198,236,236,569,569,569,588,113,113,145,145,145,145,145,0,25,25,25],"floor_reached":55,"playtime":3863,"items_purged":["Strike_MRS","Strike_MRS","Defend_MRS","Defend_MRS","Defend_MRS"],"score":831,"play_id":"419ed8be-ec34-44c1-951f-5e533e988b10","local_time":"20201228233801","is_ascension_mode":true,"campfire_choices":[{"data":"MasterSpark","floor":6.0,"key":"SMITH"},{"data":"PulseMagic","floor":13.0,"key":"SMITH"},{"data":"SuperNova","floor":15.0,"key":"SMITH"},{"data":"JA","floor":23.0,"key":"SMITH"},{"data":"AsteroidBelt","floor":25.0,"key":"SMITH"},{"data":"BinaryStars","floor":29.0,"key":"SMITH"},{"data":"GasGiant","floor":32.0,"key":"SMITH"},{"data":"UltimateShortwave","floor":41.0,"key":"SMITH"},{"data":"1","floor":44.0,"key":"LIFT"},{"floor":47,"key":"RECALL"},{"data":"PropBag","floor":49,"key":"SMITH"},{"data":"2","floor":52,"key":"LIFT"}],"circlet_count":1,"master_deck":["Defend_MRS+1","BlazingStar+1","WitchLeyline+1","AsteroidBelt+1","AsteroidBelt+1","SuperNova+1","PulseMagic+1","JA+1","EnergyFlow+1","WitchLeyline+1","GasGiant+1","UltimateShortwave+1","UnstableBomb+1","PropBag+1","UnstableBomb+1"],"relics":["MiniHakkero","Hammer of Thor","Seething Fire","Anvil of the Gods","Bag of Preparation","Happy Flower","Circlet","MealTicket","Girya","Sozu","Torii","Molten Egg 2","Regal Pillow","Lee\u0027s Waffle","Blood Vial","Pocketwatch","Boot","Art of War","Gremlin Horn"],"acts_visited":["Exordium","TheCity","TheBeyond","TheEnding"],"potions_floor_usage":[],"damage_taken":[{"damage":1.0,"enemies":"Jaw Worm","floor":1.0,"turns":3.0},{"damage":7.0,"enemies":"2 Louse","floor":3.0,"turns":2.0},{"damage":0.0,"enemies":"Cultist","floor":4.0,"turns":3.0},{"damage":20.0,"enemies":"Lagavulin","floor":7.0,"turns":3.0},{"damage":0.0,"enemies":"Lots of Slimes","floor":10.0,"turns":6.0},{"damage":2.0,"enemies":"3 Sentries","floor":11.0,"turns":5.0},{"damage":0.0,"enemies":"Looter","floor":14.0,"turns":3.0},{"damage":15.0,"enemies":"The Guardian","floor":16.0,"turns":6.0},{"damage":0.0,"enemies":"2 Thieves","floor":18.0,"turns":5.0},{"damage":4.0,"enemies":"Shell Parasite","floor":22.0,"turns":3.0},{"damage":32.0,"enemies":"Gremlin Leader","floor":24.0,"turns":6.0},{"damage":21.0,"enemies":"Slavers","floor":27.0,"turns":5.0},{"damage":8.0,"enemies":"Snecko","floor":28.0,"turns":4.0},{"damage":0.0,"enemies":"Snake Plant","floor":31.0,"turns":1.0},{"damage":3.0,"enemies":"Champ","floor":33.0,"turns":7.0},{"damage":11.0,"enemies":"3 Shapes","floor":35.0,"turns":8.0},{"damage":25.0,"enemies":"2 Orb Walkers","floor":37.0,"turns":3.0},{"damage":17.0,"enemies":"3 Darklings","floor":39.0,"turns":7.0},{"damage":24.0,"enemies":"Reptomancer","floor":40.0,"turns":8.0},{"damage":0.0,"enemies":"Spire Growth","floor":45.0,"turns":3.0},{"damage":7,"enemies":"Nemesis","floor":48,"turns":5},{"damage":8,"enemies":"Time Eater","floor":50,"turns":8},{"damage":61,"enemies":"Shield and Spear","floor":54,"turns":5},{"damage":53,"enemies":"The Heart","floor":55,"turns":2}],"seed_played":"8494175551448194229","potions_obtained":[{"floor":3.0,"key":"StarNLove"},{"floor":7.0,"key":"Fruit Juice"},{"floor":11.0,"key":"SpeedPotion"},{"floor":16.0,"key":"Energy Potion"},{"floor":27.0,"key":"SpeedPotion"},{"floor":28.0,"key":"Strength Potion"}],"is_trial":false,"path_per_floor":["M","$","M","M","?","R","E","$","T","M","E","$","R","M","R","B",null,"M","$","$","?","M","R","E","R","T","E","M","R","$","M","R","B",null,"M","$","?","?","M","E","R","?","T","R","M","$","R","E","R","B",null,"R","$","E","B"],"character_chosen":"MARISA","items_purchased":["SuperNova","MerchantsRug","Lee\u0027s Waffle","Blood Vial","Boot"],"campfire_rested":0,"item_purchase_floors":[8,19,46,46,53],"current_hp_per_floor":[74,74,67,67,49,49,34,34,34,34,32,32,32,32,32,19,80,80,80,80,80,76,76,44,44,44,23,18,18,33,33,33,50,93,82,93,68,68,51,27,27,27,27,27,27,100,100,93,93,87,100,100,100,39,0,0],"gold":25,"neow_bonus":"ONE_RANDOM_RARE_CARD","is_daily":false,"chose_seed":false,"campfire_upgraded":9,"win_rate":0.0,"timestamp":1609166281,"path_taken":["M","$","M","M","?","R","E","$","T","M","E","$","R","?","R","BOSS","M","?","$","?","M","R","E","R","T","E","M","R","$","M","R","BOSS","M","$","?","?","M","E","R","?","T","R","M","$","R","E","R","BOSS","R","$","E","BOSS"],"items_purchased_type":["Card","Undefined","Relic","Relic","Relic"],"build_version":"2020-12-22","purchased_purges":5,"victory":false,"max_hp_per_floor":[75,75,75,75,75,75,80,80,80,80,80,80,80,80,80,80,80,80,80,80,80,80,80,80,80,80,80,80,80,80,80,80,93,93,93,93,93,93,93,93,93,93,93,93,93,100,100,100,100,100,100,100,100,100,100,100],"card_choices":[{"not_picked":["AlicesGift","6A"],"picked":"WitchLeyline","floor":1.0},{"not_picked":["SporeBomb","GalacticHalo"],"picked":"AsteroidBelt","floor":3.0},{"not_picked":["DC","MysteriousBeam","EventHorizon"],"picked":"SKIP","floor":4.0},{"not_picked":["NonDirectionalLaser","WitchOfGreed"],"picked":"AsteroidBelt","floor":7.0},{"not_picked":["AsteroidBelt","OrrerysSun","StarDustReverie"],"picked":"SKIP","floor":10.0},{"not_picked":["GalacticHalo","StarlightTyphoon"],"picked":"PulseMagic","floor":11.0},{"not_picked":["6A","DoubleSpark","OrrerysSun"],"picked":"SKIP","floor":14.0},{"not_picked":["CollectingQuirk","CasketOfStar"],"picked":"JA","floor":16.0},{"not_picked":["EarthLightRay+1","LuminesStrike"],"picked":"EnergyFlow+1","floor":18.0},{"not_picked":["OneTimeOff","GravityBeat+1","WitchOfGreed"],"picked":"SKIP","floor":22.0},{"not_picked":["NonDirectionalLaser","StarDustReverie"],"picked":"BinaryStars","floor":24.0},{"not_picked":["MilkyWay","SporeBomb"],"picked":"WitchLeyline","floor":27.0},{"not_picked":["Acceleration","MysteriousBeam","6A+1"],"picked":"SKIP","floor":28.0},{"not_picked":["WitchOfGreed","FinalSpark"],"picked":"GasGiant","floor":31.0},{"not_picked":["FairyDestructionRay","NonDirectionalLaser+1","GalacticHalo"],"picked":"SKIP","floor":35.0},{"not_picked":["DoubleSpark","MilkyWay","DeepEcoloBomb+1"],"picked":"SKIP","floor":39.0},{"not_picked":["EarthLightRay+1","JA+1"],"picked":"UltimateShortwave","floor":40.0},{"not_picked":["LuminesStrike+1","WitchOfGreed+1","UnstableBomb+1"],"picked":"SKIP","floor":45.0},{"not_picked":["LuminesStrike+1","WitchOfGreed+1"],"picked":"UnstableBomb+1","floor":45.0},{"not_picked":["ChargeUpSpray+1","EarthLightRay+1"],"picked":"PropBag","floor":48},{"not_picked":["EnergyRecoil","CasketOfStar"],"picked":"UnstableBomb+1","floor":54}],"player_experience":652643,"relics_obtained":[{"floor":7.0,"key":"Bag of Preparation"},{"floor":9.0,"key":"Happy Flower"},{"floor":11.0,"key":"BreadOfAWashokuLover"},{"floor":24.0,"key":"MealTicket"},{"floor":27.0,"key":"Girya"},{"floor":37.0,"key":"Torii"},{"floor":40.0,"key":"Molten Egg 2"},{"floor":43.0,"key":"Regal Pillow"},{"floor":48,"key":"Pocketwatch"},{"floor":54,"key":"Art of War"}],"event_choices":[{"damage_healed":0.0,"max_hp_gain":0.0,"max_hp_loss":0.0,"gold_gain":0.0,"event_name":"Golden Idol","player_choice":"Take Damage","floor":5.0,"gold_loss":0.0,"damage_taken":18.0,"relics_obtained":["Golden Idol"]},{"damage_healed":0.0,"max_hp_gain":0.0,"max_hp_loss":0.0,"gold_gain":0.0,"event_name":"Cursed Tome","player_choice":"Ignored","floor":21.0,"gold_loss":0.0,"damage_taken":0.0},{"damage_healed":0.0,"max_hp_gain":0.0,"max_hp_loss":0.0,"gold_gain":0.0,"event_name":"Mysterious Sphere","player_choice":"Fight","floor":37.0,"gold_loss":0.0,"damage_taken":0.0},{"damage_healed":0.0,"max_hp_gain":0.0,"max_hp_loss":0.0,"gold_gain":0.0,"event_name":"Tomb of Lord Red Mask","player_choice":"Ignored","floor":38.0,"gold_loss":0.0,"damage_taken":0.0},{"damage_healed":0.0,"max_hp_gain":0.0,"max_hp_loss":0.0,"gold_gain":333.0,"event_name":"The Moai Head","player_choice":"Gave Idol","floor":42.0,"relics_lost":["Golden Idol"],"gold_loss":0.0,"damage_taken":0.0}],"is_beta":false,"boss_relics":[{"not_picked":["BewitchedHakkero","ExperimentalFamiliar"],"picked":"Empty Cage"},{"not_picked":["RampagingMagicTools","Velvet Choker"],"picked":"Sozu"}],"items_purged_floors":[12,19,30,36,46],"is_endless":false,"potions_floor_spawned":[3,7,11,16,27,28,33,37,39,48,54],"killed_by":"The Heart","ascension_level":1}}