{"host":"amvpy7h9h10a217o","time":1609145604,"event":{"mods":["AchievementEnabler","BaseMod","Block Reminder","Challenge The Spire","Colored Powertips","GifTheSpireLib","Highlight Path","Minty Spire (QoL Compilation)","Permanent Neow","StSLib"],"gold_per_floor":[160,179,199,216,13,13,39,49,49,49,79,79,105,123,123,194,194,204,204,219,229,229,229],"floor_reached":22,"playtime":2610,"items_purged":["Strike_G"],"score":466,"play_id":"945c98b4-8ddb-44e5-9905-7dfbd828d241","local_time":"20201228035324","is_ascension_mode":true,"campfire_choices":[{"data":"Noxious Fumes","floor":6.0,"key":"SMITH"},{"data":"Catalyst","floor":12.0,"key":"SMITH"},{"data":"Cloak And Dagger","floor":15.0,"key":"SMITH"}],"circlet_count":0,"master_deck":["AscendersBane","Strike_G","Strike_G","Strike_G","Strike_G","Defend_G","Defend_G","Defend_G+1","Defend_G","Defend_G","Survivor","Neutralize","Cloak And Dagger+1","Backflip","Dodge and Roll","Flying Knee","All Out Attack","Noxious Fumes+1","Deflect","PiercingWail","Well Laid Plans","Catalyst+1","Predator","Terror","Venomology+1","PiercingWail"],"relics":["Tiny House","TungstenRod","HornCleat","Dream Catcher","Ninja Scroll","Black Star"],"acts_visited":["Exordium","TheCity"],"potions_floor_usage":[21,21],"damage_taken":[{"damage":0.0,"enemies":"2 Louse","floor":1.0,"turns":3.0},{"damage":3.0,"enemies":"Cultist","floor":2.0,"turns":5.0},{"damage":6.0,"enemies":"Jaw Worm","floor":3.0,"turns":7.0},{"damage":6.0,"enemies":"Exordium Thugs","floor":4.0,"turns":6.0},{"damage":6.0,"enemies":"3 Sentries","floor":7.0,"turns":6.0},{"damage":11.0,"enemies":"Large Slime","floor":8.0,"turns":7.0},{"damage":5.0,"enemies":"Lagavulin","floor":11.0,"turns":7.0},{"damage":0.0,"enemies":"3 Sentries","floor":13.0,"turns":6.0},{"damage":0.0,"enemies":"Exordium Wildlife","floor":14.0,"turns":6.0},{"damage":17.0,"enemies":"Hexaghost","floor":16.0,"turns":11.0},{"damage":18.0,"enemies":"Shell Parasite","floor":18.0,"turns":6.0},{"damage":0.0,"enemies":"3 Byrds","floor":20.0,"turns":6.0},{"damage":23,"enemies":"3 Cultists","floor":21,"turns":7},{"damage":22,"enemies":"Chosen and Byrds","floor":22,"turns":5}],"seed_played":"8251301762237483977","potions_obtained":[{"floor":0.0,"key":"EntropicBrew"},{"floor":1.0,"key":"EntropicBrew"},{"floor":4.0,"key":"Weak Potion"},{"floor":8.0,"key":"Swift Potion"},{"floor":11.0,"key":"ColorlessPotion"},{"floor":18.0,"key":"Dexterity Potion"}],"is_trial":false,"path_per_floor":["M","M","M","M","$","R","E","M","T","?","E","R","E","M","R","B",null,"M","?","M","M","M"],"character_chosen":"THE_SILENT","items_purchased":["Noxious Fumes","Deflect"],"campfire_rested":0,"item_purchase_floors":[5,5],"current_hp_per_floor":[64,61,55,49,49,49,43,32,32,32,27,27,27,27,27,10,56,38,38,38,15,0,0],"gold":229,"neow_bonus":"BOSS_RELIC","is_daily":false,"chose_seed":false,"campfire_upgraded":3,"win_rate":0.0,"timestamp":1609145604,"path_taken":["M","M","M","M","$","R","E","M","T","?","E","R","E","M","R","BOSS","M","?","M","M","?"],"items_purchased_type":["Card","Card"],"build_version":"2020-12-22","purchased_purges":1,"victory":false,"max_hp_per_floor":[71,71,71,71,71,71,71,71,71,71,71,71,71,71,71,71,71,71,71,71,71,71,71],"card_choices":[{"not_picked":["Endless Agony","Skewer"],"picked":"Cloak And Dagger","floor":0.0},{"not_picked":["Outmaneuver","Masterful Stab"],"picked":"Backflip","floor":1.0},{"not_picked":["Acrobatics","Tactician"],"picked":"Dodge and Roll","floor":2.0},{"not_picked":["Dagger Throw","All Out Attack"],"picked":"Flying Knee","floor":3.0},{"not_picked":["Reflex","Flying Knee"],"picked":"All Out Attack","floor":4.0},{"not_picked":["Concentrate","Storm of Steel"],"picked":"PiercingWail","floor":7.0},{"not_picked":["Underhanded Strike","Bouncing Flask"],"picked":"Well Laid Plans","floor":8.0},{"not_picked":["Underhanded Strike","Calculated Gamble"],"picked":"Catalyst","floor":11.0},{"not_picked":["Catalyst","Masterful Stab"],"picked":"Predator","floor":13.0},{"not_picked":["Underhanded Strike","Poisoned Stab"],"picked":"Terror","floor":14.0},{"not_picked":["A Thousand Cuts","Storm of Steel"],"picked":"Venomology","floor":16.0},{"not_picked":["Deflect","Poisoned Stab"],"picked":"PiercingWail","floor":18.0},{"not_picked":["Terror","Concentrate","Acrobatics"],"picked":"SKIP","floor":20.0},{"not_picked":["Blade Dance","Acrobatics","Deadly Poison"],"picked":"SKIP","floor":21}],"player_experience":1395650,"relics_obtained":[{"floor":7.0,"key":"TungstenRod"},{"floor":9.0,"key":"HornCleat"},{"floor":11.0,"key":"Dream Catcher"},{"floor":13.0,"key":"Ninja Scroll"}],"event_choices":[{"damage_healed":0.0,"max_hp_gain":0.0,"max_hp_loss":0.0,"gold_gain":0.0,"event_name":"Shining Light","player_choice":"Ignored","floor":10.0,"gold_loss":0.0,"damage_taken":0.0},{"damage_healed":0.0,"max_hp_gain":0.0,"max_hp_loss":0.0,"gold_gain":0.0,"event_name":"Accursed Blacksmith","player_choice":"Forge","floor":19.0,"gold_loss":0.0,"damage_taken":0.0,"cards_upgraded":["Venomology"]}],"is_beta":false,"boss_relics":[{"not_picked":["Fusion Hammer","Pandora\u0027s Box"],"picked":"Black Star"}],"items_purged_floors":[5],"is_endless":false,"potions_floor_spawned":[1,3,4,8,11,18,20],"killed_by":"Chosen and Byrds","ascension_level":20}}