{"host":"w3q5ijqu8eoknil3","time":1609117138,"event":{"mods":["AchievementEnabler","BaseMod","Block Reminder","Colored Powertips","Minty Spire (QoL Compilation)","Quick Restart","Relic Stats","ojb\u0027s Better Paths Mod","ojb\u0027s Info Mod","slay the spire mod where everything is the same but ironclad has a cowboy hat"],"gold_per_floor":[113,113,128,142,142,142,142,177,177,210,210,210,236,251,251,251,251],"floor_reached":16,"playtime":498,"items_purged":[],"score":236,"play_id":"7d1052eb-17b4-4bf3-9e8c-ce684022a523","local_time":"20201228005858","is_ascension_mode":true,"campfire_choices":[{"data":"Bash","floor":6,"key":"SMITH"},{"data":"Limit Break","floor":11,"key":"SMITH"},{"floor":15,"key":"REST"}],"circlet_count":0,"master_deck":["AscendersBane","Strike_R","Strike_R","Strike_R","Defend_R","Defend_R","Defend_R","Defend_R","Bash+1","Clothesline","Flame Barrier","Shrug It Off","Limit Break+1","Reckless Charge","Demon Form","Cleave","Dropkick"],"relics":["Burning Blood","NeowsBlessing","Toxic Egg 2","Ornamental Fan","Kunai","Centennial Puzzle"],"acts_visited":["Exordium"],"potions_floor_usage":[8,8,8,10,14],"damage_taken":[{"damage":0,"enemies":"Jaw Worm","floor":1,"turns":1},{"damage":0,"enemies":"Cultist","floor":3,"turns":1},{"damage":0,"enemies":"2 Louse","floor":4,"turns":1},{"damage":28,"enemies":"Lagavulin","floor":8,"turns":9},{"damage":24,"enemies":"Gremlin Nob","floor":10,"turns":4},{"damage":33,"enemies":"3 Sentries","floor":13,"turns":11},{"damage":2,"enemies":"Large Slime","floor":14,"turns":5},{"damage":39,"enemies":"Slime Boss","floor":16,"turns":8}],"seed_played":"-1470029662019443993","potions_obtained":[{"floor":3,"key":"EntropicBrew"},{"floor":8,"key":"DistilledChaos"},{"floor":13,"key":"BlessingOfTheForge"}],"is_trial":false,"path_per_floor":["M","?","M","M","?","R","$","E","T","E","R","?","E","M","R","B"],"character_chosen":"IRONCLAD","items_purchased":[],"campfire_rested":1,"item_purchase_floors":[],"current_hp_per_floor":[74,74,75,75,75,75,75,53,53,35,35,35,8,12,34,0,0],"gold":251,"neow_bonus":"THREE_ENEMY_KILL","is_daily":false,"chose_seed":false,"campfire_upgraded":2,"win_rate":0.0,"timestamp":1609117138,"path_taken":["M","?","?","M","?","R","$","E","T","E","R","?","E","M","R","BOSS"],"items_purchased_type":[],"build_version":"2020-12-22","purchased_purges":0,"victory":false,"max_hp_per_floor":[75,75,75,75,75,75,75,75,75,75,75,75,75,75,75,75,75],"relic_stats":{"Centennial Puzzle":[6],"counters":[8,40],"Ornamental Fan":[20],"Kunai":[3],"obtain_stats":[{"Centennial Puzzle":13,"NeowsBlessing":0,"Ornamental Fan":9,"Kunai":10,"Toxic Egg 2":8,"Burning Blood":0},{"Centennial Puzzle":6,"NeowsBlessing":0,"Ornamental Fan":4,"Kunai":5,"Toxic Egg 2":4,"Burning Blood":0},{"Centennial Puzzle":27,"NeowsBlessing":0,"Ornamental Fan":12,"Kunai":16,"Toxic Egg 2":12,"Burning Blood":0}],"Burning Blood":31},"card_choices":[{"not_picked":["Anger","True Grit"],"picked":"Clothesline","floor":1},{"not_picked":["Warcry","Pommel Strike"],"picked":"Flame Barrier","floor":3},{"not_picked":["Clash","Headbutt"],"picked":"Shrug It Off","floor":4},{"not_picked":["Iron Wave","Heavy Blade"],"picked":"Reckless Charge","floor":8},{"not_picked":["Warcry+1","Headbutt"],"picked":"Demon Form","floor":10},{"not_picked":["Perfected Strike","Searing Blow"],"picked":"Cleave","floor":13},{"not_picked":["Body Slam","Cleave"],"picked":"Dropkick","floor":14}],"player_experience":946785,"relics_obtained":[{"floor":8,"key":"Toxic Egg 2"},{"floor":9,"key":"Ornamental Fan"},{"floor":10,"key":"Kunai"},{"floor":13,"key":"Centennial Puzzle"}],"event_choices":[{"cards_removed":["Strike_R"],"damage_healed":0,"gold_gain":0,"player_choice":"Purged","damage_taken":0,"max_hp_gain":0,"max_hp_loss":0,"event_name":"Purifier","floor":2,"gold_loss":0},{"damage_healed":0,"gold_gain":0,"cards_transformed":["Strike_R"],"player_choice":"Change","damage_taken":0,"max_hp_gain":0,"max_hp_loss":0,"event_name":"Living Wall","floor":5,"gold_loss":0,"cards_obtained":["Limit Break"]},{"damage_healed":0,"gold_gain":0,"player_choice":"Ignored","damage_taken":0,"max_hp_gain":0,"max_hp_loss":0,"event_name":"Liars Game","floor":12,"gold_loss":0}],"is_beta":false,"boss_relics":[],"items_purged_floors":[],"is_endless":false,"potions_floor_spawned":[3,8,13],"killed_by":"Slime Boss","ascension_level":20}}