{"host":"3y33rrrkia6pkpow","time":1609196077,"event":{"mods":["2.2 Compatiblity","AchievementEnabler","Act Like it!","BaseMod","BetterRewards","Colored Map","Gensokyo","Minty Spire (QoL Compilation)","Quick Restart","Replay The Spire","Shop Mod","Spicy Shops","StSLib","Synergy Search","The Animator"],"gold_per_floor":[111,111,38,38,52,77,102,129,129,153,7,7,7,32,32,32,32],"floor_reached":16,"playtime":1396,"items_purged":[],"score":152,"play_id":"b7febf08-1bba-49ec-a860-f2773d363859","local_time":"20201228165437","is_ascension_mode":true,"campfire_choices":[{"floor":15.0,"key":"REST"}],"circlet_count":0,"master_deck":["AscendersBane","animator:Strike_Fate","animator:Defend_Fate","animator:Strike","animator:Strike","animator:Defend","animator:Defend","animator:Defend","animator:Alexander","animator:ChaikaTrabant","animator:RoryMercury","ReplayTheSpireMod:IOU","animator:Berserker","animator:HiiragiShinya","animator:Mitsurugi","animator:Illya","animator:MadokaKaname","ReplayTheSpireMod:IOU","ReplayTheSpireMod:IOU","animator:Mitsurugi"],"relics":["animator:LivingPicture","animator:TheMissingPiece","animator:PurgingStone","Replay:Wax Seal","Gensokyo:Justice","Sundial","Boot","The Courier","Membership Card","Blood Vial","Toxic Egg 2","Singing Bowl","Girya"],"acts_visited":["Exordium"],"potions_floor_usage":[16],"damage_taken":[{"damage":4.0,"enemies":"Gensokyo:Python","floor":1.0,"turns":3.0},{"damage":0.0,"enemies":"Gensokyo:3_Fairies","floor":5.0,"turns":4.0},{"damage":19.0,"enemies":"Gensokyo:Mamizou","floor":6.0,"turns":7.0},{"damage":0.0,"enemies":"Gensokyo:2_Kodama","floor":7.0,"turns":2.0},{"damage":8.0,"enemies":"Gensokyo:2_Rabbits","floor":10.0,"turns":3.0},{"damage":42.0,"enemies":"Gensokyo:Aya","floor":14.0,"turns":6.0},{"damage":39,"enemies":"Gensokyo:Yukari","floor":16,"turns":6}],"seed_played":"-6306391560456502501","potions_obtained":[{"floor":5.0,"key":"CultistPotion"},{"floor":7.0,"key":"Adrenaline Potion"},{"floor":14.0,"key":"SteroidPotion"}],"is_trial":false,"path_per_floor":["M","?","$","?","M","E","M","T","T","M","$","?","?","E","R","B"],"character_chosen":"THE_ANIMATOR","items_purchased":["Replay:Wax Seal","animator:Berserker","Membership Card","Blood Vial","Toxic Egg 2","Singing Bowl"],"campfire_rested":1,"item_purchase_floors":[3,3,11,11,11,11],"current_hp_per_floor":[55,55,55,55,55,36,36,36,36,28,28,34,34,3,24,0,0],"gold":32,"neow_bonus":"ONE_RANDOM_RARE_CARD","is_daily":false,"chose_seed":false,"campfire_upgraded":0,"win_rate":0.0,"timestamp":1609196077,"path_taken":["M","?","?","?","M","E","M","?","T","?","$","?","?","E","R","BOSS"],"items_purchased_type":["Relic","Card","Relic","Relic","Relic","Relic"],"build_version":"2020-12-22","purchased_purges":0,"victory":false,"max_hp_per_floor":[66,66,66,66,66,66,66,66,66,66,66,72,72,72,72,72,72],"card_choices":[{"not_picked":["animator:ElricAlphonse","animator:Yoichi"],"picked":"animator:RoryMercury","floor":1.0},{"not_picked":["animator:Mitsurugi","animator:TukaLunaMarceau"],"picked":"animator:HiiragiShinya","floor":5.0},{"not_picked":["animator:YachiyoNanami","animator:Shigure"],"picked":"animator:Mitsurugi","floor":6.0},{"not_picked":["animator:Caster","animator:Assassin"],"picked":"animator:Illya","floor":7.0},{"not_picked":["animator:Darkness","animator:Gluttony"],"picked":"animator:MadokaKaname","floor":10.0},{"not_picked":["animator:Shigure","animator:Alexander"],"picked":"animator:Mitsurugi","floor":14.0}],"player_experience":812553,"relics_obtained":[{"floor":6.0,"key":"Sundial"},{"floor":8.0,"key":"Boot"},{"floor":9.0,"key":"The Courier"},{"floor":14.0,"key":"Girya"}],"event_choices":[],"is_beta":false,"boss_relics":[],"items_purged_floors":[],"is_endless":false,"potions_floor_spawned":[5,7,14],"killed_by":"Gensokyo:Yukari","ascension_level":10}}