{"host":"svwqvw2il1zfkkg0","time":1609130908,"event":{"mods":["AchievementEnabler","BaseMod","BetterRewards","Colored Map","Colored Powertips","Custom Start","Downfall","GifTheSpireLib","Highlight Path","Hubris","Infinite Spire","Minty Spire (QoL Compilation)","Quick Restart","Replay The Spire","Shop Mod","StSLib","SuperFastMode"],"gold_per_floor":[116,116,129,143,154,154,188,188,266,266,301,315,326,373,373,475,525,542,3,3,3,21,54,54,54,54,54,66,83,83,98,98,98,98],"floor_reached":33,"playtime":917,"items_purged":["Clumsy"],"score":277,"play_id":"2b9d2281-3e17-4b3d-b8fe-5979e727d9c5","local_time":"20201227204828","is_ascension_mode":false,"campfire_choices":[{"data":"Corpse Explosion","floor":6,"key":"SMITH"},{"floor":8,"key":"REST"},{"data":"Dagger Spray","floor":8,"key":"SMITH"},{"floor":10,"key":"REST"},{"data":"Bane","floor":10,"key":"SMITH"},{"floor":15,"key":"REST"},{"data":"Noxious Fumes","floor":15,"key":"SMITH"},{"floor":24,"key":"REST"},{"data":"infinitespire:Neurotoxin","floor":24,"key":"SMITH"},{"data":"Bane","floor":27,"key":"SMITH"},{"floor":32,"key":"REST"},{"data":"Backstab","floor":32,"key":"SMITH"}],"circlet_count":0,"master_deck":["Strike_G","Strike_G+1","Strike_G","Strike_G","Strike_G","Defend_G","Defend_G+1","Defend_G+1","Defend_G+1","Defend_G","Survivor","Neutralize","Corpse Explosion+1","Quick Slash","Bane+1","Quick Slash","Dagger Spray+1","Blade Dance+1","Flying Knee","Noxious Fumes+1","infinitespire:Neurotoxin+1","Backstab+1","Bane+1","Deadly Poison","Dagger Spray","Catalyst","Crippling Poison","Blade Dance"],"relics":["Ring of the Snake","infinitespire:Magic Flask","Iron Hammer","Nunchaku","Snake Skull","Tiny House","hubris:BottledRain","hubris:Towel","War Paint","Simple Rune"],"acts_visited":["Exordium","TheCity"],"potions_floor_usage":[11,16,16,16,18,22,22,23,33,33,33],"damage_taken":[{"damage":1,"enemies":"Jaw Worm","floor":1,"turns":4},{"damage":2,"enemies":"Cultist","floor":3,"turns":5},{"damage":3,"enemies":"2 Louse","floor":4,"turns":2},{"damage":13,"enemies":"Exordium Thugs","floor":5,"turns":4},{"damage":28,"enemies":"Replay:BlueRogue","floor":7,"turns":5},{"damage":5,"enemies":"Gremlin Nob","floor":11,"turns":3},{"damage":4,"enemies":"Large Slime","floor":12,"turns":3},{"damage":13,"enemies":"Red Slaver","floor":13,"turns":2},{"damage":37,"enemies":"The Guardian","floor":16,"turns":5},{"damage":10,"enemies":"Shell Parasite","floor":18,"turns":3},{"damage":0,"enemies":"Spheric Guardian","floor":22,"turns":3},{"damage":9,"enemies":"Gremlin Leader","floor":23,"turns":5},{"damage":29,"enemies":"Shelled Parasite and Fungi","floor":28,"turns":3},{"damage":6,"enemies":"Cultist and Chosen","floor":29,"turns":4},{"damage":30,"enemies":"Sentry and Sphere","floor":31,"turns":4},{"damage":71,"enemies":"Automaton","floor":33,"turns":6}],"seed_played":"-6588643056177349123","potions_obtained":[{"floor":2,"key":"Explosive Potion"},{"floor":2,"key":"Guardian:BlockOnCardUsePotion"},{"floor":2,"key":"FearPotion"},{"floor":11,"key":"Slimebound:ThreeZeroPotion"},{"floor":16,"key":"LiquidBronze"},{"floor":17,"key":"Block Potion"},{"floor":23,"key":"GamblersBrew"},{"floor":28,"key":"PowerPotion"},{"floor":31,"key":"Dexterity Potion"}],"is_trial":false,"path_per_floor":["M","?","M","M","M","R","E","R","T","R","E","M","M","T","R","B",null,"M","$","?","$","M","E","R","?","T","R","M","M","T","M","R","B"],"character_chosen":"THE_SILENT","items_purchased":["hubris:BottledRain","Bane","Deadly Poison","Dagger Spray","Block Potion","Fire Potion"],"campfire_rested":5,"item_purchase_floors":[19,19,19,19,19,19],"current_hp_per_floor":[69,69,67,64,51,51,23,44,44,65,60,56,43,43,64,27,75,65,65,65,65,65,56,75,75,75,75,46,40,40,10,32,0,0],"gold":98,"neow_bonus":"THREE_RARE_CARDS","is_daily":false,"chose_seed":false,"campfire_upgraded":7,"win_rate":0.0,"timestamp":1609130908,"path_taken":["M","?","?","M","?","R","E","R","T","R","E","M","M","?","R","BOSS","M","$","?","?","?","E","R","?","T","R","M","M","?","M","R","BOSS"],"items_purchased_type":["Relic","Card","Card","Card","Potion","Potion"],"build_version":"2020-12-22","purchased_purges":1,"victory":false,"max_hp_per_floor":[70,70,70,70,70,70,70,70,70,70,70,70,70,70,70,70,75,75,75,75,75,75,75,75,75,75,75,75,75,75,75,75,75,75],"card_choices":[{"not_picked":["Glass Knife","ReplayTheSpireMod:Necrosis"],"picked":"Corpse Explosion","floor":0},{"not_picked":["Reflex","Hidden Blade"],"picked":"Quick Slash","floor":1},{"not_picked":["Slice","Hidden Blade"],"picked":"Bane","floor":3},{"not_picked":["hubris:Counter","Prepared"],"picked":"Quick Slash","floor":4},{"not_picked":["Distraction","Acrobatics"],"picked":"Dagger Spray","floor":5},{"not_picked":["Skewer","Dodge and Roll","ReplayTheSpireMod:The Works"],"picked":"SKIP","floor":7},{"not_picked":["Outmaneuver","Heel Hook"],"picked":"Blade Dance","floor":11},{"not_picked":["Cloak And Dagger","Outmaneuver"],"picked":"Flying Knee","floor":12},{"not_picked":["Blade Dance","Outmaneuver"],"picked":"Noxious Fumes","floor":13},{"not_picked":["ReplayTheSpireMod:Necrosis","Storm of Steel"],"picked":"infinitespire:Neurotoxin","floor":16},{"not_picked":["Dagger Throw","Dodge and Roll"],"picked":"Backstab","floor":17},{"not_picked":["Outmaneuver","Terror+1","Deflect"],"picked":"SKIP","floor":18},{"not_picked":["Acrobatics","Doppelganger","Hidden Blade"],"picked":"SKIP","floor":22},{"not_picked":["Backflip","Escape Plan","Prepared+1"],"picked":"SKIP","floor":23},{"not_picked":["Choke+1","Dash+1"],"picked":"Crippling Poison","floor":28},{"not_picked":["Underhanded Strike+1","Hidden Blade","Concentrate"],"picked":"SKIP","floor":29},{"not_picked":["Hidden Blade","Underhanded Strike"],"picked":"Blade Dance","floor":31}],"player_experience":430179,"relics_obtained":[{"floor":7,"key":"infinitespire:Magic Flask"},{"floor":9,"key":"Iron Hammer"},{"floor":11,"key":"Nunchaku"},{"floor":14,"key":"Snake Skull"},{"floor":26,"key":"War Paint"},{"floor":30,"key":"Simple Rune"}],"event_choices":[{"damage_healed":0,"gold_gain":0,"player_choice":"Got Potions","damage_taken":0,"max_hp_gain":0,"max_hp_loss":0,"event_name":"Lab","floor":2,"gold_loss":0},{"damage_healed":0,"gold_gain":0,"player_choice":"Read","damage_taken":0,"max_hp_gain":0,"max_hp_loss":0,"event_name":"The Library","floor":20,"gold_loss":0,"cards_obtained":["Catalyst"]}],"is_beta":false,"boss_relics":[{"not_picked":["hubris:HollowSoul","infinitespire:Cupcake"],"picked":"Tiny House"}],"items_purged_floors":[19],"is_endless":false,"potions_floor_spawned":[5,7,11,16,23,28,31],"killed_by":"Automaton","ascension_level":0}}