{"host":"hkfd27larxvbrzdx","time":1609170758,"event":{"mods":["AchievementEnabler","BaseMod","Minty Spire (QoL Compilation)"],"gold_per_floor":[215,229,229,229,246,246,281,281,281,281,312,312,47,62,62,162,162,181,199,53,53,66,66,66,66],"floor_reached":24,"playtime":3088,"items_purged":["Strike_G"],"score":224,"play_id":"4fd4f5b6-296a-47c6-a0a6-7e03e50c5454","local_time":"20201228235238","is_ascension_mode":true,"campfire_choices":[{"data":"Noxious Fumes","floor":6,"key":"SMITH"},{"data":"Neutralize","floor":8,"key":"SMITH"},{"floor":12,"key":"REST"},{"floor":15,"key":"REST"},{"floor":23,"key":"REST"}],"circlet_count":0,"master_deck":["Strike_G","Strike_G","Strike_G","Defend_G","Defend_G","Defend_G","Defend_G","Defend_G","Survivor","Neutralize+1","Noxious Fumes+1","Flying Knee","Well Laid Plans","Outmaneuver","Quick Slash","Sadistic Nature","Dash","Night Terror","CurseOfTheBell","Acrobatics","Bane","Infinite Blades","Footwork"],"relics":["Ring of the Snake","Gambling Chip","Ninja Scroll","Calipers","Calling Bell","Potion Belt","Shuriken","Thread and Needle"],"acts_visited":["Exordium","TheCity"],"potions_floor_usage":[],"damage_taken":[{"damage":0,"enemies":"2 Louse","floor":1,"turns":5},{"damage":4,"enemies":"Jaw Worm","floor":2,"turns":6},{"damage":0,"enemies":"Small Slimes","floor":5,"turns":3},{"damage":6,"enemies":"Lagavulin","floor":7,"turns":7},{"damage":24,"enemies":"Gremlin Nob","floor":11,"turns":5},{"damage":0,"enemies":"Blue Slaver","floor":14,"turns":3},{"damage":9,"enemies":"Hexaghost","floor":16,"turns":9},{"damage":8,"enemies":"Chosen","floor":18,"turns":5},{"damage":13,"enemies":"Shell Parasite","floor":19,"turns":7},{"damage":33,"enemies":"Sentry and Sphere","floor":22,"turns":6},{"damage":47,"enemies":"Gremlin Leader","floor":24,"turns":5}],"seed_played":"-1169276984705213276","potions_obtained":[{"floor":5,"key":"GhostInAJar"},{"floor":16,"key":"SpeedPotion"},{"floor":19,"key":"FearPotion"}],"is_trial":false,"path_per_floor":["M","M","?","?","M","R","E","R","T","?","E","R","$","M","R","B",null,"M","M","$","?","M","R","E"],"character_chosen":"THE_SILENT","items_purchased":["Sadistic Nature","Dash","Infinite Blades"],"campfire_rested":3,"item_purchase_floors":[13,13,20],"current_hp_per_floor":[70,66,59,56,56,56,50,50,50,50,26,47,47,47,68,59,70,62,49,49,49,16,37,0,0],"gold":66,"neow_bonus":"HUNDRED_GOLD","is_daily":false,"chose_seed":false,"campfire_upgraded":2,"win_rate":0.0,"timestamp":1609170758,"path_taken":["M","M","?","?","M","R","E","R","T","?","E","R","?","M","R","BOSS","M","?","?","?","M","R","E"],"items_purchased_type":["Card","Card","Card"],"build_version":"2020-12-22","purchased_purges":1,"victory":false,"max_hp_per_floor":[70,70,70,70,70,70,70,70,70,70,70,70,70,70,70,70,70,70,70,70,70,70,70,70,70],"card_choices":[{"not_picked":["Blade Dance","Skewer"],"picked":"Noxious Fumes","floor":1},{"not_picked":["Deadly Poison","PiercingWail"],"picked":"Flying Knee","floor":2},{"not_picked":["Acrobatics","Prepared"],"picked":"Well Laid Plans","floor":5},{"not_picked":["Blur","Expertise"],"picked":"Outmaneuver","floor":7},{"not_picked":["Acrobatics","Eviscerate"],"picked":"Quick Slash","floor":11},{"not_picked":["Flechettes","Noxious Fumes","Calculated Gamble"],"picked":"SKIP","floor":14},{"not_picked":["Phantasmal Killer","Wraith Form v2"],"picked":"Night Terror","floor":16},{"not_picked":["Deflect","Quick Slash+1"],"picked":"Acrobatics","floor":18},{"not_picked":["Dagger Throw+1","Dash"],"picked":"Bane","floor":19},{"not_picked":["Flechettes","Dash+1"],"picked":"Footwork","floor":22}],"player_experience":138717,"relics_obtained":[{"floor":7,"key":"Ninja Scroll"},{"floor":11,"key":"Calipers"},{"floor":17,"key":"Potion Belt"},{"floor":17,"key":"Shuriken"},{"floor":17,"key":"Thread and Needle"}],"event_choices":[{"cards_removed":["Strike_G"],"damage_healed":0,"gold_gain":0,"player_choice":"Card Removal","damage_taken":7,"max_hp_gain":0,"max_hp_loss":0,"event_name":"Golden Wing","floor":3,"gold_loss":0},{"damage_healed":0,"gold_gain":0,"player_choice":"Success","damage_taken":3,"relics_obtained":["Gambling Chip"],"max_hp_gain":0,"max_hp_loss":0,"event_name":"Scrap Ooze","floor":4,"gold_loss":0},{"damage_healed":0,"gold_gain":0,"player_choice":"Ignored","damage_taken":0,"max_hp_gain":0,"max_hp_loss":0,"event_name":"Liars Game","floor":10,"gold_loss":0},{"damage_healed":0,"gold_gain":0,"player_choice":"Ignored","damage_taken":0,"max_hp_gain":0,"max_hp_loss":0,"event_name":"The Mausoleum","floor":21,"gold_loss":0}],"is_beta":false,"boss_relics":[{"not_picked":["Runic Dome","Astrolabe"],"picked":"Calling Bell"}],"items_purged_floors":[20],"is_endless":false,"potions_floor_spawned":[5,16,19],"killed_by":"Gremlin Leader","ascension_level":2}}