{"host":"r6jigiblrojhp6xe","time":1609164841,"event":{"mods":["AchievementEnabler","BaseMod","DeckTracker","Minty Spire (QoL Compilation)","Quick Restart","Rare Cards Sparkle","Relic Stats","StSLib","SuperFastMode","The Cursed","everything is the same but u backflip on backflip"],"gold_per_floor":[112,112,40,58,58,92,92,120,146,173,173,22,40,55,55,152,152,166,91,91,101,128,156,156,168,168,183,193,193,224,243,243,343,343,356,356,284,284,284,284,295,347,347,360,182,213,213,247,247,247],"floor_reached":51,"playtime":1581,"items_purged":["TheCursedMod:Hemoplague","TheCursedMod:RavingStaff"],"score":1220,"play_id":"939cc565-30c0-4246-840f-4f5a74611cf0","local_time":"20201228231401","is_ascension_mode":true,"campfire_choices":[{"data":"TheCursedMod:CursedWand","floor":7.0,"key":"SMITH"},{"data":"TheCursedMod:SpitefulPlan","floor":11.0,"key":"SMITH"},{"data":"TheCursedMod:VoidForm","floor":15.0,"key":"SMITH"},{"data":"TheCursedMod:HellfireBreathing","floor":24,"key":"SMITH"},{"data":"TheCursedMod:DarkBarrier","floor":29,"key":"SMITH"},{"data":"TheCursedMod:BloodBarrier","floor":32,"key":"SMITH"},{"data":"TheCursedMod:LuckyCharm","floor":40,"key":"SMITH"},{"floor":47,"key":"REST"},{"data":"TheCursedMod:LuckyCharm","floor":49,"key":"SMITH"}],"circlet_count":0,"master_deck":["TheCursedMod:CursedWand+1","TheCursedMod:CleanUpWorkshop+1","TheCursedMod:Dregs","TheCursedMod:SurpriseAttack","TheCursedMod:SpitefulPlan+1","TheCursedMod:BloodBarrier+1","TheCursedMod:TroublousMinions","TheCursedMod:Wield","TheCursedMod:VoidForm+1","TheCursedMod:HellfireBreathing+1","TheCursedMod:StunningStrike","TheCursedMod:CursedStaff+1","TheCursedMod:DarkBarrier+1","TheCursedMod:HellfireBreathing+1","TheCursedMod:DemonSword","TheCursedMod:VoidForm","TheCursedMod:LuckyCharm+1","TheCursedMod:TacticalStrike","TheCursedMod:PrepareRite","TheCursedMod:AshesToAshes","TheCursedMod:LuckyCharm+1","Finesse","TheCursedMod:CursedSpellbook+1"],"relics":["TheCursedMod:BlackMagic101","NeowsBlessing","Centennial Puzzle","Vajra","Tiny Chest","Pen Nib","Membership Card","TheCursedMod:OminousMark","Nilry\u0027s Codex","Blood Vial","Pear","Juzu Bracelet","Potion Belt","Pandora\u0027s Box","Toy Ornithopter","Orichalcum","Pantograph","Anchor","Ginger"],"acts_visited":["Exordium","TheCity","TheBeyond"],"potions_floor_usage":[23,33,46,48,50,50,50,50],"damage_taken":[{"damage":0.0,"enemies":"2 Louse","floor":1.0,"turns":1.0},{"damage":0.0,"enemies":"Cultist","floor":4.0,"turns":1.0},{"damage":0.0,"enemies":"3 Sentries","floor":6.0,"turns":1.0},{"damage":9.0,"enemies":"Gremlin Nob","floor":8.0,"turns":3.0},{"damage":7.0,"enemies":"Lagavulin","floor":10.0,"turns":9.0},{"damage":0.0,"enemies":"Small Slimes","floor":13.0,"turns":3.0},{"damage":3.0,"enemies":"Gremlin Gang","floor":14.0,"turns":6.0},{"damage":1.0,"enemies":"Slime Boss","floor":16.0,"turns":8.0},{"damage":1,"enemies":"2 Thieves","floor":18,"turns":3},{"damage":1,"enemies":"Chosen","floor":21,"turns":4},{"damage":22,"enemies":"Gremlin Leader","floor":23,"turns":4},{"damage":0,"enemies":"Snake Plant","floor":25,"turns":3},{"damage":3,"enemies":"Centurion and Healer","floor":27,"turns":5},{"damage":1,"enemies":"Snecko","floor":28,"turns":4},{"damage":6,"enemies":"Book of Stabbing","floor":30,"turns":5},{"damage":0,"enemies":"Chosen and Byrds","floor":31,"turns":6},{"damage":22,"enemies":"Automaton","floor":33,"turns":7},{"damage":11,"enemies":"3 Darklings","floor":35,"turns":5},{"damage":19,"enemies":"3 Shapes","floor":41,"turns":7},{"damage":1,"enemies":"Jaw Worm Horde","floor":44,"turns":4},{"damage":15,"enemies":"Reptomancer","floor":46,"turns":5},{"damage":18,"enemies":"Giant Head","floor":48,"turns":6},{"damage":27,"enemies":"Donu and Deca","floor":50,"turns":5}],"seed_played":"6526643008925016397","potions_obtained":[{"floor":4.0,"key":"AttackPotion"},{"floor":6.0,"key":"Explosive Potion"},{"floor":14.0,"key":"Swift Potion"},{"floor":21,"key":"BlessingOfTheForge"},{"floor":27,"key":"Regen Potion"},{"floor":31,"key":"BlessingOfTheForge"},{"floor":33,"key":"GamblersBrew"},{"floor":35,"key":"EntropicBrew"},{"floor":44,"key":"Strength Potion"},{"floor":48,"key":"BlessingOfTheForge"}],"is_trial":false,"path_per_floor":["M","?","$","M","?","E","R","E","T","E","R","$","M","M","R","B",null,"M","?","?","M","T","E","R","M","T","M","M","R","E","M","R","B",null,"M","?","$","?","?","R","M","T","T","M","$","E","R","E","R","B",null],"character_chosen":"THE_CURSED","items_purchased":["TheCursedMod:SpitefulPlan","Membership Card","TheCursedMod:LuckyCharm","Pantograph"],"campfire_rested":1,"item_purchase_floors":[3,12,37,45],"current_hp_per_floor":[68,68,68,68,68,68,68,59,59,52,52,52,52,49,49,48,68,67,67,51,50,50,40,40,42,42,41,42,42,38,40,40,34,72,63,63,63,63,63,63,46,46,46,47,47,39,63,52,52,59],"gold":247,"neow_bonus":"THREE_ENEMY_KILL","is_daily":false,"chose_seed":false,"campfire_upgraded":8,"win_rate":0.0,"timestamp":1609164841,"path_taken":["M","?","$","?","?","E","R","E","T","E","R","$","?","M","R","BOSS","M","?","?","M","?","E","R","M","T","M","M","R","E","M","R","BOSS","M","?","$","?","?","R","M","?","T","M","?","E","R","E","R","BOSS"],"items_purchased_type":["Card","Relic","Card","Relic"],"build_version":"2020-12-22","purchased_purges":2,"victory":true,"max_hp_per_floor":[75,75,75,75,75,75,75,75,75,75,75,75,75,75,75,75,75,75,75,75,75,75,85,85,85,85,85,85,85,85,85,85,85,85,85,85,85,81,81,81,81,81,81,81,81,81,81,81,81,81],"relic_stats":{"Blood Vial":26,"Centennial Puzzle":[57],"counters":[23,104],"Pantograph":25,"Tiny Chest":2,"Pandora\u0027s Box":["TheCursedMod:VoidForm","TheCursedMod:LuckyCharm","TheCursedMod:TacticalStrike","TheCursedMod:Hemoplague","TheCursedMod:RavingStaff","TheCursedMod:PrepareRite"],"Pen Nib":[12],"Juzu Bracelet":0,"Ginger":[0],"Orichalcum":[6],"obtain_stats":[{"Potion Belt":30,"TheCursedMod:BlackMagic101":0,"Pear":23,"NeowsBlessing":0,"Nilry\u0027s Codex":20,"Vajra":8,"Pen Nib":10,"Juzu Bracelet":26,"Ginger":48,"Orichalcum":43,"Blood Vial":22,"Centennial Puzzle":6,"Anchor":46,"TheCursedMod:OminousMark":17,"Pantograph":45,"Tiny Chest":9,"Pandora\u0027s Box":34,"Membership Card":12,"Toy Ornithopter":42},{"Potion Belt":15,"TheCursedMod:BlackMagic101":0,"Pear":11,"NeowsBlessing":0,"Nilry\u0027s Codex":9,"Vajra":4,"Pen Nib":5,"Juzu Bracelet":12,"Ginger":22,"Orichalcum":19,"Blood Vial":10,"Centennial Puzzle":3,"Anchor":21,"TheCursedMod:OminousMark":8,"Pantograph":20,"Tiny Chest":4,"Pandora\u0027s Box":17,"Membership Card":5,"Toy Ornithopter":19},{"Potion Belt":59,"TheCursedMod:BlackMagic101":0,"Pear":43,"NeowsBlessing":0,"Nilry\u0027s Codex":35,"Vajra":6,"Pen Nib":15,"Juzu Bracelet":46,"Ginger":99,"Orichalcum":84,"Blood Vial":39,"Centennial Puzzle":3,"Anchor":93,"TheCursedMod:OminousMark":32,"Pantograph":88,"Tiny Chest":6,"Pandora\u0027s Box":72,"Membership Card":15,"Toy Ornithopter":84}],"Toy Ornithopter":17},"card_choices":[{"not_picked":["TheCursedMod:CircleOfAmplification","TheCursedMod:WearCloak"],"picked":"TheCursedMod:SurpriseAttack","floor":1.0},{"not_picked":["TheCursedMod:Torture","TheCursedMod:CircleOfFlame"],"picked":"TheCursedMod:SmokeScreen","floor":4.0},{"not_picked":["TheCursedMod:CircleOfFlame","TheCursedMod:SpitefulStrike"],"picked":"TheCursedMod:BloodBarrier","floor":6.0},{"not_picked":["TheCursedMod:RapidMovement","TheCursedMod:EmpowerCircles"],"picked":"TheCursedMod:TroublousMinions","floor":8.0},{"not_picked":["TheCursedMod:SpitefulStrike","TheCursedMod:Stretching"],"picked":"TheCursedMod:Wield","floor":10.0},{"not_picked":["TheCursedMod:Hemoplague","TheCursedMod:EmpowerCircles"],"picked":"TheCursedMod:VoidForm","floor":13.0},{"not_picked":["TheCursedMod:CursedMace","TheCursedMod:Wield"],"picked":"TheCursedMod:HellfireBreathing","floor":14.0},{"not_picked":["TheCursedMod:Neurasthenia","TheCursedMod:OutForBlood"],"picked":"TheCursedMod:StunningStrike","floor":16.0},{"not_picked":["TheCursedMod:Torture+1","TheCursedMod:RavingStaff"],"picked":"TheCursedMod:CursedStaff+1","floor":18},{"not_picked":["TheCursedMod:Wield","TheCursedMod:RavingStaff","TheCursedMod:Torture"],"picked":"SKIP","floor":21},{"not_picked":["TheCursedMod:WearCloak+1","TheCursedMod:Wield+1","TheCursedMod:PrepareRite"],"picked":"SKIP","floor":23},{"not_picked":["TheCursedMod:Obscuration+1","TheCursedMod:Wield","TheCursedMod:ReleasedStrength"],"picked":"SKIP","floor":25},{"not_picked":["TheCursedMod:CircleOfBlood","TheCursedMod:SmokeScreen+1"],"picked":"TheCursedMod:DarkBarrier","floor":27},{"not_picked":["TheCursedMod:SmokeScreen","TheCursedMod:VitalStrike"],"picked":"TheCursedMod:HellfireBreathing+1","floor":28},{"not_picked":["TheCursedMod:CircleOfAbyss","TheCursedMod:StingEye","TheCursedMod:CursedMace"],"picked":"SKIP","floor":30},{"not_picked":["TheCursedMod:CursedBlade","TheCursedMod:SoulCrush","TheCursedMod:WearCloak"],"picked":"SKIP","floor":31},{"not_picked":["TheCursedMod:DemonicPact","TheCursedMod:CircleOfAbyss"],"picked":"TheCursedMod:DemonSword","floor":33},{"not_picked":["TheCursedMod:Hemoplague","TheCursedMod:SpitefulStrike"],"picked":"TheCursedMod:AshesToAshes","floor":35},{"not_picked":["Good Instincts","Bandage Up"],"picked":"Finesse","floor":39},{"not_picked":["TheCursedMod:Stretching+1","TheCursedMod:SpitefulPlan"],"picked":"TheCursedMod:CursedSpellbook+1","floor":41},{"not_picked":["TheCursedMod:TacticalStrike","TheCursedMod:CircleOfCorruption+1","TheCursedMod:CursedShiv+1"],"picked":"SKIP","floor":44},{"not_picked":["TheCursedMod:RavingStaff","TheCursedMod:StunningStrike","TheCursedMod:Stigma"],"picked":"SKIP","floor":46},{"not_picked":["TheCursedMod:Stigma","TheCursedMod:CircleOfBlood","TheCursedMod:Torture"],"picked":"SKIP","floor":48}],"player_experience":549432,"relics_obtained":[{"floor":6.0,"key":"Centennial Puzzle"},{"floor":8.0,"key":"Vajra"},{"floor":9.0,"key":"Tiny Chest"},{"floor":10.0,"key":"Pen Nib"},{"floor":20,"key":"Nilry\u0027s Codex"},{"floor":22,"key":"Blood Vial"},{"floor":23,"key":"Pear"},{"floor":26,"key":"Juzu Bracelet"},{"floor":30,"key":"Potion Belt"},{"floor":42,"key":"Toy Ornithopter"},{"floor":43,"key":"Orichalcum"},{"floor":46,"key":"Anchor"},{"floor":48,"key":"Ginger"}],"event_choices":[{"damage_healed":0.0,"max_hp_gain":0.0,"max_hp_loss":0.0,"gold_gain":0.0,"event_name":"Accursed Blacksmith","player_choice":"Forge","floor":2.0,"gold_loss":0.0,"damage_taken":0.0,"cards_upgraded":["TheCursedMod:CleanUpWorkshop"]},{"cards_removed":["TheCursedMod:Defend_TheCursed"],"damage_healed":0.0,"max_hp_gain":0.0,"max_hp_loss":0.0,"gold_gain":0.0,"event_name":"Purifier","player_choice":"Purged","floor":5.0,"gold_loss":0.0,"damage_taken":0.0},{"cards_removed":["TheCursedMod:Strike_TheCursed"],"damage_healed":0,"gold_gain":0,"player_choice":"Gave Gold","damage_taken":0,"max_hp_gain":0,"max_hp_loss":0,"event_name":"Beggar","floor":19,"gold_loss":75},{"damage_healed":0,"gold_gain":0,"player_choice":"Obtained Book","damage_taken":16,"max_hp_gain":0,"max_hp_loss":0,"event_name":"Cursed Tome","floor":20,"gold_loss":0},{"cards_removed":["TheCursedMod:SmokeScreen"],"damage_healed":0,"gold_gain":0,"player_choice":"Removed Skill","damage_taken":0,"max_hp_gain":0,"max_hp_loss":0,"event_name":"Falling","floor":36,"gold_loss":0},{"damage_healed":0,"gold_gain":0,"player_choice":"Max HP","damage_taken":0,"max_hp_gain":0,"max_hp_loss":4,"event_name":"Winding Halls","floor":38,"gold_loss":0},{"damage_healed":0,"gold_gain":0,"player_choice":"Memory 1","damage_taken":0,"max_hp_gain":0,"max_hp_loss":0,"event_name":"SensoryStone","floor":39,"gold_loss":0}],"is_beta":false,"boss_relics":[{"not_picked":["Cursed Key","SlaversCollar"],"picked":"TheCursedMod:OminousMark"},{"not_picked":["Busted Crown","Fusion Hammer"],"picked":"Pandora\u0027s Box"}],"items_purged_floors":[37,45],"is_endless":false,"potions_floor_spawned":[4,6,14,21,27,31,33,35,44,48],"ascension_level":8}}