{"host":"xcuflocadasoaqda","time":1609174791,"event":{"mods":["BaseMod","Bestiary","Filter the Spire","Minty Spire (QoL Compilation)","Relic Stats"],"gold_per_floor":[117,42,42,65,83,83,118,141,141,141,165,181,197,240,240,339,339,363,363,381,381,402,446,446,477,477,498,529,554,554,287,287,380,380,396,14,32,50,50,89,89,102,102,133,177,238,279,292,292,292,292,292,292,142,173,173],"floor_reached":57,"playtime":2854,"items_purged":["Zap","Doom and Gloom","Dualcast","Rip and Tear"],"score":3578,"play_id":"2adbb003-66ff-41be-87e5-40d3655ceeb9","local_time":"20201228105951","is_ascension_mode":true,"campfire_choices":[{"data":"Turbo","floor":6,"key":"SMITH"},{"data":"Buffer","floor":10,"key":"SMITH"},{"data":"Buffer","floor":15,"key":"SMITH"},{"data":"Hyperbeam","floor":24,"key":"SMITH"},{"data":"Beam Cell","floor":30,"key":"SMITH"},{"data":"Sunder","floor":32,"key":"SMITH"},{"floor":41,"key":"RECALL"},{"data":"Meteor Strike","floor":49,"key":"SMITH"},{"data":"Meteor Strike","floor":53,"key":"SMITH"}],"circlet_count":0,"master_deck":["AscendersBane","Machine Learning","Buffer+1","Meteor Strike+1","Skim+1","Leap+1","Reinforced Body","Turbo+1","Beam Cell+1","Meteor Strike+1","Hologram+1","Fusion+1","Buffer+1","Genetic Algorithm+1","Hyperbeam+1","Sunder+1","Hologram+1","Reinforced Body+1","Sunder+1","Reinforced Body+1","Echo Form","Skim+1","Echo Form","Dark Shackles+1","Skim+1","Reinforced Body+1","Hologram+1"],"relics":["Pandora\u0027s Box","Golden Idol","Toxic Egg 2","Pantograph","Oddly Smooth Stone","Snecko Eye","Mummified Hand","Ancient Tea Set","Singing Bowl","Bag of Preparation","Coffee Dripper","PreservedInsect","Omamori","Ornamental Fan","Bird Faced Urn","TungstenRod","Torii","Blood Vial","War Paint"],"acts_visited":["Exordium","TheCity","TheBeyond","TheEnding"],"potions_floor_usage":[7,23,56],"damage_taken":[{"damage":7,"enemies":"Small Slimes","floor":1,"turns":4},{"damage":0,"enemies":"2 Louse","floor":4,"turns":2},{"damage":0,"enemies":"Cultist","floor":5,"turns":3},{"damage":11,"enemies":"3 Sentries","floor":7,"turns":5},{"damage":0,"enemies":"Exordium Wildlife","floor":8,"turns":2},{"damage":0,"enemies":"Looter","floor":11,"turns":3},{"damage":0,"enemies":"2 Fungi Beasts","floor":12,"turns":4},{"damage":5,"enemies":"Exordium Wildlife","floor":13,"turns":3},{"damage":0,"enemies":"Gremlin Nob","floor":14,"turns":4},{"damage":0,"enemies":"Slime Boss","floor":16,"turns":6},{"damage":0,"enemies":"Shell Parasite","floor":18,"turns":3},{"damage":0,"enemies":"Spheric Guardian","floor":20,"turns":1},{"damage":0,"enemies":"Cultist and Chosen","floor":22,"turns":4},{"damage":0,"enemies":"Slavers","floor":23,"turns":3},{"damage":0,"enemies":"Gremlin Leader","floor":25,"turns":3},{"damage":0,"enemies":"3 Cultists","floor":27,"turns":1},{"damage":0,"enemies":"Book of Stabbing","floor":28,"turns":3},{"damage":0,"enemies":"Sentry and Sphere","floor":29,"turns":2},{"damage":0,"enemies":"Collector","floor":33,"turns":3},{"damage":0,"enemies":"3 Shapes","floor":35,"turns":2},{"damage":0,"enemies":"3 Darklings","floor":37,"turns":2},{"damage":0,"enemies":"4 Shapes","floor":38,"turns":3},{"damage":0,"enemies":"Reptomancer","floor":40,"turns":3},{"damage":0,"enemies":"Writhing Mass","floor":42,"turns":3},{"damage":0,"enemies":"Mind Bloom Boss Battle","floor":44,"turns":2},{"damage":0,"enemies":"Giant Head","floor":45,"turns":5},{"damage":0,"enemies":"2 Orb Walkers","floor":46,"turns":2},{"damage":0,"enemies":"Nemesis","floor":47,"turns":1},{"damage":0,"enemies":"3 Darklings","floor":48,"turns":3},{"damage":0,"enemies":"Donu and Deca","floor":50,"turns":3},{"damage":0,"enemies":"Time Eater","floor":51,"turns":6},{"damage":0,"enemies":"Shield and Spear","floor":55,"turns":5},{"damage":0,"enemies":"The Heart","floor":56,"turns":7}],"seed_played":"-4088064830459668184","potions_obtained":[{"floor":1,"key":"Block Potion"},{"floor":5,"key":"FearPotion"},{"floor":7,"key":"Explosive Potion"},{"floor":25,"key":"Ancient Potion"},{"floor":27,"key":"Swift Potion"},{"floor":38,"key":"Ancient Potion"}],"is_trial":false,"path_per_floor":["M","$","?","M","M","R","E","M","T","R","M","M","M","E","R","B",null,"M","?","M","?","M","E","R","E","T","M","E","M","R","$","R","B",null,"M","$","M","M","$","E","R","M","T","?","E","?","E","M","R","B","B",null,"R","$","E","B",null],"character_chosen":"DEFECT","items_purchased":["Bag of Preparation","PreservedInsect","Dark Shackles+1"],"campfire_rested":0,"item_purchase_floors":[31,36,36],"current_hp_per_floor":[57,57,57,57,57,57,46,46,46,46,46,46,41,41,41,64,64,64,64,64,64,64,64,64,64,64,64,64,66,66,66,66,66,66,68,68,70,70,70,70,70,72,72,74,76,78,80,80,80,80,80,80,80,80,82,82],"gold":173,"neow_bonus":"BOSS_RELIC","is_daily":false,"chose_seed":false,"campfire_upgraded":8,"win_rate":0.0,"timestamp":1609174791,"path_taken":["M","$","?","M","M","R","E","M","T","R","M","M","M","E","R","BOSS","M","?","M","?","?","E","R","E","T","M","E","M","R","$","R","BOSS","M","$","M","M","$","E","R","M","T","?","E","?","E","M","R","BOSS","BOSS","R","$","E","BOSS"],"items_purchased_type":["Relic","Relic","Card"],"build_version":"2020-12-22","purchased_purges":4,"victory":true,"max_hp_per_floor":[71,71,64,64,64,64,64,64,64,64,64,64,64,64,64,64,64,64,64,64,64,64,64,64,64,64,64,64,66,66,66,66,66,66,68,68,70,70,70,70,70,72,72,74,76,78,80,80,80,80,80,80,80,80,82,82],"relic_stats":{"Singing Bowl":18,"Torii":0,"counters":[33,106],"Golden Idol":245,"PreservedInsect":316,"Bag of Preparation":[30],"War Paint":["Skim","Leap"],"Blood Vial":0,"Mummified Hand":[146],"Ornamental Fan":[96],"Pantograph":23,"Bird Faced Urn":[0],"Snecko Eye":[154,115,156,126],"Pandora\u0027s Box":["Machine Learning","Chaos","Buffer","Meteor Strike","Skim","Leap","Reinforced Body","Doom and Gloom"],"obtain_stats":[{"Singing Bowl":28,"Torii":46,"Golden Idol":3,"Oddly Smooth Stone":14,"PreservedInsect":36,"Bag of Preparation":31,"Omamori":40,"War Paint":55,"Ancient Tea Set":25,"Blood Vial":47,"Mummified Hand":23,"Ornamental Fan":43,"Pantograph":9,"Bird Faced Urn":44,"Snecko Eye":17,"Pandora\u0027s Box":0,"Coffee Dripper":34,"Toxic Egg 2":7,"Cracked Core":0,"TungstenRod":45},{"Singing Bowl":17,"Torii":27,"Golden Idol":1,"Oddly Smooth Stone":9,"PreservedInsect":20,"Bag of Preparation":18,"Omamori":23,"War Paint":32,"Ancient Tea Set":15,"Blood Vial":28,"Mummified Hand":14,"Ornamental Fan":24,"Pantograph":5,"Bird Faced Urn":25,"Snecko Eye":10,"Pandora\u0027s Box":0,"Coffee Dripper":19,"Toxic Egg 2":4,"Cracked Core":0,"TungstenRod":26},{"Singing Bowl":54,"Torii":81,"Golden Idol":4,"Oddly Smooth Stone":30,"PreservedInsect":61,"Bag of Preparation":56,"Omamori":69,"War Paint":99,"Ancient Tea Set":50,"Blood Vial":82,"Mummified Hand":47,"Ornamental Fan":72,"Pantograph":16,"Bird Faced Urn":74,"Snecko Eye":36,"Pandora\u0027s Box":0,"Coffee Dripper":59,"Toxic Egg 2":14,"Cracked Core":0,"TungstenRod":79}],"TungstenRod":0},"card_choices":[{"not_picked":["Glacier","Blizzard"],"picked":"Turbo","floor":1},{"not_picked":["Rebound","Go for the Eyes"],"picked":"Rip and Tear","floor":4},{"not_picked":["Stack","Hello World","Rebound"],"picked":"SKIP","floor":5},{"not_picked":["Compile Driver","Capacitor"],"picked":"Beam Cell","floor":7},{"not_picked":["Barrage","Loop"],"picked":"Meteor Strike","floor":8},{"not_picked":["Beam Cell","Loop"],"picked":"Hologram+1","floor":11},{"not_picked":["Beam Cell","Static Discharge"],"picked":"Fusion+1","floor":12},{"not_picked":["Leap+1","Go for the Eyes"],"picked":"Buffer","floor":13},{"not_picked":["Auto Shields+1","Hello World"],"picked":"Genetic Algorithm+1","floor":14},{"not_picked":["Seek+1","Machine Learning"],"picked":"Hyperbeam","floor":16},{"not_picked":["Turbo+1","Cold Snap"],"picked":"Sunder","floor":18},{"not_picked":["Barrage","Stack+1","Sweeping Beam"],"picked":"SKIP","floor":20},{"not_picked":["Darkness+1","Leap+1"],"picked":"Reinforced Body+1","floor":22},{"not_picked":["Chill+1","Gash"],"picked":"Sunder+1","floor":23},{"not_picked":["Consume+1","Steam+1"],"picked":"Reinforced Body+1","floor":25},{"not_picked":["Gash","Compile Driver"],"picked":"Echo Form","floor":27},{"not_picked":["Self Repair","Creative AI"],"picked":"Skim+1","floor":28},{"not_picked":["Turbo+1","Stack+1","Sweeping Beam"],"picked":"Singing Bowl","floor":29},{"not_picked":["Meteor Strike","Machine Learning"],"picked":"Echo Form","floor":33},{"not_picked":["Genetic Algorithm+1","Sweeping Beam+1","Gash+1"],"picked":"Singing Bowl","floor":35},{"not_picked":["Barrage","Self Repair","Sweeping Beam+1"],"picked":"Singing Bowl","floor":37},{"not_picked":["Leap+1","Steam Power+1"],"picked":"Skim+1","floor":38},{"not_picked":["Redo+1","Gash"],"picked":"Reinforced Body+1","floor":40},{"not_picked":["Melter","Streamline","Creative AI"],"picked":"Singing Bowl","floor":42},{"not_picked":["Redo+1","Gash","BootSequence+1"],"picked":"Singing Bowl","floor":44},{"not_picked":["Self Repair","Loop","Consume+1"],"picked":"Singing Bowl","floor":45},{"not_picked":["Ball Lightning+1","Hyperbeam","Sweeping Beam+1"],"picked":"Singing Bowl","floor":46},{"not_picked":["Melter+1","Coolheaded+1","Scrape"],"picked":"Singing Bowl","floor":47},{"not_picked":["Coolheaded+1","Gash+1"],"picked":"Hologram+1","floor":48},{"not_picked":["Go for the Eyes+1","Sunder","Hyperbeam"],"picked":"Singing Bowl","floor":55}],"player_experience":1806364,"relics_obtained":[{"floor":7,"key":"Toxic Egg 2"},{"floor":9,"key":"Pantograph"},{"floor":14,"key":"Oddly Smooth Stone"},{"floor":23,"key":"Mummified Hand"},{"floor":25,"key":"Ancient Tea Set"},{"floor":28,"key":"Singing Bowl"},{"floor":40,"key":"Omamori"},{"floor":43,"key":"Ornamental Fan"},{"floor":44,"key":"Bird Faced Urn"},{"floor":45,"key":"TungstenRod"},{"floor":46,"key":"Torii"},{"floor":47,"key":"Blood Vial"},{"floor":55,"key":"War Paint"}],"event_choices":[{"damage_healed":0,"gold_gain":0,"player_choice":"Lose Max HP","damage_taken":0,"relics_obtained":["Golden Idol"],"max_hp_gain":0,"max_hp_loss":7,"event_name":"Golden Idol","floor":3,"gold_loss":0},{"damage_healed":0,"gold_gain":0,"player_choice":"Read","damage_taken":0,"max_hp_gain":0,"max_hp_loss":0,"event_name":"The Library","floor":19,"gold_loss":0,"cards_obtained":["Hologram"]},{"cards_removed":["Chaos"],"damage_healed":0,"gold_gain":0,"player_choice":"Purged","damage_taken":0,"max_hp_gain":0,"max_hp_loss":0,"event_name":"Purifier","floor":21,"gold_loss":0},{"damage_healed":0,"gold_gain":0,"player_choice":"Fight","damage_taken":0,"max_hp_gain":0,"max_hp_loss":0,"event_name":"MindBloom","floor":44,"gold_loss":0},{"damage_healed":0,"gold_gain":0,"player_choice":"Fight","damage_taken":0,"max_hp_gain":0,"max_hp_loss":0,"event_name":"Mysterious Sphere","floor":46,"gold_loss":0}],"is_beta":false,"boss_relics":[{"not_picked":["Black Star","SlaversCollar"],"picked":"Snecko Eye"},{"not_picked":["Cursed Key","Busted Crown"],"picked":"Coffee Dripper"}],"items_purged_floors":[2,31,36,54],"is_endless":false,"potions_floor_spawned":[1,5,7,11,13,20,25,27,37,38,42,44,46],"ascension_level":20}}