{"host":"og6lam4kt3nibbw0","time":1609174068,"event":{"mods":["AchievementEnabler","BaseMod","Colored Map","DeckTracker","Highlight Path","Keyboard Shortcuts","Minty Spire (QoL Compilation)","Permanent Neow","Quick Restart","StSLib","SuperFastMode"],"gold_per_floor":[114,114,114,114,64,64,94,114,114,145,145,158,192,106,106,178,178,191,205,205,130,9,9,9,9],"floor_reached":24,"playtime":811,"items_purged":["Defend_B"],"score":470,"play_id":"ea5d7fa7-7e5d-480c-b626-db1a54d82943","local_time":"20201229014748","is_ascension_mode":true,"campfire_choices":[{"data":"Dualcast","floor":6,"key":"SMITH"},{"floor":15,"key":"REST"},{"data":"Storm","floor":23,"key":"SMITH"}],"circlet_count":0,"master_deck":["AscendersBane","Strike_B","Strike_B","Strike_B","Defend_B","Defend_B","Defend_B","Zap","Dualcast+1","Aggregate","Conserve Battery","Stack","Streamline","Ball Lightning+1","Undo","Sunder+1","Storm+1","Reboot","Turbo","Machine Learning"],"relics":["Cracked Core","NeowsBlessing","Bronze Scales","Ice Cream","Torii","Molten Egg 2","WingedGreaves","Cursed Key"],"acts_visited":["Exordium","TheCity"],"potions_floor_usage":[16],"damage_taken":[{"damage":0.0,"enemies":"2 Louse","floor":1.0,"turns":1.0},{"damage":0,"enemies":"Gremlin Nob","floor":7,"turns":1},{"damage":0,"enemies":"Jaw Worm","floor":8,"turns":1},{"damage":39,"enemies":"3 Sentries","floor":10,"turns":8},{"damage":1,"enemies":"Cultist","floor":12,"turns":3},{"damage":14,"enemies":"Lagavulin","floor":13,"turns":6},{"damage":27,"enemies":"Hexaghost","floor":16,"turns":9},{"damage":15,"enemies":"2 Thieves","floor":18,"turns":4},{"damage":1,"enemies":"Spheric Guardian","floor":19,"turns":3},{"damage":33,"enemies":"Book of Stabbing","floor":24,"turns":4}],"seed_played":"8321852553379607374","potions_obtained":[{"floor":12,"key":"SneckoOil"},{"floor":13,"key":"LiquidBronze"},{"floor":16,"key":"Dexterity Potion"}],"is_trial":false,"path_per_floor":["M","?","?","T","$","R","E","M","T","E","?","M","E","$","R","B",null,"M","M","$","$","$","R","E"],"character_chosen":"DEFECT","items_purchased":["Conserve Battery","Storm","Machine Learning"],"campfire_rested":1,"item_purchase_floors":[5,14,22],"current_hp_per_floor":[64,64,64,64,64,64,64,64,64,25,30,29,15,15,36,9,56,41,40,40,40,40,40,7,7],"gold":9,"neow_bonus":"THREE_ENEMY_KILL","is_daily":false,"chose_seed":false,"campfire_upgraded":2,"win_rate":0.0,"timestamp":1609174068,"path_taken":["M","?","?","?","$","R","E","?","T","E","?","?","E","$","R","BOSS","M","M","$","$","$","R","E"],"items_purchased_type":["Card","Card","Card"],"build_version":"2020-12-22","purchased_purges":1,"victory":false,"max_hp_per_floor":[71,71,71,71,71,71,71,71,71,71,71,71,71,71,71,71,71,71,71,71,71,71,71,71,71],"card_choices":[{"not_picked":["Hologram","Leap"],"picked":"Sweeping Beam","floor":1.0},{"not_picked":["Rebound","Barrage"],"picked":"Stack","floor":7},{"not_picked":["Doom and Gloom","Hologram"],"picked":"Streamline","floor":8},{"not_picked":["Turbo","Redo"],"picked":"Ball Lightning+1","floor":10},{"not_picked":["Rebound+1","Compile Driver+1"],"picked":"Undo","floor":12},{"not_picked":["Double Energy","Rip and Tear+1"],"picked":"Sunder+1","floor":13},{"not_picked":["Buffer","Rainbow"],"picked":"Reboot","floor":16},{"not_picked":["Barrage+1","Go for the Eyes+1","Conserve Battery"],"picked":"SKIP","floor":18},{"not_picked":["Coolheaded","Stack"],"picked":"Turbo","floor":19}],"player_experience":804064,"relics_obtained":[{"floor":4,"key":"Bronze Scales"},{"floor":7,"key":"Ice Cream"},{"floor":9,"key":"Torii"},{"floor":10,"key":"Molten Egg 2"},{"floor":13,"key":"WingedGreaves"}],"event_choices":[{"damage_healed":0.0,"max_hp_gain":0.0,"max_hp_loss":0.0,"gold_gain":0.0,"cards_transformed":["Strike_B"],"event_name":"Living Wall","player_choice":"Change","floor":2.0,"gold_loss":0.0,"damage_taken":0.0,"cards_obtained":["Aggregate"]},{"damage_healed":0,"gold_gain":0,"player_choice":"Ignored","damage_taken":0,"max_hp_gain":0,"max_hp_loss":0,"event_name":"Shining Light","floor":3,"gold_loss":0},{"cards_removed":["Sweeping Beam"],"damage_healed":5,"gold_gain":0,"player_choice":"Offered Common","damage_taken":0,"max_hp_gain":0,"max_hp_loss":0,"event_name":"Bonfire Elementals","floor":11,"gold_loss":0},{"cards_removed":["Sweeping Beam"],"damage_healed":5,"gold_gain":0,"player_choice":"Offered Special","damage_taken":0,"max_hp_gain":0,"max_hp_loss":0,"event_name":"Bonfire Elementals","floor":11,"gold_loss":0}],"is_beta":false,"boss_relics":[{"not_picked":["Philosopher\u0027s Stone","Velvet Choker"],"picked":"Cursed Key"}],"items_purged_floors":[21],"is_endless":false,"potions_floor_spawned":[12,13,16],"killed_by":"Book of Stabbing","ascension_level":20}}