{"host":"ayh4nqhr0ddw4ozv","time":1609146012,"event":{"mods":["BaseMod","Minty Spire (QoL Compilation)","Relic Stats","Robot Space Explorer","StSLib"],"gold_per_floor":[112,187,202,213,232,259,286,286,286,286,286,320,495,139,139,235,235,250,269,169,169,169,268,268,298,352,352,352,352,384,400,400,503,553,567,567,582,1581,1262,1262,1262],"floor_reached":40,"playtime":1902,"items_purged":["Doubt","RobotSpaceExplorer:Strike","Normality"],"score":710,"play_id":"4ab06539-73f0-466f-9dd9-486bca39139c","local_time":"20201228010012","is_ascension_mode":true,"campfire_choices":[{"data":"RobotSpaceExplorer:Explosion","floor":8,"key":"SMITH"},{"floor":10,"key":"REST"},{"data":"RobotSpaceExplorer:PlasmaMissile","floor":15,"key":"SMITH"},{"floor":27,"key":"REST"},{"data":"RobotSpaceExplorer:Blaster","floor":29,"key":"SMITH"},{"floor":32,"key":"REST"}],"circlet_count":0,"master_deck":["AscendersBane","RobotSpaceExplorer:Strike+1","RobotSpaceExplorer:Strike+1","RobotSpaceExplorer:Defend","RobotSpaceExplorer:Defend","RobotSpaceExplorer:Defend","RobotSpaceExplorer:Defend","RobotSpaceExplorer:Scan","RobotSpaceExplorer:MiniLasers","RobotSpaceExplorer:TrailblazerForm+1","RobotSpaceExplorer:ShovelStrike","RobotSpaceExplorer:Explosion+1","RobotSpaceExplorer:DoubleBlock","RobotSpaceExplorer:PlasmaMissile+1","RobotSpaceExplorer:Blaster+1","RobotSpaceExplorer:FreezingShield","Necronomicurse","Normality","RobotSpaceExplorer:PlasmaMissile","RobotSpaceExplorer:FranticSearch"],"relics":["RobotSpaceExplorer:RoboCore","Whetstone","Vajra","Mummified Hand","Ancient Tea Set","Medical Kit","Regal Pillow","Busted Crown","Calipers","Bag of Marbles","Necronomicon","HornCleat","Tiny House","Orrery"],"acts_visited":["Exordium","TheCity","TheBeyond"],"potions_floor_usage":[6,12,16,19,25,40],"damage_taken":[{"damage":9,"enemies":"Jaw Worm","floor":1,"turns":6},{"damage":0,"enemies":"Small Slimes","floor":3,"turns":4},{"damage":7,"enemies":"2 Louse","floor":4,"turns":4},{"damage":11,"enemies":"Blue Slaver","floor":5,"turns":6},{"damage":7,"enemies":"Lagavulin","floor":6,"turns":7},{"damage":9,"enemies":"3 Sentries","floor":12,"turns":10},{"damage":20,"enemies":"Hexaghost","floor":16,"turns":11},{"damage":5,"enemies":"3 Byrds","floor":18,"turns":4},{"damage":6,"enemies":"Spheric Guardian","floor":19,"turns":3},{"damage":20,"enemies":"Book of Stabbing","floor":25,"turns":7},{"damage":29,"enemies":"Slavers","floor":30,"turns":7},{"damage":6,"enemies":"Chosen and Byrds","floor":31,"turns":4},{"damage":31,"enemies":"Collector","floor":33,"turns":9},{"damage":3,"enemies":"Orb Walker","floor":35,"turns":3},{"damage":14,"enemies":"3 Shapes","floor":37,"turns":6},{"damage":70,"enemies":"Nemesis","floor":40,"turns":7}],"seed_played":"6863578201312766652","potions_obtained":[{"floor":1,"key":"Dexterity Potion"},{"floor":5,"key":"FearPotion"},{"floor":18,"key":"ColorlessPotion"},{"floor":19,"key":"Block Potion"},{"floor":33,"key":"EssenceOfSteel"},{"floor":34,"key":"CultistPotion"}],"is_trial":false,"path_per_floor":["M","?","M","M","M","E","T","R","T","R","?","E","?","$","R","B",null,"M","M","$","?","?","?","?","E","T","R","?","R","E","M","R","B",null,"M","?","M","?","$","E"],"character_chosen":"RobotSpaceExplorer","items_purchased":["Medical Kit","PowerPotion","LiquidBronze","Orrery","RobotSpaceExplorer:FranticSearch"],"campfire_rested":3,"item_purchase_floors":[14,14,14,39,39],"current_hp_per_floor":[59,48,48,41,30,23,23,23,23,45,38,29,29,29,29,9,59,54,48,48,48,48,48,48,28,28,65,49,49,20,14,51,20,66,63,63,49,49,49,0,0],"gold":1262,"neow_bonus":"ONE_RANDOM_RARE_CARD","is_daily":false,"chose_seed":false,"campfire_upgraded":3,"win_rate":0.0,"timestamp":1609146012,"path_taken":["M","?","M","M","M","E","?","R","T","R","?","E","?","$","R","BOSS","M","M","$","?","?","?","?","E","T","R","?","R","E","M","R","BOSS","M","?","M","?","$","E"],"items_purchased_type":["Relic","Potion","Potion","Relic","Card"],"build_version":"2020-12-22","purchased_purges":3,"victory":false,"max_hp_per_floor":[75,75,75,75,75,75,75,75,75,75,75,75,75,75,75,75,75,75,75,75,75,75,75,75,75,75,75,75,75,75,75,75,75,80,80,80,80,80,80,80,80],"relic_stats":{"Regal Pillow":30,"Busted Crown":28,"counters":[16,98],"Mummified Hand":[11],"Necronomicon":[16],"Whetstone":["RobotSpaceExplorer:Strike","RobotSpaceExplorer:Strike"],"Medical Kit":[18],"obtain_stats":[{"Regal Pillow":16,"Calipers":25,"Tiny House":34,"Vajra":7,"RobotSpaceExplorer:RoboCore":0,"Whetstone":6,"Ancient Tea Set":12,"Medical Kit":14,"Busted Crown":17,"HornCleat":30,"Mummified Hand":9,"Orrery":39,"Bag of Marbles":26,"Necronomicon":28},{"Regal Pillow":7,"Calipers":10,"Tiny House":13,"Vajra":5,"RobotSpaceExplorer:RoboCore":0,"Whetstone":5,"Ancient Tea Set":6,"Medical Kit":6,"Busted Crown":7,"HornCleat":11,"Mummified Hand":5,"Orrery":15,"Bag of Marbles":10,"Necronomicon":10},{"Regal Pillow":48,"Calipers":62,"Tiny House":82,"Vajra":27,"RobotSpaceExplorer:RoboCore":0,"Whetstone":27,"Ancient Tea Set":37,"Medical Kit":37,"Busted Crown":48,"HornCleat":69,"Mummified Hand":27,"Orrery":91,"Bag of Marbles":62,"Necronomicon":62}]},"card_choices":[{"not_picked":["RobotSpaceExplorer:DualCore","RobotSpaceExplorer:Electroshield"],"picked":"RobotSpaceExplorer:ShovelStrike","floor":1},{"not_picked":["RobotSpaceExplorer:PowerCollector","RobotSpaceExplorer:FranticSearch","RobotSpaceExplorer:Pulsar"],"picked":"SKIP","floor":3},{"not_picked":["RobotSpaceExplorer:StunGrenade","RobotSpaceExplorer:Counterblock"],"picked":"RobotSpaceExplorer:Explosion","floor":4},{"not_picked":["RobotSpaceExplorer:PowerCollector","RobotSpaceExplorer:GlueShot"],"picked":"RobotSpaceExplorer:DoubleBlock","floor":5},{"not_picked":["RobotSpaceExplorer:StunGrenade","RobotSpaceExplorer:LaserBurst"],"picked":"RobotSpaceExplorer:PlasmaMissile","floor":6},{"not_picked":["RobotSpaceExplorer:GlueSpray","RobotSpaceExplorer:RigExplosive"],"picked":"RobotSpaceExplorer:Exploration","floor":12},{"not_picked":["RobotSpaceExplorer:Explosion","RobotSpaceExplorer:Accelerator"],"picked":"RobotSpaceExplorer:Blaster","floor":16},{"not_picked":["RobotSpaceExplorer:GlueShot"],"picked":"SKIP","floor":18},{"not_picked":["RobotSpaceExplorer:ScrapMissile+1"],"picked":"SKIP","floor":19},{"not_picked":["RobotSpaceExplorer:SurgingShield"],"picked":"SKIP","floor":25},{"not_picked":["RobotSpaceExplorer:StunGrenade"],"picked":"SKIP","floor":30},{"not_picked":["RobotSpaceExplorer:DualCore"],"picked":"SKIP","floor":31},{"not_picked":["RobotSpaceExplorer:Probe"],"picked":"SKIP","floor":35},{"not_picked":["RobotSpaceExplorer:Electroshield"],"picked":"SKIP","floor":37},{"not_picked":[],"picked":"RobotSpaceExplorer:PlasmaMissile","floor":39}],"player_experience":258790,"relics_obtained":[{"floor":6,"key":"Whetstone"},{"floor":7,"key":"Vajra"},{"floor":9,"key":"Mummified Hand"},{"floor":12,"key":"Ancient Tea Set"},{"floor":16,"key":"Regal Pillow"},{"floor":25,"key":"Calipers"},{"floor":26,"key":"Bag of Marbles"},{"floor":28,"key":"Necronomicon"},{"floor":30,"key":"HornCleat"}],"event_choices":[{"damage_healed":0,"gold_gain":75,"player_choice":"Gather Gold","damage_taken":11,"max_hp_gain":0,"max_hp_loss":0,"event_name":"World of Goop","floor":2,"gold_loss":0},{"cards_removed":["RobotSpaceExplorer:Strike"],"damage_healed":0,"gold_gain":0,"player_choice":"Card Removal","damage_taken":7,"max_hp_gain":0,"max_hp_loss":0,"event_name":"Golden Wing","floor":11,"gold_loss":0},{"damage_healed":0,"gold_gain":175,"player_choice":"AGREE","damage_taken":0,"max_hp_gain":0,"max_hp_loss":0,"event_name":"Liars Game","floor":13,"gold_loss":0,"cards_obtained":["Doubt"]},{"damage_healed":0,"gold_gain":0,"player_choice":"Ignored","damage_taken":0,"max_hp_gain":0,"max_hp_loss":0,"event_name":"Ghosts","floor":21,"gold_loss":0},{"damage_healed":0,"gold_gain":0,"player_choice":"Read","damage_taken":0,"max_hp_gain":0,"max_hp_loss":0,"event_name":"The Library","floor":22,"gold_loss":0,"cards_obtained":["RobotSpaceExplorer:FreezingShield"]},{"damage_healed":0,"gold_gain":99,"player_choice":"Stole From Cult","damage_taken":0,"max_hp_gain":0,"max_hp_loss":0,"event_name":"Nest","floor":23,"gold_loss":0},{"damage_healed":0,"gold_gain":0,"player_choice":"Ignored","damage_taken":0,"max_hp_gain":0,"max_hp_loss":0,"event_name":"The Mausoleum","floor":24,"gold_loss":0},{"damage_healed":0,"gold_gain":0,"player_choice":"Obtained Book","damage_taken":16,"max_hp_gain":0,"max_hp_loss":0,"event_name":"Cursed Tome","floor":28,"gold_loss":0},{"damage_healed":0,"gold_gain":0,"player_choice":"Ignored","damage_taken":0,"max_hp_gain":0,"max_hp_loss":0,"event_name":"Tomb of Lord Red Mask","floor":36,"gold_loss":0},{"damage_healed":0,"gold_gain":999,"player_choice":"Gold","damage_taken":0,"max_hp_gain":0,"max_hp_loss":0,"event_name":"MindBloom","floor":38,"gold_loss":0,"cards_obtained":["Normality","Normality"]}],"is_beta":false,"boss_relics":[{"not_picked":["Sozu","Philosopher\u0027s Stone"],"picked":"Busted Crown"},{"not_picked":["Coffee Dripper","Empty Cage"],"picked":"Tiny House"}],"items_purged_floors":[14,20,39],"is_endless":false,"potions_floor_spawned":[1,5,18,19,33,35],"killed_by":"Nemesis","ascension_level":12}}