{"host":"eocn4tduyrehyy81","time":1609164125,"event":{"mods":["AchievementEnabler","Aspiration","BaseMod","BetterRewards","Custom Start","Minty Spire (QoL Compilation)","Replay The Spire","StSLib"],"gold_per_floor":[113,113,113,10,29,29,90,107,107,107,127,127,146,163,163,264,264,283,306,306,324,73,73,87,100,100,100,40,59,74,92,92,193,193,213,227,187,205,205,205],"floor_reached":39,"playtime":3471,"items_purged":[],"score":577,"play_id":"5709df2e-a9ae-447c-b385-360731ae491e","local_time":"20201228080205","is_ascension_mode":false,"campfire_choices":[{"floor":10,"key":"REST"},{"floor":15,"key":"REST"},{"floor":23,"key":"REST"},{"floor":27,"key":"REST"},{"floor":32,"key":"REST"}],"circlet_count":0,"master_deck":["Strike_G","Strike_G","Strike_G","Strike_G+1","Defend_G+1","Defend_G","Defend_G","Defend_G","Defend_G","Survivor","Neutralize","Deadly Poison","Injury","Flying Knee","Quick Slash","Poisoned Stab","Outmaneuver+1","Slice","Noxious Fumes+1","Deadly Poison+1","Escape Plan+1","PiercingWail+1","Outmaneuver+1","Envenom+1","Masterful Stab+1","Replay:Bag of Tricks+1","Noxious Fumes","Blade Dance+1","Outmaneuver+1","Dodge and Roll+1","Blade Dance+1","Outmaneuver+1","Crippling Poison+1","Dagger Spray","Deadly Poison+1","Bullet Time+1","Feel No Pain+1","Backflip+1","Feed"],"relics":["Ring of the Snake","Blood Vial","Dream Catcher","Toxic Egg 2","ReplayFunnel","Pantograph","Runic Pyramid","Simple Rune","Ninja Scroll","Replay:WaspNest","aspiration:IroncladSkillbook"],"acts_visited":["Exordium","TheCity","TheBeyond"],"potions_floor_usage":[7,16,16,33,33,33,35,38],"damage_taken":[{"damage":0,"enemies":"Jaw Worm","floor":1,"turns":6},{"damage":0,"enemies":"Small Slimes","floor":5,"turns":3},{"damage":19,"enemies":"Gremlin Nob","floor":7,"turns":5},{"damage":0,"enemies":"Cultist","floor":8,"turns":3},{"damage":2,"enemies":"Exordium Wildlife","floor":11,"turns":4},{"damage":19,"enemies":"Lots of Slimes","floor":13,"turns":5},{"damage":11,"enemies":"Blue Slaver","floor":14,"turns":4},{"damage":39,"enemies":"Slime Boss","floor":16,"turns":11},{"damage":28,"enemies":"Shell Parasite","floor":18,"turns":6},{"damage":16,"enemies":"3 Byrds","floor":21,"turns":5},{"damage":21,"enemies":"Centurion and Healer","floor":24,"turns":7},{"damage":14,"enemies":"3 Cultists","floor":25,"turns":5},{"damage":0,"enemies":"Chosen and Byrds","floor":29,"turns":4},{"damage":18,"enemies":"Sentry and Sphere","floor":30,"turns":5},{"damage":8,"enemies":"Shelled Parasite and Fungi","floor":31,"turns":6},{"damage":61,"enemies":"Automaton","floor":33,"turns":8},{"damage":33,"enemies":"3 Darklings","floor":35,"turns":4},{"damage":1,"enemies":"3 Shapes","floor":36,"turns":4},{"damage":33,"enemies":"Jaw Worm Horde","floor":38,"turns":3},{"damage":42,"enemies":"4 Shapes","floor":39,"turns":3}],"seed_played":"-1679743997924320475","potions_obtained":[{"floor":1,"key":"Dexterity Potion"},{"floor":11,"key":"Ancient Potion"},{"floor":14,"key":"EssenceOfSteel"},{"floor":24,"key":"CunningPotion"},{"floor":29,"key":"GhostInAJar"},{"floor":30,"key":"Languid Potion"},{"floor":33,"key":"Block Potion"},{"floor":36,"key":"Regen Potion"}],"is_trial":false,"path_per_floor":["M","?","?","$","M","$","?","M","T","R","M","?","M","M","R","B",null,"M","T","?","M","$","R","M","M","T","R","?","M","M","M","R","B",null,"M","M","?","M","M"],"character_chosen":"THE_SILENT","items_purchased":["Blood Vial","Dream Catcher","Flying Knee","Quick Slash","Ninja Scroll"],"campfire_rested":5,"item_purchase_floors":[0,0,4,4,22],"current_hp_per_floor":[70,70,70,70,70,70,51,53,53,70,68,68,51,42,63,31,70,42,42,42,28,28,49,30,18,18,39,39,41,25,19,40,6,70,41,46,46,28,0,0],"gold":205,"neow_bonus":"","is_daily":false,"chose_seed":false,"campfire_upgraded":0,"win_rate":0.0,"timestamp":1609164125,"path_taken":["M","?","?","$","M","?","?","M","T","R","M","?","M","M","R","BOSS","M","?","?","M","$","R","?","M","T","R","?","M","M","M","R","BOSS","M","M","?","M","M"],"items_purchased_type":["Relic","Relic","Card","Card","Relic"],"build_version":"2020-12-22","purchased_purges":0,"victory":false,"max_hp_per_floor":[70,70,70,70,70,70,70,70,70,70,70,70,70,70,70,70,70,70,70,70,70,70,70,70,70,70,70,70,70,70,70,70,70,70,70,70,70,70,73,73],"card_choices":[{"not_picked":["Acrobatics","Slice"],"picked":"Deadly Poison","floor":1},{"not_picked":["Sucker Punch","ReplayTheSpireMod:The Works+1"],"picked":"Poisoned Stab","floor":5},{"not_picked":["Flechettes","Dodge and Roll+1"],"picked":"Outmaneuver+1","floor":7},{"not_picked":["Riddle With Holes","Well Laid Plans"],"picked":"Slice","floor":8},{"not_picked":["Dagger Throw","A Thousand Cuts"],"picked":"Noxious Fumes","floor":10},{"not_picked":["Hidden Blade+1","Riddle With Holes"],"picked":"Deadly Poison+1","floor":11},{"not_picked":["Draining Mist+1","Acrobatics+1"],"picked":"Escape Plan+1","floor":13},{"not_picked":["Escape Plan+1","Dagger Throw"],"picked":"PiercingWail+1","floor":14},{"not_picked":["Acrobatics+1","PiercingWail+1"],"picked":"Outmaneuver+1","floor":15},{"not_picked":["Replay:Bag of Tricks+1","Malaise+1"],"picked":"Envenom","floor":16},{"not_picked":["Riddle With Holes","Caltrops"],"picked":"Masterful Stab+1","floor":18},{"not_picked":["ReplayTheSpireMod:The Works+1","Dagger Spray"],"picked":"Noxious Fumes","floor":21},{"not_picked":["Masterful Stab","Underhanded Strike"],"picked":"Blade Dance+1","floor":23},{"not_picked":["Underhanded Strike","Dagger Spray"],"picked":"Outmaneuver+1","floor":24},{"not_picked":["Prepared+1","Bane+1"],"picked":"Dodge and Roll+1","floor":25},{"not_picked":["Dagger Spray","Quick Slash"],"picked":"Blade Dance+1","floor":27},{"not_picked":["Acrobatics+1","Backstab"],"picked":"Outmaneuver+1","floor":29},{"not_picked":["Backflip+1","Blade Dance+1"],"picked":"Crippling Poison+1","floor":30},{"not_picked":["Sneak Up+1","Sucker Punch"],"picked":"Dagger Spray","floor":31},{"not_picked":["Doppelganger+1","Dagger Throw"],"picked":"Deadly Poison+1","floor":32},{"not_picked":["Adrenaline+1","After Image"],"picked":"Bullet Time+1","floor":33},{"not_picked":["ReplayTheSpireMod:The Works+1","Masterful Stab","Dodge and Roll+1"],"picked":"Feel No Pain+1","floor":35},{"not_picked":["Prepared+1","Sucker Punch+1","Perfected Strike+1"],"picked":"Backflip+1","floor":36},{"not_picked":["Heavy Blade","Endless Agony+1","Caltrops"],"picked":"Feed","floor":38}],"player_experience":12746,"relics_obtained":[{"floor":7,"key":"ReplayFunnel"},{"floor":9,"key":"Pantograph"},{"floor":19,"key":"Simple Rune"},{"floor":26,"key":"Replay:WaspNest"}],"event_choices":[{"damage_healed":0,"gold_gain":0,"player_choice":"Ignored","damage_taken":0,"max_hp_gain":0,"max_hp_loss":0,"event_name":"Golden Wing","floor":3,"gold_loss":0},{"damage_healed":0,"gold_gain":30,"player_choice":"Searched \u00273\u0027 times","damage_taken":0,"max_hp_gain":0,"max_hp_loss":0,"event_name":"Dead Adventurer","floor":7,"gold_loss":0},{"damage_healed":0,"gold_gain":0,"player_choice":"Upgraded","damage_taken":0,"max_hp_gain":0,"max_hp_loss":0,"event_name":"Upgrade Shrine","floor":12,"gold_loss":0,"cards_upgraded":["Noxious Fumes"]},{"damage_healed":0,"gold_gain":0,"cards_transformed":["Strike_G"],"player_choice":"Transformed","damage_taken":0,"max_hp_gain":0,"max_hp_loss":0,"event_name":"Transmorgrifier","floor":20,"gold_loss":0,"cards_obtained":["Replay:Bag of Tricks"]},{"damage_healed":0,"gold_gain":0,"player_choice":"Upgrade","damage_taken":0,"max_hp_gain":0,"max_hp_loss":0,"event_name":"Designer","floor":37,"gold_loss":40,"cards_upgraded":["Envenom"]}],"is_beta":false,"boss_relics":[{"not_picked":["WristBlade","Runic Dome"],"picked":"Runic Pyramid"},{"not_picked":["Replay:Ancient Bell","Replay:Drink Me"],"picked":"aspiration:IroncladSkillbook"}],"items_purged_floors":[],"is_endless":false,"potions_floor_spawned":[1,11,14,24,29,30,33,36],"killed_by":"4 Shapes","ascension_level":0}}