{"host":"cfnmff32z0ky6ioz","time":1609123113,"event":{"mods":["Act Like it!","BaseMod","Colored Powertips","Friendly Minions","Gensokyo","Highlight Path","KinomotoSakuraMod(¤ì¤§¥»?)","Minty Spire (QoL Compilation)","Pale of the Ancients","Quick Restart","Replay The Spire","StSLib","The Animator","The Hierophant","The IronCluck","The Jungle"],"gold_per_floor":[113,113,133,133,408,433,451,451,451],"floor_reached":8,"playtime":532,"items_purged":[],"score":81,"play_id":"98f531f7-9ff4-4a68-bba6-ac0f298f567c","local_time":"20201228103833","is_ascension_mode":false,"campfire_choices":[],"circlet_count":0,"master_deck":["Strike_G","Strike_G","Strike_G","Strike_G","Strike_G","Defend_G","Defend_G","Defend_G","Defend_G","Defend_G","Survivor","Neutralize","Dagger Throw","ReplayTheSpireMod:Scrap Shanks","Delirium","Regret","Dodge and Roll","Backflip"],"relics":["Ring of the Snake","NeowsBlessing","Snake Skull"],"acts_visited":["Exordium"],"potions_floor_usage":[8],"damage_taken":[{"damage":0,"enemies":"Small Slimes","floor":1,"turns":1},{"damage":0,"enemies":"Cultist","floor":3,"turns":1},{"damage":0,"enemies":"Gremlin Nob","floor":6,"turns":1},{"damage":6,"enemies":"Jaw Worm","floor":7,"turns":7},{"damage":68,"enemies":"Lagavulin","floor":8,"turns":14}],"seed_played":"2234861562320066278","potions_obtained":[{"floor":7,"key":"SpeedPotion"}],"is_trial":false,"path_per_floor":["M","?","M","?","?","E","M","E"],"character_chosen":"THE_SILENT","items_purchased":[],"campfire_rested":0,"item_purchase_floors":[],"current_hp_per_floor":[70,70,70,70,70,70,64,0,0],"gold":451,"neow_bonus":"THREE_ENEMY_KILL","is_daily":false,"chose_seed":false,"campfire_upgraded":0,"win_rate":0.0,"timestamp":1609123113,"path_taken":["M","?","?","?","?","E","?","E"],"items_purchased_type":[],"build_version":"2020-12-22","purchased_purges":0,"victory":false,"max_hp_per_floor":[70,70,70,70,70,70,70,70,70],"card_choices":[{"not_picked":["Dodge and Roll","Heel Hook"],"picked":"Dagger Throw","floor":1},{"not_picked":["Predator","Toxin Wave"],"picked":"ReplayTheSpireMod:Scrap Shanks","floor":3},{"not_picked":["Acrobatics","PiercingWail"],"picked":"Dodge and Roll","floor":6},{"not_picked":["Dagger Throw","ReplayTheSpireMod:Tripwire"],"picked":"Backflip","floor":7}],"player_experience":339822,"relics_obtained":[{"floor":6,"key":"Snake Skull"}],"event_choices":[{"damage_healed":0,"gold_gain":0,"player_choice":"Full Heal","damage_taken":0,"max_hp_gain":0,"max_hp_loss":0,"event_name":"Wheel of Change","floor":2,"gold_loss":0},{"damage_healed":0,"gold_gain":275,"player_choice":"Desecrate","damage_taken":0,"max_hp_gain":0,"max_hp_loss":0,"event_name":"Golden Shrine","floor":5,"gold_loss":0,"cards_obtained":["Regret"]}],"is_beta":false,"boss_relics":[],"items_purged_floors":[],"is_endless":false,"potions_floor_spawned":[7],"killed_by":"Lagavulin","ascension_level":0}}