{"host":"9op7xyky91xc1g6p","time":1609167902,"event":{"mods":["Act Like it!","Astrologer","Bartender","BaseMod","Beaked The Cultist","Better Altar","Better Note","Better Sensory Stone","Better Skull","Better Third Choice","Better Vampires","BshForSts","CapriCore","Energized Spire","Gensokyo","Hallownest","Hermit","Infinite Spire","Koishi","Magitek Elite","Marisa????????","Minty Spire (QoL Compilation)","Random Character Button","Remilia??????","Retaliation","Robot Space Explorer","Shade Mod","SpireExporter+","StSLib","The Animator","The Disciple","The Elementalist","The Hierophant","The Immortal","The Marked","The Mystic","The Poker Player","The Runesmith","The Spell Scribe","TheArtist","TheBandit","Trackpad","Yuyuko","??????REMEMod"],"gold_per_floor":[111,217,237,249,259,259,90,90,114,114,114,141,153,165,177,189,189],"floor_reached":16,"playtime":1456,"items_purged":[],"score":98,"play_id":"a921e1a8-ad62-42f5-a109-3094c8923597","local_time":"20201228070502","is_ascension_mode":false,"campfire_choices":[{"floor":6,"key":"REST"},{"floor":8,"key":"REST"},{"data":"Discovery","floor":11,"key":"SMITH"},{"floor":15,"key":"REST"}],"circlet_count":0,"master_deck":["hermit:Strike_Hermit","hermit:Strike_Hermit","hermit:Strike_Hermit","hermit:Strike_Hermit","hermit:Defend_Hermit","hermit:Defend_Hermit","hermit:Defend_Hermit","hermit:Defend_Hermit","hermit:Snapshot","hermit:Covet+1","hermit:BodyArmor","hermit:Ricochet","hermit:RoundhouseKick","hermit:Manifest","hermit:Maintenance","hermit:Combo","hermit:Quickdraw","hermit:LowProfile","Discovery+1","hermit:Deadeye"],"relics":["hermit:Momento","REME_ComplimentaryCards","infinitespire:Lucky Rock","hermit:RyeStalk","Tiny Chest","MawBank","Hallownest:DreamNailRelic"],"acts_visited":["Hallownest:Greenpath"],"potions_floor_usage":[],"damage_taken":[{"damage":0,"enemies":"Hallownest:2_Baldur","floor":1,"turns":4},{"damage":0,"enemies":"Hallownest:2_Tiktiks_and_1_Crawlid","floor":3,"turns":5},{"damage":0,"enemies":"Hallownest:2_MossCreeps","floor":4,"turns":4},{"damage":12,"enemies":"Hallownest:1_Ooma_and_2_Uuma","floor":5,"turns":6},{"damage":33,"enemies":"Hallownest:eliteMossKnight","floor":12,"turns":12},{"damage":61,"enemies":"Hallownest:BossFalseKnight","floor":16,"turns":10}],"seed_played":"-8279424653101935150","potions_obtained":[{"floor":1,"key":"GamblersBrew"},{"floor":5,"key":"Swift Potion"}],"is_trial":false,"path_per_floor":["M","?","M","M","M","R","$","R","T","?","R","E","$","?","R","B"],"character_chosen":"HERMIT","items_purchased":["hermit:Maintenance","hermit:Combo","hermit:Quickdraw"],"campfire_rested":3,"item_purchase_floors":[7,7,7],"current_hp_per_floor":[75,32,32,32,20,42,42,64,64,64,64,31,31,31,53,0,0],"gold":189,"neow_bonus":"UPGRADE_CARD","is_daily":false,"chose_seed":false,"campfire_upgraded":1,"win_rate":0.0,"timestamp":1609167902,"path_taken":["M","?","M","?","M","R","$","R","T","?","R","E","?","?","R","BOSS"],"items_purchased_type":["Card","Card","Card"],"build_version":"2020-12-22","purchased_purges":0,"victory":false,"max_hp_per_floor":[75,75,75,75,75,75,75,75,75,75,75,75,75,75,75,75,75],"card_choices":[{"not_picked":["hermit:Coalescence","hermit:LuckOfTheDraw"],"picked":"hermit:BodyArmor","floor":1},{"not_picked":["hermit:Roulette","hermit:Manifest"],"picked":"hermit:Ricochet","floor":3},{"not_picked":["hermit:BodyArmor","hermit:CalledShot"],"picked":"hermit:RoundhouseKick","floor":4},{"not_picked":["hermit:Midnight","hermit:Glare"],"picked":"hermit:Manifest","floor":5},{"not_picked":["hermit:ItchyTrigger","hermit:BodyArmor"],"picked":"hermit:LowProfile","floor":10},{"not_picked":["Metamorphosis","REME_ShortnessOfBreath"],"picked":"Discovery","floor":10},{"not_picked":["hermit:Spite","hermit:Maintenance"],"picked":"hermit:Deadeye","floor":12}],"player_experience":351070,"relics_obtained":[{"floor":9,"key":"Tiny Chest"},{"floor":12,"key":"MawBank"}],"event_choices":[{"damage_healed":0,"gold_gain":106,"player_choice":"RE RE GO ","damage_taken":48,"relics_obtained":["infinitespire:Lucky Rock","hermit:RyeStalk"],"max_hp_gain":0,"max_hp_loss":0,"event_name":"betterSkull:BetterSkull","floor":2,"gold_loss":0,"cards_upgraded":[]}],"is_beta":false,"boss_relics":[],"items_purged_floors":[],"is_endless":false,"potions_floor_spawned":[1,5],"killed_by":"Hallownest:BossFalseKnight","ascension_level":0}}