{"host":"mwqnlghgfp5mgeui","time":1609164108,"event":{"mods":["2.2 Compatiblity","BaseMod","DeckTracker","Highlight Path","Minty Spire (QoL Compilation)","SuperFastMode","everything is the same but u backflip on backflip"],"gold_per_floor":[114,128,128,141,151,151,51,51,51,71,90,105,122,139,139,243,243,256,267,73,85,99,99,99,99,99,113,113,125,142,241,241,241,241],"floor_reached":33,"playtime":1197,"items_purged":["Strike_B","Strike_B"],"score":270,"play_id":"f9ee3fe4-1ec8-4201-8630-29400dad5a64","local_time":"20201228230148","is_ascension_mode":false,"campfire_choices":[{"floor":6,"key":"REST"},{"data":"Stack","floor":8,"key":"SMITH"},{"data":"Self Repair","floor":15,"key":"SMITH"},{"floor":23,"key":"REST"},{"floor":25,"key":"REST"},{"floor":28,"key":"REST"},{"floor":32,"key":"REST"}],"circlet_count":0,"master_deck":["Strike_B","Strike_B","Defend_B","Defend_B","Defend_B","Zap+1","Dualcast","Panacea","Sweeping Beam","Leap","Conserve Battery","Gash","Stack+1","Streamline","Self Repair+1","Melter","Lockon","Rainbow","Thunder Strike","Turbo","Stack","Beam Cell","Barrage","Aggregate+1","Double Energy","Lockon+1","Blizzard","Ball Lightning"],"relics":["Cracked Core","FossilizedHelix","Odd Mushroom","Busted Crown","Pear"],"acts_visited":["Exordium","TheCity"],"potions_floor_usage":[21,33],"damage_taken":[{"damage":6,"enemies":"Jaw Worm","floor":1,"turns":3},{"damage":2,"enemies":"Small Slimes","floor":2,"turns":3},{"damage":0,"enemies":"2 Louse","floor":4,"turns":3},{"damage":2,"enemies":"Lots of Slimes","floor":5,"turns":3},{"damage":16,"enemies":"The Mushroom Lair","floor":10,"turns":5},{"damage":0,"enemies":"Exordium Thugs","floor":11,"turns":4},{"damage":0,"enemies":"Exordium Wildlife","floor":12,"turns":6},{"damage":2,"enemies":"Blue Slaver","floor":13,"turns":3},{"damage":0,"enemies":"Large Slime","floor":14,"turns":4},{"damage":17,"enemies":"The Guardian","floor":16,"turns":8},{"damage":0,"enemies":"Spheric Guardian","floor":18,"turns":2},{"damage":21,"enemies":"Chosen","floor":19,"turns":5},{"damage":29,"enemies":"3 Cultists","floor":21,"turns":6},{"damage":46,"enemies":"Chosen and Byrds","floor":22,"turns":7},{"damage":39,"enemies":"Snake Plant","floor":27,"turns":7},{"damage":61,"enemies":"Cultist and Chosen","floor":29,"turns":9},{"damage":18,"enemies":"Sentry and Sphere","floor":30,"turns":4},{"damage":69,"enemies":"Automaton","floor":33,"turns":6}],"seed_played":"-653203496316911666","potions_obtained":[{"floor":1,"key":"GamblersBrew"},{"floor":5,"key":"DistilledChaos"},{"floor":13,"key":"Fruit Juice"},{"floor":22,"key":"ColorlessPotion"}],"is_trial":false,"path_per_floor":["M","M","?","M","M","R","$","R","T","?","M","M","M","M","R","B",null,"M","M","$","M","M","R","?","R","T","M","R","M","M","?","R","B"],"character_chosen":"DEFECT","items_purchased":["Stack","Beam Cell","Barrage"],"campfire_rested":5,"item_purchase_floors":[7,20,20],"current_hp_per_floor":[69,67,67,67,65,75,75,75,75,59,59,66,71,75,75,68,75,75,64,64,50,14,38,38,62,72,43,70,19,11,11,38,0,0],"gold":241,"neow_bonus":"RANDOM_COLORLESS","is_daily":false,"chose_seed":false,"campfire_upgraded":2,"win_rate":0.0,"timestamp":1609164108,"path_taken":["M","M","?","M","M","R","$","R","T","?","M","M","M","M","R","BOSS","M","M","$","M","M","R","?","R","T","M","R","?","M","?","R","BOSS"],"items_purchased_type":["Card","Card","Card"],"build_version":"2020-12-22","purchased_purges":2,"victory":false,"max_hp_per_floor":[75,75,75,75,75,75,75,75,75,75,75,75,75,75,75,75,75,75,75,75,80,80,80,80,80,90,90,90,90,90,90,90,90,90],"card_choices":[{"not_picked":["Trip","Purity"],"picked":"Panacea","floor":0},{"not_picked":["Coolheaded","Static Discharge"],"picked":"Sweeping Beam","floor":1},{"not_picked":["Sunder","Heatsinks"],"picked":"Leap","floor":2},{"not_picked":["Cold Snap","Redo"],"picked":"Conserve Battery","floor":4},{"not_picked":["Beam Cell","Cold Snap"],"picked":"Gash","floor":5},{"not_picked":["Reprogram","Stack"],"picked":"Streamline","floor":10},{"not_picked":["Genetic Algorithm","Rebound"],"picked":"Self Repair","floor":11},{"not_picked":["Sweeping Beam","Skim"],"picked":"Melter","floor":12},{"not_picked":["Hologram","Doom and Gloom"],"picked":"Lockon","floor":13},{"not_picked":["Ball Lightning","Heatsinks"],"picked":"Rainbow","floor":14},{"not_picked":["All For One","Fission"],"picked":"Thunder Strike","floor":16},{"not_picked":[],"picked":"Turbo","floor":18},{"not_picked":[],"picked":"Stack","floor":19},{"not_picked":[],"picked":"Aggregate+1","floor":21},{"not_picked":[],"picked":"Double Energy","floor":22},{"not_picked":[],"picked":"Lockon+1","floor":27},{"not_picked":[],"picked":"Blizzard","floor":29},{"not_picked":[],"picked":"Ball Lightning","floor":30}],"player_experience":129523,"relics_obtained":[{"floor":9,"key":"FossilizedHelix"},{"floor":10,"key":"Odd Mushroom"},{"floor":26,"key":"Pear"}],"event_choices":[{"damage_healed":0,"gold_gain":0,"player_choice":"Grow","damage_taken":0,"max_hp_gain":0,"max_hp_loss":0,"event_name":"Living Wall","floor":3,"gold_loss":0,"cards_upgraded":["Zap"]},{"damage_healed":0,"gold_gain":0,"player_choice":"Fought Mushrooms","damage_taken":0,"max_hp_gain":0,"max_hp_loss":0,"event_name":"Mushrooms","floor":10,"gold_loss":0},{"cards_removed":["Defend_B"],"damage_healed":0,"gold_gain":0,"player_choice":"Offered Basic","damage_taken":0,"max_hp_gain":0,"max_hp_loss":0,"event_name":"Bonfire Elementals","floor":24,"gold_loss":0},{"damage_healed":0,"gold_gain":99,"player_choice":"Stole From Cult","damage_taken":0,"max_hp_gain":0,"max_hp_loss":0,"event_name":"Nest","floor":31,"gold_loss":0}],"is_beta":false,"boss_relics":[{"not_picked":["Runic Dome","Philosopher\u0027s Stone"],"picked":"Busted Crown"}],"items_purged_floors":[7,20],"is_endless":false,"potions_floor_spawned":[1,5,13,16,22,29],"killed_by":"Automaton","ascension_level":0}}