{"host":"wy23tj84iquxuyyu","time":1609118073,"event":{"mods":["Aspiration","BaseMod","Better Note","Colored Map","Fireblade Mod","Hermit","Marked Mod","Minty Spire (QoL Compilation)","Random Character Button","Rare Cards Sparkle","Relic Stats","Replay The Spire","Retaliation","Spicy Shops","StSLib","The Cursed","The Death Knight","The Necromancer","Trackpad"],"gold_per_floor":[114,124,124,124,138,138,151,165,191,191,206,240,240,254,254,359,359,359,359,359,359,359,359,359,359,359,359,359,359,152,152,152,152,152,152,112,112,112,39,39,39,39,39,39,39,39,39,39,39,39,39],"floor_reached":50,"playtime":4366,"items_purged":[],"score":627,"play_id":"231368cf-759c-48d6-a79c-53d5e7e1c284","local_time":"20201227201433","is_ascension_mode":false,"campfire_choices":[{"floor":6.0,"key":"REST"},{"data":"Sadistic Nature","floor":10.0,"key":"SMITH"},{"floor":13.0,"key":"REST"},{"floor":15.0,"key":"REST"},{"floor":23.0,"key":"REST"},{"floor":32.0,"key":"REST"},{"floor":40.0,"key":"REST"},{"data":"DeathKnight:Defile","floor":42.0,"key":"SMITH"}],"circlet_count":0,"master_deck":["DeathKnight:Strike_DeathKnight","DeathKnight:Strike_DeathKnight","DeathKnight:Defend_DeathKnight","DeathKnight:Defend_DeathKnight","DeathKnight:Defend_DeathKnight","DeathKnight:Defend_DeathKnight","DeathKnight:Defend_DeathKnight","DeathKnight:RuneTap","DeathKnight:RuneStrike","Sadistic Nature+1","DeathKnight:Parry","DeathKnight:Pestilence","DeathKnight:MindFreeze","DeathKnight:UnholyExperiment","DeathKnight:UnholyFrenzy","DeathKnight:Rot+1","DeathKnight:UnholyPresence","DeathKnight:Pestilence","Replay:Sssssssssshield","DeathKnight:Pestilence","DeathKnight:DeathAndDecay","DeathKnight:DeathAndDecay","Specialist","DeathKnight:BloodBoil","DeathKnight:DeathCoil","DeathKnight:Defile+1","DeathKnight:DeathGrip+1","DeathKnight:MindFreeze","Writhe","DeathKnight:Contagion+1","DeathKnight:MindFreeze","DeathKnight:BoneStorm","DeathKnight:Pestilence"],"relics":["DeathKnight:BrokenRuneblade","Pen Nib","trackpad:Compendium","Ectoplasm","Bottled Tornado","aspiration:Nostalgia","Vampire_Amulet","Cursed Key","Ancient Tea Set","Pantograph"],"acts_visited":["Exordium","TheCity","TheBeyond"],"potions_floor_usage":[],"damage_taken":[{"damage":9.0,"enemies":"2 Louse","floor":1.0,"turns":4.0},{"damage":0.0,"enemies":"Small Slimes","floor":2.0,"turns":3.0},{"damage":0.0,"enemies":"Cultist","floor":5.0,"turns":3.0},{"damage":13.0,"enemies":"Large Slime","floor":7.0,"turns":6.0},{"damage":0.0,"enemies":"Exordium Wildlife","floor":8.0,"turns":6.0},{"damage":0.0,"enemies":"3 Louse","floor":11.0,"turns":3.0},{"damage":25.0,"enemies":"3 Sentries","floor":12.0,"turns":10.0},{"damage":11.0,"enemies":"Large Slime","floor":14.0,"turns":5.0},{"damage":24.0,"enemies":"Hexaghost","floor":16.0,"turns":8.0},{"damage":5.0,"enemies":"3 Byrds","floor":18.0,"turns":5.0},{"damage":0.0,"enemies":"Shell Parasite","floor":20.0,"turns":4.0},{"damage":19.0,"enemies":"Cultist and Chosen","floor":21.0,"turns":6.0},{"damage":5.0,"enemies":"Centurion and Healer","floor":24.0,"turns":7.0},{"damage":10.0,"enemies":"Snake Plant","floor":27.0,"turns":4.0},{"damage":18.0,"enemies":"Snecko","floor":28.0,"turns":5.0},{"damage":23.0,"enemies":"Centurion and Healer","floor":29.0,"turns":5.0},{"damage":0.0,"enemies":"Cultist and Chosen","floor":31.0,"turns":5.0},{"damage":39.0,"enemies":"Pondfish","floor":33.0,"turns":9.0},{"damage":10.0,"enemies":"3 Shapes","floor":35.0,"turns":7.0},{"damage":9.0,"enemies":"3 Darklings","floor":37.0,"turns":4.0},{"damage":21.0,"enemies":"Sphere and 2 Shapes","floor":38.0,"turns":5.0},{"damage":10.0,"enemies":"4 Shapes","floor":46.0,"turns":4.0},{"damage":26.0,"enemies":"Jaw Worm Horde","floor":47.0,"turns":5.0},{"damage":30.0,"enemies":"3 Darklings","floor":49.0,"turns":3.0},{"damage":19,"enemies":"4 Shapes","floor":50,"turns":2}],"seed_played":"7240845327429455761","potions_obtained":[{"floor":1.0,"key":"Ancient Potion"},{"floor":2.0,"key":"Fire Potion"},{"floor":12.0,"key":"BlessingOfTheForge"},{"floor":16.0,"key":"Ancient Potion"},{"floor":28.0,"key":"Dexterity Potion"},{"floor":29.0,"key":"Elixir"},{"floor":35.0,"key":"Doom Potion"},{"floor":36.0,"key":"Ancient Potion"},{"floor":47.0,"key":"SteroidPotion"}],"is_trial":false,"path_per_floor":["M","M","?","?","M","R","M","M","T","R","M","E","R","M","R_BF","B",null,"M","?","M","M","?","R","M","?","T","M","M","M","$","M","R","B",null,"M","?","M","M","$","R","?","R","PTL","PTL","T","M","M","?","M","M"],"character_chosen":"DEATH_KNIGHT","items_purchased":["aspiration:Nostalgia","Specialist","DeathKnight:BloodBoil","Ancient Tea Set"],"campfire_rested":6,"item_purchase_floors":[30,30,30,39],"current_hp_per_floor":[45,45,45,45,45,67,54,54,54,54,54,29,51,40,62,38,75,70,70,70,51,51,73,68,68,68,58,40,17,17,21,43,9,75,69,69,62,47,47,69,69,69,69,69,69,67,47,47,19,0,0],"gold":39,"neow_bonus":"RANDOM_COLORLESS_2","is_daily":false,"chose_seed":false,"campfire_upgraded":2,"win_rate":0.0,"timestamp":1609118073,"path_taken":["M","M","?","?","M","R","M","M","T","R","M","E","R","M","R_BF","BOSS","M","?","M","M","?","R","M","?","T","M","M","?","$","M","R","BOSS","M","?","M","?","$","R","?","R","PTL","PTL","T","M","M","?","?","M"],"items_purchased_type":["Relic","Card","Card","Relic"],"build_version":"2020-12-22","purchased_purges":0,"victory":false,"max_hp_per_floor":[75,75,75,75,75,75,75,75,75,75,75,75,75,75,75,75,75,75,75,75,75,75,75,75,75,75,75,75,75,75,75,75,75,75,75,75,75,75,75,75,75,75,75,75,75,75,75,75,75,75,75],"relic_stats":{"counters":[25,128],"Pantograph":0,"Pen Nib":[12],"Ectoplasm":317,"Cursed Key":1,"obtain_stats":[{"aspiration:Nostalgia":30,"Pantograph":45,"Pen Nib":9,"trackpad:Compendium":12,"Ectoplasm":17,"Vampire_Amulet":30,"Bottled Tornado":26,"Cursed Key":34,"Ancient Tea Set":39,"DeathKnight:BrokenRuneblade":0},{"aspiration:Nostalgia":16,"Pantograph":21,"Pen Nib":5,"trackpad:Compendium":7,"Ectoplasm":9,"Vampire_Amulet":16,"Bottled Tornado":13,"Cursed Key":18,"Ancient Tea Set":21,"DeathKnight:BrokenRuneblade":0},{"aspiration:Nostalgia":84,"Pantograph":114,"Pen Nib":22,"trackpad:Compendium":35,"Ectoplasm":48,"Vampire_Amulet":84,"Bottled Tornado":70,"Cursed Key":98,"Ancient Tea Set":114,"DeathKnight:BrokenRuneblade":0}]},"card_choices":[{"not_picked":["Magnetism","Poisoned Strike"],"picked":"Sadistic Nature","floor":0.0},{"not_picked":["DeathKnight:RaiseAlly","DeathKnight:BloodTap","DeathKnight:BloodStrike"],"picked":"SKIP","floor":1.0},{"not_picked":["DeathKnight:UnholyFrenzy","DeathKnight:BloodTap"],"picked":"DeathKnight:Parry","floor":2.0},{"not_picked":["DeathKnight:Parry","DeathKnight:BludPresence","DeathKnight:HowlingBlast"],"picked":"SKIP","floor":5.0},{"not_picked":["DeathKnight:BludPresence","DeathKnight:FrosPresence","DeathKnight:BloodTap"],"picked":"SKIP","floor":7.0},{"not_picked":["DeathKnight:Culling","DeathKnight:Razorice"],"picked":"DeathKnight:MindFreeze","floor":8.0},{"not_picked":["DeathKnight:BludPresence","DeathKnight:Hemostasis","DeathKnight:UnholyFrenzy"],"picked":"SKIP","floor":11.0},{"not_picked":["DeathKnight:BloodStrike","DeathKnight:DeathStrike","DeathKnight:Runeguard"],"picked":"SKIP","floor":12.0},{"not_picked":["DeathKnight:HartStrike","DeathKnight:DancingRuneblade","DeathKnight:ReapingStrike"],"picked":"SKIP","floor":14.0},{"not_picked":["DeathKnight:Razorice","DeathKnight:SindragosasBreath"],"picked":"DeathKnight:UnholyExperiment","floor":16.0},{"not_picked":["DeathKnight:RunicCorruption+1","DeathKnight:FrosPresence+1","DeathKnight:BloodStrike"],"picked":"SKIP","floor":18.0},{"not_picked":["DeathKnight:DarkSuccor","DeathKnight:Runeguard"],"picked":"DeathKnight:Rot+1","floor":20.0},{"not_picked":["DeathKnight:Runeguard","DeathKnight:HartStrike"],"picked":"DeathKnight:UnholyPresence","floor":21.0},{"not_picked":["DeathKnight:DancingRuneblade","DeathKnight:RaiseAlly"],"picked":"DeathKnight:Pestilence","floor":24.0},{"not_picked":["DeathKnight:HornOfWinter","DeathKnight:ArmyOfTheDead"],"picked":"DeathKnight:Pestilence","floor":27.0},{"not_picked":["DeathKnight:BludPresence+1","DeathKnight:DeathRune"],"picked":"DeathKnight:DeathAndDecay","floor":28.0},{"not_picked":["DeathKnight:WraithWalk","DeathKnight:IceboundArmor"],"picked":"DeathKnight:DeathAndDecay","floor":29.0},{"not_picked":["DeathKnight:Ossuary","DeathKnight:ThirstingStrike"],"picked":"DeathKnight:DeathCoil","floor":31.0},{"not_picked":["DeathKnight:Frostscythe","DeathKnight:RunicDetonation"],"picked":"DeathKnight:Defile","floor":33.0},{"not_picked":["DeathKnight:RunicCorruption+1","DeathKnight:ThirstingStrike+1","DeathKnight:RaiseAlly"],"picked":"SKIP","floor":35.0},{"not_picked":["DeathKnight:DeathStrike","DeathKnight:MindFreeze+1"],"picked":"DeathKnight:DeathGrip+1","floor":37.0},{"not_picked":["DeathKnight:BladedArmor+1","DeathKnight:DeathGrip"],"picked":"DeathKnight:MindFreeze","floor":38.0},{"not_picked":["DeathKnight:DreadStrike+1","DeathKnight:PlagueStrike"],"picked":"DeathKnight:Contagion+1","floor":46.0},{"not_picked":["DeathKnight:RunicDetonation","DeathKnight:IceboundArmor"],"picked":"DeathKnight:MindFreeze","floor":47.0},{"not_picked":["DeathKnight:RuneShock+1","DeathKnight:BloodBoil+1"],"picked":"DeathKnight:Pestilence","floor":49.0}],"player_experience":831253,"relics_obtained":[{"floor":9.0,"key":"Pen Nib"},{"floor":12.0,"key":"trackpad:Compendium"},{"floor":26.0,"key":"Bottled Tornado"},{"floor":45.0,"key":"Pantograph"}],"event_choices":[{"damage_healed":0.0,"max_hp_gain":0.0,"max_hp_loss":0.0,"gold_gain":0.0,"event_name":"Match and Keep!","player_choice":"2 cards matched","floor":4.0,"gold_loss":0.0,"damage_taken":0.0,"cards_obtained":["DeathKnight:Pestilence","DeathKnight:RuneStrike"]},{"damage_healed":0.0,"max_hp_gain":0.0,"max_hp_loss":0.0,"gold_gain":0.0,"cards_transformed":["DeathKnight:Strike_DeathKnight"],"event_name":"Transmorgrifier","player_choice":"Transformed","floor":19.0,"gold_loss":0.0,"damage_taken":0.0,"cards_obtained":["DeathKnight:UnholyFrenzy"]},{"cards_removed":["DeathKnight:RuneStrike"],"damage_healed":0.0,"max_hp_gain":0.0,"max_hp_loss":0.0,"gold_gain":0.0,"event_name":"Purifier","player_choice":"Purged","floor":22.0,"gold_loss":0.0,"damage_taken":0.0},{"cards_removed":["Sadistic Nature"],"damage_healed":0.0,"max_hp_gain":0.0,"max_hp_loss":0.0,"gold_gain":0.0,"event_name":"betterNote:BetterNote","player_choice":"Take \u0026 Give","floor":25.0,"gold_loss":0.0,"damage_taken":0.0,"cards_obtained":["Replay:Sssssssssshield"]},{"damage_healed":0.0,"max_hp_gain":0.0,"max_hp_loss":0.0,"gold_gain":0.0,"event_name":"The Woman in Blue","player_choice":"Bought 3 Potions","floor":36.0,"gold_loss":0.0,"damage_taken":0.0},{"damage_healed":0.0,"max_hp_gain":0.0,"max_hp_loss":0.0,"gold_gain":0.0,"cards_transformed":["DeathKnight:Strike_DeathKnight"],"event_name":"Transmorgrifier","player_choice":"Transformed","floor":48.0,"gold_loss":0.0,"damage_taken":0.0,"cards_obtained":["DeathKnight:BoneStorm"]}],"is_beta":false,"boss_relics":[{"not_picked":["Replay:Drink Me","Replay:Bronze Core"],"picked":"Ectoplasm"},{"not_picked":["aspiration:SecretTechniqueScroll","aspiration:PoetsPen_weak"],"picked":"Cursed Key"}],"items_purged_floors":[],"is_endless":false,"potions_floor_spawned":[1,2,12,16,18,28,29,31,35,38,47],"killed_by":"4 Shapes","ascension_level":0}}