{"host":"7w5rsz9p0drt1vco","time":1609179595,"event":{"mods":["Aspiration","BaseMod","Colored Powertips","Conspire","Downfall","Hubris","Infinite Spire","Jedi Mod","Minty Spire (QoL Compilation)","Replay The Spire","StSLib","The Construct","The Cursed","The Jungle","The Mystic","The Runesmith","The Spell Scribe"],"gold_per_floor":[112,122,122,122,133,168,168,197,197,197,222,19,32,50,50,146,146,160,86,104,104,114,114,114,146,172,172,200,200,200,213,213,311,311,327,342,342,395,395,422,422,118,191,191,191,45,57,87,87,87],"floor_reached":51,"playtime":5817,"items_purged":["champ:Taunt","Clash+1","Searing Blow"],"score":584,"play_id":"bf2f3650-86a0-4caa-9a51-8ba3cfa5c50a","local_time":"20201228151955","is_ascension_mode":false,"campfire_choices":[{"floor":7,"key":"REST"},{"floor":10,"key":"REST"},{"floor":15,"key":"DIG"},{"floor":23,"key":"REST"},{"floor":27,"key":"REST"},{"floor":29,"key":"REST"},{"floor":32,"key":"REST"},{"floor":41,"key":"REST"},{"floor":44,"key":"REST"},{"floor":49,"key":"REST"}],"circlet_count":0,"master_deck":["Strike_R+1","Strike_R","Strike_R","Strike_R+1","Strike_R+1","Defend_R","Defend_R+1","Defend_R+1","Defend_R+1","Bash","TheCursedMod:Strike_TheCursed+1","Clothesline","Shrug It Off","Pommel Strike","Cleave","Twin Strike+1","Perfected Strike","Rampage+1","Wild Strike","Offering","Sword Boomerang+1","hubris:SharpeningStone+1","Perfected Strike","Corruption","Pommel Strike+1","Dark Embrace+1","infinitespire:FinalStrike","Dash+1","Anger+1"],"relics":["Burning Blood","WingedGreaves","Gremlin Food","infinitespire:ShieldingShard","Lantern","Replay:Bottled Snecko","Ring of Chaos","aspiration:RitualStick","Centennial Puzzle","Runesmith:AutoHammer","hubris:ChampionShield","Self Forming Clay","Mark of Pain","Replay:PocketPolymizer","hubris:Towel","Pen Nib","aspiration:ChemicalBlood","Molten Egg 2","hubris:HerbalPaste","infinitespire:Joker Card"],"acts_visited":["Exordium","TheCity","TheBeyond"],"potions_floor_usage":[16,16,16,40,40,40,48,50,50,50,50,50,50],"damage_taken":[{"damage":10,"enemies":"conspire:RoseBush","floor":1,"turns":2},{"damage":7,"enemies":"Small Slimes","floor":2,"turns":3},{"damage":1,"enemies":"2 Louse","floor":5,"turns":4},{"damage":34,"enemies":"Gremlin Nob","floor":6,"turns":5},{"damage":36,"enemies":"Lagavulin","floor":8,"turns":8},{"damage":11,"enemies":"Gremlin Nob","floor":11,"turns":4},{"damage":8,"enemies":"Lots of Slimes","floor":13,"turns":4},{"damage":5,"enemies":"Gremlin Gang","floor":14,"turns":4},{"damage":51,"enemies":"Hexaghost","floor":16,"turns":10},{"damage":16,"enemies":"Spheric Guardian","floor":18,"turns":4},{"damage":10,"enemies":"3 Byrds","floor":20,"turns":5},{"damage":36,"enemies":"Snake Plant","floor":22,"turns":6},{"damage":6,"enemies":"conspire:Head Lice","floor":25,"turns":5},{"damage":31,"enemies":"Book of Stabbing","floor":28,"turns":4},{"damage":21,"enemies":"conspire:HollyBat","floor":31,"turns":7},{"damage":45,"enemies":"conspire:MysteriousRune","floor":33,"turns":9},{"damage":31,"enemies":"3 Darklings","floor":35,"turns":5},{"damage":2,"enemies":"3 Shapes","floor":36,"turns":2},{"damage":12,"enemies":"2 Orb Walkers","floor":38,"turns":4},{"damage":41,"enemies":"Reptomancer","floor":40,"turns":4},{"damage":17,"enemies":"3 Darklings","floor":47,"turns":7},{"damage":24,"enemies":"Giant Head","floor":48,"turns":8},{"damage":89,"enemies":"Replay:Hell Engine","floor":50,"turns":9}],"seed_played":"-4614411446189529327","potions_obtained":[{"floor":1,"key":"Venom Potion"},{"floor":6,"key":"Fire Potion"},{"floor":14,"key":"Weak Potion"},{"floor":16,"key":"LiquidMemories"},{"floor":25,"key":"SkillPotion"},{"floor":28,"key":"Swift Potion"},{"floor":35,"key":"PowerPotion"},{"floor":48,"key":"FearPotion"},{"floor":50,"key":"Doom Potion"}],"is_trial":false,"path_per_floor":["M","M","?","?","M","E","R","E","T","R","E","$","M","M","R","B",null,"M","$","M","?","M","R","?","E","T","R","E","R","T","M","R","B",null,"M","M","AVR","?","?","E","R","$","T","R","?","$","M","E","R","B",null],"character_chosen":"IRONCLAD","items_purchased":["SteroidPotion","Rampage","Inflame","aspiration:ChemicalBlood","Swift Potion","hubris:HerbalPaste"],"campfire_rested":9,"item_purchase_floors":[12,12,19,42,42,46],"current_hp_per_floor":[76,75,75,75,80,52,76,46,46,70,65,65,63,64,64,19,80,70,70,66,66,36,60,44,44,44,68,43,67,67,52,76,37,80,55,59,59,53,53,18,42,42,42,66,66,66,61,49,73,12],"gold":87,"neow_bonus":"ONE_RARE_RELIC","is_daily":false,"chose_seed":false,"campfire_upgraded":0,"win_rate":0.0,"timestamp":1609179595,"path_taken":["M","M","?","?","M","E","R","E","T","R","E","?","?","M","R","BOSS","M","$","?","?","M","R","?","E","T","R","E","R","?","M","R","BOSS","M","M","AVR","?","?","E","R","$","T","R","?","$","?","E","R","BOSS"],"items_purchased_type":["Potion","Card","Card","Relic","Potion","Relic"],"build_version":"2020-12-22","purchased_purges":3,"victory":true,"max_hp_per_floor":[80,80,80,80,80,80,80,80,80,80,80,80,80,80,80,80,80,80,80,80,80,80,80,80,80,80,80,80,80,80,80,80,80,80,80,80,80,80,80,80,80,80,80,80,80,80,80,80,80,80],"card_choices":[{"not_picked":["hubris:ReadiedAction","Abandon"],"picked":"Clothesline","floor":1},{"not_picked":["jedi:suffering","Clash"],"picked":"Shrug It Off","floor":2},{"not_picked":["Eclipse","Clothesline"],"picked":"Cleave","floor":5},{"not_picked":["Intimidate","Pommel Strike"],"picked":"Searing Blow","floor":6},{"not_picked":["Entrench","Shrug It Off"],"picked":"Twin Strike","floor":8},{"not_picked":["Burning Pact","Anger"],"picked":"Perfected Strike","floor":11},{"not_picked":["Warcry","Evolve"],"picked":"Wild Strike","floor":13},{"not_picked":["Headbutt","Searing Blow","Massacre"],"picked":"SKIP","floor":14},{"not_picked":["Barricade","conspire:Purge"],"picked":"Offering","floor":16},{"not_picked":["Twin Strike","Thunderclap"],"picked":"Sword Boomerang+1","floor":18},{"not_picked":["Run Through","Twin Strike+1","Wild Strike"],"picked":"SKIP","floor":20},{"not_picked":["Shrug It Off","Run Through"],"picked":"Clash+1","floor":22},{"not_picked":["jedi:MakeshiftSword","True Grit"],"picked":"hubris:SharpeningStone+1","floor":25},{"not_picked":["Bludgeon","jedi:controlledanger+1"],"picked":"Perfected Strike","floor":28},{"not_picked":["Power Through","Brutality","Run Through"],"picked":"SKIP","floor":31},{"not_picked":["Fiend Fire","Replay:Many Hands"],"picked":"Corruption","floor":33},{"not_picked":["Perfected Strike","Hemokinesis"],"picked":"Pommel Strike+1","floor":35},{"not_picked":["Shrug It Off+1","Abandon"],"picked":"Dark Embrace+1","floor":36},{"not_picked":["ReplayTheSpireMod:Muscle Training+1","Cleave+1","Perfected Strike+1"],"picked":"SKIP","floor":40},{"not_picked":["ReplayTheSpireMod:Muscle Training+1","Cleave+1","Perfected Strike+1"],"picked":"SKIP","floor":40},{"not_picked":["Twin Strike+1","Abandon","Sever Soul+1"],"picked":"SKIP","floor":47},{"not_picked":["ReplayTheSpireMod:Corrosion Curse+1","hubris:SharpeningStone"],"picked":"Anger+1","floor":48}],"player_experience":175373,"relics_obtained":[{"floor":6,"key":"Gremlin Food"},{"floor":8,"key":"infinitespire:ShieldingShard"},{"floor":9,"key":"Lantern"},{"floor":15,"key":"Replay:Bottled Snecko"},{"floor":25,"key":"Centennial Puzzle"},{"floor":26,"key":"Runesmith:AutoHammer"},{"floor":28,"key":"hubris:ChampionShield"},{"floor":30,"key":"Self Forming Clay"},{"floor":38,"key":"Replay:PocketPolymizer"},{"floor":40,"key":"Pen Nib"},{"floor":43,"key":"Molten Egg 2"},{"floor":48,"key":"infinitespire:Joker Card"}],"event_choices":[{"damage_healed":0,"gold_gain":0,"player_choice":"Disagree","damage_taken":0,"max_hp_gain":0,"max_hp_loss":0,"event_name":"conspire:LoneGhost","floor":3,"gold_loss":0},{"damage_healed":0,"gold_gain":0,"player_choice":"Fight","damage_taken":0,"max_hp_gain":0,"max_hp_loss":0,"event_name":"Mysterious Sphere","floor":38,"gold_loss":0},{"cards_removed":["ReplayReversal"],"damage_healed":0,"gold_gain":0,"player_choice":"Took Card","damage_taken":0,"max_hp_gain":0,"max_hp_loss":0,"event_name":"NoteForYourself","floor":45,"gold_loss":0,"cards_obtained":["Dash"]}],"is_beta":false,"boss_relics":[{"not_picked":["aspiration:WatcherSkillbook","aspiration:RunicSpoon"],"picked":"Ring of Chaos"},{"not_picked":["Replay:Ancient Bell","jedi:battlestandard"],"picked":"Mark of Pain"}],"items_purged_floors":[12,37,42],"is_endless":false,"potions_floor_spawned":[1,6,13,14,16,25,28,31,33,35,36,48],"ascension_level":0}}