{"host":"c5ukdwo3xwa4ucd0","time":1609191606,"event":{"mods":["AchievementEnabler","BaseMod","Colored Powertips","Minty Spire (QoL Compilation)","Quick Restart"],"gold_per_floor":[134,134,134,111,146,146,146,146,146,186,211,130,160,195,195,295,295,280,280,320,366,6,6,46,46,46,46,46,46,46,86,86,86,86],"floor_reached":33,"playtime":1219,"items_purged":[],"score":266,"play_id":"b6920c0b-ec5c-4b8b-bbba-d18e56cb68ef","local_time":"20201228224006","daily_mods":["Allstar","Colorless Cards","Night Terrors"],"is_ascension_mode":false,"campfire_choices":[{"data":"TalkToTheHand","floor":6.0,"key":"SMITH"},{"data":"Vigilance","floor":8.0,"key":"SMITH"},{"floor":15,"key":"REST"},{"floor":23,"key":"REST"},{"data":"Mayhem","floor":25,"key":"SMITH"},{"data":"ForeignInfluence","floor":27,"key":"SMITH"},{"data":"Dark Shackles","floor":29,"key":"SMITH"},{"data":"FollowUp","floor":32,"key":"SMITH"}],"circlet_count":0,"master_deck":["Strike_P+1","Strike_P+1","Strike_P+1","Strike_P+1","Defend_P+1","Defend_P+1","Defend_P+1","Defend_P+1","Eruption","Vigilance+1","Chrysalis","Dark Shackles+1","HandOfGreed+1","Apotheosis+1","Impatience","TalkToTheHand+1","Prostrate","ForeignInfluence+1","LessonLearned","EmptyBody","FlurryOfBlows","EmptyMind","Mayhem+1","BowlingBash+1","Ghostly","Ghostly","Ghostly","Ghostly","Ghostly","Weave+1","CrushJoints+1","FollowUp+1","Prostrate","BowlingBash"],"relics":["PureWater","Pear","Dream Catcher","The Courier","SlaversCollar","Red Mask","Vajra","Lantern","Omamori","Gremlin Horn"],"acts_visited":["Exordium","TheCity"],"potions_floor_usage":[14,33,33,33],"damage_taken":[{"damage":0.0,"enemies":"Small Slimes","floor":1.0,"turns":5.0},{"damage":6.0,"enemies":"2 Louse","floor":5.0,"turns":3.0},{"damage":6.0,"enemies":"Jaw Worm","floor":10.0,"turns":5.0},{"damage":27.0,"enemies":"Gremlin Nob","floor":13.0,"turns":3.0},{"damage":10,"enemies":"Exordium Wildlife","floor":14,"turns":2},{"damage":51,"enemies":"Slime Boss","floor":16,"turns":11},{"damage":21,"enemies":"2 Thieves","floor":18,"turns":4},{"damage":6,"enemies":"Shell Parasite","floor":20,"turns":8},{"damage":6,"enemies":"Masked Bandits","floor":21,"turns":6},{"damage":1,"enemies":"Shelled Parasite and Fungi","floor":24,"turns":4},{"damage":0,"enemies":"3 Cultists","floor":31,"turns":3},{"damage":35,"enemies":"Collector","floor":33,"turns":6}],"seed_played":"3313543068594885719","potions_obtained":[{"floor":5.0,"key":"SkillPotion"},{"floor":10.0,"key":"DuplicationPotion"},{"floor":14,"key":"LiquidMemories"},{"floor":16,"key":"Explosive Potion"},{"floor":31,"key":"ColorlessPotion"}],"is_trial":false,"path_per_floor":["M","?","?","$","M","R","?","R","T","M","T","$","E","M","R","B",null,"M","?","M","?","$","R","M","R","T","R","?","R","$","M","R","B"],"character_chosen":"WATCHER","items_purchased":["Prostrate","LessonLearned","Vajra","Lantern","Omamori"],"campfire_rested":2,"item_purchase_floors":[4,12,22,22,22],"current_hp_per_floor":[72,72,72,72,66,66,66,66,76,70,70,70,43,33,77,26,77,56,38,32,26,26,33,32,32,32,32,32,32,32,32,32,0,0],"gold":86,"neow_bonus":"","is_daily":true,"chose_seed":false,"campfire_upgraded":6,"win_rate":0.0,"timestamp":1609191606,"path_taken":["M","?","?","$","?","R","?","R","T","M","?","$","E","M","R","BOSS","M","?","M","?","$","R","M","R","T","R","?","R","?","M","R","BOSS"],"items_purchased_type":["Card","Card","Relic","Relic","Relic"],"build_version":"2020-12-22","purchased_purges":0,"victory":false,"max_hp_per_floor":[72,72,72,72,72,72,72,72,82,82,82,82,82,82,77,77,77,77,38,38,38,38,33,33,33,33,33,33,33,33,33,33,33,33],"card_choices":[{"not_picked":["FlurryOfBlows","Prostrate"],"picked":"TalkToTheHand","floor":1.0},{"not_picked":["CutThroughFate","Blind","Vengeance"],"picked":"SKIP","floor":5.0},{"not_picked":["FearNoEvil","Impatience"],"picked":"ForeignInfluence","floor":10.0},{"not_picked":["ClearTheMind","Crescendo"],"picked":"EmptyBody","floor":13.0},{"not_picked":["Halt","SignatureMove"],"picked":"FlurryOfBlows","floor":14},{"not_picked":["Prostrate","Crescendo"],"picked":"EmptyMind","floor":15},{"not_picked":["Metamorphosis","Transmutation"],"picked":"Mayhem","floor":16},{"not_picked":["ThirdEye","ClearTheMind"],"picked":"BowlingBash+1","floor":18},{"not_picked":["Swift Strike","ClearTheMind+1"],"picked":"Weave+1","floor":20},{"not_picked":["Mind Blast","FlyingSleeves"],"picked":"CrushJoints+1","floor":21},{"not_picked":["JustLucky","ThirdEye+1"],"picked":"FollowUp","floor":23},{"not_picked":["Protect","Deep Breath"],"picked":"Prostrate","floor":24},{"not_picked":["FollowUp","DeceiveReality"],"picked":"BowlingBash","floor":31}],"player_experience":304130,"relics_obtained":[{"floor":9.0,"key":"Pear"},{"floor":11.0,"key":"Dream Catcher"},{"floor":13.0,"key":"The Courier"},{"floor":21,"key":"Red Mask"},{"floor":26,"key":"Gremlin Horn"}],"event_choices":[{"damage_healed":0.0,"max_hp_gain":0.0,"max_hp_loss":0.0,"gold_gain":0.0,"event_name":"Living Wall","player_choice":"Grow","floor":2.0,"gold_loss":0.0,"damage_taken":0.0,"cards_upgraded":["Apotheosis"]},{"damage_healed":0.0,"max_hp_gain":0.0,"max_hp_loss":0.0,"gold_gain":0.0,"event_name":"Liars Game","player_choice":"Ignored","floor":3.0,"gold_loss":0.0,"damage_taken":0.0},{"damage_healed":0.0,"max_hp_gain":0.0,"max_hp_loss":0.0,"gold_gain":0.0,"event_name":"Shining Light","player_choice":"Ignored","floor":7.0,"gold_loss":0.0,"damage_taken":0.0},{"damage_healed":0,"gold_gain":0,"player_choice":"Became a Ghost","damage_taken":0,"max_hp_gain":0,"max_hp_loss":39,"event_name":"Ghosts","floor":19,"gold_loss":0,"cards_obtained":["Ghostly","Ghostly","Ghostly","Ghostly","Ghostly"]},{"damage_healed":0,"gold_gain":0,"player_choice":"Fought Bandits","damage_taken":0,"max_hp_gain":0,"max_hp_loss":0,"event_name":"Masked Bandits","floor":21,"gold_loss":0},{"damage_healed":0,"gold_gain":0,"player_choice":"Simplicity","damage_taken":0,"max_hp_gain":0,"max_hp_loss":0,"event_name":"Back to Basics","floor":28,"gold_loss":0,"cards_upgraded":["Strike_P","Strike_P","Strike_P","Strike_P","Defend_P","Defend_P","Defend_P","Defend_P"]}],"is_beta":false,"boss_relics":[{"not_picked":["Snecko Eye","Astrolabe"],"picked":"SlaversCollar"}],"items_purged_floors":[],"is_endless":false,"potions_floor_spawned":[5,10,14,16,18,20,31],"killed_by":"Collector","ascension_level":0}}