{"host":"q9718omregw4er46","time":1609167918,"event":{"mods":["BaseMod","Bestiary","Colored Powertips","Minty Spire (QoL Compilation)","Quick Restart","Relic Stats"],"gold_per_floor":[109,26,26,43,43,43,72,72,72,72,72,99,176,195,195,273,273,283,283,131,131,46,46,84,102,126,126,126],"floor_reached":27,"playtime":498,"items_purged":["Strike_B"],"score":466,"play_id":"dc1328ba-9c82-4351-96ac-147ad73b6271","local_time":"20201228200518","is_ascension_mode":true,"campfire_choices":[{"data":"Sunder","floor":6,"key":"SMITH"},{"floor":8,"key":"REST"},{"floor":15,"key":"REST"},{"data":"Defragment","floor":23,"key":"SMITH"}],"circlet_count":0,"master_deck":["AscendersBane","Strike_B+1","Strike_B+1","Defend_B+1","Defend_B+1","Defend_B+1","Defend_B+1","Melter+1","Sunder+1","Steam","Static Discharge+1","Defragment+1","FTL","Electrodynamics+1","Chill","Core Surge","Aggregate","Steam"],"relics":["Cracked Core","Juzu Bracelet","StoneCalendar","StrikeDummy","CaptainsWheel","Frozen Egg 2","Black Star","CeramicFish","Prayer Wheel","Ancient Tea Set","Strawberry"],"acts_visited":["Exordium","TheCity"],"potions_floor_usage":[16],"damage_taken":[{"damage":5,"enemies":"2 Louse","floor":1,"turns":3},{"damage":1,"enemies":"Cultist","floor":4,"turns":3},{"damage":24,"enemies":"Lagavulin","floor":7,"turns":6},{"damage":31,"enemies":"Gremlin Nob","floor":12,"turns":3},{"damage":7,"enemies":"Jaw Worm","floor":14,"turns":2},{"damage":15,"enemies":"The Guardian","floor":16,"turns":8},{"damage":17,"enemies":"2 Thieves","floor":18,"turns":3},{"damage":21,"enemies":"Book of Stabbing","floor":24,"turns":5},{"damage":26,"enemies":"Slavers","floor":27,"turns":1}],"seed_played":"2113459004401074279","potions_obtained":[{"floor":1,"key":"ColorlessPotion"},{"floor":7,"key":"LiquidMemories"},{"floor":12,"key":"Dexterity Potion"}],"is_trial":false,"path_per_floor":["M","$","?","M","?","R","E","R","T","?","?","E","T","M","R","B",null,"M","?","$","?","?","R","E","?","T","E"],"character_chosen":"DEFECT","items_purchased":["Sunder","Chill"],"campfire_rested":2,"item_purchase_floors":[2,20],"current_hp_per_floor":[59,59,52,51,51,51,27,48,48,48,48,17,17,10,31,16,57,40,40,40,40,40,40,19,19,26,0,0],"gold":126,"neow_bonus":"RANDOM_COMMON_RELIC","is_daily":false,"chose_seed":false,"campfire_upgraded":2,"win_rate":0.0,"timestamp":1609167918,"path_taken":["M","$","?","M","?","R","E","R","T","?","?","E","?","M","R","BOSS","M","?","?","?","?","R","E","?","T","E"],"items_purchased_type":["Card","Card"],"build_version":"2020-12-22","purchased_purges":1,"victory":false,"max_hp_per_floor":[71,71,71,71,71,71,71,71,71,71,71,71,71,71,71,71,71,71,71,71,71,71,71,71,71,78,78,78],"relic_stats":{"counters":[9,34],"CeramicFish":27,"StoneCalendar":[46],"Prayer Wheel":0,"Juzu Bracelet":2,"Black Star":1,"obtain_stats":[{"CaptainsWheel":12,"CeramicFish":22,"Strawberry":26,"StoneCalendar":7,"Prayer Wheel":24,"Juzu Bracelet":0,"Black Star":17,"Frozen Egg 2":13,"Cracked Core":0,"StrikeDummy":9,"Ancient Tea Set":24},{"CaptainsWheel":4,"CeramicFish":7,"Strawberry":8,"StoneCalendar":3,"Prayer Wheel":8,"Juzu Bracelet":0,"Black Star":6,"Frozen Egg 2":4,"Cracked Core":0,"StrikeDummy":3,"Ancient Tea Set":8},{"CaptainsWheel":15,"CeramicFish":28,"Strawberry":33,"StoneCalendar":12,"Prayer Wheel":33,"Juzu Bracelet":0,"Black Star":25,"Frozen Egg 2":15,"Cracked Core":0,"StrikeDummy":12,"Ancient Tea Set":33}]},"card_choices":[{"not_picked":["Sweeping Beam","Barrage"],"picked":"Melter","floor":1},{"not_picked":["Double Energy","Compile Driver"],"picked":"Steam","floor":4},{"not_picked":["Auto Shields","Leap"],"picked":"Static Discharge","floor":7},{"not_picked":["Leap","Capacitor"],"picked":"Defragment","floor":12},{"not_picked":["Turbo","Cold Snap"],"picked":"FTL","floor":14},{"not_picked":["Creative AI+1","Hyperbeam"],"picked":"Electrodynamics+1","floor":16},{"not_picked":["Leap","Beam Cell","Hologram"],"picked":"SKIP","floor":18},{"not_picked":["Force Field+1","Go for the Eyes"],"picked":"Core Surge","floor":24}],"player_experience":1131644,"relics_obtained":[{"floor":7,"key":"StoneCalendar"},{"floor":9,"key":"StrikeDummy"},{"floor":12,"key":"CaptainsWheel"},{"floor":13,"key":"Frozen Egg 2"},{"floor":24,"key":"Prayer Wheel"},{"floor":24,"key":"Ancient Tea Set"},{"floor":26,"key":"Strawberry"}],"event_choices":[{"cards_removed":["Strike_B"],"damage_healed":0,"gold_gain":0,"player_choice":"Card Removal","damage_taken":7,"max_hp_gain":0,"max_hp_loss":0,"event_name":"Golden Wing","floor":3,"gold_loss":0},{"damage_healed":0,"gold_gain":0,"player_choice":"Leave","damage_taken":0,"max_hp_gain":0,"max_hp_loss":0,"event_name":"The Cleric","floor":5,"gold_loss":0},{"damage_healed":0,"gold_gain":0,"player_choice":"Upgraded","damage_taken":0,"max_hp_gain":0,"max_hp_loss":0,"event_name":"Upgrade Shrine","floor":10,"gold_loss":0,"cards_upgraded":["Static Discharge"]},{"damage_healed":0,"gold_gain":0,"player_choice":"Grow","damage_taken":0,"max_hp_gain":0,"max_hp_loss":0,"event_name":"Living Wall","floor":11,"gold_loss":0,"cards_upgraded":["Melter"]},{"damage_healed":0,"gold_gain":0,"player_choice":"Ignored","damage_taken":0,"max_hp_gain":0,"max_hp_loss":0,"event_name":"N\u0027loth","floor":19,"gold_loss":0},{"damage_healed":0,"gold_gain":0,"player_choice":"Simplicity","damage_taken":0,"max_hp_gain":0,"max_hp_loss":0,"event_name":"Back to Basics","floor":21,"gold_loss":0,"cards_upgraded":["Strike_B","Strike_B","Defend_B","Defend_B","Defend_B","Defend_B"]},{"damage_healed":0,"gold_gain":0,"player_choice":"Obtained Relic","damage_taken":0,"relics_obtained":["CeramicFish"],"max_hp_gain":0,"max_hp_loss":0,"event_name":"Addict","floor":22,"gold_loss":85},{"damage_healed":0,"gold_gain":0,"cards_transformed":["Dualcast","Zap"],"player_choice":"Became Test Subject","damage_taken":0,"max_hp_gain":0,"max_hp_loss":0,"event_name":"Drug Dealer","floor":25,"gold_loss":0,"cards_obtained":["Aggregate","Steam"]}],"is_beta":false,"boss_relics":[{"not_picked":["Runic Dome","FrozenCore"],"picked":"Black Star"}],"items_purged_floors":[20],"is_endless":false,"potions_floor_spawned":[1,7,12],"killed_by":"Slavers","ascension_level":20}}