{"host":"u3zhfyeznnb1kiy1","time":1609184938,"event":{"mods":["BaseMod","Colored Map","Colored Powertips","Downfall","GifTheSpireLib","Highlight Path","Minty Spire (QoL Compilation)","StSLib"],"gold_per_floor":[99,116,116,127,142,67,67,96,6,35,51,51,66,77,95,190,190,40,40,51,67,52,63,89,89,115,115,130,141,171,189,204,314,314,314,60,60,114,133,133,158,158,179,199,215,215,250,214,224,224,224,262,59,59,59,59,59],"floor_reached":55,"playtime":6985,"items_purged":["Pain"],"score":903,"play_id":"1f777571-1c91-4505-bdcf-5728c9f1a78c","local_time":"20201228144858","is_ascension_mode":false,"campfire_choices":[{"floor":1.0,"key":"RECALL"},{"data":"hexamod:ExtraCrispy","floor":6.0,"key":"SMITH"},{"floor":12.0,"key":"REST"},{"data":"hexamod:TimeOfNeed","floor":18.0,"key":"SMITH"},{"data":"Ghostly","floor":35.0,"key":"SMITH"},{"floor":42,"key":"REST"},{"data":"hexamod:SearingWound","floor":46,"key":"SMITH"},{"data":"Ghostly","floor":54,"key":"SMITH"}],"circlet_count":0,"master_deck":["hexamod:Sear","hexamod:Float","hexamod:ExtraCrispy+1","hexamod:FastForward","hexamod:Firestarter","hexamod:AdvancingGuard+1","hexamod:Hexaguard","hexamod:Firestarter","hexamod:HauntingEcho","hexamod:CrushingStance+1","hexamod:AdvancingGuard","hexamod:SwordOfDarkness+1","hexamod:TimeOfNeed+1","hexamod:GhostflameBarrier+1","hexamod:ThirdSeal","hexamod:ThermalTransfer+1","hexamod:Rewind+1","hexamod:Incineration+1","hexamod:CouncilsJustice","hexamod:CouncilsJustice+1","hexamod:CouncilsJustice+1","Ghostly+1","Ghostly+1","Ghostly+1","hexamod:TimeOfNeed","hexamod:GhostOfSpirePast","hexamod:TimeOfNeed+1","hexamod:Firestarter+1","hexamod:FifthSeal","hexamod:FirstSeal","hexamod:Rewind+1","hexamod:SixthSeal","hexamod:VolcanoVisage+1","hexamod:FastForward","hexamod:FourthSeal","hexamod:TimeWarp+1","hexamod:ThermalTransfer","hexamod:SecondSeal","hexamod:Firestarter+1","hexamod:GhostShield+1","hexamod:FirstSeal","hexamod:WildfireWeapon","hexamod:Firestarter+1","hexamod:FastForward+1","hexamod:FastForward+1","hexamod:EmpoweringStance","hexamod:RadiantFlame+1","hexamod:FirstSeal","hexamod:Hexaguard+1","hexamod:HeatCrush+1","hexamod:SearingWound+1","hexamod:ExtraCrispy","hexamod:GhostShield+1","hexamod:SixthSeal","hexamod:BurningTouch+1","Flash of Steel+1","hexamod:Firestarter","hexamod:FastForward"],"relics":["hexamod:SpiritBrand","WarpedTongs","downfall:HeartBlessingRed","Mummified Hand","Art of War","Sozu","downfall:HeartBlessingGreen","downfall:HeartBlessingBlue","Regal Pillow","Bottled Tornado","Toy Ornithopter","Runic Pyramid","Mercury Hourglass","Pocketwatch","Smiling Mask","Meat on the Bone","Oddly Smooth Stone","Bag of Preparation","Vajra","Strawberry"],"acts_visited":["Exordium","TheCity","TheBeyond","TheEnding"],"potions_floor_usage":[],"damage_taken":[{"damage":0.0,"enemies":"2 Louse","floor":2.0,"turns":3.0},{"damage":6.0,"enemies":"Cultist","floor":4.0,"turns":3.0},{"damage":11.0,"enemies":"Jaw Worm","floor":5.0,"turns":4.0},{"damage":28.0,"enemies":"Gremlin Nob","floor":8.0,"turns":4.0},{"damage":5.0,"enemies":"downfall:FleeingMerchant","floor":9.0,"turns":4.0},{"damage":9.0,"enemies":"Lagavulin","floor":10.0,"turns":6.0},{"damage":0.0,"enemies":"Red Slaver","floor":11.0,"turns":3.0},{"damage":0.0,"enemies":"2 Fungi Beasts","floor":13.0,"turns":3.0},{"damage":5.0,"enemies":"Large Slime","floor":14.0,"turns":3.0},{"damage":0.0,"enemies":"Lots of Slimes","floor":15.0,"turns":5.0},{"damage":19.0,"enemies":"downfall:Ironclad","floor":16.0,"turns":7.0},{"damage":0.0,"enemies":"Spheric Guardian","floor":20.0,"turns":4.0},{"damage":0.0,"enemies":"Chosen","floor":21.0,"turns":3.0},{"damage":0.0,"enemies":"downfall:FleeingMerchant","floor":22.0,"turns":4.0},{"damage":5.0,"enemies":"Snake Plant","floor":23.0,"turns":4.0},{"damage":0.0,"enemies":"Slavers","floor":26.0,"turns":5.0},{"damage":2.0,"enemies":"Cultist and Chosen","floor":28.0,"turns":8.0},{"damage":0.0,"enemies":"Chosen and Byrds","floor":29.0,"turns":4.0},{"damage":21.0,"enemies":"Gremlin Leader","floor":30.0,"turns":5.0},{"damage":0.0,"enemies":"3 Cultists","floor":31.0,"turns":5.0},{"damage":11.0,"enemies":"Snake Plant","floor":32.0,"turns":4.0},{"damage":10.0,"enemies":"downfall:Silent","floor":33.0,"turns":6.0},{"damage":0.0,"enemies":"downfall:FleeingMerchant","floor":36.0,"turns":4.0},{"damage":30.0,"enemies":"2 Orb Walkers","floor":38.0,"turns":5.0},{"damage":13.0,"enemies":"3 Darklings","floor":39.0,"turns":4.0},{"damage":0,"enemies":"Orb Walker","floor":43,"turns":3},{"damage":0,"enemies":"Jaw Worm Horde","floor":44,"turns":5},{"damage":1,"enemies":"Writhing Mass","floor":45,"turns":4},{"damage":0,"enemies":"Reptomancer","floor":47,"turns":6},{"damage":0,"enemies":"downfall:FleeingMerchant","floor":48,"turns":3},{"damage":12,"enemies":"Transient","floor":49,"turns":5},{"damage":6,"enemies":"downfall:Watcher","floor":50,"turns":6},{"damage":10,"enemies":"downfall:CharBossMerchant","floor":52,"turns":8},{"damage":56,"enemies":"downfall:NeowBoss","floor":55,"turns":18}],"seed_played":"-156005693938083413","potions_obtained":[{"floor":2.0,"key":"Energy Potion"},{"floor":10.0,"key":"Guardian:BlockOnCardUsePotion"},{"floor":11.0,"key":"ColorlessPotion"},{"floor":13.0,"key":"Strength Potion"}],"is_trial":false,"path_per_floor":["R","M","?","M","M","R","T","E","$","E","M","R","M","M","M","B",null,"R","?","M","M","$","M","T","?","E","?","M","M","E","M","M","B",null,"R","?","?","?","M","?","T","R","M","M","M","R","E","$","M","B",null,"E","$","R","B"],"character_chosen":"THE_SPIRIT","items_purchased":["Mercury Hourglass","Oddly Smooth Stone","Flash of Steel","Bag of Preparation","Strawberry","hexamod:FastForward"],"campfire_rested":2,"item_purchase_floors":[36,48,48,48,53,53],"current_hp_per_floor":[77,77,77,71,60,60,60,32,27,18,18,41,41,36,36,17,77,87,87,87,87,87,82,82,43,43,43,41,41,20,27,16,13,43,43,43,43,20,26,18,18,43,43,43,43,43,43,43,43,43,43,43,50,50,0,0,0],"gold":59,"neow_bonus":"TEN_PERCENT_HP_BONUS","is_daily":false,"chose_seed":false,"campfire_upgraded":5,"win_rate":0.0,"timestamp":1609184938,"path_taken":["R","M","?","M","M","R","T","E","$","E","M","R","M","?","M","BOSS","R","?","?","M","$","M","T","?","E","?","M","M","E","?","M","BOSS","R","?","?","?","M","?","T","R","?","M","M","R","E","$","M","BOSS","E","$","R","BOSS"],"items_purchased_type":["Relic","Relic","Card","Relic","Relic","Card"],"build_version":"2020-12-22","purchased_purges":1,"victory":false,"max_hp_per_floor":[77,77,77,77,77,77,77,77,77,77,77,77,77,77,77,77,77,87,87,87,87,87,87,87,43,43,43,43,43,43,43,43,43,43,43,43,43,43,43,43,43,43,43,43,43,43,43,43,43,43,43,43,50,50,50,50,50],"card_choices":[{"not_picked":["hexamod:HeatShield","hexamod:BacktrackSmack"],"picked":"hexamod:ExtraCrispy","floor":2.0},{"not_picked":["hexamod:NightmareGuise","hexamod:GhostShield"],"picked":"hexamod:FastForward","floor":4.0},{"not_picked":["hexamod:RainOfEmbers","hexamod:BurningTouch"],"picked":"hexamod:Firestarter","floor":5.0},{"not_picked":["hexamod:DynamicBlow","hexamod:InspiringFlames"],"picked":"hexamod:AdvancingGuard","floor":8.0},{"not_picked":["hexamod:NightmareGuise","hexamod:GhostLash"],"picked":"hexamod:Hexaguard","floor":9.0},{"not_picked":["hexamod:NightmareStrike","hexamod:GhostLash"],"picked":"hexamod:Firestarter","floor":10.0},{"not_picked":["hexamod:ThermalTransfer","hexamod:ShieldOfDarkness"],"picked":"hexamod:HauntingEcho","floor":11.0},{"not_picked":["hexamod:ShieldOfDarkness","hexamod:BurningTouch"],"picked":"hexamod:CrushingStance","floor":13.0},{"not_picked":["hexamod:HauntingEcho","hexamod:RainOfEmbers"],"picked":"hexamod:AdvancingGuard","floor":14.0},{"not_picked":["hexamod:Incineration","hexamod:SpectralAdrenaline"],"picked":"hexamod:SwordOfDarkness","floor":15.0},{"not_picked":["hexamod:FifthSeal","hexamod:HexaLevel"],"picked":"hexamod:TimeOfNeed","floor":16.0},{"not_picked":["hexamod:GhostLash","hexamod:ShieldOfDarkness"],"picked":"hexamod:GhostflameBarrier+1","floor":20.0},{"not_picked":["hexamod:RainOfEmbers+1","hexamod:NightmareGuise"],"picked":"hexamod:ThirdSeal","floor":21.0},{"not_picked":["hexamod:HauntingEcho","hexamod:Rewind"],"picked":"hexamod:ThermalTransfer+1","floor":22.0},{"not_picked":["hexamod:ThirdSeal","hexamod:ShieldOfDarkness"],"picked":"hexamod:Rewind+1","floor":22.0},{"not_picked":["hexamod:FastForward","hexamod:StepThrough"],"picked":"hexamod:Incineration","floor":23.0},{"not_picked":["hexamod:SwordOfDarkness","hexamod:Haunt","hexamod:ThirdSeal"],"picked":"SKIP","floor":23.0},{"not_picked":["hexamod:GhostShield","hexamod:NightmareGuise+1"],"picked":"hexamod:TimeOfNeed","floor":26.0},{"not_picked":["hexamod:BacktrackSmack","hexamod:HauntingEcho"],"picked":"hexamod:GhostOfSpirePast","floor":26.0},{"not_picked":["hexamod:BacktrackSmack","hexamod:GhostLash"],"picked":"hexamod:Firestarter+1","floor":28.0},{"not_picked":["hexamod:GhostLash+1","hexamod:HauntingEcho"],"picked":"hexamod:FifthSeal","floor":28.0},{"not_picked":["hexamod:ThirdSeal","hexamod:FourthSeal"],"picked":"hexamod:FirstSeal","floor":29.0},{"not_picked":["hexamod:RainOfEmbers","hexamod:Firestarter"],"picked":"hexamod:Rewind+1","floor":29.0},{"not_picked":["hexamod:PhantomCloak","hexamod:FastForward","hexamod:HeatMetal"],"picked":"SKIP","floor":29.0},{"not_picked":["hexamod:ThirdSeal","hexamod:SecondSeal"],"picked":"hexamod:SixthSeal","floor":30.0},{"not_picked":["hexamod:ThermalTransfer","hexamod:Hexaguard"],"picked":"hexamod:VolcanoVisage","floor":30.0},{"not_picked":["hexamod:RainOfEmbers","hexamod:ShieldOfDarkness"],"picked":"hexamod:FastForward","floor":30.0},{"not_picked":["hexamod:FirstSeal","hexamod:SixthSeal"],"picked":"hexamod:FourthSeal","floor":31.0},{"not_picked":["hexamod:HauntingEcho+1","hexamod:NightmareGuise+1"],"picked":"hexamod:TimeWarp","floor":31.0},{"not_picked":["hexamod:FourthSeal","hexamod:ExtraCrispy+1"],"picked":"hexamod:ThermalTransfer","floor":31.0},{"not_picked":["hexamod:FourthSeal","hexamod:ThirdSeal"],"picked":"hexamod:SecondSeal","floor":32.0},{"not_picked":["hexamod:BurningTouch","hexamod:NightmareGuise"],"picked":"hexamod:Firestarter","floor":32.0},{"not_picked":["hexamod:SwordOfDarkness+1","hexamod:FastForward"],"picked":"hexamod:GhostShield+1","floor":32.0},{"not_picked":["hexamod:SecondSeal","hexamod:SixthSeal"],"picked":"hexamod:FirstSeal","floor":33.0},{"not_picked":["hexamod:TurnItUp","hexamod:CrushingStance"],"picked":"hexamod:WildfireWeapon","floor":33.0},{"not_picked":["hexamod:HexaLevel","hexamod:StepThrough+1"],"picked":"hexamod:Firestarter+1","floor":36.0},{"not_picked":["hexamod:SpectersWail","hexamod:InspiringFlames"],"picked":"hexamod:FastForward+1","floor":36.0},{"not_picked":["hexamod:NightmareGuise","hexamod:HeatMetal"],"picked":"hexamod:FastForward+1","floor":38.0},{"not_picked":["hexamod:ShieldOfDarkness+1","hexamod:GhostOfSpirePast"],"picked":"hexamod:EmpoweringStance","floor":39.0},{"not_picked":["hexamod:BurningTouch","hexamod:ShieldOfDarkness+1"],"picked":"hexamod:RadiantFlame","floor":39.0},{"not_picked":["hexamod:SecondSeal","hexamod:FourthSeal","hexamod:ThirdSeal"],"picked":"SKIP","floor":39.0},{"not_picked":["hexamod:SecondSeal","hexamod:ThirdSeal"],"picked":"hexamod:FirstSeal","floor":43},{"not_picked":["hexamod:ShieldOfDarkness+1","hexamod:ThirdSeal"],"picked":"hexamod:Hexaguard+1","floor":43},{"not_picked":["hexamod:EtherealExpedition+1","hexamod:SwordOfDarkness+1"],"picked":"hexamod:HeatCrush+1","floor":44},{"not_picked":["hexamod:RetreatToShadows","hexamod:Firestarter","hexamod:SwordOfDarkness"],"picked":"SKIP","floor":44},{"not_picked":["hexamod:SkipABeat+1","hexamod:NightmareGuise+1"],"picked":"hexamod:SearingWound","floor":45},{"not_picked":["hexamod:TurnItUp","hexamod:NightmareStrike+1"],"picked":"hexamod:ExtraCrispy","floor":47},{"not_picked":["hexamod:GhostLash+1","hexamod:ShieldOfDarkness+1","hexamod:HeatShield"],"picked":"SKIP","floor":47},{"not_picked":["hexamod:FastForward","hexamod:GhostOfSpireFuture"],"picked":"hexamod:GhostShield+1","floor":48},{"not_picked":["hexamod:ThirdSeal","hexamod:FourthSeal"],"picked":"hexamod:SixthSeal","floor":48},{"not_picked":["hexamod:NecessarySacrifice+1","hexamod:FirstSeal"],"picked":"hexamod:BurningTouch+1","floor":48},{"not_picked":["hexamod:FastForward+1","hexamod:ThermalTransfer","hexamod:DynamicBlow+1"],"picked":"SKIP","floor":49},{"not_picked":["hexamod:SixthSeal","hexamod:ThirdSeal","hexamod:SecondSeal"],"picked":"SKIP","floor":49},{"not_picked":["hexamod:NightmareStrike","hexamod:InspiringFlames+1","hexamod:GhostLash"],"picked":"SKIP","floor":49},{"not_picked":["hexamod:TimeOfNeed","hexamod:SwordOfDarkness+1"],"picked":"hexamod:Firestarter","floor":52},{"not_picked":["hexamod:CrushingStance","hexamod:FirstSeal","hexamod:InspiringFlames+1"],"picked":"SKIP","floor":52}],"player_experience":1147536,"relics_obtained":[{"floor":8.0,"key":"Mummified Hand"},{"floor":10.0,"key":"Art of War"},{"floor":24.0,"key":"Regal Pillow"},{"floor":26.0,"key":"Bottled Tornado"},{"floor":30.0,"key":"Toy Ornithopter"},{"floor":38.0,"key":"Pocketwatch"},{"floor":41.0,"key":"Smiling Mask"},{"floor":47,"key":"Meat on the Bone"},{"floor":52,"key":"Vajra"}],"event_choices":[{"damage_healed":0.0,"max_hp_gain":0.0,"max_hp_loss":0.0,"gold_gain":0.0,"event_name":"Accursed Blacksmith","player_choice":"Rummage","floor":3.0,"gold_loss":0.0,"damage_taken":0.0,"relics_obtained":["WarpedTongs"],"cards_obtained":["Pain"]},{"damage_healed":0.0,"max_hp_gain":0.0,"max_hp_loss":0.0,"gold_gain":0.0,"event_name":"Duplicator","player_choice":"Copied","floor":27.0,"gold_loss":0.0,"damage_taken":0.0,"cards_obtained":["hexamod:TimeOfNeed"]},{"damage_healed":0.0,"max_hp_gain":0.0,"max_hp_loss":0.0,"gold_gain":0.0,"event_name":"Mysterious Sphere","player_choice":"Fight","floor":38.0,"gold_loss":0.0,"damage_taken":0.0}],"is_beta":false,"boss_relics":[{"not_picked":["Astrolabe","Black Star"],"picked":"Sozu"},{"not_picked":["Busted Crown","Calling Bell"],"picked":"Runic Pyramid"}],"items_purged_floors":[9],"is_endless":false,"potions_floor_spawned":[2,10,11,13,20,23,29,31,33,43],"killed_by":"downfall:NeowBoss","ascension_level":0}}