{"host":"w3q5ijqu8eoknil3","time":1609196002,"event":{"mods":["AchievementEnabler","BaseMod","Block Reminder","Colored Powertips","Minty Spire (QoL Compilation)","Quick Restart","Relic Stats","ojb\u0027s Better Paths Mod","ojb\u0027s Info Mod","slay the spire mod where everything is the same but ironclad has a cowboy hat"],"gold_per_floor":[111,111,126,126,149,185,185,224,224,224,244,244,244],"floor_reached":12,"playtime":3678,"items_purged":[],"score":176,"play_id":"a3b3705f-7482-4052-953c-fefe9fd00e25","local_time":"20201228225322","is_ascension_mode":true,"campfire_choices":[{"floor":7,"key":"REST"},{"floor":10,"key":"REST"}],"circlet_count":0,"master_deck":["AscendersBane","Strike_R","Strike_R","Strike_R","Strike_R","Defend_R","Defend_R","Defend_R","Defend_R","Bash","Intimidate","Shrug It Off","Shockwave","Battle Trance","Power Through","Clothesline"],"relics":["SlaversCollar","Golden Idol","Shuriken","Blue Candle","Meat on the Bone"],"acts_visited":["Exordium"],"potions_floor_usage":[3,6],"damage_taken":[{"damage":4,"enemies":"Small Slimes","floor":1,"turns":5},{"damage":7,"enemies":"Cultist","floor":3,"turns":4},{"damage":4,"enemies":"2 Louse","floor":5,"turns":3},{"damage":52,"enemies":"Gremlin Nob","floor":6,"turns":6},{"damage":15,"enemies":"Lagavulin","floor":8,"turns":6},{"damage":5,"enemies":"Red Slaver","floor":11,"turns":6},{"damage":37,"enemies":"3 Sentries","floor":12,"turns":10}],"seed_played":"334138136925938040","potions_obtained":[{"floor":1,"key":"Strength Potion"},{"floor":5,"key":"SteroidPotion"}],"is_trial":false,"path_per_floor":["M","?","M","?","M","E","R","E","T","R","M","E"],"character_chosen":"IRONCLAD","items_purchased":[],"campfire_rested":2,"item_purchase_floors":[],"current_hp_per_floor":[64,64,57,57,53,1,21,6,6,26,33,0,0],"gold":244,"neow_bonus":"BOSS_RELIC","is_daily":false,"chose_seed":false,"campfire_upgraded":0,"win_rate":0.0,"timestamp":1609196002,"path_taken":["M","?","M","?","M","E","R","E","T","R","M","E"],"items_purchased_type":[],"build_version":"2020-12-22","purchased_purges":0,"victory":false,"max_hp_per_floor":[75,68,68,68,68,68,68,68,68,68,68,68,68],"relic_stats":{"counters":[7,40],"Golden Idol":27,"Shuriken":[3],"Blue Candle":[0],"obtain_stats":[{"SlaversCollar":0,"Golden Idol":2,"Shuriken":6,"Blue Candle":8,"Burning Blood":0,"Meat on the Bone":9},{"SlaversCollar":0,"Golden Idol":1,"Shuriken":4,"Blue Candle":5,"Burning Blood":0,"Meat on the Bone":5},{"SlaversCollar":0,"Golden Idol":5,"Shuriken":18,"Blue Candle":24,"Burning Blood":0,"Meat on the Bone":24}],"Meat on the Bone":12},"card_choices":[{"not_picked":["Dropkick","Combust"],"picked":"Intimidate","floor":1},{"not_picked":["Anger","Headbutt"],"picked":"Shrug It Off","floor":3},{"not_picked":["Thunderclap","Headbutt"],"picked":"Shockwave","floor":5},{"not_picked":["Cleave","Rupture"],"picked":"Battle Trance","floor":6},{"not_picked":["Shrug It Off","Exhume"],"picked":"Power Through","floor":8},{"not_picked":["Perfected Strike","Heavy Blade"],"picked":"Clothesline","floor":11}],"player_experience":950232,"relics_obtained":[{"floor":6,"key":"Shuriken"},{"floor":8,"key":"Blue Candle"},{"floor":9,"key":"Meat on the Bone"}],"event_choices":[{"damage_healed":0,"gold_gain":0,"player_choice":"Lose Max HP","damage_taken":0,"relics_obtained":["Golden Idol"],"max_hp_gain":0,"max_hp_loss":7,"event_name":"Golden Idol","floor":2,"gold_loss":0},{"cards_removed":["Strike_R"],"damage_healed":0,"gold_gain":0,"player_choice":"Offered Basic","damage_taken":0,"max_hp_gain":0,"max_hp_loss":0,"event_name":"Bonfire Elementals","floor":4,"gold_loss":0}],"is_beta":false,"boss_relics":[],"items_purged_floors":[],"is_endless":false,"potions_floor_spawned":[1,5],"killed_by":"3 Sentries","ascension_level":20}}