{"host":"grli52lbdph2722t","time":1609174274,"event":{"mods":["AchievementEnabler","BaseMod","Downfall","Minty Spire (QoL Compilation)","Quick Restart","StSLib"],"gold_per_floor":[0,18,18,37,37,71,71,90,90,105,132,132,132,132,132],"floor_reached":13,"playtime":540,"items_purged":[],"score":140,"play_id":"4ab40b49-7203-402f-ac16-07e614c8cff6","local_time":"20201228175114","is_ascension_mode":true,"campfire_choices":[{"data":"champ:Taunt","floor":1,"key":"SMITH"},{"data":"champ:CrownThrow","floor":9,"key":"SMITH"}],"circlet_count":0,"master_deck":["AscendersBane","champ:Strike","champ:Strike","champ:Strike","champ:Strike","champ:Defend","champ:Defend","champ:Defend","champ:Defend","champ:Execute","champ:Taunt+1","champ:CrownThrow+1","champ:GladiatorsShout","Pain","champ:RageSigil","champ:FanOfKnives","champ:PerfectForm","champ:BringItOn","champ:GladiatorStyle"],"relics":["champ:ChampionCrown","WarpedTongs","Gambling Chip","Bag of Preparation","downfall:BrokenWingStatue"],"acts_visited":["Exordium"],"potions_floor_usage":[11,13,13,13,13],"damage_taken":[{"damage":7,"enemies":"Jaw Worm","floor":2,"turns":3},{"damage":6,"enemies":"Cultist","floor":4,"turns":4},{"damage":57,"enemies":"Lagavulin","floor":6,"turns":9},{"damage":1,"enemies":"2 Louse","floor":8,"turns":2},{"damage":10,"enemies":"2 Fungi Beasts","floor":10,"turns":4},{"damage":17,"enemies":"3 Sentries","floor":11,"turns":6},{"damage":15,"enemies":"Gremlin Nob","floor":13,"turns":3}],"seed_played":"7472982020869331856","potions_obtained":[{"floor":2,"key":"sneckomod:MuddlingPotion"},{"floor":10,"key":"Dexterity Potion"},{"floor":11,"key":"EntropicBrew"}],"is_trial":false,"path_per_floor":["R","M","?","M","?","E","T","M","R","M","E","?","E"],"character_chosen":"THE_CHAMP","items_purchased":[],"campfire_rested":0,"item_purchase_floors":[],"current_hp_per_floor":[81,79,79,73,78,31,31,30,30,23,15,15,0,0,0],"gold":132,"neow_bonus":"THREE_RARE_CARDS","is_daily":false,"chose_seed":false,"campfire_upgraded":2,"win_rate":0.0,"timestamp":1609174274,"path_taken":["R","M","?","?","?","E","T","M","R","M","E","?","E"],"items_purchased_type":[],"build_version":"2020-12-22","purchased_purges":0,"victory":false,"max_hp_per_floor":[90,90,90,90,95,95,95,95,95,95,95,95,95,95,95],"card_choices":[{"not_picked":["champ:LastStand","champ:EnchantSword"],"picked":"champ:CrownThrow","floor":0},{"not_picked":["champ:BerserkerStyle","champ:FlashCut"],"picked":"champ:GladiatorsShout","floor":2},{"not_picked":["champ:ShieldWall","champ:BringItOn"],"picked":"champ:RageSigil","floor":4},{"not_picked":["champ:Circumvent","champ:Haymaker"],"picked":"champ:FanOfKnives","floor":6},{"not_picked":["champ:FocusedGladiator","champ:EnGarde"],"picked":"champ:PerfectForm","floor":8},{"not_picked":["champ:FlashCut","champ:GladiatorsShout"],"picked":"champ:BringItOn","floor":10},{"not_picked":["champ:RapidStrikes","champ:SwordSigil"],"picked":"champ:GladiatorStyle","floor":11}],"player_experience":4889311,"relics_obtained":[{"floor":6,"key":"Gambling Chip"},{"floor":11,"key":"Bag of Preparation"}],"event_choices":[{"damage_healed":0,"gold_gain":0,"player_choice":"Rummage","damage_taken":0,"relics_obtained":["WarpedTongs"],"max_hp_gain":0,"max_hp_loss":0,"event_name":"Accursed Blacksmith","floor":3,"gold_loss":0,"cards_obtained":["Pain"]},{"damage_healed":0,"gold_gain":0,"player_choice":"Donut","damage_taken":0,"max_hp_gain":5,"max_hp_loss":0,"event_name":"Big Fish","floor":5,"gold_loss":0}],"is_beta":false,"boss_relics":[],"items_purged_floors":[],"is_endless":false,"potions_floor_spawned":[2,10,11],"killed_by":"Gremlin Nob","ascension_level":10}}