{"host":"1sep654oresgee70","time":1609198163,"event":{"mods":["2.2 Compatiblity","Aspiration","BaseMod","Better Altar","Better Match","Better Note","Better Sensory Stone","Better Skull","Better Third Choice","Better Vampires","Better-Laid Plans","BetterRewards","Block Reminder","Conspire","Curses Come First","Displayed Cursed Tome","Gold Saver","Hubris","Infinite Spire","Minty Spire (QoL Compilation)","Potion Indicator Mod","Quick Restart","Red Circlet Mod","Replay The Spire","Shop Mod","Spicy Shops","StSLib","The Blue Laboratory","Thieving Mod","Transform Curses","Unceasing Turn Reminder","UnlockEverythingMod"],"gold_per_floor":[868,883,883,16,16,46,81,81,81,51,51,66,81,81,140,240,240,255,255,270,335,335,335,350,350,375,375,405,405,460,475,475,606,656,740,803,803,803,803,803,603,603,603,704,727,727],"floor_reached":45,"playtime":1488,"items_purged":[],"score":529,"play_id":"de7ba795-5dcb-4786-95cb-b84f33af7aba","local_time":"20201229002923","daily_mods":["Allstar","Colorless Cards","Night Terrors"],"is_ascension_mode":false,"campfire_choices":[{"floor":8,"key":"REST"},{"data":"Dramatic Entrance","floor":11,"key":"SMITH"},{"floor":23,"key":"REST"},{"floor":25,"key":"REST"},{"data":"infinitespire:Punishment","floor":29,"key":"SMITH"},{"floor":32,"key":"REST"},{"data":"The Bomb","floor":40,"key":"SMITH"},{"data":"All For One","floor":42,"key":"SMITH"}],"circlet_count":0,"master_deck":["Omniscience+1","Strike_P","Strike_P","Strike_P","Defend_P","Defend_P","Defend_P","Eruption","Vigilance","Trip","Dramatic Entrance+1","Specialist","Enlightenment+1","HandOfGreed+1","Halt","Replay:BasicMightCard","ForeignInfluence","Steam","Halt","Protect+1","ReplayTheSpireMod:Stacked","Twin Strike","The Bomb+1","BootSequence","Pommel Strike","Juggernaut","Hello World","Combust","ClearTheMind","infinitespire:Punishment+1","BowlingBash","infinitespire:FutureSight","Prostrate+1","Calculated Gamble","BootSequence","All For One+1","Streamline","Lockon+1","Reinforced Body","conspire:SpireCoStock","conspire:SpireCoStock","conspire:SpireCoStock","conspire:SpireCoStock","Bane","hubris:NaturalOne"],"relics":["Burning Blood","Strawberry","conspire:TopHat","Juzu Bracelet","PrismaticShard","infinitespire:Cubic Diamond","Yang","Onion Ring","Painkiller Herb","ReplayFunnel","Damaru","infinitespire:PuzzleCube","Toy Ornithopter","infinitespire:EvilPickle","Tiny House","aspiration:SneckoTail","hubris:Towel","hubris:Icosahedron","Golden Egg","Pantograph"],"acts_visited":["Exordium","TheCity","TheBeyond"],"potions_floor_usage":[7,12,13,16,16,21,24,30,31,44,45],"damage_taken":[{"damage":5,"enemies":"Small Slimes","floor":1,"turns":2},{"damage":3,"enemies":"Jaw Worm","floor":2,"turns":4},{"damage":19,"enemies":"Replay:BlueRogue","floor":6,"turns":6},{"damage":0,"enemies":"2 Louse","floor":7,"turns":2},{"damage":3,"enemies":"Looter","floor":10,"turns":4},{"damage":9,"enemies":"conspire:2 RoseBushes","floor":12,"turns":3},{"damage":0,"enemies":"Blue Slaver","floor":13,"turns":3},{"damage":8,"enemies":"The Guardian","floor":16,"turns":9},{"damage":0,"enemies":"Chosen","floor":18,"turns":3},{"damage":7,"enemies":"conspire:FuzzyDice","floor":20,"turns":4},{"damage":31,"enemies":"3 Cultists","floor":21,"turns":5},{"damage":0,"enemies":"Snake Plant","floor":24,"turns":2},{"damage":8,"enemies":"Gremlin Leader","floor":28,"turns":2},{"damage":14,"enemies":"Slavers","floor":30,"turns":6},{"damage":18,"enemies":"conspire:HollyBat","floor":31,"turns":7},{"damage":30,"enemies":"Pondfish","floor":33,"turns":8},{"damage":8,"enemies":"3 Shapes","floor":35,"turns":4},{"damage":2,"enemies":"3 Darklings","floor":36,"turns":3},{"damage":68,"enemies":"Nightmare","floor":44,"turns":8},{"damage":15,"enemies":"Jaw Worm Horde","floor":45,"turns":3}],"seed_played":"3313543068594885719","potions_obtained":[{"floor":6,"key":"PowerPotion"},{"floor":7,"key":"CultistPotion"},{"floor":12,"key":"blueLaboratory:Moonshine"},{"floor":13,"key":"Dexterity Potion"},{"floor":18,"key":"LiquidMemories"},{"floor":21,"key":"blueLaboratory:FruitPunch"},{"floor":24,"key":"blueLaboratory:BottleOfVodka"},{"floor":30,"key":"blueLaboratory:PolymorphPotion"},{"floor":31,"key":"Doom Potion"},{"floor":34,"key":"blueLaboratory:PressurePotion"}],"is_trial":false,"path_per_floor":["M","M","?","$","?","E","M","R","T","M","R","M","M","?","R","B",null,"?","?","?","?","AVR","T","?","T","T","?","E","T","E","?","T","B",null,"?","?","AVR","?","?","T","?","T","T","NM","?"],"character_chosen":"WATCHER","items_purchased":["Strawberry","Halt","conspire:TopHat","Juzu Bracelet","Protect+1","Venom Potion","PrismaticShard"],"campfire_rested":4,"item_purchase_floors":[4,4,4,4,4,4,4],"current_hp_per_floor":[67,64,64,71,71,58,64,74,74,74,74,71,74,74,74,72,74,74,77,76,51,51,72,74,69,69,52,50,50,42,35,64,40,69,67,69,69,69,69,69,69,69,69,7,0,0],"gold":727,"neow_bonus":"","is_daily":true,"chose_seed":false,"campfire_upgraded":4,"win_rate":0.0,"timestamp":1609198163,"path_taken":["M","M","?","$","?","E","M","R","T","M","R","M","M","?","R","BOSS","?","?","?","?","AVR","T","?","T","T","?","E","T","E","?","T","BOSS","?","?","AVR","?","?","T","?","T","T","NM","?"],"items_purchased_type":["Relic","Card","Relic","Relic","Card","Potion","Relic"],"build_version":"2020-12-22","purchased_purges":0,"victory":false,"max_hp_per_floor":[72,72,72,79,79,79,79,74,74,74,74,74,74,74,74,74,74,74,77,77,77,77,72,74,69,69,69,69,69,69,69,64,64,69,69,69,69,69,69,69,69,69,69,69,69,69],"card_choices":[{"not_picked":["EmptyFist","CutThroughFate"],"picked":"Halt","floor":1},{"not_picked":["FlyingSleeves","Replay:AtTheReady"],"picked":"Replay:BasicMightCard","floor":2},{"not_picked":["Purity","Shrug It Off"],"picked":"ReplayTheSpireMod:Stacked","floor":6},{"not_picked":["Replay:ManipulateFuture","ReplayTheSpireMod:Limb From Limb"],"picked":"Twin Strike","floor":7},{"not_picked":["Pommel Strike","ClearTheMind"],"picked":"The Bomb","floor":10},{"not_picked":["Twin Strike","Sword Boomerang"],"picked":"BootSequence","floor":12},{"not_picked":["Prepared","Lockon"],"picked":"Pommel Strike","floor":13},{"not_picked":["Poisoned Strike","Midas Touch"],"picked":"Juggernaut","floor":16},{"not_picked":["Dodge and Roll","Coolheaded"],"picked":"Hello World","floor":18},{"not_picked":["Headbutt","Thunderclap"],"picked":"Combust","floor":20},{"not_picked":["BasicCrystalCard","Slice+1"],"picked":"ClearTheMind","floor":21},{"not_picked":["Iron Wave","Meditate+1"],"picked":"BowlingBash","floor":24},{"not_picked":["infinitespire:Starlight","ReplayTheSpireMod:Haul"],"picked":"infinitespire:FutureSight","floor":27},{"not_picked":["SashWhip","Melter+1"],"picked":"Prostrate+1","floor":28},{"not_picked":["Scrawl","Replay:BluntJabs"],"picked":"Calculated Gamble","floor":30},{"not_picked":["Second Wind","Flying Knee+1"],"picked":"BootSequence","floor":31},{"not_picked":["Wraith Form v2","ReplayTheSpireMod:Necrosis"],"picked":"All For One","floor":33},{"not_picked":["Halt","Cloak And Dagger"],"picked":"Streamline","floor":34},{"not_picked":["Doom and Gloom+1","Purity+1"],"picked":"Lockon+1","floor":35},{"not_picked":["Warcry","Cloak And Dagger+1"],"picked":"Reinforced Body","floor":36},{"not_picked":["CutThroughFate+1","Establishment"],"picked":"Bane","floor":44}],"player_experience":2399960,"relics_obtained":[{"floor":6,"key":"Yang"},{"floor":9,"key":"Onion Ring"},{"floor":26,"key":"Damaru"},{"floor":28,"key":"infinitespire:PuzzleCube"},{"floor":30,"key":"Toy Ornithopter"},{"floor":43,"key":"Golden Egg"},{"floor":44,"key":"Pantograph"}],"event_choices":[{"damage_healed":0,"gold_gain":0,"player_choice":"Invest 4","damage_taken":0,"max_hp_gain":0,"max_hp_loss":0,"event_name":"conspire:Investor","floor":41,"gold_loss":0}],"is_beta":false,"boss_relics":[{"not_picked":["hubris:RunicObelisk","hubris:CrackedHourglass"],"picked":"Painkiller Herb"},{"not_picked":["conspire:RoyalGoblet","hubris:HollowSoul"],"picked":"Tiny House"}],"items_purged_floors":[],"is_endless":true,"potions_floor_spawned":[6,7,12,13,18,21,24,30,31,36],"killed_by":"Jaw Worm Horde","ascension_level":0}}