{"host":"f5gffvlv6a66yqkd","time":1609139380,"event":{"mods":["2.2 Compatiblity","BaseMod","Colored Map","DeckTracker","Keyboard Shortcuts","Lobotomy","Minty Spire (QoL Compilation)","Permanent Neow","Quick Restart","Relic Stats","StSLib","SuperFastMode"],"gold_per_floor":[119,131,131,131,151,167,177,195,218,247,259,290,302,264,276,389,401,428,86,106,106,116,116,132,132,132,232,250,260,260,280,280,376,376,386,454,474,488,488,488,488,488],"floor_reached":41,"playtime":1065,"items_purged":["Defend_B"],"score":416,"play_id":"9877af87-7aa0-4340-bd6a-e506a1a0f9dd","local_time":"20201228160940","is_ascension_mode":false,"campfire_choices":[{"floor":11,"key":"REST"},{"data":"Defragment","floor":13,"key":"SMITH"},{"data":"Redo","floor":15,"key":"SMITH"},{"data":"Defragment","floor":23,"key":"SMITH"},{"data":"Darkness","floor":25,"key":"SMITH"},{"floor":32,"key":"REST"},{"data":"Chaos","floor":40,"key":"SMITH"}],"circlet_count":0,"master_deck":["Defend_B","Defend_B","Defend_B","Zap+1","Dualcast","Multi-Cast","Reinforced Body","Coolheaded","Barrage","Redo+1","Defragment+1","Electrodynamics","BootSequence","Seek+1","Hologram+1","Meteor Strike+1","Thunder Strike+1","Gash","Coolheaded","Conserve Battery","Defragment+1","Cold Snap","Darkness+1","Turbo","Glacier","Self Repair","Chaos+1","Creative AI","FTL+1"],"relics":["Cracked Core","MawBank","Astrolabe","HornCleat","Symbiotic Virus","TungstenRod","Mercury Hourglass","Nuclear Battery","Pear"],"acts_visited":["Exordium","TheCity","TheBeyond"],"potions_floor_usage":[10,27,41,41],"damage_taken":[{"damage":6,"enemies":"2 Louse","floor":1,"turns":2},{"damage":10,"enemies":"Cultist","floor":2,"turns":4},{"damage":8,"enemies":"Small Slimes","floor":5,"turns":3},{"damage":14,"enemies":"2 Fungi Beasts","floor":6,"turns":3},{"damage":16,"enemies":"Lots of Slimes","floor":7,"turns":3},{"damage":8,"enemies":"Red Slaver","floor":8,"turns":3},{"damage":0,"enemies":"3 Louse","floor":10,"turns":1},{"damage":8,"enemies":"Looter","floor":12,"turns":3},{"damage":13,"enemies":"The Guardian","floor":16,"turns":12},{"damage":5,"enemies":"Shell Parasite","floor":18,"turns":5},{"damage":12,"enemies":"Chosen","floor":20,"turns":5},{"damage":14,"enemies":"Snake Plant","floor":22,"turns":4},{"damage":3,"enemies":"Shelled Parasite and Fungi","floor":24,"turns":6},{"damage":5,"enemies":"Colosseum Slavers","floor":27,"turns":4},{"damage":9,"enemies":"Colosseum Nobs","floor":27,"turns":4},{"damage":0,"enemies":"Centurion and Healer","floor":28,"turns":5},{"damage":0,"enemies":"Snake Plant","floor":29,"turns":4},{"damage":0,"enemies":"Snecko","floor":31,"turns":4},{"damage":41,"enemies":"Automaton","floor":33,"turns":9},{"damage":13,"enemies":"Orb Walker","floor":35,"turns":5},{"damage":0,"enemies":"3 Darklings","floor":37,"turns":3},{"damage":18,"enemies":"Maw","floor":38,"turns":8},{"damage":74,"enemies":"Giant Head","floor":41,"turns":11}],"seed_played":"465810084064403016","potions_obtained":[{"floor":1,"key":"Explosive Potion"},{"floor":2,"key":"Swift Potion"},{"floor":5,"key":"BlessingOfTheForge"},{"floor":20,"key":"Explosive Potion"},{"floor":27,"key":"SneckoOil"},{"floor":31,"key":"Dexterity Potion"},{"floor":35,"key":"Energy Potion"}],"is_trial":false,"path_per_floor":["M","M","?","?","M","M","M","M","T","M","R","M","R","?","R","B",null,"M","$","M","?","M","R","M","R","T","?","M","M","?","M","R","B",null,"M","T","M","M","?","R","E"],"character_chosen":"DEFECT","items_purchased":["Coolheaded","HornCleat"],"campfire_rested":2,"item_purchase_floors":[19,19],"current_hp_per_floor":[69,59,64,64,56,42,26,18,18,18,42,34,34,34,34,21,80,75,75,63,63,49,49,46,46,46,32,32,32,32,32,56,22,80,74,84,84,73,73,73,0,0],"gold":488,"neow_bonus":"ONE_RANDOM_RARE_CARD","is_daily":false,"chose_seed":false,"campfire_upgraded":5,"win_rate":0.0,"timestamp":1609139380,"path_taken":["M","M","?","?","M","M","M","?","T","M","R","M","R","?","R","BOSS","M","$","M","?","M","R","M","R","T","?","M","M","?","?","R","BOSS","M","?","M","M","?","R","E"],"items_purchased_type":["Card","Relic"],"build_version":"2020-12-22","purchased_purges":1,"victory":false,"max_hp_per_floor":[75,75,80,80,80,80,80,80,80,80,80,80,80,80,80,80,80,80,80,80,80,80,80,80,80,80,80,80,80,80,80,80,80,80,80,90,90,90,90,90,90,90],"relic_stats":{"counters":[23,110],"Astrolabe":["Hologram","Meteor Strike","Thunder Strike"],"MawBank":120,"obtain_stats":[{"HornCleat":19,"Pear":36,"Astrolabe":17,"Cracked Core":0,"MawBank":9,"Symbiotic Virus":26,"TungstenRod":27,"Mercury Hourglass":27,"Nuclear Battery":34},{"HornCleat":10,"Pear":20,"Astrolabe":9,"Cracked Core":0,"MawBank":6,"Symbiotic Virus":13,"TungstenRod":15,"Mercury Hourglass":15,"Nuclear Battery":19},{"HornCleat":39,"Pear":89,"Astrolabe":34,"Cracked Core":0,"MawBank":18,"Symbiotic Virus":54,"TungstenRod":62,"Mercury Hourglass":62,"Nuclear Battery":84}],"TungstenRod":16,"Mercury Hourglass":[175]},"card_choices":[{"not_picked":["Barrage","Hello World"],"picked":"Reinforced Body","floor":1},{"not_picked":["Barrage","Tempest"],"picked":"Coolheaded","floor":2},{"not_picked":["Consume","Static Discharge"],"picked":"Barrage","floor":5},{"not_picked":["White Noise","Rebound"],"picked":"Redo","floor":6},{"not_picked":["Gash","Hologram"],"picked":"Defragment","floor":7},{"not_picked":["Rebound","Go for the Eyes"],"picked":"Electrodynamics","floor":8},{"not_picked":["Steam Power","Fusion","Sunder"],"picked":"SKIP","floor":10},{"not_picked":["Heatsinks","Fusion"],"picked":"BootSequence","floor":12},{"not_picked":["Buffer","Meteor Strike"],"picked":"Seek","floor":16},{"not_picked":["Stack","Beam Cell"],"picked":"Gash","floor":18},{"not_picked":["Doom and Gloom+1","Aggregate+1"],"picked":"Conserve Battery","floor":20},{"not_picked":["Steam","Redo+1"],"picked":"Cold Snap","floor":22},{"not_picked":["Beam Cell","Chill"],"picked":"Darkness","floor":24},{"not_picked":["Melter","Tempest"],"picked":"Turbo","floor":27},{"not_picked":["Compile Driver+1","Storm"],"picked":"Glacier","floor":28},{"not_picked":["Genetic Algorithm","Streamline"],"picked":"Self Repair","floor":29},{"not_picked":["FTL","Go for the Eyes"],"picked":"Chaos","floor":31},{"not_picked":["Meteor Strike","Thunder Strike"],"picked":"Creative AI","floor":33},{"not_picked":["Stack","Barrage","Sweeping Beam+1"],"picked":"SKIP","floor":35},{"not_picked":["Stack","Barrage","Sweeping Beam+1"],"picked":"SKIP","floor":35},{"not_picked":["Redo","Sweeping Beam+1","FTL+1"],"picked":"SKIP","floor":37},{"not_picked":["Redo","Sweeping Beam+1"],"picked":"FTL+1","floor":37},{"not_picked":["Streamline+1","Hologram","Conserve Battery+1"],"picked":"SKIP","floor":38}],"player_experience":1502112,"relics_obtained":[{"floor":9,"key":"MawBank"},{"floor":26,"key":"Symbiotic Virus"},{"floor":27,"key":"TungstenRod"},{"floor":27,"key":"Mercury Hourglass"},{"floor":36,"key":"Pear"}],"event_choices":[{"damage_healed":0,"gold_gain":0,"player_choice":"Donut","damage_taken":0,"max_hp_gain":5,"max_hp_loss":0,"event_name":"Big Fish","floor":3,"gold_loss":0},{"damage_healed":0,"gold_gain":0,"player_choice":"Upgraded","damage_taken":0,"max_hp_gain":0,"max_hp_loss":0,"event_name":"Upgrade Shrine","floor":4,"gold_loss":0,"cards_upgraded":["Zap"]},{"cards_removed":["Strike_B"],"damage_healed":0,"gold_gain":0,"player_choice":"Card Removal","damage_taken":0,"max_hp_gain":0,"max_hp_loss":0,"event_name":"The Cleric","floor":14,"gold_loss":50},{"damage_healed":0,"gold_gain":0,"player_choice":"Read","damage_taken":0,"max_hp_gain":0,"max_hp_loss":0,"event_name":"The Library","floor":21,"gold_loss":0,"cards_obtained":["Defragment"]},{"damage_healed":0,"gold_gain":0,"player_choice":"Fight","damage_taken":0,"max_hp_gain":0,"max_hp_loss":0,"event_name":"Colosseum","floor":27,"gold_loss":0},{"damage_healed":0,"gold_gain":0,"player_choice":"Fought Nobs","damage_taken":0,"max_hp_gain":0,"max_hp_loss":0,"event_name":"Colosseum","floor":27,"gold_loss":0},{"damage_healed":0,"gold_gain":0,"player_choice":"Forge","damage_taken":0,"max_hp_gain":0,"max_hp_loss":0,"event_name":"Accursed Blacksmith","floor":30,"gold_loss":0,"cards_upgraded":["Seek"]},{"damage_healed":0,"gold_gain":0,"player_choice":"Ignored","damage_taken":0,"max_hp_gain":0,"max_hp_loss":0,"event_name":"Tomb of Lord Red Mask","floor":39,"gold_loss":0}],"is_beta":false,"boss_relics":[{"not_picked":["Ectoplasm","Cursed Key"],"picked":"Astrolabe"},{"not_picked":["Tiny House","Runic Dome"],"picked":"Nuclear Battery"}],"items_purged_floors":[19],"is_endless":false,"potions_floor_spawned":[1,2,5,8,20,27,27,31,33,35,38],"killed_by":"Giant Head","ascension_level":0}}