{"host":"qj91dvco5uhu9oti","time":1609162136,"event":{"mods":["BaseMod","Colored Map","Keyboard Shortcuts","Minty Spire (QoL Compilation)","Permanent Neow","Relic Stats","StSLib","SuperFastMode","everything is the same but u backflip on backflip"],"gold_per_floor":[119,119,19,37,54,54,86,100,150,184,184,203,214,9,9,83,83,100,22,38,38,38,63,63,81,81,93,93,93,93,124,124,202,252,262,280,280,280,280,280,280,314,390,2,19,39,39,53,53,53],"floor_reached":51,"playtime":1472,"items_purged":["Strike_G","Well Laid Plans+1"],"score":1400,"play_id":"46f2ae75-1e1e-49eb-82fc-b21d649d3519","local_time":"20201228222856","is_ascension_mode":true,"campfire_choices":[{"data":"Cloak And Dagger","floor":6.0,"key":"SMITH"},{"data":"Tactician","floor":15.0,"key":"SMITH"},{"data":"1","floor":24.0,"key":"LIFT"},{"data":"2","floor":28.0,"key":"LIFT"},{"floor":30.0,"key":"REST"},{"data":"3","floor":32.0,"key":"LIFT"},{"data":"Phantasmal Killer","floor":40.0,"key":"SMITH"},{"floor":49.0,"key":"REST"}],"circlet_count":0,"master_deck":["AscendersBane","Defend_G+1","Defend_G+1","Defend_G+1","Defend_G+1","Survivor+1","Neutralize+1","Finisher+1","Phantasmal Killer+1","Noxious Fumes+1","Dagger Throw+1","Masterful Stab+1","Slice+1","Cloak And Dagger+1","Underhanded Strike+1","Cloak And Dagger+1","Blade Dance+1","Tools of the Trade+1","After Image+1","PiercingWail+1","Tactician+1","Adrenaline+1","Prepared+1","Eviscerate+1","Eviscerate+1","Adrenaline+1","Leg Sweep+1","Phantasmal Killer+1","Master of Strategy+1","Cloak And Dagger+1","Escape Plan+1","Terror+1","PiercingWail+1","Tactician+1"],"relics":["Astrolabe","InkBottle","Bag of Preparation","Akabeko","SacredBark","Girya","Gremlin Horn","Paper Crane","Matryoshka","Tiny House","Mark of the Bloom","Unceasing Top","Toxic Egg 2","Ninja Scroll","Pen Nib"],"acts_visited":["Exordium","TheCity","TheBeyond"],"potions_floor_usage":[50],"damage_taken":[{"damage":1.0,"enemies":"Small Slimes","floor":1.0,"turns":5.0},{"damage":0.0,"enemies":"Cultist","floor":4.0,"turns":3.0},{"damage":0.0,"enemies":"2 Louse","floor":5.0,"turns":2.0},{"damage":15.0,"enemies":"Lagavulin","floor":7.0,"turns":5.0},{"damage":2.0,"enemies":"Exordium Wildlife","floor":8.0,"turns":4.0},{"damage":11.0,"enemies":"3 Sentries","floor":10.0,"turns":7.0},{"damage":0.0,"enemies":"Exordium Thugs","floor":12.0,"turns":3.0},{"damage":0.0,"enemies":"Blue Slaver","floor":13.0,"turns":1.0},{"damage":5.0,"enemies":"The Guardian","floor":16.0,"turns":5.0},{"damage":0.0,"enemies":"2 Thieves","floor":18.0,"turns":3.0},{"damage":0.0,"enemies":"Chosen","floor":20.0,"turns":3.0},{"damage":6.0,"enemies":"Gremlin Leader","floor":23.0,"turns":5.0},{"damage":6.0,"enemies":"3 Cultists","floor":25.0,"turns":3.0},{"damage":0.0,"enemies":"Cultist and Chosen","floor":27.0,"turns":3.0},{"damage":12.0,"enemies":"Slavers","floor":31.0,"turns":3.0},{"damage":6.0,"enemies":"Collector","floor":33.0,"turns":7.0},{"damage":0.0,"enemies":"3 Darklings","floor":35.0,"turns":4.0},{"damage":0.0,"enemies":"3 Shapes","floor":36.0,"turns":5.0},{"damage":4.0,"enemies":"Nemesis","floor":42.0,"turns":5.0},{"damage":0.0,"enemies":"Transient","floor":45.0,"turns":5.0},{"damage":0.0,"enemies":"3 Darklings","floor":46.0,"turns":1.0},{"damage":0.0,"enemies":"Maw","floor":48.0,"turns":3.0},{"damage":0,"enemies":"Awakened One","floor":50,"turns":3}],"seed_played":"-1507981271514523920","potions_obtained":[{"floor":5.0,"key":"Poison Potion"},{"floor":10.0,"key":"GamblersBrew"},{"floor":12.0,"key":"DistilledChaos"},{"floor":16.0,"key":"SkillPotion"},{"floor":18.0,"key":"SneckoOil"},{"floor":33.0,"key":"DuplicationPotion"},{"floor":34.0,"key":"CunningPotion"}],"is_trial":false,"path_per_floor":["M","?","$","M","M","R","E","M","T","E","?","M","M","$","R","B",null,"M","$","M","?","?","E","R","M","T","M","R","T","R","E","R","B",null,"M","M","?","?","?","R","?","E","T","$","M","M","$","M","R","B",null],"character_chosen":"THE_SILENT","items_purchased":["Masterful Stab","Slice","Tactician","Well Laid Plans","Eviscerate","Cloak And Dagger+1","Pen Nib","Escape Plan+1"],"campfire_rested":2,"item_purchase_floors":[3,3,14,14,19,44,44,44],"current_hp_per_floor":[58,38,38,38,38,38,23,21,21,10,10,10,10,10,10,5,51,51,51,51,33,33,27,27,21,21,21,21,21,42,30,30,24,64,64,64,64,64,64,64,64,60,60,60,60,60,60,60,60,60],"gold":53,"neow_bonus":"BOSS_RELIC","is_daily":false,"chose_seed":false,"campfire_upgraded":3,"win_rate":0.0,"timestamp":1609162136,"path_taken":["M","?","$","M","M","R","E","M","T","E","?","?","M","$","R","BOSS","M","$","M","?","?","E","R","M","T","?","R","?","R","E","R","BOSS","M","M","?","?","?","R","?","E","T","$","M","M","?","?","R","BOSS"],"items_purchased_type":["Card","Card","Card","Card","Card","Card","Relic","Card"],"build_version":"2020-12-22","purchased_purges":2,"victory":true,"max_hp_per_floor":[66,66,66,66,66,66,66,66,66,66,66,66,66,66,66,66,66,66,66,66,71,71,71,71,71,71,71,71,71,71,71,71,71,76,76,76,76,76,76,76,76,76,76,76,76,76,76,76,76,76],"relic_stats":{"Mark of the Bloom":22,"Gremlin Horn":[14,14],"counters":[23,88],"Astrolabe":["Finisher","Phantasmal Killer","Noxious Fumes"],"Pen Nib":[7],"Bag of Preparation":[36],"obtain_stats":[{"Girya":23,"Mark of the Bloom":41,"Tiny House":34,"Gremlin Horn":26,"Astrolabe":0,"SacredBark":17,"Pen Nib":44,"Bag of Preparation":9,"Paper Crane":29,"Akabeko":10,"Matryoshka":31,"Ninja Scroll":43,"Toxic Egg 2":43,"InkBottle":7,"Unceasing Top":42,"Ring of the Snake":0},{"Girya":12,"Mark of the Bloom":18,"Tiny House":16,"Gremlin Horn":13,"Astrolabe":0,"SacredBark":9,"Pen Nib":19,"Bag of Preparation":5,"Paper Crane":14,"Akabeko":6,"Matryoshka":15,"Ninja Scroll":19,"Toxic Egg 2":19,"InkBottle":4,"Unceasing Top":19,"Ring of the Snake":0},{"Girya":46,"Mark of the Bloom":71,"Tiny House":62,"Gremlin Horn":49,"Astrolabe":0,"SacredBark":35,"Pen Nib":76,"Bag of Preparation":19,"Paper Crane":52,"Akabeko":26,"Matryoshka":55,"Ninja Scroll":76,"Toxic Egg 2":76,"InkBottle":15,"Unceasing Top":76,"Ring of the Snake":0}],"InkBottle":[47],"Unceasing Top":[0]},"card_choices":[{"not_picked":["Prepared","Acrobatics"],"picked":"Dagger Throw","floor":1.0},{"not_picked":["Distraction","Escape Plan"],"picked":"Cloak And Dagger","floor":4.0},{"not_picked":["Flying Knee","Catalyst"],"picked":"Underhanded Strike","floor":5.0},{"not_picked":["Riddle With Holes","Dagger Throw"],"picked":"Cloak And Dagger","floor":7.0},{"not_picked":["Noxious Fumes","Escape Plan"],"picked":"Blade Dance","floor":8.0},{"not_picked":["Predator","Quick Slash","Distraction"],"picked":"SKIP","floor":10.0},{"not_picked":["Underhanded Strike","Sucker Punch"],"picked":"After Image","floor":12.0},{"not_picked":["Acrobatics","Caltrops"],"picked":"PiercingWail","floor":13.0},{"not_picked":["Grand Finale","Malaise"],"picked":"Adrenaline","floor":16.0},{"not_picked":["Outmaneuver","Riddle With Holes"],"picked":"Prepared","floor":18.0},{"not_picked":["Tactician","Bane"],"picked":"Eviscerate","floor":20.0},{"not_picked":["Crippling Poison","Tactician"],"picked":"Adrenaline","floor":23.0},{"not_picked":["Sucker Punch","Outmaneuver"],"picked":"Accuracy","floor":25.0},{"not_picked":["Deflect","PiercingWail","Dodge and Roll"],"picked":"SKIP","floor":27.0},{"not_picked":["Wraith Form v2","Quick Slash"],"picked":"Leg Sweep","floor":31.0},{"not_picked":["Grand Finale","Doppelganger"],"picked":"Phantasmal Killer","floor":33.0},{"not_picked":["Slice","Well Laid Plans","Catalyst+1"],"picked":"SKIP","floor":35.0},{"not_picked":["Cloak And Dagger","Dodge and Roll","Dagger Throw"],"picked":"SKIP","floor":36.0},{"not_picked":["HandOfGreed","Jack Of All Trades"],"picked":"Master of Strategy","floor":38.0},{"not_picked":["Deadly Poison+1","PiercingWail","Dash"],"picked":"SKIP","floor":42.0},{"not_picked":["Dash","Backstab"],"picked":"Terror+1","floor":45.0},{"not_picked":["Poisoned Stab","Blur+1"],"picked":"PiercingWail+1","floor":46.0},{"not_picked":["Underhanded Strike+1","Backstab"],"picked":"Tactician+1","floor":48.0}],"player_experience":321258,"relics_obtained":[{"floor":7.0,"key":"InkBottle"},{"floor":9.0,"key":"Bag of Preparation"},{"floor":10.0,"key":"Akabeko"},{"floor":23.0,"key":"Girya"},{"floor":26.0,"key":"Gremlin Horn"},{"floor":29.0,"key":"Paper Crane"},{"floor":31.0,"key":"Matryoshka"},{"floor":42.0,"key":"Unceasing Top"},{"floor":43.0,"key":"Toxic Egg 2"},{"floor":43.0,"key":"Ninja Scroll"}],"event_choices":[{"damage_healed":0.0,"max_hp_gain":0.0,"max_hp_loss":0.0,"gold_gain":0.0,"event_name":"Shining Light","player_choice":"Entered Light","floor":2.0,"gold_loss":0.0,"damage_taken":20.0,"cards_upgraded":["Defend_G","Defend_G"]},{"damage_healed":0.0,"max_hp_gain":0.0,"max_hp_loss":0.0,"gold_gain":0.0,"cards_transformed":["Defend_G"],"event_name":"Transmorgrifier","player_choice":"Transformed","floor":11.0,"gold_loss":0.0,"damage_taken":0.0,"cards_obtained":["Tools of the Trade"]},{"damage_healed":0.0,"max_hp_gain":5.0,"max_hp_loss":0.0,"gold_gain":0.0,"event_name":"Forgotten Altar","player_choice":"Shed Blood","floor":21.0,"gold_loss":0.0,"damage_taken":23.0},{"cards_removed":["Strike_G"],"damage_healed":0.0,"max_hp_gain":0.0,"max_hp_loss":0.0,"gold_gain":0.0,"event_name":"Back to Basics","player_choice":"Elegance","floor":22.0,"gold_loss":0.0,"damage_taken":0.0},{"damage_healed":0.0,"max_hp_gain":0.0,"max_hp_loss":0.0,"gold_gain":0.0,"event_name":"Tomb of Lord Red Mask","player_choice":"Ignored","floor":37.0,"gold_loss":0.0,"damage_taken":0.0},{"damage_healed":0.0,"max_hp_gain":0.0,"max_hp_loss":0.0,"gold_gain":0.0,"event_name":"SensoryStone","player_choice":"Memory 1","floor":38.0,"gold_loss":0.0,"damage_taken":0.0},{"cards_removed":["Accuracy"],"damage_healed":0.0,"max_hp_gain":0.0,"max_hp_loss":0.0,"gold_gain":0.0,"event_name":"Falling","player_choice":"Removed Power","floor":39.0,"gold_loss":0.0,"damage_taken":0.0},{"damage_healed":0.0,"max_hp_gain":0.0,"max_hp_loss":0.0,"gold_gain":0.0,"event_name":"MindBloom","player_choice":"Upgrade","floor":41.0,"gold_loss":0.0,"damage_taken":0.0,"cards_upgraded":["Defend_G","Defend_G","Survivor","Neutralize","Dagger Throw","Masterful Stab","Slice","Underhanded Strike","Cloak And Dagger","Blade Dance","Tools of the Trade","After Image","PiercingWail","Well Laid Plans","Adrenaline","Eviscerate","Eviscerate","Adrenaline","Leg Sweep","Master of Strategy"],"relics_obtained":["Mark of the Bloom"]}],"is_beta":false,"boss_relics":[{"not_picked":["Snecko Eye","Pandora\u0027s Box"],"picked":"SacredBark"},{"not_picked":["SlaversCollar","Sozu"],"picked":"Tiny House"}],"items_purged_floors":[14,44],"is_endless":false,"potions_floor_spawned":[5,10,12,13,16,18,25,33,35,42,45,46],"ascension_level":16}}