{"host":"tvwbxqry54t86y0v","time":1609144177,"event":{"mods":["2.2 Compatiblity","A Magickal Journey","Astrologer","BaseMod","Beaked The Cultist","BetterRewards","Block Reminder","Clockwork Mod","Colored Powertips","DeckTracker","Downfall","GungeonMod","Hermit","Hubris","Infinite Spire","Ironclad Rager","Marked Mod","Mimic Mod","Minty Spire (QoL Compilation)","Potionbrewer","Replay The Spire","Shade Mod","Somnambulant","StSLib","The Bug Knight","The Cursed","The Druid","The Elementalist","The Exalted","The Forsaken","The Hierophant","The Jungle","The Marked","The Mystic","The Problem Sleuth","The Runesmith","The Senshi","The Spell Scribe","The Valiant","The Wild Card","TheFirefly","TheHeartMod","Unceasing Turn Reminder","thorton"],"gold_per_floor":[110,110,110,110,123,148,168,168,168,200,275,305,320,320,320,420,420,438,451,451,451,3,3,3],"floor_reached":23,"playtime":1407,"items_purged":[],"score":259,"play_id":"492c1897-0ead-41ef-af93-1986d42fc8c2","local_time":"20201228192937","is_ascension_mode":true,"campfire_choices":[{"data":"mysticmod:RapidCaster","floor":8,"key":"SMITH"},{"data":"mysticmod:ArcaneDodge","floor":15,"key":"SMITH"}],"circlet_count":0,"master_deck":["mysticmod:Strike_Mystic","mysticmod:Strike_Mystic","mysticmod:Strike_Mystic","mysticmod:Strike_Mystic","mysticmod:Defend_Mystic","mysticmod:Defend_Mystic","mysticmod:Defend_Mystic","mysticmod:Defend_Mystic","mysticmod:ArcaneDodge+1","mysticmod:ShockingGrasp","mysticmod:RapidCaster+1","mysticmod:FiveFootStep","mysticmod:PowerSlash","mysticmod:DiviningBlow","mysticmod:Stoneskin","mysticmod:Doublecast","mysticmod:FloatingDisk","mysticmod:CorrosiveTouch+1"],"relics":["mysticmod:SpellBook","NeowsBlessing","Replay:Wax Seal","infinitespire:Magic Flask","Letter Opener","Incense Burner","Bag of Preparation","potionbrewer:BhaskarasWheel","Nilry\u0027s Codex","Ice Cream","DemoMod:WeirdEgg"],"acts_visited":["Exordium","TheCity"],"potions_floor_usage":[7,10,13,16,16,23],"damage_taken":[{"damage":0,"enemies":"Jaw Worm","floor":1,"turns":1},{"damage":0,"enemies":"Cultist","floor":5,"turns":1},{"damage":0,"enemies":"Lagavulin","floor":6,"turns":2},{"damage":0,"enemies":"2 Louse","floor":7,"turns":3},{"damage":0,"enemies":"3 Sentries","floor":10,"turns":12},{"damage":0,"enemies":"2 Fungi Beasts","floor":13,"turns":4},{"damage":10,"enemies":"Fading Forest","floor":16,"turns":11},{"damage":12,"enemies":"3 Byrds","floor":18,"turns":7},{"damage":10,"enemies":"Spheric Guardian","floor":19,"turns":5},{"damage":36,"enemies":"HollowMod:Nosk","floor":23,"turns":8}],"seed_played":"-797733559878301590","potions_obtained":[{"floor":3,"key":"DemoMod:LeadSkinPotion"},{"floor":3,"key":"SteroidPotion"},{"floor":3,"key":"potionbrewer:EndurancePotion"},{"floor":7,"key":"SpeedPotion"},{"floor":13,"key":"Swift Potion"},{"floor":18,"key":"Swift Potion"}],"is_trial":false,"path_per_floor":["M","$","?","$","M","E","M","R","T","E","?","?","M","?","R","B",null,"M","M","?","?","$","E"],"character_chosen":"MYSTIC_CLASS","items_purchased":["Ice Cream","DemoMod:WeirdEgg"],"campfire_rested":0,"item_purchase_floors":[22,22],"current_hp_per_floor":[77,77,77,77,77,77,77,77,77,77,66,66,66,66,66,56,77,65,55,41,25,25,0,0],"gold":3,"neow_bonus":"THREE_ENEMY_KILL","is_daily":false,"chose_seed":false,"campfire_upgraded":2,"win_rate":0.0,"timestamp":1609144177,"path_taken":["M","$","?","$","?","E","M","R","T","E","?","?","M","?","R","BOSS","M","M","?","?","$","E"],"items_purchased_type":["Relic","Relic"],"build_version":"2020-12-22","purchased_purges":0,"victory":false,"max_hp_per_floor":[77,77,77,77,77,77,77,77,77,77,77,77,77,77,77,77,77,77,77,82,82,82,82,82],"card_choices":[{"not_picked":["mysticmod:Sideswipe","mysticmod:Probe","mysticmod:Shield"],"picked":"SKIP","floor":1},{"not_picked":["mysticmod:HeavyStrike","mysticmod:SuddenClarity"],"picked":"mysticmod:RapidCaster","floor":5},{"not_picked":["mysticmod:PreparedCaster","mysticmod:HunkerDown"],"picked":"mysticmod:FiveFootStep","floor":6},{"not_picked":["mysticmod:Probe","mysticmod:PureInstinct"],"picked":"mysticmod:PowerSlash","floor":7},{"not_picked":["mysticmod:Disengage","mysticmod:Dedication"],"picked":"mysticmod:DiviningBlow","floor":10},{"not_picked":["mysticmod:Dedication","mysticmod:Flurry"],"picked":"mysticmod:Stoneskin","floor":13},{"not_picked":["mysticmod:MysticalShield","mysticmod:Haste"],"picked":"mysticmod:Doublecast","floor":16},{"not_picked":["mysticmod:PowerSlash","mysticmod:SuddenClarity"],"picked":"mysticmod:FloatingDisk","floor":18},{"not_picked":["mysticmod:Riposte","mysticmod:LightningBolt"],"picked":"mysticmod:CorrosiveTouch+1","floor":19}],"player_experience":1077008,"relics_obtained":[{"floor":6,"key":"Replay:Wax Seal"},{"floor":9,"key":"infinitespire:Magic Flask"},{"floor":10,"key":"Letter Opener"},{"floor":14,"key":"Bag of Preparation"},{"floor":21,"key":"Nilry\u0027s Codex"}],"event_choices":[{"damage_healed":0,"gold_gain":0,"player_choice":"Got Potions","damage_taken":0,"max_hp_gain":0,"max_hp_loss":0,"event_name":"Lab","floor":3,"gold_loss":0},{"damage_healed":0,"gold_gain":75,"player_choice":"Gather Gold","damage_taken":11,"max_hp_gain":0,"max_hp_loss":0,"event_name":"World of Goop","floor":11,"gold_loss":0},{"damage_healed":0,"gold_gain":30,"player_choice":"Searched \u00273\u0027 times","damage_taken":0,"relics_obtained":["Incense Burner"],"max_hp_gain":0,"max_hp_loss":0,"event_name":"Dead Adventurer","floor":12,"gold_loss":0},{"damage_healed":0,"gold_gain":0,"player_choice":"Shed Blood","damage_taken":19,"max_hp_gain":5,"max_hp_loss":0,"event_name":"Forgotten Altar","floor":20,"gold_loss":0},{"damage_healed":0,"gold_gain":0,"player_choice":"Obtained Book","damage_taken":16,"max_hp_gain":0,"max_hp_loss":0,"event_name":"Cursed Tome","floor":21,"gold_loss":0}],"is_beta":false,"boss_relics":[{"not_picked":["Busted Crown","Empty Cage"],"picked":"potionbrewer:BhaskarasWheel"}],"items_purged_floors":[],"is_endless":false,"potions_floor_spawned":[5,7,13,18],"killed_by":"HollowMod:Nosk","ascension_level":1}}