{"host":"gj3450u0c4def4mj","time":1609175310,"event":{"mods":["2.2 Compatiblity","Act Like it!","BaseMod","Gensokyo","Marisa????????","Minty Spire (QoL Compilation)","Permanent Neow","StSLib"],"gold_per_floor":[115,115,115,146,246,272,272,283,283,283,299,316,348,360,360,462,462,474,474,474,374,374,408,408,418,441,441,468,481,62,79,79,79,79],"floor_reached":33,"playtime":1836,"items_purged":["Strike_MRS","Strike_MRS"],"score":381,"play_id":"710dbe05-6622-4849-b065-33b691539196","local_time":"20201228120830","is_ascension_mode":true,"campfire_choices":[{"data":"UpSweep","floor":7.0,"key":"SMITH"},{"data":"PulseMagic","floor":10.0,"key":"SMITH"},{"data":"PowerUp","floor":15.0,"key":"SMITH"},{"data":"AsteroidBelt","floor":24.0,"key":"SMITH"},{"floor":32,"key":"REST"}],"circlet_count":0,"master_deck":["Strike_MRS","Defend_MRS","Defend_MRS","Defend_MRS","Defend_MRS","MasterSpark","UpSweep+1","AsteroidBelt+1","JA+1","ShootingEcho+1","PulseMagic+1","GasGiant","PowerUp+1","GasGiant","AbsoluteMagnitude+1","SporeBomb","AsteroidBelt+1","PowerUp","EventHorizon+1","MachineGunSpark+1","Apotheosis"],"relics":["MiniHakkero","NeowsBlessing","Pear","Molten Egg 2","Bronze Scales","Tiny Chest","Sundial","SlaversCollar","StrikeDummy","Pen Nib","Bag of Preparation","Gensokyo:ChorusOfJoy","Ancient Tea Set","Happy Flower"],"acts_visited":["Gensokyo:Gensokyo","Gensokyo:Gensokyoer"],"potions_floor_usage":[31],"damage_taken":[{"damage":0.0,"enemies":"Gensokyo:2_Kodama","floor":1.0,"turns":1.0},{"damage":0.0,"enemies":"Gensokyo:Cirno","floor":4.0,"turns":2.0},{"damage":0.0,"enemies":"Gensokyo:Mamizou","floor":6.0,"turns":2.0},{"damage":0.0,"enemies":"Gensokyo:3_Fairies","floor":8.0,"turns":4.0},{"damage":2.0,"enemies":"Gensokyo:Python","floor":11.0,"turns":3.0},{"damage":7.0,"enemies":"Gensokyo:3_Kodama","floor":12.0,"turns":3.0},{"damage":6.0,"enemies":"Gensokyo:Cirno","floor":13.0,"turns":6.0},{"damage":6.0,"enemies":"Gensokyo:2_Rabbits","floor":14.0,"turns":3.0},{"damage":4.0,"enemies":"Gensokyo:Reimu","floor":16.0,"turns":8.0},{"damage":2.0,"enemies":"Gensokyo:AngelMirror","floor":18.0,"turns":3.0},{"damage":13.0,"enemies":"Gensokyo:Koishi","floor":23.0,"turns":5.0},{"damage":10.0,"enemies":"Gensokyo:CosmicMonolith","floor":25.0,"turns":4.0},{"damage":27.0,"enemies":"Gensokyo:Tenshi","floor":28.0,"turns":5.0},{"damage":12.0,"enemies":"Gensokyo:Mirror_and_Dog","floor":29.0,"turns":2.0},{"damage":1,"enemies":"Gensokyo:Swordslinger","floor":31,"turns":4},{"damage":50,"enemies":"Gensokyo:Eternal_Rivals","floor":33,"turns":6}],"seed_played":"5228439964087168412","potions_obtained":[{"floor":4.0,"key":"SteroidPotion"},{"floor":8.0,"key":"BlessingOfTheForge"},{"floor":11.0,"key":"LiquidMemories"},{"floor":25.0,"key":"Fire Potion"},{"floor":31,"key":"CultistPotion"}],"is_trial":false,"path_per_floor":["M","?","?","?","?","E","R","M","T","R","M","M","E","M","R","B",null,"M","?","T","$","?","E","R","M","T","?","E","M","$","M","R","B"],"character_chosen":"MARISA","items_purchased":["SporeBomb","Apotheosis","Happy Flower"],"campfire_rested":1,"item_purchase_floors":[21,30,30],"current_hp_per_floor":[75,70,70,70,70,70,70,70,70,70,68,61,55,49,49,45,85,83,83,83,83,83,70,70,60,60,60,33,21,21,20,45,0,0],"gold":79,"neow_bonus":"THREE_ENEMY_KILL","is_daily":false,"chose_seed":false,"campfire_upgraded":4,"win_rate":0.0,"timestamp":1609175310,"path_taken":["M","?","?","?","?","E","R","M","T","R","?","M","E","?","R","BOSS","M","?","?","$","?","E","R","M","T","?","E","M","$","?","R","BOSS"],"items_purchased_type":["Card","Card","Relic"],"build_version":"2020-12-22","purchased_purges":2,"victory":false,"max_hp_per_floor":[75,85,85,85,85,85,85,85,85,85,85,85,85,85,85,85,85,85,85,85,85,85,85,85,85,85,85,85,85,85,85,85,85,85],"card_choices":[{"not_picked":["Singularity","DeepEcoloBomb"],"picked":"AsteroidBelt","floor":1.0},{"not_picked":["NonDirectionalLaser+1","MaximisePower"],"picked":"JA+1","floor":4.0},{"not_picked":["Orbital","OortCloud"],"picked":"ShootingEcho+1","floor":6.0},{"not_picked":["MagicChant","NonDirectionalLaser+1"],"picked":"PulseMagic","floor":8.0},{"not_picked":["LuminesStrike+1","Orbital","ChargeUpSpray+1"],"picked":"SKIP","floor":11.0},{"not_picked":["DoubleSpark+1","UnstableBomb+1"],"picked":"GasGiant","floor":12.0},{"not_picked":["PropBag","DarkMatter"],"picked":"PowerUp","floor":13.0},{"not_picked":["Acceleration","EnergyRecoil"],"picked":"GasGiant","floor":14.0},{"not_picked":["StarDustReverie","TreasureHunter+1"],"picked":"AbsoluteMagnitude+1","floor":16.0},{"not_picked":["ShootingEcho+1","Acceleration","Orbital"],"picked":"SKIP","floor":18.0},{"not_picked":["NonDirectionalLaser+1","IllusionStar","MilkyWay"],"picked":"SKIP","floor":23.0},{"not_picked":["MysteriousBeam+1","DoubleSpark+1"],"picked":"PowerUp","floor":25.0},{"not_picked":["PowerUp","NonDirectionalLaser+1"],"picked":"EventHorizon+1","floor":28.0},{"not_picked":["StarDustReverie","BlazeAway"],"picked":"MachineGunSpark+1","floor":29.0},{"not_picked":["DeepEcoloBomb+1","DoubleSpark+1","GrandCross+1"],"picked":"SKIP","floor":31}],"player_experience":34893,"relics_obtained":[{"floor":4.0,"key":"Molten Egg 2"},{"floor":6.0,"key":"Bronze Scales"},{"floor":9.0,"key":"Tiny Chest"},{"floor":13.0,"key":"Sundial"},{"floor":20.0,"key":"StrikeDummy"},{"floor":23.0,"key":"Pen Nib"},{"floor":26.0,"key":"Bag of Preparation"},{"floor":28.0,"key":"Ancient Tea Set"}],"event_choices":[],"is_beta":false,"boss_relics":[{"not_picked":["Ectoplasm","Empty Cage"],"picked":"SlaversCollar"}],"items_purged_floors":[21,30],"is_endless":false,"potions_floor_spawned":[4,8,11,25,31],"killed_by":"Gensokyo:Eternal_Rivals","ascension_level":2}}