{"host":"iy58fyt9wsbv4cf1","time":1609191196,"event":{"mods":["BaseMod","Better Altar","Better Match","Better Skull","Better Third Choice","BetterRewards","Conspire","Custom Start","Defuse TimeMaze Blight","Hubris","Infinite Spire","Minty Spire (QoL Compilation)","Permanent Neow","Quick Restart","Spicy Shops","StSLib","Thieving Mod"],"gold_per_floor":[109,109,109,124,199,199,214,214,287,287,311,295,318,82,82,203,203,224,224,224,9,33,69,69,69,69,69,69,30,30,49,49,169,169,193,193,256,256,256,256,256,256],"floor_reached":41,"playtime":694,"items_purged":["Defend_B","Strike_B","Strike_B","Defend_B"],"score":466,"play_id":"be8630f4-dfe4-437a-8068-bbf00eb328ff","local_time":"20201228163316","is_ascension_mode":false,"campfire_choices":[{"floor":6,"key":"REST"},{"data":"Zap","floor":8,"key":"SMITH"},{"data":"Dualcast","floor":10,"key":"SMITH"},{"data":"Storm","floor":15,"key":"SMITH"},{"data":"Storm","floor":25,"key":"SMITH"},{"data":"hubris:PowerSurge","floor":27,"key":"SMITH"},{"data":"Static Discharge","floor":32,"key":"SMITH"}],"circlet_count":0,"master_deck":["Defend_B","Zap+1","Dualcast+1","Storm+1","Storm+1","Conserve Battery","hubris:PowerSurge+1","Leap","Static Discharge+1","Electrodynamics","Biased Cognition","Skim","Creative AI","Heatsinks+1","BootSequence+1","hubris:EnhanceAbility"],"relics":["Cracked Core","Membership Card","DataDisk","DollysMirror","Golden Idol","hubris:Icosahedron","Question Card","Mummified Hand","Sozu","Art of War","hubris:BallOfYels","Tiny Chest","Oddly Smooth Stone","Centennial Puzzle","Lantern","infinitespire:Bottled Soul","hubris:ScarierMask","hubris:GlazedTorus","Empty Cage","conspire:BottledYoYo","hubris:SoftwareUpdate"],"acts_visited":["Exordium","TheCity","TheBeyond"],"potions_floor_usage":[16],"damage_taken":[{"damage":11,"enemies":"Jaw Worm","floor":1,"turns":3},{"damage":3,"enemies":"2 Louse","floor":4,"turns":3},{"damage":1,"enemies":"Small Slimes","floor":7,"turns":3},{"damage":5,"enemies":"Blue Slaver","floor":11,"turns":2},{"damage":6,"enemies":"Hexaghost","floor":16,"turns":8},{"damage":5,"enemies":"Spheric Guardian","floor":18,"turns":3},{"damage":0,"enemies":"Shell Parasite","floor":22,"turns":2},{"damage":13,"enemies":"conspire:SneckoGhost","floor":23,"turns":4},{"damage":0,"enemies":"Cultist and Chosen","floor":31,"turns":2},{"damage":5,"enemies":"hubris:MusketHawk","floor":33,"turns":3},{"damage":0,"enemies":"Orb Walker","floor":35,"turns":2},{"damage":12,"enemies":"Mind Bloom Boss Battle","floor":37,"turns":2},{"damage":60,"enemies":"Nightmare","floor":41,"turns":4}],"seed_played":"-1162462302832352893","potions_obtained":[{"floor":4,"key":"Block Potion"},{"floor":7,"key":"Strength Potion"},{"floor":16,"key":"LiquidBronze"}],"is_trial":false,"path_per_floor":["M","?","?","M","?","R","M","R","T","R","M","$","T","$","R","B",null,"M","?","?","$","M","E","?","R","T","R","?","$","T","M","R","B",null,"M","?","?","AVR","T","?","NM"],"character_chosen":"DEFECT","items_purchased":["Membership Card","DataDisk","Storm","Leap","Static Discharge","Mummified Hand","hubris:BallOfYels","Tiny Chest","Lantern"],"campfire_rested":1,"item_purchase_floors":[0,0,0,12,14,14,21,21,29],"current_hp_per_floor":[29,29,29,26,15,35,34,34,34,34,29,29,29,29,29,23,69,64,64,64,64,64,51,51,51,51,51,51,51,51,51,51,46,69,69,69,57,57,57,57,0,0],"gold":256,"neow_bonus":"","is_daily":false,"chose_seed":false,"campfire_upgraded":6,"win_rate":0.0,"timestamp":1609191196,"path_taken":["M","?","?","M","?","R","M","R","T","R","M","$","?","$","R","BOSS","M","?","?","$","?","E","?","R","T","R","?","$","?","?","R","BOSS","M","?","?","AVR","?","?","NM"],"items_purchased_type":["Relic","Relic","Card","Card","Card","Relic","Relic","Relic","Relic"],"build_version":"2020-12-22","purchased_purges":4,"victory":false,"max_hp_per_floor":[75,69,69,69,69,69,69,69,69,69,69,69,69,69,69,69,69,69,69,69,69,69,69,69,69,69,69,69,69,69,69,69,69,69,69,69,69,69,69,69,69,69],"card_choices":[{"not_picked":["Go for the Eyes","Stack"],"picked":"Conserve Battery","floor":1},{"not_picked":["Sweeping Beam","Barrage"],"picked":"hubris:PowerSurge","floor":4},{"not_picked":["Sweeping Beam","Coolheaded","Turbo"],"picked":"SKIP","floor":7},{"not_picked":["Recycle","Go for the Eyes","Consume","Hologram"],"picked":"SKIP","floor":11},{"not_picked":["Fission","Core Surge","All For One"],"picked":"Electrodynamics","floor":16},{"not_picked":["Stack","Doom and Gloom","Go for the Eyes","Reinforced Body"],"picked":"SKIP","floor":18},{"not_picked":["Steam","Sweeping Beam","Ball Lightning","Leap"],"picked":"SKIP","floor":22},{"not_picked":["Redo","Leap","Tempest"],"picked":"Biased Cognition","floor":23},{"not_picked":["Stack","Leap","Rebound","Redo"],"picked":"SKIP","floor":31},{"not_picked":["Echo Form","Biased Cognition","Rainbow"],"picked":"Creative AI","floor":33},{"not_picked":["Streamline+1","Gash","Conserve Battery+1"],"picked":"Heatsinks+1","floor":35},{"not_picked":["Streamline","Rebound","Steam"],"picked":"BootSequence+1","floor":37},{"not_picked":["hubris:Ssssneak","Swift Strike","Magnetism"],"picked":"hubris:EnhanceAbility","floor":40}],"player_experience":33812,"relics_obtained":[{"floor":9,"key":"Question Card"},{"floor":23,"key":"Oddly Smooth Stone"},{"floor":26,"key":"Centennial Puzzle"},{"floor":30,"key":"infinitespire:Bottled Soul"},{"floor":37,"key":"hubris:GlazedTorus"},{"floor":39,"key":"hubris:SoftwareUpdate"}],"event_choices":[{"damage_healed":0,"gold_gain":0,"player_choice":"Lose Max HP","damage_taken":0,"relics_obtained":["Golden Idol"],"max_hp_gain":0,"max_hp_loss":6,"event_name":"Golden Idol","floor":2,"gold_loss":0},{"damage_healed":0,"gold_gain":75,"player_choice":"Gold","damage_taken":11,"max_hp_gain":0,"max_hp_loss":0,"event_name":"betterThird:BetterGoop","floor":5,"gold_loss":0},{"damage_healed":0,"gold_gain":0,"player_choice":"Ignored","damage_taken":0,"max_hp_gain":0,"max_hp_loss":0,"event_name":"Cursed Tome","floor":19,"gold_loss":0},{"damage_healed":0,"gold_gain":0,"player_choice":"Gave Potion","damage_taken":0,"relics_obtained":["Art of War"],"max_hp_gain":0,"max_hp_loss":0,"event_name":"WeMeetAgain","floor":20,"gold_loss":0},{"damage_healed":0,"gold_gain":0,"cards_transformed":["Strike_B"],"player_choice":"Transformed","damage_taken":0,"max_hp_gain":0,"max_hp_loss":0,"event_name":"Transmorgrifier","floor":28,"gold_loss":0,"cards_obtained":["Skim"]},{"damage_healed":0,"gold_gain":0,"player_choice":"Ignored","damage_taken":0,"max_hp_gain":0,"max_hp_loss":0,"event_name":"Tomb of Lord Red Mask","floor":36,"gold_loss":0},{"damage_healed":0,"gold_gain":0,"player_choice":"Fight","damage_taken":0,"max_hp_gain":0,"max_hp_loss":0,"event_name":"MindBloom","floor":37,"gold_loss":0},{"damage_healed":0,"gold_gain":0,"player_choice":"Memory 1","damage_taken":0,"max_hp_gain":0,"max_hp_loss":0,"event_name":"SensoryStone","floor":40,"gold_loss":0}],"is_beta":false,"boss_relics":[{"not_picked":["hubris:BlackHole","conspire:RoyalGoblet"],"picked":"Sozu"},{"not_picked":["Runic Pyramid","Velvet Choker"],"picked":"hubris:ScarierMask"}],"items_purged_floors":[0,14,21,38],"is_endless":false,"potions_floor_spawned":[4,7,16,18,33,37],"killed_by":"Nightmare","ascension_level":0}}