{"host":"v1m5rkjj38qutr02","time":1609137564,"event":{"mods":["Act Like it!","BaseMod","Conspire","Gensokyo","GungeonMod","Hallownest","Minty Spire (QoL Compilation)","Replay The Spire","StSLib","The Bug Knight","Youmu£®ªÍ∆«—˝√Œ£©"],"gold_per_floor":[110,0,18,18,18,18,18,50,74,74,74,74,85,22,22,117,167,185,39,52,52,66,66,81,110,134,134,134,74,74,103,103,228,228,253,266,266,266],"floor_reached":37,"playtime":1546,"items_purged":[],"score":621,"play_id":"b46f68db-ce0d-4139-b04b-df402e778521","local_time":"20201228143924","is_ascension_mode":true,"campfire_choices":[{"data":"Storm","floor":6.0,"key":"SMITH"},{"data":"Amplify","floor":10.0,"key":"SMITH"},{"data":"Hello World","floor":12.0,"key":"SMITH"},{"data":"Defragment","floor":15.0,"key":"SMITH"},{"floor":23.0,"key":"REST"},{"floor":28.0,"key":"REST"},{"data":"ReplayTheSpireMod:Fabricate Wheel","floor":30.0,"key":"SMITH"},{"floor":32.0,"key":"REST"}],"circlet_count":0,"master_deck":["Strike_B","Strike_B+1","Strike_B","Defend_B+1","Defend_B+2","Defend_B+1","Defend_B+2","Zap","Dualcast","Defragment+1","Hello World+1","Cold Snap+1","Storm+1","Pot Of Greed+1","Pot Of Greed","Amplify+1","Sweeping Beam+1","Conserve Battery","Machine Learning","Reboot","Redo+1","ReplayTheSpireMod:Calculation Training","Aggregate","Echo Form","Pot Of Greed","Buffer","Turbo+1"],"relics":["Cracked Core","NeowsBlessing","Simple Rune","Grinning Jar","DemoMod:WhiteGuonStone","War Paint","Tiny House","DataDisk","Replay:Bottled Eggs","DemoMod:ClearGuonStone","CeramicFish","Prayer Wheel","Philosopher\u0027s Stone"],"acts_visited":["Exordium","TheCity","TheBeyond"],"potions_floor_usage":[33,35],"damage_taken":[{"damage":0.0,"enemies":"2 Louse","floor":1.0,"turns":1.0},{"damage":0.0,"enemies":"Small Slimes","floor":3.0,"turns":1.0},{"damage":0.0,"enemies":"Lagavulin","floor":8.0,"turns":1.0},{"damage":0.0,"enemies":"Cultist","floor":13.0,"turns":3.0},{"damage":0.0,"enemies":"Slime Boss","floor":16.0,"turns":7.0},{"damage":0.0,"enemies":"Spheric Guardian","floor":18.0,"turns":3.0},{"damage":26.0,"enemies":"3 Byrds","floor":20.0,"turns":4.0},{"damage":12.0,"enemies":"Snecko","floor":22.0,"turns":3.0},{"damage":0.0,"enemies":"Snake Plant","floor":24.0,"turns":3.0},{"damage":16.0,"enemies":"Book of Stabbing","floor":25.0,"turns":8.0},{"damage":1.0,"enemies":"Centurion and Healer","floor":31.0,"turns":6.0},{"damage":17,"enemies":"Pondfish","floor":33,"turns":19},{"damage":22,"enemies":"3 Darklings","floor":35,"turns":6},{"damage":4,"enemies":"Orb Walker","floor":36,"turns":3},{"damage":0,"enemies":"Maw","floor":37,"turns":6}],"seed_played":"6518966198355291811","potions_obtained":[{"floor":3.0,"key":"Toxic Potion"},{"floor":8.0,"key":"Dexterity Potion"},{"floor":17.0,"key":"Doom Potion"},{"floor":24.0,"key":"EntropicBrew"},{"floor":31.0,"key":"AttackPotion"},{"floor":33,"key":"Strength Potion"}],"is_trial":false,"path_per_floor":["M","$","M","?","$","R","$","E","T","R","?","R","M","?","R","B",null,"M","$","M","T","M","R","M","E","T","?","R","$","R","M","R","B",null,"M","M","M"],"character_chosen":"DEFECT","items_purchased":["Hello World","Cold Snap+1","DataDisk","ReplayTheSpireMod:Calculation Training"],"campfire_rested":3,"item_purchase_floors":[2,2,19,29],"current_hp_per_floor":[68,68,68,61,61,61,61,61,61,61,61,61,61,61,61,61,77,77,77,51,51,39,63,63,47,47,41,65,65,65,64,80,63,76,54,50,50,50],"gold":266,"neow_bonus":"THREE_ENEMY_KILL","is_daily":false,"chose_seed":false,"campfire_upgraded":5,"win_rate":0.0,"timestamp":1609137564,"path_taken":["M","$","M","?","$","R","$","E","T","R","?","R","M","?","R","BOSS","M","$","M","?","M","R","M","E","T","?","R","$","R","?","R","BOSS","M","M","M"],"items_purchased_type":["Card","Card","Relic","Card"],"build_version":"2020-12-22","purchased_purges":0,"victory":false,"max_hp_per_floor":[75,75,75,75,75,75,75,75,75,75,75,75,75,75,75,75,80,80,80,80,80,80,80,80,80,80,80,80,80,80,80,80,80,80,80,80,80,80],"card_choices":[{"not_picked":["Steam","Hello World"],"picked":"Defragment","floor":1.0},{"not_picked":["Streamline","Hologram"],"picked":"Storm","floor":3.0},{"not_picked":["Consume","Coolheaded"],"picked":"Amplify","floor":8.0},{"not_picked":["Fusion","Storm"],"picked":"Conserve Battery","floor":13.0},{"not_picked":["ReplayTheSpireMod:Omega Cannon","All For One"],"picked":"Machine Learning","floor":16.0},{"not_picked":["Tempest+1","Compile Driver","Leap"],"picked":"SKIP","floor":18.0},{"not_picked":["Static Discharge","Steam+1"],"picked":"Reboot","floor":20.0},{"not_picked":["Gash","Sunder+1","Compile Driver"],"picked":"SKIP","floor":22.0},{"not_picked":["Coolheaded+1","Force Field"],"picked":"ReplayTheSpireMod:Fabricate Wheel","floor":24.0},{"not_picked":["ReplayGash","Ball Lightning+1"],"picked":"Redo+1","floor":25.0},{"not_picked":["Cold Snap","Leap+1"],"picked":"Aggregate","floor":31.0},{"not_picked":["Rainbow","Reboot"],"picked":"Buffer","floor":33},{"not_picked":["Sunder+1","BasicCrystalCard+1"],"picked":"Turbo+1","floor":35},{"not_picked":["Streamline","conspire:Rain+1","ReplayTheSpireMod:Reroute Power+1"],"picked":"SKIP","floor":35},{"not_picked":["Conserve Battery","Leap+1","Sunder"],"picked":"SKIP","floor":36},{"not_picked":["Go for the Eyes+1","Gash","Leap+1"],"picked":"SKIP","floor":36}],"player_experience":387691,"relics_obtained":[{"floor":8.0,"key":"Grinning Jar"},{"floor":9.0,"key":"DemoMod:WhiteGuonStone"},{"floor":21.0,"key":"Replay:Bottled Eggs"},{"floor":25.0,"key":"DemoMod:ClearGuonStone"},{"floor":26.0,"key":"CeramicFish"}],"event_choices":[{"damage_healed":0.0,"max_hp_gain":0.0,"max_hp_loss":0.0,"gold_gain":0.0,"event_name":"Scrap Ooze","player_choice":"Success","floor":4.0,"gold_loss":0.0,"damage_taken":7.0,"relics_obtained":["Simple Rune"]},{"damage_healed":0.0,"max_hp_gain":0.0,"max_hp_loss":0.0,"gold_gain":0.0,"event_name":"WeMeetAgain","player_choice":"Paid Gold","floor":14.0,"gold_loss":63.0,"damage_taken":0.0,"relics_obtained":["War Paint"]},{"damage_healed":0.0,"max_hp_gain":0.0,"max_hp_loss":0.0,"gold_gain":0.0,"event_name":"Knowing Skull","player_choice":"","floor":27.0,"potions_obtained":[],"gold_loss":0.0,"damage_taken":6.0,"cards_obtained":[]}],"is_beta":false,"boss_relics":[{"not_picked":["Abe\u0027s Treasure","Replay:Drink Me"],"picked":"Tiny House"},{"not_picked":["Snecko Eye","Cursed Key"],"picked":"Philosopher\u0027s Stone"}],"items_purged_floors":[],"is_endless":false,"potions_floor_spawned":[3,8,20,24,31,33],"killed_by":"Maw","ascension_level":7}}