{"host":"mj8akmyfd5lo602f","time":1609118004,"event":{"mods":["2.2 Compatiblity","Act Like it!","BaseMod","Bestiary","BshForSts","Colored Map","Colored Powertips","Downfall","Highlight Path","Minty Spire (QoL Compilation)","Permanent Neow","Relic Stats","StSLib","The Servant 0.9.4"],"gold_per_floor":[99,111,127,127,138,148,174,99,118,218,234,249,249,262,273,375,375,375,389,405,417,435,435,480,513,513,363,374,359,386,7,25,121,121,121,140,157,142,154,154,229,279,152,152,152,165,165,165,185,185,185,217,171,171,171],"floor_reached":56,"playtime":3810,"items_purged":[],"score":3135,"play_id":"86a4f345-9bdd-47e6-8f29-59d48e73938a","local_time":"20201228011324","is_ascension_mode":false,"campfire_choices":[{"data":"champ:Taunt","floor":1.0,"key":"SMITH"},{"data":"champ:SkillfulDodge","floor":8.0,"key":"SMITH"},{"data":"champ:FalseCounter","floor":13.0,"key":"SMITH"},{"data":"champ:DefensiveStyle","floor":18.0,"key":"SMITH"},{"floor":23.0,"key":"RECALL"},{"data":"champ:DefensiveShout","floor":27.0,"key":"SMITH"},{"data":"champ:Lariat","floor":35.0,"key":"SMITH"},{"data":"champ:HoldFirm","floor":40,"key":"SMITH"},{"data":"champ:HoldFirm","floor":45,"key":"SMITH"},{"data":"champ:TornadoPunch","floor":47,"key":"SMITH"},{"floor":54,"key":"REST"}],"circlet_count":0,"master_deck":["champ:Strike","champ:Strike","champ:Strike","champ:Strike","champ:Defend","champ:Defend","champ:Defend","champ:Defend","champ:Taunt+1","champ:TornadoPunch+1","champ:SkillfulDodge+1","champ:TornadoPunch+1","champ:FalseCounter+1","champ:ArenaPreparation+1","champ:DefensiveStyle+1","champ:DefensiveShout+1","champ:SkillfulDodge+1","champ:Lariat+1","champ:HoldFirm+1","champ:DefensiveStyle+1","champ:HoldFirm+1","champ:SkillfulDodge","champ:SkillfulDodge","champ:Circumvent","champ:TornadoPunch+1","champ:Circumvent+1"],"relics":["champ:ChampionCrown","Bronze Scales","downfall:HeartBlessingBlue","Sozu","sneckomod:BlankCard","Blood Vial","downfall:HeartBlessingGreen","downfall:HeartBlessingRed","Mummified Hand","Oddly Smooth Stone","Busted Crown","Gremlin Horn","FossilizedHelix","champ:Barbells","Art of War","White Beast Statue"],"acts_visited":["Exordium","TheCity","TheBeyond","TheEnding"],"potions_floor_usage":[55],"damage_taken":[{"damage":5.0,"enemies":"2 Louse","floor":2.0,"turns":2.0},{"damage":0.0,"enemies":"Cultist","floor":3.0,"turns":4.0},{"damage":0.0,"enemies":"Jaw Worm","floor":5.0,"turns":2.0},{"damage":8.0,"enemies":"Gremlin Gang","floor":6.0,"turns":2.0},{"damage":8.0,"enemies":"Lots of Slimes","floor":9.0,"turns":2.0},{"damage":37.0,"enemies":"downfall:Heads","floor":10.0,"turns":4.0},{"damage":3.0,"enemies":"Large Slime","floor":11.0,"turns":5.0},{"damage":0.0,"enemies":"3 Louse","floor":12.0,"turns":1.0},{"damage":13.0,"enemies":"2 Fungi Beasts","floor":14.0,"turns":3.0},{"damage":8.0,"enemies":"Blue Slaver","floor":15.0,"turns":3.0},{"damage":27.0,"enemies":"downfall:Watcher","floor":16.0,"turns":8.0},{"damage":0.0,"enemies":"3 Byrds","floor":19.0,"turns":2.0},{"damage":5.0,"enemies":"Spheric Guardian","floor":20.0,"turns":3.0},{"damage":26.0,"enemies":"Snake Plant","floor":21.0,"turns":3.0},{"damage":5.0,"enemies":"3 Cultists","floor":22.0,"turns":5.0},{"damage":24.0,"enemies":"Gremlin Leader","floor":25.0,"turns":7.0},{"damage":10.0,"enemies":"Snecko","floor":28.0,"turns":4.0},{"damage":5.0,"enemies":"downfall:FleeingMerchant","floor":29.0,"turns":4.0},{"damage":10.0,"enemies":"Slavers","floor":30.0,"turns":3.0},{"damage":20.0,"enemies":"downfall:FleeingMerchant","floor":31.0,"turns":4.0},{"damage":5.0,"enemies":"Sentry and Sphere","floor":32.0,"turns":3.0},{"damage":9.0,"enemies":"downfall:Silent","floor":33.0,"turns":8.0},{"damage":0.0,"enemies":"3 Shapes","floor":36.0,"turns":4.0},{"damage":5.0,"enemies":"Orb Walker","floor":37.0,"turns":3.0},{"damage":25,"enemies":"downfall:FleeingMerchant","floor":38,"turns":4},{"damage":0,"enemies":"4 Shapes","floor":39,"turns":2},{"damage":20,"enemies":"Mind Bloom Boss Battle","floor":42,"turns":8},{"damage":0,"enemies":"downfall:FleeingMerchant","floor":43,"turns":2},{"damage":0,"enemies":"Writhing Mass","floor":46,"turns":5},{"damage":0,"enemies":"Maw","floor":49,"turns":7},{"damage":0,"enemies":"downfall:Ironclad","floor":50,"turns":9},{"damage":49,"enemies":"downfall:CharBossMerchant","floor":52,"turns":10},{"damage":14,"enemies":"downfall:NeowBoss","floor":55,"turns":54}],"seed_played":"9075205811627828742","potions_obtained":[{"floor":5.0,"key":"PowerPotion"},{"floor":6.0,"key":"champ:TechniquePotion"},{"floor":9.0,"key":"sneckomod:MuddlingPotion"},{"floor":11.0,"key":"LiquidBronze"}],"is_trial":false,"path_per_floor":["R","M","M","?","M","M","T","R","M","?","M","M","R","M","M","B",null,"R","M","M","M","M","R","T","E","?","R","M","$","E","$","M","B",null,"R","M","M","$","M","R","T","?","$","?","R","M","R","?","M","B",null,"E","$","R","B",null],"character_chosen":"THE_CHAMP","items_purchased":["champ:Lariat","Oddly Smooth Stone","champ:HoldFirm","champ:Barbells","Art of War","champ:SkillfulDodge","champ:Circumvent","champ:TornadoPunch","champ:Circumvent"],"campfire_rested":1,"item_purchase_floors":[31,31,31,43,43,43,43,43,53],"current_hp_per_floor":[90,90,90,90,90,82,82,92,84,47,44,44,44,31,28,28,100,100,100,100,79,79,79,79,60,60,60,57,59,56,58,60,61,100,100,100,100,100,100,100,100,100,100,100,100,100,100,100,100,100,100,81,81,100,91],"gold":171,"neow_bonus":"RANDOM_COMMON_RELIC","is_daily":false,"chose_seed":false,"campfire_upgraded":9,"win_rate":0.0,"timestamp":1609118004,"path_taken":["R","M","M","?","?","M","T","R","M","?","M","M","R","M","M","BOSS","R","M","M","M","M","R","T","E","?","R","M","$","E","$","M","BOSS","R","M","?","$","?","R","T","?","$","?","R","M","R","?","M","BOSS","E","$","R","BOSS"],"items_purchased_type":["Card","Relic","Card","Relic","Relic","Card","Card","Card","Card"],"build_version":"2020-12-22","purchased_purges":0,"victory":true,"max_hp_per_floor":[90,90,90,90,90,90,90,100,100,100,100,100,100,100,100,100,100,100,100,100,100,100,100,100,100,100,100,100,100,100,100,100,100,100,100,100,100,100,100,100,100,100,100,100,100,100,100,100,100,100,100,100,100,100,100],"relic_stats":{"Sozu":6,"Blood Vial":12,"Busted Crown":22,"Gremlin Horn":[3,3],"counters":[33,190],"Mummified Hand":[29],"Bronze Scales":[545],"Art of War":[52],"obtain_stats":[{"champ:Barbells":43,"downfall:HeartBlessingRed":27,"Gremlin Horn":41,"sneckomod:BlankCard":24,"Oddly Smooth Stone":31,"champ:ChampionCrown":0,"downfall:HeartBlessingGreen":27,"White Beast Statue":52,"Sozu":17,"Blood Vial":25,"Busted Crown":34,"downfall:HeartBlessingBlue":8,"Mummified Hand":30,"Bronze Scales":0,"Art of War":43,"FossilizedHelix":42},{"champ:Barbells":28,"downfall:HeartBlessingRed":16,"Gremlin Horn":26,"sneckomod:BlankCard":15,"Oddly Smooth Stone":20,"champ:ChampionCrown":0,"downfall:HeartBlessingGreen":16,"White Beast Statue":32,"Sozu":11,"Blood Vial":16,"Busted Crown":22,"downfall:HeartBlessingBlue":4,"Mummified Hand":19,"Bronze Scales":0,"Art of War":28,"FossilizedHelix":27},{"champ:Barbells":105,"downfall:HeartBlessingRed":56,"Gremlin Horn":95,"sneckomod:BlankCard":49,"Oddly Smooth Stone":71,"champ:ChampionCrown":0,"downfall:HeartBlessingGreen":56,"White Beast Statue":136,"Sozu":36,"Blood Vial":56,"Busted Crown":82,"downfall:HeartBlessingBlue":10,"Mummified Hand":67,"Bronze Scales":0,"Art of War":105,"FossilizedHelix":103}]},"card_choices":[{"not_picked":["champ:GladiatorStyle","champ:FocusedBerserking"],"picked":"champ:TornadoPunch","floor":2.0},{"not_picked":["champ:FlashCut","champ:RecklessLeap"],"picked":"champ:SkillfulDodge","floor":3.0},{"not_picked":["champ:BerserkersShout","champ:RageSigil","champ:FanOfKnives"],"picked":"SKIP","floor":5.0},{"not_picked":["champ:BringItOn","champ:Shatter"],"picked":"champ:TornadoPunch","floor":6.0},{"not_picked":["champ:FanOfKnives","champ:FightOn","champ:GladiatorStyle"],"picked":"SKIP","floor":9.0},{"not_picked":["champ:Circumvent","champ:ViciousMockery"],"picked":"champ:FalseCounter","floor":11.0},{"not_picked":["champ:Aggression","champ:FocusedBerserking","champ:BringItOn"],"picked":"SKIP","floor":12.0},{"not_picked":["champ:StanceDance","champ:BerserkersShout"],"picked":"champ:ArenaPreparation","floor":14.0},{"not_picked":["champ:Haymaker","champ:CrookedStrike"],"picked":"champ:DefensiveStyle","floor":15.0},{"not_picked":["champ:FlashCut","champ:ShieldSigil","champ:HeartStrike"],"picked":"SKIP","floor":19.0},{"not_picked":["champ:StanceDance","champ:ArenaPreparation"],"picked":"champ:DefensiveShout","floor":20.0},{"not_picked":["champ:CalledShot","champ:BerserkerStyle","champ:ShieldSigil"],"picked":"SKIP","floor":21.0},{"not_picked":["champ:ShieldWall","champ:DefensiveShout","champ:BladeFlurry+1"],"picked":"SKIP","floor":22.0},{"not_picked":["champ:CalledShot","champ:StrikeOfGenius","champ:FlashCut"],"picked":"SKIP","floor":25.0},{"not_picked":["champ:BladeFlurry","champ:Haymaker+1"],"picked":"champ:SkillfulDodge+1","floor":28.0},{"not_picked":["champ:FightOn","champ:EnragedBash","champ:Shatter"],"picked":"SKIP","floor":29.0},{"not_picked":["champ:VampiricStrike","champ:Balance","champ:ShieldSigil"],"picked":"SKIP","floor":30.0},{"not_picked":["champ:Haymaker","champ:CrookedStrike","champ:AdrenalArmor"],"picked":"SKIP","floor":31.0},{"not_picked":["champ:GladiatorStyle","champ:Haymaker"],"picked":"champ:DefensiveStyle","floor":32.0},{"not_picked":["champ:ShieldSlam","champ:PerfectForm"],"picked":"champ:HoldFirm","floor":33.0},{"not_picked":["champ:ShieldSigil+1"],"picked":"SKIP","floor":36.0},{"not_picked":[],"picked":"champ:SkillfulDodge","floor":37.0},{"not_picked":["champ:CheapShot"],"picked":"SKIP","floor":38},{"not_picked":["champ:PerfectedStrike+1"],"picked":"SKIP","floor":39},{"not_picked":["champ:VampiricStrike"],"picked":"SKIP","floor":43},{"not_picked":["champ:Aggression+1"],"picked":"SKIP","floor":46},{"not_picked":["champ:CalledShot+1"],"picked":"SKIP","floor":49},{"not_picked":["champ:StanceDance"],"picked":"SKIP","floor":52}],"player_experience":460563,"relics_obtained":[{"floor":24.0,"key":"sneckomod:BlankCard"},{"floor":25.0,"key":"Blood Vial"},{"floor":30.0,"key":"Mummified Hand"},{"floor":41,"key":"Gremlin Horn"},{"floor":42,"key":"FossilizedHelix"},{"floor":52,"key":"White Beast Statue"}],"event_choices":[{"damage_healed":0.0,"max_hp_gain":0.0,"max_hp_loss":0.0,"gold_gain":0.0,"event_name":"Accursed Blacksmith","player_choice":"Forge","floor":4.0,"gold_loss":0.0,"damage_taken":0.0,"cards_upgraded":["champ:TornadoPunch"]},{"damage_healed":0.0,"max_hp_gain":0.0,"max_hp_loss":0.0,"gold_gain":0.0,"event_name":"Accursed Blacksmith","player_choice":"Forge","floor":10.0,"gold_loss":0.0,"damage_taken":0.0,"cards_upgraded":["champ:TornadoPunch"]},{"cards_removed":["champ:Execute"],"damage_healed":0.0,"max_hp_gain":0.0,"max_hp_loss":0.0,"gold_gain":0.0,"event_name":"Bonfire Elementals","player_choice":"Offered Basic","floor":26.0,"gold_loss":0.0,"damage_taken":0.0}],"is_beta":false,"boss_relics":[{"not_picked":["Runic Dome","Astrolabe"],"picked":"Sozu"},{"not_picked":["Coffee Dripper","Fusion Hammer"],"picked":"Busted Crown"}],"items_purged_floors":[],"is_endless":false,"potions_floor_spawned":[5,6,9,11,15,20,21,25,32,33,39,42,46],"ascension_level":0}}