{"host":"4zkge9b5bb6kwkft","time":1609115546,"event":{"mods":["AchievementEnabler","BaseMod","Better Skull","BetterRewards","Block Reminder","Colored Map","Colored Powertips","Curses Come First","Highlight Path","Infinite Spire","Minty Spire (QoL Compilation)","Quick Restart","Relic Stats","Replay The Spire","Retaliation","Spicy Shops","StSLib","SuperFastMode","The Blue Laboratory","The Marked"],"gold_per_floor":[112,130,150,150,169,169,182,182,182,201,201,68,68,109,109,230,230,249,249,263,80,96,96,117,117,117,78,91,126,126,126,126,126,126],"floor_reached":33,"playtime":1592,"items_purged":["Pride","Pride"],"score":267,"play_id":"60599320-35cc-4aa1-84fd-57776ed26cd2","local_time":"20201227163226","is_ascension_mode":false,"campfire_choices":[{"floor":6.0,"key":"REST"},{"floor":8.0,"key":"REST"},{"floor":13.0,"key":"REST"},{"data":"theMarked:SoldierOfQuellstein","floor":15.0,"key":"SMITH"},{"floor":23,"key":"REST"},{"data":"theMarked:SoldierOfQuellstein","floor":25,"key":"SMITH"},{"floor":30,"key":"DIG"},{"floor":32,"key":"DIG"}],"circlet_count":0,"master_deck":["theMarked:Strike","theMarked:Strike","theMarked:Strike","theMarked:Strike","theMarked:Strike","theMarked:Defend","theMarked:Defend","theMarked:Defend","theMarked:Defend","theMarked:SoldierOfQuellstein+1","theMarked:RepellingDischarge+1","theMarked:EmpowerWeapon+1","theMarked:SwordAndMagic","theMarked:ParalyzingBlade+1","CurseOfTheBell","theMarked:TakeCover","theMarked:SoldierOfQuellstein+1","theMarked:TwofoldDefense","theMarked:TakeCover","theMarked:RepellingDischarge+1","theMarked:TwofoldDefense+1","Iron Wave"],"relics":["theMarked:ArtifactOfAir","Lizard Tail","infinitespire:Satchel","Replay:Bottled Eggs","Golden Idol","Guide Book","theMarked:KettuFlask","Calling Bell","Juzu Bracelet","Snack Pack","Shovel","infinitespire:Beetle Shell","Mirror","theMarked:NailFile","Golden Egg"],"acts_visited":["Exordium","TheCity"],"potions_floor_usage":[24,28,29,33],"damage_taken":[{"damage":3.0,"enemies":"Jaw Worm","floor":1.0,"turns":3.0},{"damage":2.0,"enemies":"2 Louse","floor":2.0,"turns":3.0},{"damage":1.0,"enemies":"Cultist","floor":3.0,"turns":4.0},{"damage":31.0,"enemies":"Gremlin Gang","floor":5.0,"turns":5.0},{"damage":0.0,"enemies":"3 Louse","floor":7.0,"turns":2.0},{"damage":33.0,"enemies":"Exordium Thugs","floor":10.0,"turns":4.0},{"damage":8.0,"enemies":"Gremlin Nob","floor":14.0,"turns":3.0},{"damage":40.0,"enemies":"The Guardian","floor":16.0,"turns":7.0},{"damage":21.0,"enemies":"3 Byrds","floor":18.0,"turns":5.0},{"damage":21,"enemies":"Spheric Guardian","floor":20,"turns":5},{"damage":26,"enemies":"Centurion and Healer","floor":22,"turns":7},{"damage":2,"enemies":"Chosen and Byrds","floor":24,"turns":4},{"damage":10,"enemies":"3 Cultists","floor":28,"turns":6},{"damage":5,"enemies":"Gremlin Leader","floor":29,"turns":9},{"damage":57,"enemies":"Automaton","floor":33,"turns":10}],"seed_played":"-1793251760724771482","potions_obtained":[{"floor":2.0,"key":"DuplicationPotion"},{"floor":5.0,"key":"blueLaboratory:ExaltedPotion"},{"floor":7.0,"key":"Elixir"},{"floor":10.0,"key":"blueLaboratory:FruitPreserves"},{"floor":18.0,"key":"blueLaboratory:PyrophylliteBrew"},{"floor":24,"key":"blueLaboratory:SavagePotion"},{"floor":28,"key":"theMarked:SummonPotion"}],"is_trial":false,"path_per_floor":["M","M","M","?","M","R","M","R","T","M","?","$","R","E","R","B",null,"M","?","M","$","M","R","M","R","T","$","M","E","R","?","R","B"],"character_chosen":"THE_DEFAULT","items_purchased":["Guide Book","theMarked:TakeCover","theMarked:TwofoldDefense+1"],"campfire_rested":4,"item_purchase_floors":[12,21,27],"current_hp_per_floor":[46,44,43,43,12,33,33,54,54,21,21,21,40,32,32,26,65,50,50,31,31,5,24,26,26,26,26,18,17,17,17,17,0,0],"gold":126,"neow_bonus":"ONE_RARE_RELIC","is_daily":false,"chose_seed":false,"campfire_upgraded":2,"win_rate":0.0,"timestamp":1609115546,"path_taken":["M","M","M","?","M","R","M","R","T","M","?","?","R","E","R","BOSS","M","?","M","$","M","R","M","R","T","$","M","E","R","?","R","BOSS"],"items_purchased_type":["Relic","Card","Card"],"build_version":"2020-12-22","purchased_purges":2,"victory":false,"max_hp_per_floor":[70,70,70,70,70,70,70,70,70,70,65,65,65,65,65,65,65,65,65,65,65,65,65,65,65,65,65,65,65,65,65,65,65,65],"relic_stats":{"Lizard Tail":32,"Shovel":2,"counters":[41,197],"Golden Idol":56,"Juzu Bracelet":1,"obtain_stats":[{"Divine Protection":9,"Golden Egg":32,"Spirit Poop":45,"Bag of Preparation":13,"Juzu Bracelet":17,"ClockworkSouvenir":13,"theMarked:KettuFlask":14,"Blood Vial":43,"BranchBurnRelic":10,"Nunchaku":41,"Lizard Tail":0,"Matryoshka":28,"Shovel":17,"Pantograph":14,"Ring of Peace":21,"Philosopher\u0027s Stone":34,"Iron Hammer":26,"Red Mask":29,"Replay:Wax Seal":43,"Replay:Bottled Eggs":9,"theMarked:NailFile":30,"ReplayTheSpireMod:CursedCoin":13,"Golden Idol":11,"Dead Branch":6,"Guide Book":12,"Circlet":0,"Thread and Needle":0,"infinitespire:Beetle Shell":26,"infinitespire:Lucky Rock":28,"War Paint":23,"Calling Bell":17,"theMarked:ArtifactOfAir":0,"SlaversCollar":17,"infinitespire:Lychee Nut":11,"Shuriken":44,"infinitespire:Satchel":4,"Bag of Marbles":20,"Snack Pack":17,"ReplayTheSpireMod:Ring of Challenge":21,"Mirror":29},{"Divine Protection":7,"Golden Egg":40,"Spirit Poop":25,"Bag of Preparation":8,"Juzu Bracelet":34,"ClockworkSouvenir":8,"theMarked:KettuFlask":33,"Blood Vial":24,"BranchBurnRelic":7,"Nunchaku":24,"Lizard Tail":26,"Matryoshka":16,"Shovel":34,"Pantograph":9,"Ring of Peace":12,"Philosopher\u0027s Stone":19,"Iron Hammer":15,"Red Mask":17,"Replay:Wax Seal":24,"Replay:Bottled Eggs":31,"theMarked:NailFile":40,"ReplayTheSpireMod:CursedCoin":8,"Golden Idol":32,"Dead Branch":5,"Guide Book":32,"Circlet":0,"Thread and Needle":0,"infinitespire:Beetle Shell":38,"infinitespire:Lucky Rock":16,"War Paint":14,"Calling Bell":34,"theMarked:ArtifactOfAir":0,"SlaversCollar":10,"infinitespire:Lychee Nut":8,"Shuriken":25,"infinitespire:Satchel":29,"Bag of Marbles":12,"Snack Pack":34,"ReplayTheSpireMod:Ring of Challenge":12,"Mirror":40},{"Divine Protection":24,"Golden Egg":187,"Spirit Poop":116,"Bag of Preparation":30,"Juzu Bracelet":151,"ClockworkSouvenir":30,"theMarked:KettuFlask":144,"Blood Vial":111,"BranchBurnRelic":24,"Nunchaku":111,"Lizard Tail":120,"Matryoshka":74,"Shovel":151,"Pantograph":33,"Ring of Peace":51,"Philosopher\u0027s Stone":90,"Iron Hammer":67,"Red Mask":79,"Replay:Wax Seal":111,"Replay:Bottled Eggs":137,"theMarked:NailFile":187,"ReplayTheSpireMod:CursedCoin":30,"Golden Idol":141,"Dead Branch":18,"Guide Book":141,"Circlet":0,"Thread and Needle":0,"infinitespire:Beetle Shell":172,"infinitespire:Lucky Rock":74,"War Paint":60,"Calling Bell":151,"theMarked:ArtifactOfAir":0,"SlaversCollar":41,"infinitespire:Lychee Nut":30,"Shuriken":116,"infinitespire:Satchel":130,"Bag of Marbles":51,"Snack Pack":151,"ReplayTheSpireMod:Ring of Challenge":51,"Mirror":187}]},"card_choices":[{"not_picked":["theMarked:DeterminationOfTheMarked","theMarked:RogueSparks"],"picked":"theMarked:RepellingDischarge","floor":1.0},{"not_picked":["theMarked:WastefulAttack","theMarked:ResourceFulStrike"],"picked":"theMarked:EmpowerWeapon","floor":2.0},{"not_picked":["theMarked:Improvise","theMarked:TwofoldDefense"],"picked":"theMarked:SwordAndMagic","floor":3.0},{"not_picked":["theMarked:Parkour","theMarked:HeightenedSenses"],"picked":"theMarked:ParalyzingBlade","floor":5.0},{"not_picked":["theMarked:TwofoldDefense","theMarked:ResourceFulStrike","theMarked:LightningStrikesTwice"],"picked":"SKIP","floor":7.0},{"not_picked":["theMarked:MuscleMemory","theMarked:TwofoldDefense","theMarked:LightningStrikesTwice"],"picked":"SKIP","floor":10.0},{"not_picked":["theMarked:MagicAdept","theMarked:BanishingStrike","theMarked:TunnelVision"],"picked":"SKIP","floor":14.0},{"not_picked":["theMarked:DispelDoubt","theMarked:SummonStrength"],"picked":"theMarked:UnarmedFury","floor":16.0},{"not_picked":["theMarked:BanishingWave+1","theMarked:Improvise+1"],"picked":"theMarked:TakeCover","floor":18.0},{"not_picked":["theMarked:Indomitable","theMarked:Frustration+1","theMarked:Improvise"],"picked":"SKIP","floor":20},{"not_picked":["theMarked:Frustration","theMarked:Aftermath"],"picked":"theMarked:RepellingDischarge+1","floor":22},{"not_picked":["theMarked:WastefulAttack+1","theMarked:Aftermath","theMarked:Panic"],"picked":"SKIP","floor":24},{"not_picked":["theMarked:WardOff","theMarked:Static","theMarked:ShockingTouch"],"picked":"SKIP","floor":28},{"not_picked":["theMarked:Defy","theMarked:ResourceFulStrike","theMarked:Static"],"picked":"SKIP","floor":29}],"player_experience":356399,"relics_obtained":[{"floor":9.0,"key":"Replay:Bottled Eggs"},{"floor":14.0,"key":"theMarked:KettuFlask"},{"floor":17.0,"key":"Juzu Bracelet"},{"floor":17.0,"key":"Snack Pack"},{"floor":17.0,"key":"Shovel"},{"floor":26,"key":"infinitespire:Beetle Shell"},{"floor":29,"key":"Mirror"},{"floor":30,"key":"theMarked:NailFile"},{"floor":32,"key":"Golden Egg"}],"event_choices":[{"damage_healed":0.0,"max_hp_gain":0.0,"max_hp_loss":5.0,"gold_gain":0.0,"event_name":"Golden Idol","player_choice":"Lose Max HP","floor":11.0,"gold_loss":0.0,"damage_taken":0.0,"relics_obtained":["Golden Idol"]},{"damage_healed":0,"gold_gain":0,"player_choice":"2 cards matched","damage_taken":0,"max_hp_gain":0,"max_hp_loss":0,"event_name":"Match and Keep!","floor":19,"gold_loss":0,"cards_obtained":["theMarked:SoldierOfQuellstein","theMarked:TwofoldDefense"]},{"cards_removed":["theMarked:UnarmedFury"],"damage_healed":0,"gold_gain":0,"player_choice":"Took Card","damage_taken":0,"max_hp_gain":0,"max_hp_loss":0,"event_name":"NoteForYourself","floor":31,"gold_loss":0,"cards_obtained":["Iron Wave"]}],"is_beta":false,"boss_relics":[{"not_picked":["Honey Jar","Pandora\u0027s Box"],"picked":"Calling Bell"}],"items_purged_floors":[12,21],"is_endless":false,"potions_floor_spawned":[2,5,7,10,18,24,28],"killed_by":"Automaton","ascension_level":0}}