{"host":"k85tjwrh7mjrrc9a","time":1609182389,"event":{"mods":["AchievementEnabler","BaseMod","Colored Powertips","Highlight Path","Minty Spire (QoL Compilation)","Rare Cards Sparkle","StSLib"],"gold_per_floor":[113,113,127,138,157,157,188,188,188,198,198,123,138,151,151,255,255,273,134,233,233,252,277,277,277,359,359,284,317,120,136,136,239,239,253,253,101,0,0,0,33,48,71,71,82,96,96,113,113,113],"floor_reached":51,"playtime":5125,"items_purged":["Strike_B","Strike_B","Strike_B"],"score":692,"play_id":"0f362541-87be-4808-b530-afd609ea2e05","local_time":"20201228140629","is_ascension_mode":false,"campfire_choices":[{"data":"Dualcast","floor":6,"key":"SMITH"},{"data":"Static Discharge","floor":8,"key":"SMITH"},{"data":"White Noise","floor":15,"key":"SMITH"},{"data":"White Noise","floor":24,"key":"SMITH"},{"data":"Buffer","floor":32,"key":"SMITH"},{"data":"Seek","floor":40,"key":"SMITH"},{"floor":44,"key":"REST"},{"data":"Skim","floor":47,"key":"SMITH"},{"floor":49,"key":"REST"}],"circlet_count":0,"master_deck":["Strike_B","Defend_B","Defend_B","Defend_B","Zap+1","Dualcast+1","Static Discharge+1","Go for the Eyes","Leap","Compile Driver","Skim+1","White Noise+1","Buffer+1","Go for the Eyes","Defragment","White Noise+1","Coolheaded+1","All For One","Defragment","Seek+1","Gash+1","Conserve Battery+1"],"relics":["Cracked Core","Matryoshka","Omamori","Bag of Marbles","Pear","SacredBark","Bottled Tornado","Potion Belt","Bottled Lightning","Centennial Puzzle","Busted Crown","ClockworkSouvenir","Red Mask","Boot","Blood Vial"],"acts_visited":["Exordium","TheCity","TheBeyond"],"potions_floor_usage":[16,27,29,41,50,50],"damage_taken":[{"damage":0,"enemies":"Small Slimes","floor":1,"turns":3},{"damage":3,"enemies":"Jaw Worm","floor":3,"turns":3},{"damage":1,"enemies":"Cultist","floor":4,"turns":3},{"damage":9,"enemies":"Blue Slaver","floor":5,"turns":3},{"damage":12,"enemies":"Lagavulin","floor":7,"turns":7},{"damage":6,"enemies":"Exordium Wildlife","floor":10,"turns":3},{"damage":6,"enemies":"Exordium Thugs","floor":13,"turns":3},{"damage":3,"enemies":"Looter","floor":14,"turns":3},{"damage":24,"enemies":"Slime Boss","floor":16,"turns":8},{"damage":14,"enemies":"Spheric Guardian","floor":18,"turns":4},{"damage":1,"enemies":"Chosen","floor":22,"turns":5},{"damage":14,"enemies":"Book of Stabbing","floor":23,"turns":5},{"damage":0,"enemies":"Centurion and Healer","floor":27,"turns":1},{"damage":21,"enemies":"Slavers","floor":29,"turns":4},{"damage":9,"enemies":"Snecko","floor":31,"turns":6},{"damage":20,"enemies":"Champ","floor":33,"turns":14},{"damage":16,"enemies":"3 Darklings","floor":35,"turns":6},{"damage":28,"enemies":"Giant Head","floor":41,"turns":9},{"damage":6,"enemies":"Orb Walker","floor":42,"turns":3},{"damage":5,"enemies":"Jaw Worm Horde","floor":45,"turns":5},{"damage":8,"enemies":"Transient","floor":46,"turns":5},{"damage":14,"enemies":"4 Shapes","floor":48,"turns":4},{"damage":75,"enemies":"Awakened One","floor":50,"turns":10}],"seed_played":"-4294730144404374595","potions_obtained":[{"floor":1,"key":"Swift Potion"},{"floor":5,"key":"Energy Potion"},{"floor":10,"key":"FearPotion"},{"floor":13,"key":"EssenceOfSteel"},{"floor":18,"key":"SmokeBomb"},{"floor":22,"key":"Regen Potion"},{"floor":31,"key":"Strength Potion"},{"floor":42,"key":"DuplicationPotion"}],"is_trial":false,"path_per_floor":["M","?","M","M","M","R","E","R","T","M","?","$","M","M","R","B",null,"M","$","?","$","M","E","R","?","T","M","?","E","$","M","R","B",null,"M","?","$","?","$","R","E","M","T","R","M","M","R","M","R","B",null],"character_chosen":"DEFECT","items_purchased":["Defragment","Defragment","ClockworkSouvenir"],"campfire_rested":2,"item_purchase_floors":[19,30,37],"current_hp_per_floor":[82,79,76,75,66,66,54,54,64,58,58,58,52,49,49,25,92,78,78,78,78,77,63,63,57,57,57,57,63,63,54,54,34,92,76,76,76,76,76,76,48,42,42,69,66,60,60,48,75,2],"gold":113,"neow_bonus":"TEN_PERCENT_HP_BONUS","is_daily":false,"chose_seed":false,"campfire_upgraded":7,"win_rate":0.0,"timestamp":1609182389,"path_taken":["M","?","M","M","M","R","E","R","T","M","?","$","M","M","R","BOSS","M","?","?","?","?","E","R","?","T","?","?","E","$","M","R","BOSS","M","?","$","?","?","R","E","M","T","R","M","M","R","M","R","BOSS"],"items_purchased_type":["Card","Card","Relic"],"build_version":"2020-12-22","purchased_purges":3,"victory":true,"max_hp_per_floor":[82,82,82,82,82,82,82,82,92,92,92,92,92,92,92,92,92,92,92,92,92,92,92,92,92,92,92,92,92,92,92,92,92,92,92,92,92,92,92,92,92,92,92,92,92,92,92,92,92,92],"card_choices":[{"not_picked":["Chaos","Go for the Eyes"],"picked":"Static Discharge","floor":1},{"not_picked":["Conserve Battery","Leap"],"picked":"Go for the Eyes","floor":3},{"not_picked":["Beam Cell","Reinforced Body"],"picked":"Leap","floor":4},{"not_picked":["Sweeping Beam","Melter"],"picked":"Compile Driver","floor":5},{"not_picked":["Sweeping Beam","Compile Driver"],"picked":"Skim","floor":7},{"not_picked":["Steam","Gash","Tempest"],"picked":"SKIP","floor":10},{"not_picked":["Fission","Hologram"],"picked":"White Noise","floor":13},{"not_picked":["Conserve Battery","Consume","Stack"],"picked":"SKIP","floor":14},{"not_picked":["Machine Learning","Thunder Strike"],"picked":"Buffer","floor":16},{"not_picked":["Gash+1","BootSequence"],"picked":"Go for the Eyes","floor":18},{"not_picked":["Redo","Force Field"],"picked":"White Noise","floor":22},{"not_picked":["Cold Snap","Streamline+1"],"picked":"Coolheaded+1","floor":23},{"not_picked":["FTL","Hello World"],"picked":"All For One","floor":29},{"not_picked":["Sweeping Beam","Redo"],"picked":"Compile Driver+1","floor":31},{"not_picked":["Biased Cognition","Amplify"],"picked":"Seek","floor":33},{"not_picked":["Sweeping Beam"],"picked":"SKIP","floor":35},{"not_picked":[],"picked":"Gash+1","floor":41},{"not_picked":["Steam"],"picked":"SKIP","floor":42},{"not_picked":["Hologram"],"picked":"SKIP","floor":45},{"not_picked":["Hologram"],"picked":"SKIP","floor":45},{"not_picked":["BootSequence"],"picked":"SKIP","floor":46},{"not_picked":[],"picked":"Conserve Battery+1","floor":48}],"player_experience":85652,"relics_obtained":[{"floor":7,"key":"Omamori"},{"floor":9,"key":"Bag of Marbles"},{"floor":9,"key":"Pear"},{"floor":23,"key":"Bottled Tornado"},{"floor":26,"key":"Potion Belt"},{"floor":26,"key":"Bottled Lightning"},{"floor":29,"key":"Centennial Puzzle"},{"floor":41,"key":"Boot"},{"floor":43,"key":"Blood Vial"}],"event_choices":[{"damage_healed":0,"gold_gain":0,"player_choice":"Success","damage_taken":3,"relics_obtained":["Matryoshka"],"max_hp_gain":0,"max_hp_loss":0,"event_name":"Scrap Ooze","floor":2,"gold_loss":0},{"damage_healed":0,"gold_gain":0,"player_choice":"Upgraded","damage_taken":0,"max_hp_gain":0,"max_hp_loss":0,"event_name":"Upgrade Shrine","floor":11,"gold_loss":0,"cards_upgraded":["Zap"]},{"damage_healed":0,"gold_gain":99,"player_choice":"Stole From Cult","damage_taken":0,"max_hp_gain":0,"max_hp_loss":0,"event_name":"Nest","floor":20,"gold_loss":0},{"damage_healed":0,"gold_gain":0,"player_choice":"","damage_taken":6,"max_hp_gain":0,"max_hp_loss":0,"event_name":"Knowing Skull","floor":25,"potions_obtained":[],"gold_loss":0,"cards_obtained":[]},{"cards_removed":["Defend_B"],"damage_healed":0,"gold_gain":0,"player_choice":"Gave Gold","damage_taken":0,"max_hp_gain":0,"max_hp_loss":0,"event_name":"Beggar","floor":28,"gold_loss":75},{"cards_removed":["Compile Driver"],"damage_healed":0,"gold_gain":0,"player_choice":"Removed Attack","damage_taken":0,"max_hp_gain":0,"max_hp_loss":0,"event_name":"Falling","floor":36,"gold_loss":0},{"damage_healed":0,"gold_gain":0,"player_choice":"Paid","damage_taken":0,"relics_obtained":["Red Mask"],"max_hp_gain":0,"max_hp_loss":0,"event_name":"Tomb of Lord Red Mask","floor":38,"gold_loss":101}],"is_beta":false,"boss_relics":[{"not_picked":["Astrolabe","Coffee Dripper"],"picked":"SacredBark"},{"not_picked":["Inserter","Nuclear Battery"],"picked":"Busted Crown"}],"items_purged_floors":[12,19,30],"is_endless":false,"potions_floor_spawned":[1,5,10,13,18,22,27,31,42],"ascension_level":0}}