{"host":"iku36qoao9132ep5","time":1609175817,"event":{"mods":["AchievementEnabler","BaseMod","BetterRewards","DeckTracker","Minty Spire (QoL Compilation)","Quick Restart","SuperFastMode"],"gold_per_floor":[110,110,124,124,299,333,333,377,377,392,405,405,418,24,24,120,120,140,140,173,185,185,217,246,273,273,372,174,174,174,192,192,293,293,321,543,88,122,422,447,456,456,481,515,565,600,600,627,627,627,627,627,427,469,469],"floor_reached":56,"playtime":2480,"items_purged":["Strike_G","Strike_G","Strike_G","Strike_G","Strike_G","Defend_G","Defend_G","Defend_G","Defend_G","Survivor","Masterful Stab","Neutralize+1","Prepared+1","Feed+1"],"score":2314,"play_id":"25aa640e-a08c-43ba-be93-2ccfe018b77e","local_time":"20201228181657","is_ascension_mode":true,"campfire_choices":[{"floor":7.0,"key":"DIG"},{"floor":15.0,"key":"RECALL"},{"floor":30.0,"key":"DIG"},{"floor":32.0,"key":"DIG"},{"floor":42,"key":"DIG"},{"data":"Finesse","floor":47,"key":"SMITH"},{"data":"Cloak And Dagger","floor":49,"key":"SMITH"},{"data":"Wild Strike+1","floor":52,"key":"PURGE"}],"circlet_count":83,"master_deck":["Infinite Blades","Infinite Blades","Finesse+1","Blade Dance","Flash of Steel+1","Accuracy","Cloak And Dagger+1","Blade Dance+1","MasterReality+1","Flash of Steel+1","Entrench+1","Good Instincts+1","Adrenaline+1","Armaments+1","Hologram+1","Finesse+1","Escape Plan+1","Crescendo+1","Crescendo+1"],"relics":["Ring of the Snake","Omamori","WingedGreaves","The Specimen","Sling","Mercury Hourglass","HandDrill","Tiny Chest","Gambling Chip","Frozen Eye","Bag of Preparation","Tingsha","Prayer Wheel","TwistedFunnel","Regal Pillow","MealTicket","Thread and Needle","Medical Kit","Peace Pipe","Unceasing Top","StoneCalendar","Torii","Anchor","Mango","Toolbox","DollysMirror","Toy Ornithopter","Potion Belt","CaptainsWheel","ClockworkSouvenir","Lantern","CeramicFish","Ice Cream","TheAbacus","Vajra","Bag of Marbles","TungstenRod","Kunai","Lee\u0027s Waffle","Bronze Scales","Shovel","Chemical X","Gremlin Horn","Blood Vial","Calipers","Membership Card","Ancient Tea Set","Ginger","Turnip","Incense Burner","Strange Spoon","Sundial","Darkstone Periapt","PrismaticShard","Oddly Smooth Stone","Centennial Puzzle","Du-Vu Doll","Orrery","PreservedInsect","Pen Nib","Lizard Tail","OrangePellets","Whetstone","Mummified Hand","FossilizedHelix","Cauldron","HornCleat","Bird Faced Urn","Tough Bandages","White Beast Statue","Strawberry","Paper Crane","Pocketwatch","Eternal Feather","Bottled Lightning","Molten Egg 2","Circlet","Shuriken","Akabeko","Letter Opener","Question Card","Boot","Bottled Tornado","Orichalcum","Art of War","Ninja Scroll","Nunchaku","Snake Skull","Pantograph","Pear","Happy Flower","Bottled Flame","StrikeDummy","InkBottle","Frozen Egg 2","Matryoshka","Dream Catcher","Toxic Egg 2","Ornamental Fan","War Paint","Meat on the Bone","Juzu Bracelet","HoveringKite","Red Mask","Nilry\u0027s Codex","WristBlade"],"acts_visited":["TheBeyond","TheEnding"],"potions_floor_usage":[],"damage_taken":[{"damage":0.0,"enemies":"2 Louse","floor":1.0,"turns":1.0},{"damage":0.0,"enemies":"Small Slimes","floor":3.0,"turns":1.0},{"damage":0.0,"enemies":"Lagavulin","floor":6.0,"turns":1.0},{"damage":0.0,"enemies":"Gremlin Nob","floor":8.0,"turns":1.0},{"damage":0.0,"enemies":"Cultist","floor":10.0,"turns":1.0},{"damage":0.0,"enemies":"3 Louse","floor":11.0,"turns":1.0},{"damage":0.0,"enemies":"2 Fungi Beasts","floor":13.0,"turns":1.0},{"damage":0.0,"enemies":"Slime Boss","floor":16.0,"turns":1.0},{"damage":0.0,"enemies":"Shell Parasite","floor":18.0,"turns":1.0},{"damage":0.0,"enemies":"Masked Bandits","floor":20.0,"turns":1.0},{"damage":0.0,"enemies":"2 Thieves","floor":21.0,"turns":1.0},{"damage":0.0,"enemies":"Slavers","floor":23.0,"turns":1.0},{"damage":0.0,"enemies":"Book of Stabbing","floor":24.0,"turns":1.0},{"damage":0.0,"enemies":"Gremlin Leader","floor":25.0,"turns":1.0},{"damage":0.0,"enemies":"Cultist and Chosen","floor":31.0,"turns":1.0},{"damage":0.0,"enemies":"Automaton","floor":33.0,"turns":1.0},{"damage":0,"enemies":"3 Darklings","floor":35,"turns":1},{"damage":0,"enemies":"Orb Walker","floor":38,"turns":1},{"damage":0,"enemies":"Nemesis","floor":40,"turns":1},{"damage":0,"enemies":"Reptomancer","floor":44,"turns":1},{"damage":0,"enemies":"Nemesis","floor":46,"turns":1},{"damage":0,"enemies":"Maw","floor":48,"turns":1},{"damage":0,"enemies":"Donu and Deca","floor":50,"turns":7},{"damage":0,"enemies":"Shield and Spear","floor":54,"turns":1},{"damage":0,"enemies":"The Heart","floor":55,"turns":4}],"seed_played":"-3227699911377069904","potions_obtained":[{"floor":0.0,"key":"LiquidMemories"},{"floor":0.0,"key":"GamblersBrew"},{"floor":0.0,"key":"GamblersBrew"},{"floor":0.0,"key":"LiquidBronze"},{"floor":0.0,"key":"Block Potion"}],"is_trial":false,"path_per_floor":["M","?","M","?","?","E","R","E","T","M","M","T","M","$","R","B",null,"M","$","?","M","?","E","E","E","T","?","$","T","R","M","R","B",null,"M","?","$","M","?","E","?","R","T","E","T","E","R","M","R","B",null,"R","$","E","B",null],"character_chosen":"THE_SILENT","items_purchased":["Omamori","Sling","Mercury Hourglass","Infinite Blades","HandDrill","Tiny Chest","Gambling Chip","Frozen Eye","Bag of Preparation","Tingsha","TwistedFunnel","Regal Pillow","MealTicket","Medical Kit","Peace Pipe","Unceasing Top","Anchor","Mango","Toolbox","Infinite Blades","DollysMirror","Toy Ornithopter","Potion Belt","ClockworkSouvenir","Lantern","CeramicFish","TheAbacus","Vajra","Bag of Marbles","Kunai","Lee\u0027s Waffle","Bronze Scales","Finesse","Chemical X","Gremlin Horn","Blood Vial","Blade Dance","Membership Card","Ancient Tea Set","Ginger","Flash of Steel","Strange Spoon","Sundial","Darkstone Periapt","PrismaticShard","Oddly Smooth Stone","Centennial Puzzle","Accuracy","Cloak And Dagger","Blade Dance","Orrery","PreservedInsect","Pen Nib","OrangePellets","Whetstone","Mummified Hand","Cauldron","HornCleat","Bird Faced Urn","Prepared","White Beast Statue","Strawberry","Paper Crane","Eternal Feather","Bottled Lightning","Molten Egg 2","Shuriken","Akabeko","Circlet","Letter Opener","Question Card","Boot","Bottled Tornado","Orichalcum","Art of War","Ninja Scroll","Circlet","Flash of Steel+1","Nunchaku","Snake Skull","Pantograph","Pear","Happy Flower","Bottled Flame","StrikeDummy","InkBottle","Frozen Egg 2","Matryoshka","Dream Catcher","Toxic Egg 2","Ornamental Fan","War Paint","Circlet","Meat on the Bone","Juzu Bracelet","Circlet","Circlet","Circlet","Circlet","Circlet","Circlet","Circlet","Circlet","Circlet","Circlet","Circlet","Circlet","Circlet","Circlet","Circlet","Circlet","Circlet","Circlet","Circlet","Circlet","Circlet","Circlet","Circlet","Circlet","Circlet","Circlet","Circlet","Circlet","Circlet","Circlet","Circlet","Circlet","Circlet","Circlet","Circlet","Circlet","Circlet","Circlet","Good Instincts+1","Adrenaline+1"],"campfire_rested":0,"item_purchase_floors":[0,0,0,0,0,0,0,0,0,0,0,0,0,0,0,0,0,0,0,0,0,0,0,0,0,0,0,0,0,0,0,0,0,0,0,0,0,0,0,0,0,0,0,0,0,0,0,0,0,0,0,0,0,0,0,0,0,0,0,0,0,0,0,0,0,0,0,0,0,0,0,0,0,0,0,0,0,0,0,0,0,0,0,0,0,0,0,0,0,0,0,0,0,0,0,0,0,0,0,0,0,0,0,0,0,0,0,0,0,0,0,0,0,0,0,0,0,0,0,0,0,0,0,0,0,0,0,0,0,14,14,28,37,37,37],"current_hp_per_floor":[108,108,108,108,108,108,108,108,108,108,108,108,112,112,112,116,116,116,116,120,120,108,112,118,128,128,128,128,128,128,132,132,132,132,132,132,132,132,132,132,132,132,132,136,136,140,140,144,144,148,148,148,148,148,148],"gold":469,"neow_bonus":"","is_daily":false,"chose_seed":false,"campfire_upgraded":2,"win_rate":0.0,"timestamp":1609175817,"path_taken":["M","?","M","?","?","E","R","E","T","M","M","?","M","$","R","BOSS","M","$","?","M","?","E","E","E","T","?","$","?","R","M","R","BOSS","M","?","$","M","?","E","?","R","T","E","?","E","R","M","R","BOSS","R","$","E","BOSS"],"items_purchased_type":["Relic","Relic","Relic","Card","Relic","Relic","Relic","Relic","Relic","Relic","Relic","Relic","Relic","Relic","Relic","Relic","Relic","Relic","Relic","Card","Relic","Relic","Relic","Relic","Relic","Relic","Relic","Relic","Relic","Relic","Relic","Relic","Card","Relic","Relic","Relic","Card","Relic","Relic","Relic","Card","Relic","Relic","Relic","Relic","Relic","Relic","Card","Card","Card","Relic","Relic","Relic","Relic","Relic","Relic","Relic","Relic","Relic","Card","Relic","Relic","Relic","Relic","Relic","Relic","Relic","Relic","Undefined","Relic","Relic","Relic","Relic","Relic","Relic","Relic","Undefined","Card","Relic","Relic","Relic","Relic","Relic","Relic","Relic","Relic","Relic","Relic","Relic","Relic","Relic","Relic","Undefined","Relic","Relic","Undefined","Undefined","Undefined","Undefined","Undefined","Undefined","Undefined","Undefined","Undefined","Undefined","Undefined","Undefined","Undefined","Undefined","Undefined","Undefined","Undefined","Undefined","Undefined","Undefined","Undefined","Undefined","Undefined","Undefined","Undefined","Undefined","Undefined","Undefined","Undefined","Undefined","Undefined","Undefined","Undefined","Undefined","Undefined","Undefined","Undefined","Undefined","Card","Card"],"build_version":"2020-12-22","purchased_purges":14,"victory":true,"max_hp_per_floor":[108,108,108,108,108,108,108,108,108,108,108,108,112,112,112,116,116,116,116,120,120,120,120,124,128,128,128,128,128,128,132,132,132,132,132,132,132,132,132,132,132,132,132,136,136,140,140,144,144,148,148,148,148,148,148],"card_choices":[{"not_picked":["Acrobatics","Blur"],"picked":"MasterReality","floor":0.0},{"not_picked":["Deadly Poison+1","Warcry+1","Cold Snap+1","Bane+1"],"picked":"SKIP","floor":1.0},{"not_picked":["Swivel+1","Corruption+1","Dual Wield+1","Reckless Charge+1"],"picked":"SKIP","floor":1.0},{"not_picked":["Armaments+1","BattleHymn+1","Heavy Blade+1","FollowUp+1"],"picked":"SKIP","floor":3.0},{"not_picked":["Deadly Poison+1","Discovery+1","Quick Slash+1","Self Repair+1"],"picked":"SKIP","floor":3.0},{"not_picked":["Gash+1","Sword Boomerang+1","ClearTheMind+1","Blood for Blood+1"],"picked":"SKIP","floor":6.0},{"not_picked":["Poisoned Stab+1","Barrage+1","JustLucky+1"],"picked":"Feed+1","floor":8.0},{"not_picked":["Dagger Spray+1","Coolheaded+1","Swivel+1","Disarm+1"],"picked":"SKIP","floor":10.0},{"not_picked":["PiercingWail+1","Dagger Spray+1","FlurryOfBlows+1","FollowUp+1"],"picked":"SKIP","floor":10.0},{"not_picked":["Collect+1","Carnage+1","Dark Embrace+1","Halt+1"],"picked":"SKIP","floor":11.0},{"not_picked":["LikeWater+1","Sentinel+1","Clash+1","DeceiveReality+1"],"picked":"SKIP","floor":11.0},{"not_picked":["CutThroughFate+1","Armaments+1","Endless Agony+1","Madness+1"],"picked":"SKIP","floor":13.0},{"not_picked":["Thunderclap+1","Turbo+1","Wild Strike+1","Terror+1"],"picked":"SKIP","floor":13.0},{"not_picked":["Cloak And Dagger+1","EmptyBody+1","Deadly Poison+1","Bandage Up+1"],"picked":"SKIP","floor":18.0},{"not_picked":["Rupture+1","Slice+1","CrushJoints+1","Wild Strike+1"],"picked":"SKIP","floor":18.0},{"not_picked":["Discovery+1","Slice+1","Wireheading+1","Calculated Gamble+1"],"picked":"SKIP","floor":21.0},{"not_picked":["Seeing Red+1","PathToVictory+1","Choke+1","Dodge and Roll+1"],"picked":"SKIP","floor":21.0},{"not_picked":["Madness+1","Exhume+1","Rampage+1","Skim+1"],"picked":"SKIP","floor":23.0},{"not_picked":["Eviscerate+1","Steam Power+1","Choke+1","Clash+1"],"picked":"SKIP","floor":24.0},{"not_picked":["Spot Weakness+1","Dark Embrace+1","Cleave+1","Thunderclap+1"],"picked":"SKIP","floor":25.0},{"not_picked":["Barrage+1","Thunderclap+1","FollowUp+1","Choke+1"],"picked":"SKIP","floor":31.0},{"not_picked":["Wild Strike+1","Steam Power+1","Worship+1","PathToVictory+1"],"picked":"SKIP","floor":31.0},{"not_picked":["Skim+1","Reprogram+1","Sanctity+1"],"picked":"Entrench+1","floor":35},{"not_picked":["Sucker Punch+1","Consecrate+1","Enlightenment+1"],"picked":"Wild Strike+1","floor":35},{"not_picked":["Barrage+1","Acrobatics+1","Backflip+1"],"picked":"Armaments+1","floor":38},{"not_picked":["Cold Snap+1","Blasphemy+1","Rebound+1"],"picked":"Hologram+1","floor":38},{"not_picked":["FearNoEvil+1","Barrage+1","Blind+1","Jack Of All Trades+1"],"picked":"SKIP","floor":40},{"not_picked":["Good Instincts+1","Dramatic Entrance+1","Dark Shackles+1"],"picked":"Finesse+1","floor":41},{"not_picked":["Sweeping Beam+1","Disarm+1","DeceiveReality+1","JustLucky+1"],"picked":"SKIP","floor":44},{"not_picked":["Wallop+1","ThirdEye+1","Impatience+1"],"picked":"Escape Plan+1","floor":46},{"not_picked":["Iron Wave+1","Thunderclap+1","Corruption+1"],"picked":"Crescendo+1","floor":48},{"not_picked":["Dagger Spray+1","Study+1","Trip+1","Bloodletting+1"],"picked":"SKIP","floor":48},{"not_picked":["Metamorphosis+1","Havoc+1","Pummel+1"],"picked":"Crescendo+1","floor":54}],"player_experience":117330,"relics_obtained":[{"floor":6.0,"key":"Circlet"},{"floor":7.0,"key":"Circlet"},{"floor":8.0,"key":"Circlet"},{"floor":9.0,"key":"Circlet"},{"floor":12.0,"key":"Circlet"},{"floor":12.0,"key":"Circlet"},{"floor":20.0,"key":"Red Mask"},{"floor":22.0,"key":"Nilry\u0027s Codex"},{"floor":23.0,"key":"Circlet"},{"floor":24.0,"key":"Circlet"},{"floor":25.0,"key":"Circlet"},{"floor":26.0,"key":"Circlet"},{"floor":29.0,"key":"Circlet"},{"floor":30.0,"key":"Circlet"},{"floor":32.0,"key":"Circlet"},{"floor":40,"key":"Circlet"},{"floor":42,"key":"Circlet"},{"floor":43,"key":"Circlet"},{"floor":44,"key":"Circlet"},{"floor":45,"key":"Circlet"},{"floor":46,"key":"Circlet"},{"floor":54,"key":"Circlet"}],"event_choices":[{"damage_healed":0.0,"max_hp_gain":0.0,"max_hp_loss":0.0,"gold_gain":0.0,"event_name":"Big Fish","player_choice":"Box","floor":2.0,"gold_loss":0.0,"damage_taken":0.0,"relics_obtained":["Circlet"],"cards_obtained":["Regret"]},{"cards_removed":["Infinite Blades"],"damage_healed":0.0,"max_hp_gain":0.0,"max_hp_loss":0.0,"gold_gain":0.0,"event_name":"Purifier","player_choice":"Purged","floor":4.0,"gold_loss":0.0,"damage_taken":0.0},{"damage_healed":0.0,"max_hp_gain":0.0,"max_hp_loss":0.0,"gold_gain":175.0,"event_name":"Liars Game","player_choice":"AGREE","floor":5.0,"gold_loss":0.0,"damage_taken":0.0,"cards_obtained":["Doubt"]},{"damage_healed":0.0,"max_hp_gain":0.0,"max_hp_loss":0.0,"gold_gain":0.0,"event_name":"Masked Bandits","player_choice":"Fought Bandits","floor":20.0,"gold_loss":0.0,"damage_taken":0.0},{"damage_healed":0.0,"max_hp_gain":0.0,"max_hp_loss":0.0,"gold_gain":0.0,"event_name":"Cursed Tome","player_choice":"Obtained Book","floor":22.0,"gold_loss":0.0,"damage_taken":16.0},{"damage_healed":0.0,"max_hp_gain":0.0,"max_hp_loss":0.0,"gold_gain":99.0,"event_name":"Nest","player_choice":"Stole From Cult","floor":27.0,"gold_loss":0.0,"damage_taken":0.0},{"damage_healed":0,"gold_gain":222,"player_choice":"Wore Mask","damage_taken":0,"max_hp_gain":0,"max_hp_loss":0,"event_name":"Tomb of Lord Red Mask","floor":36,"gold_loss":0},{"damage_healed":0,"gold_gain":300,"player_choice":"Gold","damage_taken":0,"max_hp_gain":0,"max_hp_loss":0,"event_name":"Wheel of Change","floor":39,"gold_loss":0},{"damage_healed":0,"gold_gain":0,"player_choice":"Memory 1","damage_taken":0,"max_hp_gain":0,"max_hp_loss":0,"event_name":"SensoryStone","floor":41,"gold_loss":0}],"is_beta":false,"boss_relics":[{"not_picked":["Ectoplasm","Velvet Choker"],"picked":"HoveringKite"},{"not_picked":["SacredBark","Tiny House"],"picked":"WristBlade"}],"items_purged_floors":[0,0,0,0,0,0,0,0,0,0,0,0,37,53],"is_endless":false,"potions_floor_spawned":[1,3,6,8,10,11,13,16,18,20,21,23,24,25,31,33,35,38,40,44,46,48,54],"ascension_level":2}}