{"host":"chv1qanoipyt46jc","time":1609136265,"event":{"mods":["2.2 Compatiblity","AchievementEnabler","BaseMod","BetterRewards","CapriCore","Card Filter","Gold Saver","Grow up Mod","Minty Spire (QoL Compilation)","Rare Cards Sparkle","Relic Filter","Remove Card Discount Mod","Reorder Act Four","StSLib","The Poker Player"],"gold_per_floor":[774,788,803,821,836,836,852,844,871,871,871,899,918,918,918,1023,1023,1034,1048,1063,1078,1094,1126,1126,1156,1156,1175,1275,1301,1301,1320,1320,1416,1466,1483,1477,1487,1504,1524,1549,1549,1563,1586,1586,1603,1603,1603,1601,1601,1601,1601,1601,1601,1636,1636],"floor_reached":56,"playtime":1557,"items_purged":["PokerPlayerMod:Diamond1","PokerPlayerMod:Diamond2","PokerPlayerMod:Diamond3","PokerPlayerMod:Diamond4","PokerPlayerMod:Spade1","PokerPlayerMod:Spade2","PokerPlayerMod:Club1","PokerPlayerMod:Club2","PokerPlayerMod:TrumpStrike","PokerPlayerMod:BadJoker","PokerPlayerMod:Mulligan","PokerPlayerMod:Diamond5","PokerPlayerMod:Spade3","PokerPlayerMod:Spade4","PokerPlayerMod:Heart2","PokerPlayerMod:Club6","PokerPlayerMod:Diamond8","PokerPlayerMod:Diamond7","PokerPlayerMod:Spade2"],"score":1670,"play_id":"05a055e7-83df-4285-95fc-224f3f746d60","local_time":"20201228001745","is_ascension_mode":false,"metric_token":978,"campfire_choices":[{"floor":6,"key":"RECALL"},{"floor":11,"key":"REST"},{"data":"PokerPlayerMod:Diamond7","floor":15,"key":"SMITH"},{"data":"PokerPlayerMod:Club7","floor":30,"key":"SMITH"},{"data":"PokerPlayerMod:Club8","floor":32,"key":"SMITH"},{"data":"PokerPlayerMod:Spade9","floor":41,"key":"SMITH"},{"data":"PokerPlayerMod:Club9","floor":44,"key":"SMITH"},{"data":"PokerPlayerMod:Spade9","floor":49,"key":"SMITH"},{"data":"PokerPlayerMod:Heart9","floor":53,"key":"SMITH"}],"circlet_count":0,"master_deck":["PokerPlayerMod:Club10+","PokerPlayerMod:Club10+","PokerPlayerMod:Heart10+","PokerPlayerMod:Spade10+","PokerPlayerMod:Club10+","PokerPlayerMod:Spade10+"],"relics":["PokerPlayerMod:DeckCase","Turnip","Membership Card","Torii","Medical Kit","DollysMirror","Question Card","Bronze Scales","Black Star","Blue Candle","Ancient Tea Set","Blood Vial","Darkstone Periapt","Meat on the Bone","Letter Opener","FossilizedHelix","Tiny House","Frozen Egg 2","White Beast Statue","PokerPlayerMod:Splitter","War Paint","Pen Nib"],"acts_visited":["Exordium","TheCity","TheBeyond","TheEnding"],"potions_floor_usage":[55,55,55],"damage_taken":[{"damage":8,"enemies":"Jaw Worm","floor":1,"turns":2},{"damage":0,"enemies":"2 Louse","floor":2,"turns":1},{"damage":0,"enemies":"Cultist","floor":3,"turns":3},{"damage":0,"enemies":"Blue Slaver","floor":4,"turns":2},{"damage":8,"enemies":"Exordium Wildlife","floor":5,"turns":2},{"damage":0,"enemies":"2 Fungi Beasts","floor":7,"turns":1},{"damage":11,"enemies":"3 Sentries","floor":12,"turns":2},{"damage":0,"enemies":"Large Slime","floor":13,"turns":3},{"damage":122,"enemies":"Hexaghost","floor":16,"turns":7},{"damage":7,"enemies":"2 Thieves","floor":18,"turns":2},{"damage":0,"enemies":"Spheric Guardian","floor":19,"turns":3},{"damage":7,"enemies":"Centurion and Healer","floor":20,"turns":3},{"damage":0,"enemies":"Sentry and Sphere","floor":21,"turns":3},{"damage":1,"enemies":"Snecko","floor":22,"turns":3},{"damage":21,"enemies":"Slavers","floor":23,"turns":2},{"damage":16,"enemies":"Gremlin Leader","floor":25,"turns":4},{"damage":0,"enemies":"Cultist and Chosen","floor":27,"turns":3},{"damage":21,"enemies":"Slavers","floor":29,"turns":2},{"damage":14,"enemies":"Snake Plant","floor":31,"turns":2},{"damage":73,"enemies":"Champ","floor":33,"turns":8},{"damage":0,"enemies":"3 Shapes","floor":35,"turns":1},{"damage":0,"enemies":"Orb Walker","floor":37,"turns":2},{"damage":0,"enemies":"Jaw Worm Horde","floor":38,"turns":1},{"damage":0,"enemies":"Spire Growth","floor":39,"turns":3},{"damage":0,"enemies":"Reptomancer","floor":40,"turns":3},{"damage":0,"enemies":"4 Shapes","floor":42,"turns":1},{"damage":0,"enemies":"Transient","floor":45,"turns":5},{"damage":0,"enemies":"Time Eater","floor":50,"turns":8},{"damage":0,"enemies":"Shield and Spear","floor":54,"turns":2},{"damage":26,"enemies":"The Heart","floor":55,"turns":7}],"seed_played":"-4926968861130767156","potions_obtained":[{"floor":1,"key":"DuplicationPotion"},{"floor":5,"key":"AttackPotion"},{"floor":20,"key":"SpeedPotion"}],"is_trial":false,"path_per_floor":["M","M","M","M","M","R","M","$","T","?","R","E","M","?","R","B",null,"M","M","M","M","M","E","?","E","T","M","?","E","R","M","R","B",null,"M","$","M","M","M","E","R","M","T","R","M","?","?","$","R","B",null,"$","R","E","B",null],"character_chosen":"THE_POKER_PLAYER","items_purchased":["PokerPlayerMod:Club10+","Turnip","Membership Card","Torii","Medical Kit","DollysMirror"],"campfire_rested":1,"item_purchase_floors":[0,0,0,0,0,0],"current_hp_per_floor":[36,46,58,68,82,92,112,122,132,142,172,171,191,183,193,93,232,235,252,255,272,281,271,281,285,295,317,327,328,338,346,356,307,407,417,427,437,447,457,467,477,487,497,507,517,527,511,521,531,541,551,561,571,581,566],"gold":1636,"neow_bonus":"","is_daily":false,"chose_seed":false,"campfire_upgraded":7,"win_rate":0.0,"timestamp":1609136265,"path_taken":["M","M","M","M","M","R","M","$","T","?","R","E","M","?","R","BOSS","M","M","M","M","M","E","?","E","T","M","?","E","R","M","R","BOSS","M","$","M","M","M","E","R","M","T","R","M","?","?","$","R","BOSS","$","R","E","BOSS"],"items_purchased_type":["Undefined","Relic","Relic","Relic","Relic","Relic"],"build_version":"2020-12-22","purchased_purges":19,"victory":true,"max_hp_per_floor":[72,82,92,102,112,122,132,142,152,162,172,182,192,202,212,222,232,242,252,262,272,282,292,302,312,322,332,342,352,362,372,382,392,407,417,427,437,447,457,467,477,487,497,507,517,527,511,521,531,541,551,561,571,581,591],"card_choices":[{"not_picked":["PokerPlayerMod:DartThrow","PokerPlayerMod:Fold","PokerPlayerMod:Diamond4"],"picked":"SKIP","floor":1},{"not_picked":["PokerPlayerMod:Trickery","PokerPlayerMod:DiamondStrike","PokerPlayerMod:Configure"],"picked":"SKIP","floor":2},{"not_picked":["PokerPlayerMod:Overdeal","PokerPlayerMod:Trickery","PokerPlayerMod:ClubShade"],"picked":"SKIP","floor":3},{"not_picked":["PokerPlayerMod:PoorCopy","PokerPlayerMod:Fold"],"picked":"PokerPlayerMod:Heart8","floor":4},{"not_picked":["PokerPlayerMod:Diamond4","PokerPlayerMod:Diamond5","PokerPlayerMod:CloakAndDiamond"],"picked":"SKIP","floor":5},{"not_picked":["PokerPlayerMod:Spade2","PokerPlayerMod:DartThrow","PokerPlayerMod:DiamondStrike"],"picked":"SKIP","floor":7},{"not_picked":["PokerPlayerMod:Club2","PokerPlayerMod:Club3","PokerPlayerMod:Diamond4"],"picked":"SKIP","floor":12},{"not_picked":["PokerPlayerMod:Raise","PokerPlayerMod:Diamond4","PokerPlayerMod:Heart1"],"picked":"PokerPlayerMod:Diamond7","floor":13},{"not_picked":["PokerPlayerMod:Promotion","PokerPlayerMod:Diamond9","PokerPlayerMod:WasteCollection"],"picked":"PokerPlayerMod:Spade9","floor":16},{"not_picked":["PokerPlayerMod:Diamond4","PokerPlayerMod:DamnStraight","PokerPlayerMod:MagicTrick","PokerPlayerMod:HiddenCard"],"picked":"SKIP","floor":18},{"not_picked":["PokerPlayerMod:Diamond3","PokerPlayerMod:DartThrow+1","PokerPlayerMod:DiamondStrike+1","PokerPlayerMod:CloakAndDiamond"],"picked":"SKIP","floor":19},{"not_picked":["PokerPlayerMod:Diamond2","PokerPlayerMod:Heart3","PokerPlayerMod:MagicTrick","PokerPlayerMod:TheDieIsCast"],"picked":"SKIP","floor":20},{"not_picked":["PokerPlayerMod:SpadeStrike","PokerPlayerMod:Configure","PokerPlayerMod:HotShotCut","PokerPlayerMod:Fold"],"picked":"SKIP","floor":21},{"not_picked":["PokerPlayerMod:CardBurn","PokerPlayerMod:DartThrow+1","PokerPlayerMod:Diamond1"],"picked":"PokerPlayerMod:Club6","floor":22},{"not_picked":["PokerPlayerMod:Sharpen+1","PokerPlayerMod:Spade1","PokerPlayerMod:Diamond3","PokerPlayerMod:DiamondStrike+1"],"picked":"SKIP","floor":23},{"not_picked":["PokerPlayerMod:Diamond6","PokerPlayerMod:Manipulation","PokerPlayerMod:HiddenCard"],"picked":"PokerPlayerMod:Diamond7","floor":25},{"not_picked":["PokerPlayerMod:DartThrow","PokerPlayerMod:Overdeal","PokerPlayerMod:Raise+1","PokerPlayerMod:Spade4"],"picked":"SKIP","floor":27},{"not_picked":["PokerPlayerMod:Club6","PokerPlayerMod:CloakAndDiamond","PokerPlayerMod:Overdeal"],"picked":"PokerPlayerMod:Club7","floor":29},{"not_picked":["PokerPlayerMod:DartThrow","PokerPlayerMod:FillThePot","PokerPlayerMod:MagicTrick+1","PokerPlayerMod:Spade4"],"picked":"SKIP","floor":31},{"not_picked":["PokerPlayerMod:VarietyAttack","PokerPlayerMod:FakeSymbols","PokerPlayerMod:Duplicate"],"picked":"PokerPlayerMod:Spade9","floor":33},{"not_picked":["PokerPlayerMod:Diamond3","PokerPlayerMod:Diamond8","PokerPlayerMod:Manipulation","PokerPlayerMod:CardBurn"],"picked":"SKIP","floor":35},{"not_picked":["PokerPlayerMod:Spade3","PokerPlayerMod:Club4","PokerPlayerMod:ClubsClub+1","PokerPlayerMod:CloakAndDiamond+1"],"picked":"SKIP","floor":37},{"not_picked":["PokerPlayerMod:ClubsClub+1","PokerPlayerMod:Sharpen","PokerPlayerMod:Diamond4","PokerPlayerMod:Configure"],"picked":"SKIP","floor":38},{"not_picked":["PokerPlayerMod:Fold","PokerPlayerMod:Trickery","PokerPlayerMod:Heart1","PokerPlayerMod:HiddenCard+1"],"picked":"SKIP","floor":39},{"not_picked":["PokerPlayerMod:Spade6","PokerPlayerMod:Heart2","PokerPlayerMod:Diamond3","PokerPlayerMod:Fold"],"picked":"SKIP","floor":40},{"not_picked":["PokerPlayerMod:DiamondStrike","PokerPlayerMod:Club1","PokerPlayerMod:Sharpen+1","PokerPlayerMod:HiddenCard"],"picked":"SKIP","floor":42},{"not_picked":["PokerPlayerMod:Spade1","PokerPlayerMod:JackOfSpades+1","PokerPlayerMod:Diamond2"],"picked":"PokerPlayerMod:Spade2","floor":45},{"not_picked":["PokerPlayerMod:Raise+1","PokerPlayerMod:Diamond8","PokerPlayerMod:Diamond2","PokerPlayerMod:CloakAndDiamond+1"],"picked":"SKIP","floor":54}],"player_experience":309810,"relics_obtained":[{"floor":12,"key":"Question Card"},{"floor":23,"key":"Blue Candle"},{"floor":23,"key":"Ancient Tea Set"},{"floor":25,"key":"Blood Vial"},{"floor":25,"key":"Darkstone Periapt"},{"floor":26,"key":"Meat on the Bone"},{"floor":29,"key":"Letter Opener"},{"floor":29,"key":"FossilizedHelix"},{"floor":40,"key":"Frozen Egg 2"},{"floor":40,"key":"White Beast Statue"},{"floor":43,"key":"PokerPlayerMod:Splitter"},{"floor":54,"key":"War Paint"},{"floor":54,"key":"Pen Nib"}],"event_choices":[{"damage_healed":0,"gold_gain":0,"player_choice":"Ignored","damage_taken":0,"max_hp_gain":0,"max_hp_loss":0,"event_name":"Golden Wing","floor":10,"gold_loss":0},{"damage_healed":0,"gold_gain":0,"player_choice":"Success","damage_taken":18,"relics_obtained":["Bronze Scales"],"max_hp_gain":0,"max_hp_loss":0,"event_name":"Scrap Ooze","floor":14,"gold_loss":0},{"damage_healed":0,"gold_gain":0,"player_choice":"Ignored","damage_taken":0,"max_hp_gain":0,"max_hp_loss":0,"event_name":"Beggar","floor":24,"gold_loss":0},{"damage_healed":0,"gold_gain":100,"player_choice":"Pray","damage_taken":0,"max_hp_gain":0,"max_hp_loss":0,"event_name":"Golden Shrine","floor":28,"gold_loss":0},{"damage_healed":0,"gold_gain":0,"player_choice":"Ignored","damage_taken":0,"max_hp_gain":0,"max_hp_loss":0,"event_name":"Falling","floor":46,"gold_loss":0},{"damage_healed":0,"gold_gain":0,"player_choice":"Max HP","damage_taken":0,"max_hp_gain":0,"max_hp_loss":26,"event_name":"Winding Halls","floor":47,"gold_loss":0}],"is_beta":false,"boss_relics":[{"not_picked":["Cursed Key","Sozu"],"picked":"Black Star"},{"not_picked":["Busted Crown","Astrolabe"],"picked":"Tiny House"}],"items_purged_floors":[0,0,0,0,0,0,0,0,0,0,0,8,8,8,8,36,36,36,48],"is_endless":false,"potions_floor_spawned":[1,5,20,21,23,25,31,33,35,40,42,45,54],"ascension_level":0}}