{"host":"hione0pk5ff35p8e","time":1609187329,"event":{"mods":["AchievementEnabler","Aspiration","Bard","BaseMod","Beaked The Cultist","Better Altar","Better Match","Better Sensory Stone","Better Skull","Better Third Choice","BetterRewards","CCEM","Clawfect","Colored Map","Conspire","Downfall","GifTheSpireLib","GungeonMod","Halation","Hermit","Highlight Path","Hubris","Infinite Spire","Jorbs\u0027s Wanderer Trilogy","Koishi","Lobotomy","Minty Spire (QoL Compilation)","Permanent Neow","Rare Cards Sparkle","Replay The Spire","Shade Mod","Shop Mod","Spicy Shops","StSLib","Stuff the Spire","Td1madao Mod","The Administrix","The Bug Knight","The Construct","The Cursed","The Disciple","The Hierophant","The IronCluck","The Jungle","The Marked","The Mystic","The Necromancer","The Runesmith","The Servant 0.9.4","The Witch","Unceasing Turn Reminder","[IsaacMod]????","everything is the same but u backflip on backflip","slay the spire mod where everything is the same but ironclad has a cowboy hat"],"gold_per_floor":[116,16,35,35,53,110,123,123,123,135,168,202,202,212,212,311,311,345,345,376,394,394,399,399],"floor_reached":23,"playtime":1299,"items_purged":[],"score":230,"play_id":"3bccfa92-3da8-4651-8857-ba4b7f40c9f6","local_time":"20201228212849","is_ascension_mode":false,"campfire_choices":[{"data":"mysticmod:FloatingDisk","floor":8,"key":"SMITH"},{"data":"mysticmod:Dedication","floor":15,"key":"SMITH"}],"circlet_count":0,"master_deck":["mysticmod:Strike_Mystic","mysticmod:Strike_Mystic","mysticmod:Strike_Mystic","mysticmod:Strike_Mystic","mysticmod:Defend_Mystic","mysticmod:Defend_Mystic","mysticmod:Defend_Mystic","mysticmod:Defend_Mystic","mysticmod:ArcaneDodge","mysticmod:ShockingGrasp","Scorched","mysticmod:FloatingDisk+1","conspire:SpireCoStock","conspire:SpireCoStock","mysticmod:Alacrity","mysticmod:DiviningBlow","mysticmod:DiviningBlow","mysticmod:CorrosiveTouch","mysticmod:StyleChange","mysticmod:ArcaneAccuracy","mysticmod:Dedication+1","Laetitia","mysticmod:Discipline","mysticmod:KeenEdge","StuffTheSpire:CopiaOfFamine","mysticmod:SuddenClarity+1","mysticmod:StyleChange+1"],"relics":["mysticmod:SpellBook","HushsDoor","CogitoBucket","GuppysHead","DemoMod:PoisonVial","UnicornStump","Simple Rune","beaked:MawFillet"],"acts_visited":["Exordium","TheCity"],"potions_floor_usage":[6,16,16,21,23],"damage_taken":[{"damage":0,"enemies":"Jaw Worm","floor":1,"turns":3},{"damage":0,"enemies":"Small Slimes","floor":3,"turns":1},{"damage":0,"enemies":"2 Louse","floor":5,"turns":3},{"damage":0,"enemies":"Gremlin Nob","floor":6,"turns":3},{"damage":0,"enemies":"Gremlin Gang","floor":7,"turns":3},{"damage":6,"enemies":"3 Louse","floor":10,"turns":2},{"damage":0,"enemies":"Large Slime","floor":11,"turns":4},{"damage":12,"enemies":"3 Sentries","floor":12,"turns":3},{"damage":0,"enemies":"Gremlin Gang","floor":14,"turns":1},{"damage":14,"enemies":"Hexaghost","floor":16,"turns":9},{"damage":18,"enemies":"3 Byrds","floor":18,"turns":7},{"damage":13,"enemies":"Chosen","floor":20,"turns":5},{"damage":3,"enemies":"Centurion and Healer","floor":21,"turns":5},{"damage":29,"enemies":"conspire:SneckoGhost","floor":23,"turns":12}],"seed_played":"-4538588422828885926","potions_obtained":[{"floor":1,"key":"BlessingOfTheForge"},{"floor":6,"key":"DuplicationPotion"},{"floor":14,"key":"ColorlessPotion"},{"floor":20,"key":"Swift Potion"},{"floor":21,"key":"Regen Potion"}],"is_trial":false,"path_per_floor":["M","?","M","?","M","E","M","R","T","M","M","E","?","M","R","B",null,"M","?","M","M","?","E"],"character_chosen":"MYSTIC_CLASS","items_purchased":[],"campfire_rested":0,"item_purchase_floors":[],"current_hp_per_floor":[77,77,77,77,77,77,77,77,77,71,71,59,59,59,59,45,77,59,39,26,23,23,9,9],"gold":399,"neow_bonus":"","is_daily":false,"chose_seed":false,"campfire_upgraded":2,"win_rate":0.0,"timestamp":1609187329,"path_taken":["M","?","M","?","M","E","M","R","T","M","?","E","?","M","R","BOSS","M","?","M","M","?","E"],"items_purchased_type":[],"build_version":"2020-12-22","purchased_purges":0,"victory":false,"max_hp_per_floor":[77,77,77,77,77,77,77,77,77,77,77,77,77,77,77,77,77,77,77,77,77,77,77,77],"card_choices":[{"not_picked":["LaLuna","Murderer"],"picked":"Scorched","floor":1},{"not_picked":["mysticmod:CureLightWounds","mysticmod:CorrosiveTouch"],"picked":"mysticmod:FloatingDisk","floor":1},{"not_picked":["mysticmod:Probe","mysticmod:ArcaneAccuracy"],"picked":"mysticmod:Alacrity","floor":3},{"not_picked":["mysticmod:PunishingArmor","mysticmod:ComponentsPouch"],"picked":"Bomb","floor":5},{"not_picked":["mysticmod:LightningBolt","mysticmod:Riposte"],"picked":"mysticmod:DiviningBlow","floor":6},{"not_picked":["mysticmod:Fireball","mysticmod:CorrosiveTouch"],"picked":"mysticmod:DiviningBlow","floor":7},{"not_picked":["mysticmod:PreparedCaster","mysticmod:VorpalThrust"],"picked":"mysticmod:CorrosiveTouch","floor":10},{"not_picked":["mysticmod:Shield","mysticmod:ComponentsPouch"],"picked":"mysticmod:StyleChange","floor":11},{"not_picked":["mysticmod:Sideswipe","mysticmod:EarthenWall"],"picked":"mysticmod:ArcaneAccuracy","floor":12},{"not_picked":["mysticmod:Stoneskin","mysticmod:CorrosiveTouch"],"picked":"mysticmod:Dedication","floor":14},{"not_picked":["CrumblingArmor","PunishingBird"],"picked":"Laetitia","floor":16},{"not_picked":["mysticmod:Haste","mysticmod:GreaterInvisibility"],"picked":"mysticmod:Discipline","floor":16},{"not_picked":["mysticmod:Snowball","mysticmod:PowerSlash"],"picked":"mysticmod:KeenEdge","floor":18},{"not_picked":["mysticmod:PowerSlash","mysticmod:MysticalShield"],"picked":"mysticmod:SuddenClarity+1","floor":20},{"not_picked":["mysticmod:LightningBolt+1","mysticmod:PunishingArmor+1"],"picked":"mysticmod:StyleChange+1","floor":21}],"player_experience":26730,"relics_obtained":[{"floor":6,"key":"DemoMod:PoisonVial"},{"floor":9,"key":"UnicornStump"},{"floor":12,"key":"Simple Rune"}],"event_choices":[{"damage_healed":0,"gold_gain":0,"player_choice":"Invest 2","damage_taken":0,"max_hp_gain":0,"max_hp_loss":0,"event_name":"conspire:Investor","floor":2,"gold_loss":0}],"is_beta":false,"boss_relics":[{"not_picked":["Calling Bell","ChampionBelt"],"picked":"beaked:MawFillet"},{"not_picked":[]}],"items_purged_floors":[],"is_endless":false,"potions_floor_spawned":[1,6,14,20,21],"killed_by":"conspire:SneckoGhost","ascension_level":0}}