{"host":"xjyie0ctswsml60g","time":1609199386,"event":{"mods":["AchievementEnabler","BaseMod","Colored Map","Minty Spire (QoL Compilation)","Quick Restart","SuperFastMode"],"gold_per_floor":[19,36,211,63,77,106,123,123,191,220,220,220,240,260,260,260,260],"floor_reached":16,"playtime":856,"items_purged":["Doubt"],"score":185,"play_id":"ced44873-0efd-4f8b-be7c-4a3a8eb75746","local_time":"20201229014946","is_ascension_mode":false,"campfire_choices":[{"floor":8.0,"key":"RECALL"},{"data":"DevaForm","floor":12.0,"key":"SMITH"},{"data":"BattleHymn","floor":15.0,"key":"SMITH"}],"circlet_count":0,"master_deck":["Strike_P","Strike_P","Strike_P","Strike_P","Defend_P","Defend_P","Defend_P","Defend_P","Eruption","Vigilance","WindmillStrike","CutThroughFate","BattleHymn+1","CarveReality","DevaForm+1","FlyingSleeves","Indignation"],"relics":["PureWater","Thread and Needle","Boot","Odd Mushroom"],"acts_visited":["Exordium"],"potions_floor_usage":[],"damage_taken":[{"damage":8.0,"enemies":"Cultist","floor":1.0,"turns":5.0},{"damage":1.0,"enemies":"Small Slimes","floor":2.0,"turns":3.0},{"damage":1.0,"enemies":"2 Louse","floor":5.0,"turns":2.0},{"damage":0.0,"enemies":"Lagavulin","floor":6.0,"turns":4.0},{"damage":23.0,"enemies":"2 Fungi Beasts","floor":7.0,"turns":3.0},{"damage":0.0,"enemies":"Gremlin Nob","floor":10.0,"turns":2.0},{"damage":24.0,"enemies":"The Mushroom Lair","floor":13.0,"turns":3.0},{"damage":10.0,"enemies":"Blue Slaver","floor":14.0,"turns":3.0},{"damage":15,"enemies":"The Guardian","floor":16,"turns":5}],"seed_played":"-8254140728021265917","potions_obtained":[{"floor":1.0,"key":"Dexterity Potion"},{"floor":2.0,"key":"Swift Potion"},{"floor":7.0,"key":"Fire Potion"}],"is_trial":false,"path_per_floor":["M","M","?","$","M","E","M","R","T","E","?","R","?","M","R","B"],"character_chosen":"WATCHER","items_purchased":["BattleHymn"],"campfire_rested":0,"item_purchase_floors":[4],"current_hp_per_floor":[78,77,77,77,76,76,53,53,53,53,58,58,34,24,24,9,9],"gold":260,"neow_bonus":"TWENTY_PERCENT_HP_BONUS","is_daily":false,"chose_seed":false,"campfire_upgraded":2,"win_rate":0.0,"timestamp":1609199386,"path_taken":["M","?","?","$","M","E","M","R","T","E","?","R","?","M","R","BOSS"],"items_purchased_type":["Card"],"build_version":"2020-12-22","purchased_purges":1,"victory":false,"max_hp_per_floor":[86,86,86,86,86,86,86,86,86,86,91,91,91,91,91,91,91],"card_choices":[{"not_picked":["CrushJoints","Consecrate"],"picked":"WindmillStrike","floor":1.0},{"not_picked":["ClearTheMind","PathToVictory"],"picked":"CutThroughFate","floor":2.0},{"not_picked":["Evaluate","ClearTheMind"],"picked":"CarveReality","floor":5.0},{"not_picked":["JustLucky","WheelKick"],"picked":"DevaForm","floor":6.0},{"not_picked":["SashWhip","Weave"],"picked":"FlyingSleeves","floor":7.0},{"not_picked":["Omniscience","SashWhip","ClearTheMind"],"picked":"SKIP","floor":10.0},{"not_picked":["Consecrate","CutThroughFate"],"picked":"Indignation","floor":14.0}],"player_experience":455978,"relics_obtained":[{"floor":6.0,"key":"Thread and Needle"},{"floor":10.0,"key":"Boot"},{"floor":13.0,"key":"Odd Mushroom"}],"event_choices":[{"damage_healed":0.0,"max_hp_gain":0.0,"max_hp_loss":0.0,"gold_gain":175.0,"event_name":"Liars Game","player_choice":"AGREE","floor":3.0,"gold_loss":0.0,"damage_taken":0.0,"cards_obtained":["Doubt"]},{"damage_healed":0.0,"max_hp_gain":5.0,"max_hp_loss":0.0,"gold_gain":0.0,"event_name":"Big Fish","player_choice":"Donut","floor":11.0,"gold_loss":0.0,"damage_taken":0.0},{"damage_healed":0.0,"max_hp_gain":0.0,"max_hp_loss":0.0,"gold_gain":0.0,"event_name":"Mushrooms","player_choice":"Fought Mushrooms","floor":13.0,"gold_loss":0.0,"damage_taken":0.0}],"is_beta":false,"boss_relics":[],"items_purged_floors":[4],"is_endless":false,"potions_floor_spawned":[1,2,7],"killed_by":"The Guardian","ascension_level":0}}