{"host":"wonp23fsqqcu31ie","time":1609141474,"event":{"mods":["2.2 Compatiblity","AchievementEnabler","Aspiration","BaseMod","Bestiary","Better Altar","Better Match","Better Sensory Stone","Better Skull","Better Third Choice","BetterRewards","Block Reminder","Colored Map","Colored Powertips","Conspire","DeckTracker","Displayed Cursed Tome","Downfall","Hermit","Highlight Path","Hubris","Minty Spire (QoL Compilation)","Permanent Neow","Quick Restart","Rare Cards Sparkle","Relic Stats","Replay The Spire","Shade Mod","Shop Mod","StSLib","SuperFastMode","The Animator","The Cursed","The Dragon Tamer","The Gatherer","The Necromancer","The Runesmith","The Servant 0.9.4"],"gold_per_floor":[99,115,135,135,310,310,362,362,376,392,392,21,21,49,68,166,166,16,26,43,61,161,62,62,62,162,194,212,137,154,154,166,271,271,271,282,3,22,34,134,134,151,151,182,182,199,218,16,34,34,34,66,18,18,18],"floor_reached":56,"playtime":2351,"items_purged":["Doubt"],"score":1476,"play_id":"4c605b96-cf04-44dd-882e-f41ecab41352","local_time":"20201228184434","is_ascension_mode":true,"campfire_choices":[{"floor":1,"key":"RECALL"},{"data":"expansioncontent:Hexaburn","floor":13,"key":"SMITH"},{"data":"champ:Devastate","floor":18,"key":"SMITH"},{"data":"ReplayUltimateDefense","floor":25,"key":"SMITH"},{"floor":29,"key":"REST"},{"data":"champ:HoldFirm","floor":35,"key":"SMITH"},{"data":"champ:CalledShot","floor":43,"key":"SMITH"},{"data":"Blind","floor":45,"key":"SMITH"},{"floor":54,"key":"REST"}],"circlet_count":0,"master_deck":["champ:Strike","champ:Strike","champ:Strike","champ:Strike","champ:Defend","champ:Defend","champ:Defend","champ:Defend","champ:Execute","champ:Taunt","champ:TornadoPunch","champ:BringItOn","expansioncontent:DefensiveStance+1","champ:RecklessLeap","champ:PerfectedStrike","champ:HoldFirm+1","ReplayUltimateDefense+1","Blind+1","expansioncontent:Hexaburn+1","champ:PreciseThrust","champ:CalledShot+1","champ:Devastate+1","champ:TornadoPunch+1","champ:ShieldWall","champ:DeathBlow+1","champ:FlashCut+1","champ:FalseCounter+1","champ:ShieldThrow","champ:BringItOn+1","champ:TornadoPunch+1","champ:ShieldSlam","champ:VampiricStrike","champ:RageSigil+1","champ:BerserkersShout+1","champ:Duel","champ:CalledShot+1","Parasite","champ:GladiatorStyle+1","champ:CrookedStrike+1","Delirium","champ:PerfectedStrike","champ:ShieldWall+1","champ:Backstep+1"],"relics":["ChewingGum","aspiration:ChemicalBlood","hubris:Icosahedron","MerchantsRug","Letter Opener","downfall:HeartBlessingRed","downfall:HeartBlessingGreen","Mummified Hand","Replay:Towering Pillar of Hats","Matryoshka","Replay:Ringing Soul","downfall:HeartBlessingBlue","Philosopher\u0027s Stone","aspiration:Lifesprig","champ:BerserkersGuideToSlaughter","Gambling Chip","Du-Vu Doll","Ancient Tea Set","aspiration:FrozenJewel","ReplayTheSpireMod:CursedCoin","champ:FightingForDummies","Simple Rune","Vajra"],"acts_visited":["Exordium","TheCity","TheBeyond","TheEnding"],"potions_floor_usage":[12,12,16,16,23,26,27,28,33,33,33,38,39,44,50,50,52,55,55,55,55,55,55,55,55],"damage_taken":[{"damage":5,"enemies":"2 Louse","floor":2,"turns":3},{"damage":16,"enemies":"Small Slimes","floor":3,"turns":5},{"damage":5,"enemies":"Jaw Worm","floor":9,"turns":5},{"damage":3,"enemies":"2 Fungi Beasts","floor":10,"turns":4},{"damage":20,"enemies":"downfall:FleeingMerchant","floor":12,"turns":5},{"damage":20,"enemies":"Gremlin Nob","floor":14,"turns":4},{"damage":0,"enemies":"Red Slaver","floor":15,"turns":2},{"damage":28,"enemies":"downfall:Ironclad","floor":16,"turns":7},{"damage":6,"enemies":"Spheric Guardian","floor":19,"turns":2},{"damage":5,"enemies":"3 Byrds","floor":20,"turns":5},{"damage":20,"enemies":"Snecko","floor":21,"turns":4},{"damage":36,"enemies":"downfall:FleeingMerchant","floor":23,"turns":4},{"damage":27,"enemies":"downfall:CharBossIronclad","floor":26,"turns":5},{"damage":27,"enemies":"Slavers","floor":27,"turns":4},{"damage":10,"enemies":"Snake Plant","floor":28,"turns":3},{"damage":13,"enemies":"Shelled Parasite and Fungi","floor":30,"turns":4},{"damage":35,"enemies":"Cultist and Chosen","floor":32,"turns":3},{"damage":5,"enemies":"downfall:Silent","floor":33,"turns":6},{"damage":29,"enemies":"3 Shapes","floor":36,"turns":3},{"damage":20,"enemies":"downfall:FleeingMerchant","floor":37,"turns":4},{"damage":33,"enemies":"3 Darklings","floor":38,"turns":3},{"damage":5,"enemies":"Sphere and 2 Shapes","floor":39,"turns":3},{"damage":2,"enemies":"Spire Growth","floor":42,"turns":4},{"damage":32,"enemies":"Nemesis","floor":44,"turns":8},{"damage":0,"enemies":"Writhing Mass","floor":46,"turns":6},{"damage":0,"enemies":"Transient","floor":47,"turns":5},{"damage":27,"enemies":"Jaw Worm Horde","floor":49,"turns":2},{"damage":11,"enemies":"downfall:Watcher","floor":50,"turns":5},{"damage":48,"enemies":"downfall:CharBossMerchant","floor":52,"turns":7},{"damage":172,"enemies":"downfall:NeowBoss","floor":55,"turns":36}],"seed_played":"2333090768682112745","potions_obtained":[{"floor":3,"key":"ColorlessPotion"},{"floor":10,"key":"SteroidPotion"},{"floor":14,"key":"sneckomod:MuddlingPotion"},{"floor":15,"key":"Weak Potion"},{"floor":23,"key":"ColorlessPotion"},{"floor":26,"key":"Dexterity Potion"},{"floor":26,"key":"Venom Potion"},{"floor":27,"key":"Strength Potion"},{"floor":28,"key":"Venom Potion"},{"floor":33,"key":"Fire Potion"},{"floor":38,"key":"Guardian:BlockOnCardUsePotion"},{"floor":39,"key":"Block Potion"},{"floor":42,"key":"LifebloodPotion"},{"floor":52,"key":"DuplicationPotion"},{"floor":55,"key":"Weak Potion"}],"is_trial":false,"path_per_floor":["R","M","M","?","?","T","T","?","M","M","?","$","R","E","M","B",null,"R","M","M","M","?","$","T","R","?","E","M","R","M","?","M","B",null,"R","M","?","M","M","?","T","M","R","E","R","M","M","$","M","B",null,"E","$","R","B",null],"character_chosen":"THE_CHAMP","items_purchased":["MerchantsRug","ReplayTheSpireMod:ShopPack","hubris:CrystalStatue","aspiration:Lifesprig","champ:BerserkersGuideToSlaughter","Gambling Chip","champ:Duel","ReplayTheSpireMod:CursedCoin","champ:FightingForDummies","Simple Rune","champ:PerfectedStrike","Block Potion"],"campfire_rested":2,"item_purchase_floors":[12,12,23,37,37,37,37,48,48,48,48,53],"current_hp_per_floor":[90,90,74,74,74,74,74,74,74,71,71,71,71,71,71,63,90,90,84,84,84,84,78,78,78,71,62,55,96,91,91,94,97,115,115,104,107,107,117,117,117,124,124,124,124,127,130,133,124,134,136,115,115,139,118],"gold":18,"neow_bonus":"BOSS_RELIC","is_daily":false,"chose_seed":false,"campfire_upgraded":6,"win_rate":0.0,"timestamp":1609141474,"path_taken":["R","M","M","?","?","?","T","?","M","?","?","?","R","E","M","BOSS","R","M","M","?","?","$","T","R","?","E","M","R","M","?","M","BOSS","R","M","?","M","M","?","T","?","R","E","R","M","?","?","M","BOSS","E","$","R","BOSS"],"items_purchased_type":["Relic","Relic","Relic","Relic","Relic","Relic","Card","Relic","Relic","Relic","Card","Potion"],"build_version":"2020-12-22","purchased_purges":1,"victory":true,"max_hp_per_floor":[90,90,90,90,90,90,90,90,90,90,90,90,90,90,90,90,90,90,90,90,90,90,90,90,90,90,93,96,106,109,109,112,115,115,115,118,121,124,124,124,124,124,124,124,124,127,130,133,136,136,136,139,139,139,139],"relic_stats":{"counters":[30,161],"Mummified Hand":[85],"Gambling Chip":[13],"Letter Opener":[50],"obtain_stats":[{"aspiration:Lifesprig":37,"hubris:CrystalStatue":23,"Vajra":52,"champ:ChampionCrown":0,"downfall:HeartBlessingGreen":18,"Ancient Tea Set":41,"Replay:Ringing Soul":27,"hubris:Icosahedron":11,"Matryoshka":26,"Mummified Hand":24,"downfall:HeartBlessingBlue":29,"Gambling Chip":37,"Philosopher\u0027s Stone":34,"champ:BerserkersGuideToSlaughter":37,"champ:FightingForDummies":48,"aspiration:ChemicalBlood":6,"MerchantsRug":12,"downfall:HeartBlessingRed":18,"Replay:Towering Pillar of Hats":26,"ReplayTheSpireMod:CursedCoin":48,"Letter Opener":14,"aspiration:FrozenJewel":44,"Du-Vu Doll":41,"Runesmith:UraniumAnvil":17,"ChewingGum":0,"Simple Rune":48,"ReplayTheSpireMod:ShopPack":12},{"aspiration:Lifesprig":20,"hubris:CrystalStatue":12,"Vajra":29,"champ:ChampionCrown":0,"downfall:HeartBlessingGreen":8,"Ancient Tea Set":22,"Replay:Ringing Soul":14,"hubris:Icosahedron":4,"Matryoshka":13,"Mummified Hand":12,"downfall:HeartBlessingBlue":15,"Gambling Chip":20,"Philosopher\u0027s Stone":18,"champ:BerserkersGuideToSlaughter":20,"champ:FightingForDummies":26,"aspiration:ChemicalBlood":2,"MerchantsRug":5,"downfall:HeartBlessingRed":8,"Replay:Towering Pillar of Hats":13,"ReplayTheSpireMod:CursedCoin":26,"Letter Opener":6,"aspiration:FrozenJewel":24,"Du-Vu Doll":22,"Runesmith:UraniumAnvil":8,"ChewingGum":0,"Simple Rune":26,"ReplayTheSpireMod:ShopPack":5},{"aspiration:Lifesprig":82,"hubris:CrystalStatue":50,"Vajra":125,"champ:ChampionCrown":0,"downfall:HeartBlessingGreen":35,"Ancient Tea Set":88,"Replay:Ringing Soul":59,"hubris:Icosahedron":17,"Matryoshka":55,"Mummified Hand":50,"downfall:HeartBlessingBlue":62,"Gambling Chip":82,"Philosopher\u0027s Stone":75,"champ:BerserkersGuideToSlaughter":82,"champ:FightingForDummies":111,"aspiration:ChemicalBlood":8,"MerchantsRug":22,"downfall:HeartBlessingRed":35,"Replay:Towering Pillar of Hats":55,"ReplayTheSpireMod:CursedCoin":111,"Letter Opener":26,"aspiration:FrozenJewel":100,"Du-Vu Doll":88,"Runesmith:UraniumAnvil":35,"ChewingGum":0,"Simple Rune":111,"ReplayTheSpireMod:ShopPack":22}]},"card_choices":[{"not_picked":["champ:DefensiveShout","champ:BerserkerStyle"],"picked":"champ:TornadoPunch","floor":2},{"not_picked":["champ:Circumvent","champ:Control"],"picked":"champ:BringItOn","floor":3},{"not_picked":["expansioncontent:QuickStudy","Replay:BasicMightCard"],"picked":"expansioncontent:DefensiveStance","floor":4},{"not_picked":["champ:FlashCut","champ:FocusedBerserking"],"picked":"champ:RecklessLeap","floor":9},{"not_picked":["champ:GutPunch","champ:BringItOn"],"picked":"champ:PerfectedStrike","floor":10},{"not_picked":["champ:CrookedStrike","champ:HeartStrike"],"picked":"champ:HoldFirm","floor":12},{"not_picked":["Chrysalis","expansioncontent:StudyTheSpire"],"picked":"ReplayUltimateDefense","floor":12},{"not_picked":["Flash of Steel","Magnetism"],"picked":"Blind","floor":12},{"not_picked":["expansioncontent:Chronoboost","Jack Of All Trades"],"picked":"expansioncontent:Hexaburn","floor":12},{"not_picked":["champ:CrookedStrike","champ:GutPunch"],"picked":"champ:PreciseThrust","floor":14},{"not_picked":["champ:FightOn","champ:StanceDance"],"picked":"champ:CalledShot","floor":15},{"not_picked":["champ:DancingMaster","champ:StrikeOfGenius"],"picked":"champ:Devastate","floor":16},{"not_picked":["champ:Control","champ:GutPunch"],"picked":"champ:TornadoPunch+1","floor":19},{"not_picked":["champ:StanceDance","champ:AdrenalArmor"],"picked":"champ:ShieldWall","floor":20},{"not_picked":["champ:FightOn","champ:Aggression"],"picked":"champ:DeathBlow+1","floor":21},{"not_picked":["champ:DancingMaster","champ:BladeFlurry"],"picked":"champ:FlashCut+1","floor":23},{"not_picked":["champ:ShieldSigil","champ:GladiatorsShout"],"picked":"champ:FalseCounter+1","floor":26},{"not_picked":["champ:Aggression","champ:CrookedStrike"],"picked":"champ:ShieldThrow","floor":27},{"not_picked":["champ:Haymaker","champ:BerserkersShout+1"],"picked":"champ:BringItOn+1","floor":28},{"not_picked":["champ:RecklessLeap","champ:GutPunch"],"picked":"champ:TornadoPunch+1","floor":30},{"not_picked":["champ:BringItOn+1","champ:GladiatorsShout"],"picked":"champ:ShieldSlam","floor":32},{"not_picked":["champ:EnchantCrown","champ:SwordThrow"],"picked":"champ:VampiricStrike","floor":33},{"not_picked":["champ:AdrenalArmor","champ:IronFortress"],"picked":"champ:RageSigil+1","floor":36},{"not_picked":["champ:FocusedBerserking","champ:Lariat"],"picked":"champ:BerserkersShout+1","floor":37},{"not_picked":["champ:TornadoPunch","champ:Circumvent"],"picked":"champ:CalledShot+1","floor":38},{"not_picked":["champ:ShieldSigil+1","champ:DeathBlow","champ:EnragedBash"],"picked":"SKIP","floor":39},{"not_picked":["champ:GladiatorsShout","champ:ArenaPreparation","champ:Devastate"],"picked":"SKIP","floor":42},{"not_picked":["champ:BladeFlurry","champ:GutPunch","champ:StanceDance"],"picked":"SKIP","floor":44},{"not_picked":["champ:TornadoPunch","champ:ViciousMockery"],"picked":"champ:GladiatorStyle+1","floor":46},{"not_picked":["champ:RecklessLeap","champ:FanOfKnives"],"picked":"champ:CrookedStrike+1","floor":47},{"not_picked":["champ:Backstep","champ:FanOfKnives"],"picked":"champ:ShieldWall+1","floor":49},{"not_picked":["champ:FlashCut","champ:EndlessRage+1"],"picked":"champ:Backstep+1","floor":52}],"player_experience":407153,"relics_obtained":[{"floor":6,"key":"aspiration:ChemicalBlood"},{"floor":14,"key":"Letter Opener"},{"floor":24,"key":"Mummified Hand"},{"floor":26,"key":"Replay:Towering Pillar of Hats"},{"floor":26,"key":"Matryoshka"},{"floor":27,"key":"Replay:Ringing Soul"},{"floor":41,"key":"Du-Vu Doll"},{"floor":41,"key":"Ancient Tea Set"},{"floor":44,"key":"aspiration:FrozenJewel"},{"floor":52,"key":"Vajra"}],"event_choices":[{"damage_healed":0,"gold_gain":1,"player_choice":"1","damage_taken":0,"max_hp_gain":0,"max_hp_loss":0,"event_name":"betterStone:BetterStone","floor":4,"gold_loss":0},{"damage_healed":0,"gold_gain":0,"player_choice":"Upgraded","damage_taken":0,"max_hp_gain":0,"max_hp_loss":0,"event_name":"Upgrade Shrine","floor":8,"gold_loss":0,"cards_upgraded":["expansioncontent:DefensiveStance"]},{"damage_healed":0,"gold_gain":0,"player_choice":"Leave","damage_taken":0,"max_hp_gain":0,"max_hp_loss":0,"event_name":"conspire:Investor","floor":31,"gold_loss":0}],"is_beta":false,"boss_relics":[{"not_picked":["aspiration:RitualDagger","hubris:CrackedHourglass"],"picked":"Runesmith:UraniumAnvil"},{"not_picked":["hubris:BlackHole","hubris:HollowSoul"],"picked":"Philosopher\u0027s Stone"}],"items_purged_floors":[12],"is_endless":false,"potions_floor_spawned":[3,10,14,15,27,28,30,32,33,36,38,39,42,52],"ascension_level":1}}