{"host":"jg07b2bexsgdacfj","time":1609186007,"event":{"mods":["AchievementEnabler","Act Like it!","Aspiration","Astrologer","BaseMod","Better Third Choice","BetterRewards","Block Reminder","Challenge The Spire","ChefMod","Colored Map","Colored Powertips","Conspire","Dota2Spire","Duelist Mod","Elementarium","Energized Spire","Friendly Minions","GifTheSpireLib","Gold Saver","GungeonMod","Halation","Hero for Fun","Highlight Path","Hubris","Infinite Spire","Kratos Character Expansion","Menagerie","Minty Spire (QoL Compilation)","Nova Terra(??·??)","Permanent Neow","Pikachu Mod","Railgun Mod","Remove Card Discount Mod","Replay The Spire","SOS???????","Shade Mod","Shop Mod","Spicy Shops","Spikes Relics","StSLib","Stuff the Spire","Synergy Search","The Animator","The Blackbeard","The Blue Laboratory","The Caster","The Forsaken","The Gatherer","The Necromancer","The Servant 0.9.4","TheHero","Transform Curses","UnlockEverythingMod","vexMod"],"gold_per_floor":[1117,1117,1117,392,407,407,407,407,407,419,419,419],"floor_reached":11,"playtime":340,"items_purged":[],"score":61,"play_id":"3dd13284-b500-4faa-9fe4-4ae228e164ad","local_time":"20201228210647","is_ascension_mode":false,"campfire_choices":[{"data":"DemoMod:SniperShot","floor":6.0,"key":"SMITH"}],"circlet_count":0,"master_deck":["DemoMod:Strike_Huntress","DemoMod:Strike_Huntress","DemoMod:Strike_Huntress+1","DemoMod:Defend_Huntress","DemoMod:Defend_Huntress","DemoMod:Defend_Huntress+1","DemoMod:Defend_Huntress","DemoMod:Roll","DemoMod:ManualReload","DemoMod:RustySidearm+1","DemoMod:CrossBow","DemoMod:MegaHand+1","DemoMod:SniperShot+1","DemoMod:TeaPot"],"relics":["DemoMod:Dog","NeowsBlessing","Menagerie:MalignantTentacle","MerchantsRug","hubris:SlimyHat","vexMod:PaidLearning","DemoMod:GnawedKey","DemoMod:PortableTableDevice","Replay:Ringing Soul"],"acts_visited":["Exordium"],"potions_floor_usage":[],"damage_taken":[{"damage":0.0,"enemies":"Menagerie:2_RABBITS","floor":1.0,"turns":1.0},{"damage":0.0,"enemies":"Menagerie:StygianBoar","floor":5.0,"turns":1.0},{"damage":1,"enemies":"Menagerie:MonstrousExperiment","floor":10,"turns":1},{"damage":76,"enemies":"Menagerie:MaskedSummoner","floor":11,"turns":6}],"seed_played":"-6973656825971147663","potions_obtained":[{"floor":1.0,"key":"Dota2Spire:Clarity"},{"floor":10,"key":"Reflective Coating"}],"is_trial":false,"path_per_floor":["M","?","?","$","M","R","$","?","T","M","E"],"character_chosen":"HUNTRESS","items_purchased":["MerchantsRug","hubris:SlimyHat","vexMod:PaidLearning","DemoMod:GnawedKey","DemoMod:PortableTableDevice"],"campfire_rested":0,"item_purchase_floors":[4,4,4,4,4],"current_hp_per_floor":[70,70,70,70,70,70,70,70,70,72,0,0],"gold":419,"neow_bonus":"THREE_ENEMY_KILL","is_daily":false,"chose_seed":false,"campfire_upgraded":1,"win_rate":0.0,"timestamp":1609186007,"path_taken":["M","?","?","$","?","R","$","?","T","M","E"],"items_purchased_type":["Relic","Relic","Relic","Relic","Relic"],"build_version":"2020-12-22","purchased_purges":0,"victory":false,"max_hp_per_floor":[70,70,70,70,70,70,70,70,70,73,73,73],"card_choices":[{"not_picked":["DemoMod:HuntsMan","DemoMod:DoubleSwitch"],"picked":"DemoMod:MegaHand","floor":1.0},{"not_picked":["DemoMod:EasyReloadBullets","DemoMod:FastSwitch"],"picked":"DemoMod:SniperShot","floor":5.0},{"not_picked":["DemoMod:SniperShot","DemoMod:JK47"],"picked":"DemoMod:TeaPot","floor":10}],"player_experience":331132,"relics_obtained":[{"floor":9,"key":"Replay:Ringing Soul"}],"event_choices":[{"damage_healed":0.0,"max_hp_gain":0.0,"max_hp_loss":0.0,"gold_gain":0.0,"event_name":"Menagerie:CorruptingLight","player_choice":"Enter","floor":2.0,"gold_loss":0.0,"damage_taken":0.0,"cards_upgraded":["DemoMod:Strike_Huntress","DemoMod:Defend_Huntress"],"relics_obtained":["Menagerie:MalignantTentacle"]},{"damage_healed":0.0,"max_hp_gain":0.0,"max_hp_loss":0.0,"gold_gain":0.0,"event_name":"Golden Idol","player_choice":"Ignored","floor":3.0,"gold_loss":0.0,"damage_taken":0.0},{"damage_healed":0,"gold_gain":0,"player_choice":"Ignored","damage_taken":0,"max_hp_gain":0,"max_hp_loss":0,"event_name":"Menagerie:MagesHand","floor":8,"gold_loss":0}],"is_beta":false,"boss_relics":[],"items_purged_floors":[],"is_endless":false,"potions_floor_spawned":[1,10],"killed_by":"Menagerie:MaskedSummoner","ascension_level":0}}