{"host":"phniwng9zo19jwdb","time":1609155618,"event":{"mods":["AchievementEnabler","BaseMod","Colored Powertips","Faster Ascension Climbing","GifTheSpireLib","Minty Spire (QoL Compilation)","Permanent Neow","Rare Cards Sparkle","Somnambulant","StSLib"],"gold_per_floor":[12,12,12,12,35,78,78,101,101,144,69,69,103,128,128,223,223,246,260,281,3,3,41,41,41,41],"floor_reached":25,"playtime":1101,"items_purged":["Strike_R","Clothesline"],"score":406,"play_id":"789f5c65-914b-4c92-8769-b894a5e685ba","local_time":"20201228124018","is_ascension_mode":true,"campfire_choices":[{"floor":7,"key":"REST"},{"data":"Inflame","floor":15,"key":"SMITH"},{"floor":24,"key":"REST"}],"circlet_count":0,"master_deck":["AscendersBane","Strike_R","Strike_R","Strike_R","Defend_R","Defend_R","Defend_R","Defend_R","Bash","Apotheosis+1","True Grit","Limit Break","Shrug It Off","Inflame+1","Brutality","Warcry+1","Searing Blow","Metamorphosis+1","Flame Barrier","Pummel"],"relics":["Burning Blood","Golden Idol","HornCleat","Strawberry","Champion Belt","Gambling Chip","Velvet Choker","Dream Catcher"],"acts_visited":["Exordium","TheCity"],"potions_floor_usage":[10,16,16,23,25,25],"damage_taken":[{"damage":9,"enemies":"2 Louse","floor":1,"turns":5},{"damage":4,"enemies":"Jaw Worm","floor":5,"turns":4},{"damage":36,"enemies":"3 Sentries","floor":6,"turns":12},{"damage":0,"enemies":"Cultist","floor":8,"turns":3},{"damage":5,"enemies":"Gremlin Nob","floor":10,"turns":4},{"damage":13,"enemies":"Lagavulin","floor":13,"turns":10},{"damage":5,"enemies":"Red Slaver","floor":14,"turns":5},{"damage":13,"enemies":"The Guardian","floor":16,"turns":10},{"damage":31,"enemies":"3 Byrds","floor":18,"turns":7},{"damage":8,"enemies":"Shell Parasite","floor":19,"turns":7},{"damage":8,"enemies":"Snake Plant","floor":20,"turns":5},{"damage":58,"enemies":"Gremlin Leader","floor":23,"turns":7},{"damage":31,"enemies":"Book of Stabbing","floor":25,"turns":7}],"seed_played":"2718664317285408278","potions_obtained":[{"floor":6,"key":"Ancient Potion"},{"floor":10,"key":"Fire Potion"},{"floor":14,"key":"EntropicBrew"},{"floor":23,"key":"ColorlessPotion"}],"is_trial":false,"path_per_floor":["M","?","?","?","M","E","R","M","T","E","$","$","E","M","R","B",null,"M","M","M","$","?","E","R","E"],"character_chosen":"IRONCLAD","items_purchased":["Metamorphosis"],"campfire_rested":2,"item_purchase_floors":[21],"current_hp_per_floor":[65,65,47,47,49,19,41,47,54,55,55,55,48,49,49,42,72,47,45,43,43,43,7,31,0,0],"gold":41,"neow_bonus":"RANDOM_COLORLESS_2","is_daily":false,"chose_seed":false,"campfire_upgraded":1,"win_rate":0.0,"timestamp":1609155618,"path_taken":["M","?","?","?","?","E","R","M","T","E","?","$","E","M","R","BOSS","M","?","M","$","?","E","R","E"],"items_purchased_type":["Card"],"build_version":"2020-12-22","purchased_purges":2,"victory":false,"max_hp_per_floor":[75,75,75,75,75,75,75,75,82,82,82,82,82,82,82,82,82,82,82,82,82,82,82,82,82,82],"card_choices":[{"not_picked":["Sadistic Nature","The Bomb"],"picked":"Apotheosis","floor":0},{"not_picked":["Anger","Clash"],"picked":"Clothesline","floor":1},{"not_picked":["Perfected Strike","Reckless Charge","Headbutt"],"picked":"SKIP","floor":5},{"not_picked":["Reckless Charge","Clothesline","Whirlwind"],"picked":"SKIP","floor":6},{"not_picked":["Heavy Blade","Headbutt"],"picked":"True Grit","floor":8},{"not_picked":["Sword Boomerang","Brutality"],"picked":"Limit Break","floor":10},{"not_picked":["Thunderclap","Bloodletting"],"picked":"Shrug It Off","floor":13},{"not_picked":["Sword Boomerang","Flex"],"picked":"Inflame","floor":14},{"not_picked":["Corruption","Immolate"],"picked":"Brutality","floor":16},{"not_picked":["Perfected Strike","Havoc"],"picked":"Warcry+1","floor":18},{"not_picked":["Clash","Warcry","Clothesline"],"picked":"SKIP","floor":19},{"not_picked":["Warcry","Armaments"],"picked":"Searing Blow","floor":20},{"not_picked":["Thunderclap","Feel No Pain+1"],"picked":"Flame Barrier","floor":23},{"not_picked":["Wild Strike","Infernal Blade"],"picked":"Pummel","floor":24}],"player_experience":24870,"relics_obtained":[{"floor":6,"key":"HornCleat"},{"floor":9,"key":"Strawberry"},{"floor":10,"key":"Champion Belt"},{"floor":13,"key":"Gambling Chip"},{"floor":23,"key":"Dream Catcher"}],"event_choices":[{"damage_healed":0,"gold_gain":0,"player_choice":"Grow","damage_taken":0,"max_hp_gain":0,"max_hp_loss":0,"event_name":"Living Wall","floor":2,"gold_loss":0,"cards_upgraded":["Apotheosis"]},{"damage_healed":0,"gold_gain":0,"player_choice":"Take Damage","damage_taken":18,"relics_obtained":["Golden Idol"],"max_hp_gain":0,"max_hp_loss":0,"event_name":"Golden Idol","floor":3,"gold_loss":0},{"cards_removed":["Strike_R"],"damage_healed":0,"gold_gain":0,"player_choice":"Purged","damage_taken":0,"max_hp_gain":0,"max_hp_loss":0,"event_name":"Purifier","floor":4,"gold_loss":0},{"damage_healed":0,"gold_gain":0,"player_choice":"Forge","damage_taken":0,"max_hp_gain":0,"max_hp_loss":0,"event_name":"Accursed Blacksmith","floor":22,"gold_loss":0,"cards_upgraded":["Metamorphosis"]}],"is_beta":false,"boss_relics":[{"not_picked":["Ectoplasm","Busted Crown"],"picked":"Velvet Choker"}],"items_purged_floors":[11,21],"is_endless":false,"potions_floor_spawned":[6,10,14,23],"killed_by":"Book of Stabbing","ascension_level":14}}