{"host":"lkdeywpzrzegufot","time":1608841675,"event":{"mods":["BaseMod","Colored Map","Downfall","Minty Spire (QoL Compilation)","StSLib"],"gold_per_floor":[349,408,426,426,440,365,389,423,423,433,433,153,165,175,193,293,293,293,306,306,306,331,431,431,447,76,90,46,80,5,15,32,133,133,133,152,152,202,252,40,40,50,50,64,64,64,64,82,93,93],"floor_reached":51,"playtime":4675,"items_purged":["Guardian:Strike_Guardian","Shame","Guardian:Defend_Guardian"],"score":742,"play_id":"a1bb22f2-dd53-4963-a5c0-6fd6bc012930","local_time":"20201224212755","is_ascension_mode":false,"campfire_choices":[{"floor":1,"key":"RECALL"},{"floor":6,"key":"REST"},{"data":"Guardian:ShieldCharger","floor":9,"key":"SMITH"},{"floor":11,"key":"REST"},{"data":"Guardian:FloatingOrbs","floor":18,"key":"SMITH"},{"floor":30,"key":"REST"},{"data":"1","floor":35,"key":"LIFT"},{"data":"Guardian:TimeCapacitor","floor":45,"key":"SMITH"},{"data":"Guardian:ChargeUp","floor":47,"key":"SMITH"}],"circlet_count":0,"master_deck":["Guardian:Strike_Guardian","Guardian:Strike_Guardian","Guardian:Defend_Guardian+1","Guardian:Defend_Guardian+1","Guardian:Defend_Guardian","Guardian:CurlUp","Guardian:TwinSlam","Guardian:Planning","Guardian:ChargeUp+1","Guardian:ShieldCharger+1","Guardian:Reroute","Guardian:Incinerate","Guardian:FloatingOrbs+1","Guardian:SentryBeam","Guardian:PrimingBeam","Guardian:TimeSifter","Guardian:TemporalShield+1","Doubt","Guardian:Preprogram","Guardian:Planning+1","Guardian:DecasProtection+1","Guardian:TimeCapacitor+1","Guardian:Emergency+1","Guardian:Suspension+1","Guardian:ShieldCharger+1","Guardian:ArmoredProtocol+1","Guardian:Repulse","expansioncontent:DecasProtection+1","Guardian:Harden+1","Guardian:TemporalShield+1","Guardian:SphericShield+1","Guardian:DonusPower+1","Guardian:TemporalShield+1","Guardian:TimeCapacitor","Guardian:TimeBomb+1","Guardian:Aged","Guardian:MultiBeam","Guardian:ShieldCharger+1"],"relics":["Guardian:ModeShifter","War Paint","Torii","downfall:HeartBlessingRed","Happy Flower","PreservedInsect","Cursed Key","Vajra","Girya","Bottled Tornado","Toxic Egg 2","Nunchaku","downfall:HeartBlessingGreen","Philosopher\u0027s Stone","Mango","Ice Cream","Lee\u0027s Waffle","Guardian:StasisEgg"],"acts_visited":["Exordium","TheCity","TheBeyond"],"potions_floor_usage":[8,12,16,16,26,26,28,50,50],"damage_taken":[{"damage":43,"enemies":"3 Sentries","floor":2,"turns":14},{"damage":0,"enemies":"Jaw Worm","floor":3,"turns":6},{"damage":0,"enemies":"2 Louse","floor":5,"turns":2},{"damage":3,"enemies":"3 Sentries","floor":8,"turns":10},{"damage":0,"enemies":"Small Slimes","floor":10,"turns":2},{"damage":0,"enemies":"downfall:FleeingMerchant","floor":12,"turns":4},{"damage":0,"enemies":"2 Fungi Beasts","floor":13,"turns":3},{"damage":8,"enemies":"3 Louse","floor":14,"turns":3},{"damage":0,"enemies":"Exordium Thugs","floor":15,"turns":5},{"damage":20,"enemies":"downfall:Ironclad","floor":16,"turns":6},{"damage":8,"enemies":"Shell Parasite","floor":19,"turns":5},{"damage":4,"enemies":"downfall:Defect","floor":23,"turns":6},{"damage":7,"enemies":"Chosen","floor":25,"turns":4},{"damage":0,"enemies":"downfall:FleeingMerchant","floor":26,"turns":4},{"damage":16,"enemies":"Snecko","floor":27,"turns":7},{"damage":0,"enemies":"downfall:FleeingMerchant","floor":28,"turns":4},{"damage":12,"enemies":"Book of Stabbing","floor":29,"turns":5},{"damage":0,"enemies":"Centurion and Healer","floor":31,"turns":6},{"damage":12,"enemies":"Cultist and Chosen","floor":32,"turns":8},{"damage":14,"enemies":"downfall:Silent","floor":33,"turns":8},{"damage":10,"enemies":"3 Shapes","floor":36,"turns":4},{"damage":29,"enemies":"2 Orb Walkers","floor":38,"turns":6},{"damage":4,"enemies":"Mind Bloom Boss Battle","floor":39,"turns":8},{"damage":0,"enemies":"Orb Walker","floor":42,"turns":5},{"damage":1,"enemies":"4 Shapes","floor":44,"turns":5},{"damage":14,"enemies":"Spire Growth","floor":48,"turns":7},{"damage":0,"enemies":"Sphere and 2 Shapes","floor":49,"turns":5},{"damage":0,"enemies":"downfall:Defect","floor":50,"turns":8}],"seed_played":"1776191760845739355","potions_obtained":[{"floor":3,"key":"SpeedPotion"},{"floor":5,"key":"hexamod:EctoCoolerPotion"},{"floor":10,"key":"Explosive Potion"},{"floor":14,"key":"Swift Potion"},{"floor":23,"key":"Explosive Potion"},{"floor":25,"key":"Guardian:AcceleratePotion"},{"floor":31,"key":"FairyPotion"},{"floor":32,"key":"FairyPotion"},{"floor":39,"key":"SpeedPotion"},{"floor":42,"key":"Guardian:DefensiveModePotion"},{"floor":49,"key":"PowerPotion"}],"is_trial":false,"path_per_floor":["R","?","M","?","M","R","T","E","R","M","R","$","M","M","M","B",null,"R","M","?","?","T","?","T","M","$","M","$","E","R","M","M","B",null,"R","M","?","?","?","$","T","M","?","M","R","?","R","M","M","B",null],"character_chosen":"GUARDIAN","items_purchased":["Guardian:Gem_White","Guardian:FloatingOrbs","Guardian:SentryBeam","Guardian:TimeCapacitor","Guardian:Emergency+1","Guardian:Suspension+1","champ:CounterPotion","Guardian:Repulse","Guardian:Gem_Blue","expansioncontent:DecasProtection+1","Lee\u0027s Waffle","Guardian:TimeCapacitor"],"campfire_rested":3,"item_purchase_floors":[12,12,12,26,26,26,26,28,28,28,40,40],"current_hp_per_floor":[72,29,29,11,11,32,32,29,29,29,50,50,50,42,42,22,72,72,64,51,51,51,47,47,40,40,24,24,12,35,35,23,9,77,77,67,67,52,48,98,98,98,98,97,97,97,97,83,83,83],"gold":93,"neow_bonus":"TWO_FIFTY_GOLD","is_daily":false,"chose_seed":false,"campfire_upgraded":4,"win_rate":0.0,"timestamp":1608841675,"path_taken":["R","?","M","?","M","R","T","E","R","M","R","$","M","M","M","BOSS","R","M","?","?","?","?","T","M","?","M","$","E","R","M","M","BOSS","R","M","?","?","?","$","T","?","?","M","R","?","R","M","M","BOSS"],"items_purchased_type":["Card","Card","Card","Card","Card","Card","Potion","Card","Card","Card","Relic","Card"],"build_version":"2020-12-22","purchased_purges":3,"victory":true,"max_hp_per_floor":[72,72,72,72,72,72,72,72,72,72,72,72,72,72,72,72,72,72,72,77,77,77,77,77,77,77,77,77,77,77,77,77,77,77,77,77,77,91,91,98,98,98,98,98,98,98,98,98,98,98],"card_choices":[{"not_picked":["Guardian:RollAttack","Guardian:RefractedBeam"],"picked":"Guardian:Planning","floor":2},{"not_picked":["Guardian:Gem_Red","Guardian:PiercingHide"],"picked":"Guardian:ChargeUp","floor":3},{"not_picked":["Guardian:CrystalBeam","Guardian:Gem_Fragmented"],"picked":"Guardian:ShieldCharger","floor":5},{"not_picked":["Guardian:TemporalStrike","Guardian:ShieldSpikes"],"picked":"Guardian:Reroute","floor":8},{"not_picked":["Guardian:CrystalBeam","Guardian:Planning"],"picked":"Guardian:BronzeArmor","floor":10},{"not_picked":["Guardian:StasisStrike","Guardian:RefractedBeam"],"picked":"Guardian:Incinerate","floor":12},{"not_picked":["Guardian:WalkerClaw","Guardian:RefractedBeam"],"picked":"Guardian:Gem_Purple","floor":13},{"not_picked":["Guardian:CrystalBeam","Guardian:PrismaticBeam"],"picked":"Guardian:Incinerate","floor":14},{"not_picked":["Guardian:WalkerClaw","Guardian:ChargeCore"],"picked":"Guardian:PrimingBeam","floor":15},{"not_picked":["Guardian:FastForward","Guardian:BaubleBeam"],"picked":"Guardian:TimeSifter","floor":16},{"not_picked":["Guardian:CrystalBeam+1","Guardian:TimeCapacitor"],"picked":"Guardian:TemporalShield+1","floor":19},{"not_picked":["Guardian:CrystalBeam+1","Guardian:WalkerClaw+1"],"picked":"Guardian:Preprogram","floor":23},{"not_picked":["Guardian:WalkerClaw","Guardian:RollAttack"],"picked":"Guardian:Planning+1","floor":25},{"not_picked":["Guardian:Incinerate+1","Guardian:Clone+1"],"picked":"Guardian:DecasProtection+1","floor":26},{"not_picked":["Guardian:WalkerClaw+1","Guardian:RevengeProtocol"],"picked":"Guardian:ShieldCharger+1","floor":27},{"not_picked":["Guardian:ChargeCore","Guardian:Harden+1"],"picked":"Guardian:ArmoredProtocol+1","floor":28},{"not_picked":["Guardian:Recover+1","Guardian:Clone+1"],"picked":"Guardian:Harden+1","floor":29},{"not_picked":["Guardian:WalkerClaw","Guardian:VentSteam+1"],"picked":"Guardian:Gem_Cyan","floor":31},{"not_picked":["Guardian:CrystalBeam","Guardian:Suspension+1"],"picked":"Guardian:TemporalShield+1","floor":32},{"not_picked":["Guardian:ExploitGems+1","Guardian:AncientConstruct"],"picked":"Guardian:SphericShield+1","floor":33},{"not_picked":["Guardian:PiercingHide+1","Guardian:Gem_Cyan"],"picked":"Guardian:DonusPower+1","floor":36},{"not_picked":["Guardian:PrismaticBarrier+1","Guardian:PiercingHide+1"],"picked":"Guardian:TemporalShield+1","floor":38},{"not_picked":["Guardian:VentSteam+1","Guardian:Reroute","Guardian:Gem_Fragmented"],"picked":"SKIP","floor":42},{"not_picked":["Guardian:PrismaticBarrier+1","Guardian:Harden+1"],"picked":"Guardian:TimeBomb+1","floor":44},{"not_picked":["Guardian:Emergency+1","Guardian:RevengeProtocol"],"picked":"Guardian:MultiBeam","floor":48},{"not_picked":["Guardian:PiercingHide+1","Guardian:Incinerate+1"],"picked":"Guardian:ShieldCharger+1","floor":49}],"player_experience":3167,"relics_obtained":[{"floor":2,"key":"War Paint"},{"floor":7,"key":"Happy Flower"},{"floor":8,"key":"PreservedInsect"},{"floor":22,"key":"Vajra"},{"floor":23,"key":"Girya"},{"floor":23,"key":"Bottled Tornado"},{"floor":24,"key":"Toxic Egg 2"},{"floor":29,"key":"Nunchaku"},{"floor":38,"key":"Mango"},{"floor":39,"key":"Ice Cream"}],"event_choices":[{"damage_healed":0,"gold_gain":0,"player_choice":"Success","damage_taken":18,"relics_obtained":["Torii"],"max_hp_gain":0,"max_hp_loss":0,"event_name":"Scrap Ooze","floor":4,"gold_loss":0},{"cards_removed":["Guardian:Strike_Guardian"],"damage_healed":0,"gold_gain":0,"player_choice":"Elegance","damage_taken":0,"max_hp_gain":0,"max_hp_loss":0,"event_name":"Back to Basics","floor":21,"gold_loss":0},{"cards_removed":["Guardian:BronzeArmor"],"damage_healed":0,"gold_gain":0,"player_choice":"Removed Skill","damage_taken":0,"max_hp_gain":0,"max_hp_loss":0,"event_name":"Falling","floor":37,"gold_loss":0},{"damage_healed":0,"gold_gain":0,"player_choice":"Fight","damage_taken":0,"max_hp_gain":0,"max_hp_loss":0,"event_name":"Mysterious Sphere","floor":38,"gold_loss":0}],"is_beta":false,"boss_relics":[{"not_picked":["downfall:Hecktoplasm","Runic Dome"],"picked":"Cursed Key"},{"not_picked":["Black Star","Guardian:StasisSlotReductionRelic"],"picked":"Philosopher\u0027s Stone"}],"items_purged_floors":[12,26,28],"is_endless":false,"potions_floor_spawned":[3,5,10,14,23,25,31,32,39,42,48,49],"ascension_level":0}}