{"host":"3mdjmozz5rahgtdc","time":1608833687,"event":{"mods":["AchievementEnabler","BaseMod","Better Silent Start","Better-Laid Plans","Colored Map","Colored Powertips","Custom Start","DeckTracker","Emptier Cage","KOR Keyword Fix","Keyboard Shortcuts","Minty Spire (QoL Compilation)","Permanent Neow","Quick Restart","StSLib","SuperFastMode"],"gold_per_floor":[115,65,77,95,20,20,50,50,76,88,188,204,234,252,252,356,356,374,473,487,487,487,487,502,515,515,540,64,74,74,74,74,172,172,183,183,198,212,212,212,232,262,262,275,275,293,23,57,57,57],"floor_reached":51,"playtime":1558,"items_purged":["Strike_G","Strike_G","Strike_G+1"],"score":1127,"play_id":"c80c0f74-859c-46d9-9879-fae9410d8f1c","local_time":"20201225031447","is_ascension_mode":true,"campfire_choices":[{"data":"Terror","floor":6,"key":"SMITH"},{"data":"Prepared","floor":8,"key":"SMITH"},{"data":"Deadly Poison","floor":15,"key":"SMITH"},{"data":"Burst","floor":23,"key":"SMITH"},{"data":"Catalyst","floor":32,"key":"SMITH"},{"data":"Corpse Explosion","floor":40,"key":"SMITH"},{"data":"Outmaneuver","floor":45,"key":"SMITH"},{"data":"Backflip","floor":49,"key":"SMITH"}],"circlet_count":0,"master_deck":["Defend_G+1","Defend_G+1","Defend_G+1","Defend_G+1","Survivor","Neutralize","Die Die Die","Backstab","Terror+1","Prepared+1","Deadly Poison+1","Underhanded Strike","Catalyst+1","Burst+1","Corpse Explosion+1","Flechettes+1","Ghostly","Ghostly","Ghostly","Ghostly","Ghostly","Backflip+1","Escape Plan","Outmaneuver+1","Reflex+1","Tactician+1","Footwork+1","Escape Plan+1"],"relics":["Ring of the Snake","Nunchaku","Meat on the Bone","Philosopher\u0027s Stone","Darkstone Periapt","Ice Cream","Incense Burner","TwistedFunnel","Happy Flower","Runic Pyramid","Oddly Smooth Stone","Kunai","Lee\u0027s Waffle","Toxic Egg 2"],"acts_visited":["Exordium","TheCity","TheBeyond"],"potions_floor_usage":[33,33,50,50],"damage_taken":[{"damage":0,"enemies":"2 Louse","floor":1,"turns":1},{"damage":0,"enemies":"Cultist","floor":3,"turns":4},{"damage":2,"enemies":"Jaw Worm","floor":4,"turns":3},{"damage":1,"enemies":"Gremlin Gang","floor":10,"turns":6},{"damage":2,"enemies":"2 Fungi Beasts","floor":12,"turns":3},{"damage":26,"enemies":"Gremlin Nob","floor":13,"turns":4},{"damage":0,"enemies":"Blue Slaver","floor":14,"turns":2},{"damage":18,"enemies":"The Guardian","floor":16,"turns":9},{"damage":6,"enemies":"Shell Parasite","floor":18,"turns":3},{"damage":21,"enemies":"Spheric Guardian","floor":20,"turns":4},{"damage":1,"enemies":"Snecko","floor":24,"turns":5},{"damage":6,"enemies":"Snake Plant","floor":25,"turns":4},{"damage":2,"enemies":"Gremlin Leader","floor":27,"turns":5},{"damage":0,"enemies":"Sentry and Sphere","floor":29,"turns":4},{"damage":20,"enemies":"Champ","floor":33,"turns":11},{"damage":1,"enemies":"3 Shapes","floor":35,"turns":3},{"damage":2,"enemies":"Orb Walker","floor":37,"turns":3},{"damage":0,"enemies":"Maw","floor":38,"turns":6},{"damage":1,"enemies":"4 Shapes","floor":41,"turns":4},{"damage":1,"enemies":"Giant Head","floor":42,"turns":6},{"damage":2,"enemies":"Sphere and 2 Shapes","floor":44,"turns":5},{"damage":3,"enemies":"Spire Growth","floor":46,"turns":4},{"damage":0,"enemies":"Reptomancer","floor":48,"turns":5},{"damage":0,"enemies":"Awakened One","floor":50,"turns":9}],"seed_played":"-2458969322132640181","potions_obtained":[{"floor":1,"key":"Strength Potion"},{"floor":13,"key":"Energy Potion"},{"floor":24,"key":"SkillPotion"},{"floor":29,"key":"PowerPotion"},{"floor":33,"key":"GamblersBrew"},{"floor":37,"key":"EssenceOfSteel"},{"floor":42,"key":"LiquidBronze"}],"is_trial":false,"path_per_floor":["M","?","M","M","$","R","?","R","T","M","?","M","E","M","R","B",null,"M","?","M","?","?","R","M","M","T","E","$","M","?","$","R","B",null,"M","?","M","M","?","R","M","E","T","M","R","M","$","E","R","B",null],"character_chosen":"THE_SILENT","items_purchased":["TwistedFunnel","Happy Flower","Escape Plan","Lee\u0027s Waffle"],"campfire_rested":0,"item_purchase_floors":[28,28,28,47],"current_hp_per_floor":[63,63,63,61,61,61,61,61,61,60,60,58,32,44,44,38,62,56,56,47,35,35,35,34,28,28,26,26,26,26,26,26,18,31,30,30,28,28,28,28,27,26,26,24,24,21,42,42,42,42],"gold":57,"neow_bonus":"ONE_RANDOM_RARE_CARD","is_daily":false,"chose_seed":false,"campfire_upgraded":8,"win_rate":0.0,"timestamp":1608833687,"path_taken":["M","?","M","M","$","R","?","R","T","M","?","M","E","?","R","BOSS","M","?","M","?","?","R","M","M","T","E","?","?","?","$","R","BOSS","M","?","M","M","?","R","?","E","T","M","R","?","$","E","R","BOSS"],"items_purchased_type":["Relic","Relic","Card","Relic"],"build_version":"2020-12-22","purchased_purges":3,"victory":true,"max_hp_per_floor":[70,70,70,70,70,70,70,70,70,70,70,70,70,70,70,70,70,70,70,70,35,35,35,35,35,35,35,35,35,35,35,35,35,35,35,35,35,35,35,35,35,35,35,35,35,35,42,42,42,42],"card_choices":[{"not_picked":["Catalyst","Prepared"],"picked":"Backstab","floor":1},{"not_picked":["Deflect","Tactician"],"picked":"Terror","floor":3},{"not_picked":["Underhanded Strike","Outmaneuver"],"picked":"Prepared","floor":4},{"not_picked":["Concentrate","Quick Slash"],"picked":"Deadly Poison","floor":10},{"not_picked":["Escape Plan","Dodge and Roll"],"picked":"Underhanded Strike","floor":12},{"not_picked":["Choke","Terror"],"picked":"Catalyst","floor":13},{"not_picked":["Backflip","Deflect"],"picked":"Burst","floor":14},{"not_picked":["Doppelganger","Unload"],"picked":"Corpse Explosion","floor":16},{"not_picked":["Dash","Cloak And Dagger"],"picked":"Flechettes+1","floor":18},{"not_picked":["Sucker Punch","Slice","Blade Dance"],"picked":"SKIP","floor":20},{"not_picked":["Poisoned Stab","Acrobatics","Blade Dance"],"picked":"SKIP","floor":24},{"not_picked":["Flying Knee","Cloak And Dagger"],"picked":"Backflip","floor":25},{"not_picked":["Outmaneuver","Concentrate","Die Die Die"],"picked":"SKIP","floor":27},{"not_picked":["Outmaneuver","Concentrate","Die Die Die"],"picked":"SKIP","floor":27},{"not_picked":["Underhanded Strike+1","Outmaneuver","Dagger Spray"],"picked":"SKIP","floor":29},{"not_picked":["Underhanded Strike+1","Dagger Spray"],"picked":"Outmaneuver","floor":29},{"not_picked":["Crippling Poison","Eviscerate+1"],"picked":"Reflex+1","floor":35},{"not_picked":["Flying Knee+1","Well Laid Plans","Poisoned Stab+1"],"picked":"SKIP","floor":37},{"not_picked":["Predator+1","Sucker Punch+1"],"picked":"Tactician+1","floor":38},{"not_picked":["Sucker Punch+1","Choke","Flying Knee+1"],"picked":"SKIP","floor":41},{"not_picked":["Underhanded Strike+1","All Out Attack+1"],"picked":"Footwork+1","floor":42},{"not_picked":["Sucker Punch","Eviscerate+1","Flying Knee"],"picked":"SKIP","floor":44},{"not_picked":["Slice","Endless Agony+1","Sucker Punch+1"],"picked":"SKIP","floor":46},{"not_picked":["Bane","Finisher"],"picked":"Escape Plan+1","floor":48}],"player_experience":315160,"relics_obtained":[{"floor":9,"key":"Nunchaku"},{"floor":13,"key":"Meat on the Bone"},{"floor":26,"key":"Ice Cream"},{"floor":27,"key":"Incense Burner"},{"floor":42,"key":"Oddly Smooth Stone"},{"floor":43,"key":"Kunai"},{"floor":48,"key":"Toxic Egg 2"}],"event_choices":[{"cards_removed":["Strike_G"],"damage_healed":0,"gold_gain":0,"player_choice":"Card Removal","damage_taken":0,"max_hp_gain":0,"max_hp_loss":0,"event_name":"The Cleric","floor":2,"gold_loss":50},{"damage_healed":0,"gold_gain":30,"player_choice":"Searched \u00271\u0027 times","damage_taken":0,"max_hp_gain":0,"max_hp_loss":0,"event_name":"Dead Adventurer","floor":7,"gold_loss":0},{"damage_healed":0,"gold_gain":100,"player_choice":"Pray","damage_taken":0,"max_hp_gain":0,"max_hp_loss":0,"event_name":"Golden Shrine","floor":11,"gold_loss":0},{"damage_healed":0,"gold_gain":99,"player_choice":"Stole From Cult","damage_taken":0,"max_hp_gain":0,"max_hp_loss":0,"event_name":"Nest","floor":19,"gold_loss":0},{"damage_healed":0,"gold_gain":0,"player_choice":"Became a Ghost","damage_taken":0,"max_hp_gain":0,"max_hp_loss":35,"event_name":"Ghosts","floor":21,"gold_loss":0,"cards_obtained":["Ghostly","Ghostly","Ghostly","Ghostly","Ghostly"]},{"damage_healed":0,"gold_gain":0,"player_choice":"Opened","damage_taken":0,"relics_obtained":["Darkstone Periapt"],"max_hp_gain":0,"max_hp_loss":0,"event_name":"The Mausoleum","floor":22,"gold_loss":0},{"damage_healed":0,"gold_gain":0,"player_choice":"Simplicity","damage_taken":0,"max_hp_gain":0,"max_hp_loss":0,"event_name":"Back to Basics","floor":30,"gold_loss":0,"cards_upgraded":["Strike_G","Defend_G","Defend_G","Defend_G","Defend_G"]},{"damage_healed":0,"gold_gain":0,"player_choice":"Ignored","damage_taken":0,"max_hp_gain":0,"max_hp_loss":0,"event_name":"Tomb of Lord Red Mask","floor":36,"gold_loss":0},{"damage_healed":0,"gold_gain":0,"player_choice":"Ignored","damage_taken":0,"max_hp_gain":0,"max_hp_loss":0,"event_name":"NoteForYourself","floor":39,"gold_loss":0}],"is_beta":false,"boss_relics":[{"not_picked":["WristBlade","Black Star"],"picked":"Philosopher\u0027s Stone"},{"not_picked":["Ring of the Serpent","Fusion Hammer"],"picked":"Runic Pyramid"}],"items_purged_floors":[5,28,47],"is_endless":false,"potions_floor_spawned":[1,13,24,29,33,37,38,42,44],"ascension_level":7}}