{"host":"hm3ikmf8oxbtqms2","time":1608835896,"event":{"mods":["BaseMod","Best Route Mod","Bestiary","Better Vampires","Block Reminder","Colored Map","Colored Powertips","Curses Come First","DeckTracker","Displayed Cursed Tome","Highlight Path","Minty Spire (QoL Compilation)","Quick Restart","StSLib"],"gold_per_floor":[114,114,64,83,53,70,82,82,106,126,126,154,169,195,195,300,300,313,313,313,67,157,191,191,191],"floor_reached":24,"playtime":1991,"items_purged":["Anger"],"score":246,"play_id":"02458232-6475-43ef-a454-3cb2d974f0fd","local_time":"20201224135136","is_ascension_mode":true,"campfire_choices":[{"data":"Rupture","floor":8.0,"key":"SMITH"},{"floor":15.0,"key":"REST"}],"circlet_count":0,"master_deck":["Bash","Rupture+1","Armaments","Headbutt","Hemokinesis","Rage","Combust","Reaper","Pommel Strike","Feed","Clothesline","Pummel","Anger","Limit Break","Evolve","Armaments","Sadistic Nature","Dramatic Entrance"],"relics":["Burning Blood","Centennial Puzzle","Art of War","Bottled Flame","Blue Candle","Pandora\u0027s Box","Question Card","Omamori"],"acts_visited":["Exordium","TheCity"],"potions_floor_usage":[23],"damage_taken":[{"damage":11.0,"enemies":"Small Slimes","floor":1.0,"turns":4.0},{"damage":7.0,"enemies":"2 Louse","floor":4.0,"turns":3.0},{"damage":0.0,"enemies":"Cultist","floor":6.0,"turns":3.0},{"damage":3.0,"enemies":"2 Fungi Beasts","floor":7.0,"turns":4.0},{"damage":14.0,"enemies":"Large Slime","floor":10.0,"turns":4.0},{"damage":16.0,"enemies":"Gremlin Nob","floor":12.0,"turns":3.0},{"damage":8.0,"enemies":"Exordium Thugs","floor":13.0,"turns":5.0},{"damage":17.0,"enemies":"Lagavulin","floor":14.0,"turns":6.0},{"damage":37.0,"enemies":"Hexaghost","floor":16.0,"turns":7.0},{"damage":19.0,"enemies":"Chosen","floor":18.0,"turns":4.0},{"damage":43,"enemies":"Book of Stabbing","floor":23,"turns":6},{"damage":31,"enemies":"Spheric Guardian","floor":24,"turns":3}],"seed_played":"6504277818942607320","potions_obtained":[{"floor":5.0,"key":"Fire Potion"},{"floor":5.0,"key":"SkillPotion"},{"floor":6.0,"key":"PowerPotion"},{"floor":10.0,"key":"ElixirPotion"},{"floor":13.0,"key":"Ancient Potion"},{"floor":16.0,"key":"SpeedPotion"},{"floor":18.0,"key":"Weak Potion"}],"is_trial":false,"path_per_floor":["M","?","?","M","?","M","M","R","T","M","?","E","M","E","R","B",null,"M","?","T","$","?","E","M"],"character_chosen":"IRONCLAD","items_purchased":["Sadistic Nature"],"campfire_rested":1,"item_purchase_floors":[21],"current_hp_per_floor":[75,63,63,62,62,68,71,71,71,63,47,37,35,24,48,17,80,74,74,74,74,56,31,0,0],"gold":191,"neow_bonus":"THREE_CARDS","is_daily":false,"chose_seed":false,"campfire_upgraded":1,"win_rate":0.0,"timestamp":1608835896,"path_taken":["M","?","?","M","?","M","M","R","T","?","?","E","M","E","R","BOSS","M","?","?","?","?","E","?"],"items_purchased_type":["Card"],"build_version":"2020-12-22","purchased_purges":1,"victory":false,"max_hp_per_floor":[80,80,80,80,80,80,80,80,80,80,80,80,80,80,80,80,80,83,83,83,83,83,86,86,86],"card_choices":[{"not_picked":["Flex","Warcry"],"picked":"Rupture","floor":0.0},{"not_picked":["Anger","Uppercut"],"picked":"Armaments","floor":1.0},{"not_picked":["Armaments","Wild Strike"],"picked":"Anger","floor":4.0},{"not_picked":["Flex","Dropkick"],"picked":"Headbutt","floor":6.0},{"not_picked":["Flex","Havoc"],"picked":"Hemokinesis","floor":7.0},{"not_picked":["Metallicize","Havoc","Perfected Strike"],"picked":"SKIP","floor":10.0},{"not_picked":["Reaper","Anger","Entrench"],"picked":"SKIP","floor":12.0},{"not_picked":["Shockwave","Flex"],"picked":"Rage","floor":13.0},{"not_picked":["Evolve","Sword Boomerang"],"picked":"Combust","floor":14.0},{"not_picked":["Juggernaut","Immolate"],"picked":"Reaper","floor":16.0},{"not_picked":["Warcry","Havoc"],"picked":"Armaments","floor":18.0},{"not_picked":["Clash","Wild Strike+1","Evolve","Flex+1"],"picked":"SKIP","floor":23}],"player_experience":226423,"relics_obtained":[{"floor":9.0,"key":"Art of War"},{"floor":12.0,"key":"Bottled Flame"},{"floor":14.0,"key":"Blue Candle"},{"floor":20.0,"key":"Question Card"},{"floor":23,"key":"Omamori"}],"event_choices":[{"damage_healed":0.0,"max_hp_gain":0.0,"max_hp_loss":0.0,"gold_gain":0.0,"event_name":"Scrap Ooze","player_choice":"Success","floor":2.0,"gold_loss":0.0,"damage_taken":12.0,"relics_obtained":["Centennial Puzzle"]},{"cards_removed":["Strike_R"],"damage_healed":0.0,"max_hp_gain":0.0,"max_hp_loss":0.0,"gold_gain":0.0,"event_name":"The Cleric","player_choice":"Card Removal","floor":3.0,"gold_loss":50.0,"damage_taken":0.0},{"damage_healed":0.0,"max_hp_gain":0.0,"max_hp_loss":0.0,"gold_gain":0.0,"event_name":"The Woman in Blue","player_choice":"Bought 2 Potions","floor":5.0,"gold_loss":0.0,"damage_taken":0.0},{"damage_healed":0.0,"max_hp_gain":0.0,"max_hp_loss":0.0,"gold_gain":0.0,"event_name":"Shining Light","player_choice":"Entered Light","floor":11.0,"gold_loss":0.0,"damage_taken":16.0,"cards_upgraded":["Strike_R","Defend_R"]},{"cards_removed":["Havoc"],"damage_healed":0.0,"max_hp_gain":0.0,"max_hp_loss":0.0,"gold_gain":0.0,"event_name":"Back to Basics","player_choice":"Elegance","floor":19.0,"gold_loss":0.0,"damage_taken":0.0},{"damage_healed":0,"gold_gain":90,"player_choice":"CARD GOLD ","damage_taken":18,"max_hp_gain":0,"max_hp_loss":0,"event_name":"Knowing Skull","floor":22,"potions_obtained":[],"gold_loss":0,"cards_obtained":["Dramatic Entrance"]}],"is_beta":false,"boss_relics":[{"not_picked":["Runic Dome","Philosopher\u0027s Stone"],"picked":"Pandora\u0027s Box"}],"items_purged_floors":[21],"is_endless":false,"potions_floor_spawned":[6,10,13,16,18],"killed_by":"Spheric Guardian","ascension_level":2}}