{"host":"fxgsgr3e13htip8z","time":1608840866,"event":{"mods":["Aspiration","BaseMod","ChefMod","Dota2Spire","Ekko","Hubris","Hyrulean Relics","Minty Spire (QoL Compilation)","Relic Stats","Replay The Spire","Robot Space Explorer","StSLib","Trackpad","Wandering Minibosses","vexMod"],"gold_per_floor":[110,185,85,35,51,84,84,97,97,97,113,113,33,50,50,50,50],"floor_reached":16,"playtime":1090,"items_purged":["chefmod:Strike"],"score":100,"play_id":"9ff37650-ffa5-4794-83ed-0c88a6ec0f50","local_time":"20201224141426","is_ascension_mode":false,"campfire_choices":[{"data":"chefmod:TodaysSpecial","floor":7,"key":"SMITH"},{"data":"chefmod:QuickThaw","floor":10,"key":"SMITH"},{"data":"chefmod:Cleavers","floor":12,"key":"SMITH"},{"data":"chefmod:FreezeSolid","floor":15,"key":"SMITH"}],"circlet_count":0,"master_deck":["chefmod:Strike","chefmod:Strike","chefmod:Strike","chefmod:Strike","chefmod:Defend","chefmod:Defend","chefmod:Defend","chefmod:QuickThaw+1","chefmod:TodaysSpecial+1","chefmod:FreshProduce","chefmod:MonsterBait","chefmod:DoubleChop","chefmod:Cleavers+1","chefmod:FreezeSolid+1"],"relics":["chefmod:TrustyPot","Smiling Mask","Ice Cream","Meat on the Bone","Replay:Bottled Snecko"],"acts_visited":["Exordium"],"potions_floor_usage":[14],"damage_taken":[{"damage":0,"enemies":"2 Louse","floor":1,"turns":2},{"damage":3,"enemies":"Jaw Worm","floor":5,"turns":4},{"damage":19,"enemies":"Lagavulin","floor":6,"turns":9},{"damage":3,"enemies":"Cultist","floor":8,"turns":4},{"damage":17,"enemies":"Exordium Thugs","floor":11,"turns":7},{"damage":0,"enemies":"Gremlin Gang","floor":14,"turns":4},{"damage":0,"enemies":"Fading Forest","floor":16,"turns":1}],"seed_played":"-4340618125152726173","potions_obtained":[{"floor":5,"key":"Fire Potion"},{"floor":11,"key":"SpeedPotion"}],"is_trial":false,"path_per_floor":["M","?","?","$","M","E","R","M","T","R","M","R","$","M","R","B"],"character_chosen":"THE_CHEF","items_purchased":["chefmod:FreezeSolid"],"campfire_rested":0,"item_purchase_floors":[13],"current_hp_per_floor":[76,65,65,65,62,43,43,40,40,40,35,35,35,47,47,47,47],"gold":50,"neow_bonus":"RANDOM_COMMON_RELIC","is_daily":false,"chose_seed":false,"campfire_upgraded":4,"win_rate":0.0,"timestamp":1608840866,"path_taken":["M","?","?","$","M","E","R","M","T","R","M","R","$","M","R","BOSS"],"items_purchased_type":["Card"],"build_version":"2020-12-22","purchased_purges":1,"victory":false,"max_hp_per_floor":[76,76,76,76,76,76,76,76,76,76,76,76,76,76,76,76,76],"relic_stats":{"counters":[6,30],"Smiling Mask":25,"obtain_stats":[{"Ice Cream":3,"chefmod:TrustyPot":0,"Replay:Bottled Snecko":9,"Smiling Mask":0,"Meat on the Bone":6},{"Ice Cream":1,"chefmod:TrustyPot":0,"Replay:Bottled Snecko":4,"Smiling Mask":0,"Meat on the Bone":3},{"Ice Cream":2,"chefmod:TrustyPot":0,"Replay:Bottled Snecko":19,"Smiling Mask":0,"Meat on the Bone":15}],"Meat on the Bone":24},"card_choices":[{"not_picked":["chefmod:BaoBuns","chefmod:HotSoup"],"picked":"chefmod:FreshProduce","floor":1},{"not_picked":["chefmod:ZaruSoba","chefmod:FryPan"],"picked":"chefmod:MonsterBait","floor":5},{"not_picked":["chefmod:SliceAndDice","chefmod:Defrost"],"picked":"chefmod:DoubleChop","floor":6},{"not_picked":["chefmod:Fillet","chefmod:Chop","chefmod:Defrost"],"picked":"SKIP","floor":8},{"not_picked":["chefmod:LocoMoco","chefmod:FarmersMarket"],"picked":"chefmod:Cleavers","floor":11},{"not_picked":["chefmod:DimSum","chefmod:FrozenTuna","chefmod:CleanHouse"],"picked":"SKIP","floor":14}],"player_experience":1491071,"relics_obtained":[{"floor":6,"key":"Meat on the Bone"},{"floor":9,"key":"Replay:Bottled Snecko"}],"event_choices":[{"damage_healed":0,"gold_gain":75,"player_choice":"Gather Gold","damage_taken":11,"max_hp_gain":0,"max_hp_loss":0,"event_name":"World of Goop","floor":2,"gold_loss":0},{"damage_healed":0,"gold_gain":0,"player_choice":"Paid Gold","damage_taken":0,"relics_obtained":["Ice Cream"],"max_hp_gain":0,"max_hp_loss":0,"event_name":"WeMeetAgain","floor":3,"gold_loss":100}],"is_beta":false,"boss_relics":[],"items_purged_floors":[4],"is_endless":false,"potions_floor_spawned":[5,11],"killed_by":"Fading Forest","ascension_level":0}}