{"host":"qnxnem68q7ulahas","time":1608796825,"event":{"mods":["ATMod(阿瑾Mod)","Act Like it!","BaseMod","Challenge The Spire","Decade(王小明)","GungeonMod","Highlight Path","Hunter 猎人","Minty Spire (QoL Compilation)","Replay The Spire","RumiaBox-露米娅的神秘盒子","SOS（斯巴达之子）","Spicy Shops","StSLib","The Alterego","The Senshi","Waifu the Spire","[IsaacMod]以撒尖塔","【功能Mod】混沌之环修复补丁","【遗物卡牌】REMEMod","残留之物"],"gold_per_floor":[115,115,156,178,199,199,224,224,306,306,306,358,390,425,425,545,545,601,601,99,99,99,99,150,241,241,365,365,413,447,517,517,642,642,704,792,792,847,960,1026,768,826,826,962,962,426,426,125,125,218,326],"floor_reached":52,"playtime":3731,"items_purged":["PlaceholderMod:CycleAttack","alterego_mod:Strike","alterego_mod:Strike+1","alterego_mod:Impale","alterego_mod:Cycle+1","Hallucinations"],"score":1022,"play_id":"be68c3fa-8ac1-4566-9d93-0b73f0473477","local_time":"20201224160025","is_ascension_mode":false,"campfire_choices":[{"data":"AT_Dispersion","floor":6.0,"key":"SMITH"},{"data":"alterego_mod:RingBreak","floor":8.0,"key":"SMITH"},{"data":"alterego_mod:BigMeatyClaws","floor":11.0,"key":"SMITH"},{"data":"alterego_mod:Cycle","floor":15.0,"key":"SMITH"},{"data":"alterego_mod:Nekomimi","floor":23.0,"key":"SMITH"},{"floor":28.0,"key":"REST"},{"data":"alterego_mod:ClassAdvantage","floor":32.0,"key":"SMITH"},{"data":"alterego_mod:ClassAdvantage","floor":49,"key":"SMITH"}],"circlet_count":0,"master_deck":["alterego_mod:Strike+1","alterego_mod:Defend+1","alterego_mod:Defend+1","alterego_mod:Defend+1","alterego_mod:Defend+1","alterego_mod:BigMeatyClaws+1","alterego_mod:BrynhildrsRune","AT_Dispersion+1","alterego_mod:Pet","alterego_mod:MaintainEyeContact","alterego_mod:RingBreak+1","alterego_mod:Undulate","alterego_mod:Nekomimi+1","alterego_mod:ClassAdvantage+1","alterego_mod:Bounce+1","alterego_mod:BusterCard+1","alterego_mod:BoobPocket","alterego_mod:Venus+1","Pot Of Greed+1","Pot Of Greed+1","alterego_mod:Cooking+1","alterego_mod:Birthday","Pot Of Greed+1","alterego_mod:DiscoLights","alterego_mod:ClassAdvantage+1"],"relics":["alterego_mod:MasochisticConstitution","AT_ATBox","HushsDoor","REME_ComplimentaryCards","Leech","NeowsBlessing","Replay:Bandana","GuppysTail","DeathBook","ReplayTheSpireMod:Ring of Addiction","SacredBark","White Beast Statue","Odd Mushroom","Pantograph","ChampionBelt","AT_ChloranthyRing","SalivaCoin","PlaceholderMod:FlatBlood","alterego_mod:SomeoneToFightFor","AT_RedTearstoneRing","MealTicket","ReplayTheSpireMod:Shallot","REME_HandOfSuture","Ccalipers","Juzu Bracelet","AT_TrinityForce","BookOfRevelations","Grinning Jar","Dead Branch","DoctorsRemote","AT_TrinityForce","Whetstone","Replay:Bottled Eggs","theSenshi:SailorFukuRelic","Membership Card","REME_OnlineShoppingPlatform","DemoMod:WhiteGuonStone","Lantern","Replay:Kaleidoscope","AT_ArchangelStaff","InkBottle"],"acts_visited":["Exordium","TheCity","TheBeyond"],"potions_floor_usage":[50,50,51],"damage_taken":[{"damage":0.0,"enemies":"Jaw Worm","floor":1.0,"turns":1.0},{"damage":0.0,"enemies":"Small Slimes","floor":4.0,"turns":2.0},{"damage":0.0,"enemies":"Cultist","floor":5.0,"turns":1.0},{"damage":22.0,"enemies":"Exordium Thugs","floor":7.0,"turns":4.0},{"damage":22.0,"enemies":"The Mushroom Lair","floor":12.0,"turns":5.0},{"damage":2.0,"enemies":"3 Sentries","floor":13.0,"turns":1.0},{"damage":0.0,"enemies":"2 Fungi Beasts","floor":14.0,"turns":4.0},{"damage":14.0,"enemies":"Slime Boss","floor":16.0,"turns":14.0},{"damage":58.0,"enemies":"Book of Stabbing","floor":18.0,"turns":8.0},{"damage":0.0,"enemies":"Gremlin Leader","floor":24.0,"turns":9.0},{"damage":43.0,"enemies":"Slavers","floor":25.0,"turns":5.0},{"damage":15.0,"enemies":"Book of Stabbing","floor":27.0,"turns":5.0},{"damage":0.0,"enemies":"Slavers","floor":30.0,"turns":14.0},{"damage":29.0,"enemies":"Book of Stabbing","floor":31.0,"turns":5.0},{"damage":32.0,"enemies":"Champ","floor":33.0,"turns":16.0},{"damage":19.0,"enemies":"R_Hoarder","floor":35.0,"turns":7.0},{"damage":1.0,"enemies":"Hiden Room Battle","floor":36.0,"turns":4.0},{"damage":14.0,"enemies":"3 Darklings","floor":38.0,"turns":8.0},{"damage":33.0,"enemies":"Mind Bloom Boss Battle","floor":39.0,"turns":6.0},{"damage":16.0,"enemies":"Reptomancer","floor":40.0,"turns":7.0},{"damage":11.0,"enemies":"R_Hoarder","floor":42.0,"turns":6.0},{"damage":25.0,"enemies":"Nemesis","floor":44.0,"turns":7.0},{"damage":70,"enemies":"Awakened One","floor":50,"turns":10},{"damage":8,"enemies":"Replay:Hell Engine","floor":51,"turns":8}],"seed_played":"3192502227636232219","potions_obtained":[{"floor":4.0,"key":"SmokeBomb"},{"floor":7.0,"key":"Regen Potion"},{"floor":10.0,"key":"Block Potion"},{"floor":18.0,"key":"REME_GoldPotion"},{"floor":24.0,"key":"Venom Potion"},{"floor":25.0,"key":"DemoMod:LeadSkinPotion"},{"floor":27.0,"key":"Ancient Potion"},{"floor":30.0,"key":"DemoMod:LeadSkinPotion"},{"floor":31.0,"key":"Strength Potion"},{"floor":33.0,"key":"FearPotion"},{"floor":35.0,"key":"SkillPotion"},{"floor":38.0,"key":"Venom Potion"},{"floor":39.0,"key":"Swift Potion"},{"floor":40.0,"key":"Dexterity Potion"},{"floor":42.0,"key":"Milkshake"},{"floor":44.0,"key":"SpeedPotion"}],"is_trial":false,"path_per_floor":["M","?","?","M","M","R","M","R","T","?","R","?","E","M","R","B",null,"M","?","$","?","?","R","M","M","T","E","R","?","M","M","R","B",null,"M","?","?","M","?","M","$","E","T","E","?","$","T","$","R","B","B",null],"character_chosen":"The_Alterego","items_purchased":["SalivaCoin","PlaceholderMod:FlatBlood","DoctorsRemote","Membership Card","REME_OnlineShoppingPlatform","DemoMod:WhiteGuonStone","Lantern","alterego_mod:ClassAdvantage","AT_ArchangelStaff","InkBottle"],"campfire_rested":1,"item_purchase_floors":[20,20,41,46,46,46,46,46,48,48],"current_hp_per_floor":[70,67,39,54,54,54,36,36,36,36,36,19,19,22,22,40,63,46,46,46,46,46,46,52,15,15,13,34,19,32,8,8,17,55,43,31,31,38,43,43,58,62,62,50,50,65,65,73,73,12,75],"gold":326,"neow_bonus":"THREE_ENEMY_KILL","is_daily":false,"chose_seed":false,"campfire_upgraded":7,"win_rate":0.0,"timestamp":1608796825,"path_taken":["M","?","?","?","M","R","M","R","T","?","R","?","E","M","R","BOSS","M","?","$","?","?","R","M","?","T","E","R","?","M","M","R","BOSS","M","?","?","M","?","M","$","E","T","E","?","$","?","$","R","BOSS","BOSS"],"items_purchased_type":["Relic","Relic","Relic","Relic","Relic","Relic","Relic","Card","Relic","Relic"],"build_version":"2020-12-22","purchased_purges":6,"victory":true,"max_hp_per_floor":[70,70,70,70,70,70,71,71,71,71,71,72,73,71,71,72,70,71,71,71,71,69,69,69,70,70,71,71,71,71,72,72,73,68,69,70,70,71,72,73,73,74,74,75,75,75,75,73,73,74,75],"card_choices":[{"not_picked":["alterego_mod:GoddessCore","alterego_mod:Clones"],"picked":"Bomb","floor":1.0},{"not_picked":["alterego_mod:MaintainEyeContact","alterego_mod:Stockings"],"picked":"alterego_mod:Pet","floor":3.0},{"not_picked":["alterego_mod:Complex","alterego_mod:Skirt"],"picked":"alterego_mod:MaintainEyeContact","floor":4.0},{"not_picked":["alterego_mod:Punishment","alterego_mod:HighServant"],"picked":"alterego_mod:RingBreak","floor":5.0},{"not_picked":["alterego_mod:Complex","alterego_mod:Skirt","alterego_mod:Maid"],"picked":"SKIP","floor":7.0},{"not_picked":["alterego_mod:HighServant","alterego_mod:Punishment"],"picked":"alterego_mod:Undulate","floor":12.0},{"not_picked":["alterego_mod:Clones","Bomb"],"picked":"alterego_mod:Nekomimi","floor":13.0},{"not_picked":["alterego_mod:RidiculouslyBig","alterego_mod:PerceptionDisorder"],"picked":"alterego_mod:Cycle","floor":14.0},{"not_picked":["alterego_mod:Alter","alterego_mod:Rake"],"picked":"alterego_mod:ClassAdvantage","floor":16.0},{"not_picked":["alterego_mod:Belle","alterego_mod:Maid"],"picked":"alterego_mod:Bounce+1","floor":18.0},{"not_picked":["alterego_mod:DestructionOfProperty","alterego_mod:DeftHands"],"picked":"alterego_mod:BusterCard","floor":24.0},{"not_picked":["alterego_mod:Cycle","alterego_mod:Maid","alterego_mod:Rip"],"picked":"SKIP","floor":25.0},{"not_picked":["alterego_mod:PresenceConcealment","alterego_mod:PerceptionDisorder"],"picked":"alterego_mod:BoobPocket","floor":27.0},{"not_picked":["alterego_mod:Pet","alterego_mod:DestructionOfProperty","alterego_mod:PerceptionDisorder"],"picked":"SKIP","floor":30.0},{"not_picked":["alterego_mod:MagicResistance","alterego_mod:RocketPunch","alterego_mod:Nekomimi"],"picked":"SKIP","floor":31.0},{"not_picked":["alterego_mod:SideboobHour","alterego_mod:Antipathy"],"picked":"alterego_mod:Venus","floor":33.0},{"not_picked":["alterego_mod:BiFurious","alterego_mod:Rip","alterego_mod:Alter"],"picked":"SKIP","floor":35.0},{"not_picked":["alterego_mod:Lingerie","alterego_mod:Collar+1"],"picked":"alterego_mod:Cooking+1","floor":36.0},{"not_picked":["alterego_mod:Cooking","alterego_mod:Bounce+1"],"picked":"alterego_mod:Birthday","floor":38.0},{"not_picked":["alterego_mod:BiFurious","alterego_mod:Santa","alterego_mod:MaintainEyeContact"],"picked":"SKIP","floor":40.0},{"not_picked":["alterego_mod:Smother","alterego_mod:Cycle"],"picked":"alterego_mod:DiscoLights","floor":42.0},{"not_picked":["alterego_mod:Complex","alterego_mod:Collar","alterego_mod:Pet"],"picked":"SKIP","floor":44.0}],"player_experience":408612,"relics_obtained":[{"floor":3.0,"key":"GuppysTail"},{"floor":9.0,"key":"DeathBook"},{"floor":10.0,"key":"ReplayTheSpireMod:Ring of Addiction"},{"floor":10.0,"key":"SacredBark"},{"floor":10.0,"key":"White Beast Statue"},{"floor":12.0,"key":"Odd Mushroom"},{"floor":13.0,"key":"Pantograph"},{"floor":18.0,"key":"AT_ChloranthyRing"},{"floor":24.0,"key":"AT_RedTearstoneRing"},{"floor":25.0,"key":"MealTicket"},{"floor":26.0,"key":"ReplayTheSpireMod:Shallot"},{"floor":27.0,"key":"DemoMod:WeirdEgg"},{"floor":30.0,"key":"Ccalipers"},{"floor":31.0,"key":"Juzu Bracelet"},{"floor":35.0,"key":"BookOfRevelations"},{"floor":36.0,"key":"Grinning Jar"},{"floor":39.0,"key":"Dead Branch"},{"floor":40.0,"key":"Diplopia"},{"floor":42.0,"key":"Whetstone"},{"floor":43.0,"key":"Replay:Bottled Eggs"},{"floor":44.0,"key":"theSenshi:SailorFukuRelic"},{"floor":47.0,"key":"Replay:Kaleidoscope"}],"event_choices":[{"damage_healed":0.0,"max_hp_gain":0.0,"max_hp_loss":0.0,"gold_gain":0.0,"event_name":"Scrap Ooze","player_choice":"Success","floor":2.0,"gold_loss":0.0,"damage_taken":3.0,"relics_obtained":["Replay:Bandana"]},{"damage_healed":0.0,"max_hp_gain":0.0,"max_hp_loss":0.0,"gold_gain":0.0,"event_name":"Mushrooms","player_choice":"Fought Mushrooms","floor":12.0,"gold_loss":0.0,"damage_taken":0.0},{"damage_healed":0.0,"max_hp_gain":0.0,"max_hp_loss":0.0,"gold_gain":0.0,"event_name":"Cursed Tome","player_choice":"Ignored","floor":19.0,"gold_loss":0.0,"damage_taken":0.0},{"damage_healed":0.0,"max_hp_gain":0.0,"max_hp_loss":0.0,"gold_gain":0.0,"event_name":"爱的神圣花园","player_choice":"Choice 2","floor":21.0,"gold_loss":0.0,"damage_taken":0.0,"relics_obtained":["alterego_mod:SomeoneToFightFor"]},{"damage_healed":0.0,"max_hp_gain":0.0,"max_hp_loss":0.0,"gold_gain":0.0,"event_name":"Back to Basics","player_choice":"Simplicity","floor":22.0,"gold_loss":0.0,"damage_taken":0.0,"cards_upgraded":["alterego_mod:Strike","alterego_mod:Strike","alterego_mod:Strike","alterego_mod:Defend","alterego_mod:Defend","alterego_mod:Defend","alterego_mod:Defend"]},{"damage_healed":0.0,"max_hp_gain":0.0,"max_hp_loss":0.0,"gold_gain":0.0,"event_name":"HidenRoomEvent","player_choice":"Fight","floor":36.0,"gold_loss":0.0,"damage_taken":0.0},{"damage_healed":0.0,"max_hp_gain":0.0,"max_hp_loss":0.0,"gold_gain":0.0,"event_name":"Tomb of Lord Red Mask","player_choice":"Ignored","floor":37.0,"gold_loss":0.0,"damage_taken":0.0},{"damage_healed":0.0,"max_hp_gain":0.0,"max_hp_loss":0.0,"gold_gain":0.0,"event_name":"MindBloom","player_choice":"Fight","floor":39.0,"gold_loss":0.0,"damage_taken":0.0},{"cards_removed":["alterego_mod:Strike"],"damage_healed":0.0,"max_hp_gain":0.0,"max_hp_loss":0.0,"gold_gain":0.0,"event_name":"Falling","player_choice":"Removed Attack","floor":45.0,"gold_loss":0.0,"damage_taken":0.0}],"is_beta":false,"boss_relics":[{"not_picked":["Ring of Chaos","EasyGame_NEW"],"picked":"ChampionBelt"},{"not_picked":[]},{"not_picked":["AddBug","Pandora\u0027s Box"],"picked":"AT_TrinityForce"},{"not_picked":[]}],"items_purged_floors":[20,20,34,41,46,48],"is_endless":false,"potions_floor_spawned":[4,7,12,14,16,18,24,25,27,30,31,33,35,38,39,40,42,44],"ascension_level":20}}