{"host":"tiwza2kisyyrpq7h","time":1608818948,"event":{"mods":["BaseMod","BetterRewards","Colored Powertips","Minty Spire (QoL Compilation)","Quick Restart","Rare Cards Sparkle","Shop Mod","StSLib","SuperFastMode","The Servant 0.9.4","óô»ðÖ¸ÄÏ"],"gold_per_floor":[117,267,267,283,283,283,301,46,117,178,230,246,286,304,304,304,304],"floor_reached":16,"playtime":489,"items_purged":["Doubt"],"score":222,"play_id":"bb9ed29b-2936-4fe5-9cdb-cb7608f4c4e3","local_time":"20201224220908","is_ascension_mode":true,"campfire_choices":[{"data":"Armaments","floor":6.0,"key":"SMITH"},{"data":"Transmutation","floor":15.0,"key":"SMITH"}],"circlet_count":0,"master_deck":["AscendersBane","Strike_R","Strike_R","Strike_R","Strike_R","Strike_R+1","Defend_R+1","Defend_R","Defend_R","Defend_R","Bash","Intimidate","Armaments+1","Clash","Transmutation+1","Sentinel","Shrug It Off","Berserk","Sentinel"],"relics":["Burning Blood","Golden Idol","Letter Opener","Smiling Mask","Shuriken"],"acts_visited":["Exordium"],"potions_floor_usage":[16,16],"damage_taken":[{"damage":12.0,"enemies":"2 Louse","floor":1.0,"turns":4.0},{"damage":6.0,"enemies":"Jaw Worm","floor":4.0,"turns":5.0},{"damage":10.0,"enemies":"Cultist","floor":7.0,"turns":5.0},{"damage":15.0,"enemies":"Exordium Thugs","floor":10.0,"turns":4.0},{"damage":7.0,"enemies":"Looter","floor":12.0,"turns":5.0},{"damage":0.0,"enemies":"Lagavulin","floor":13.0,"turns":6.0},{"damage":13.0,"enemies":"Large Slime","floor":14.0,"turns":5.0},{"damage":31,"enemies":"Hexaghost","floor":16,"turns":9}],"seed_played":"-7475145021154006786","potions_obtained":[{"floor":7.0,"key":"LiquidMemories"},{"floor":14.0,"key":"Weak Potion"}],"is_trial":false,"path_per_floor":["M","?","?","M","?","R","M","R","T","M","T","M","E","M","R","B"],"character_chosen":"IRONCLAD","items_purchased":["Transmutation"],"campfire_rested":0,"item_purchase_floors":[8],"current_hp_per_floor":[69,69,44,44,44,44,40,40,40,31,31,30,36,29,29,0,0],"gold":304,"neow_bonus":"TEN_PERCENT_HP_BONUS","is_daily":false,"chose_seed":false,"campfire_upgraded":2,"win_rate":0.0,"timestamp":1608818948,"path_taken":["M","?","?","M","?","R","M","R","T","M","?","M","E","M","R","BOSS"],"items_purchased_type":["Card"],"build_version":"2020-12-22","purchased_purges":1,"victory":false,"max_hp_per_floor":[82,82,82,82,74,74,74,74,74,74,74,74,74,74,74,74,74],"card_choices":[{"not_picked":["Headbutt","Entrench"],"picked":"Intimidate","floor":1.0},{"not_picked":["Thunderclap","Heavy Blade"],"picked":"Armaments","floor":4.0},{"not_picked":["Reckless Charge","Heavy Blade"],"picked":"Clash","floor":7.0},{"not_picked":["Shrug It Off","Body Slam"],"picked":"Sentinel","floor":10.0},{"not_picked":["Headbutt","Thunderclap"],"picked":"Shrug It Off","floor":12.0},{"not_picked":["Sword Boomerang","Thunderclap"],"picked":"Berserk","floor":13.0},{"not_picked":["Pommel Strike","Thunderclap"],"picked":"Sentinel","floor":14.0}],"player_experience":876456,"relics_obtained":[{"floor":9.0,"key":"Letter Opener"},{"floor":11.0,"key":"Smiling Mask"},{"floor":13.0,"key":"Shuriken"}],"event_choices":[{"damage_healed":0.0,"max_hp_gain":0.0,"max_hp_loss":0.0,"gold_gain":150.0,"event_name":"Liars Game","player_choice":"AGREE","floor":2.0,"gold_loss":0.0,"damage_taken":0.0,"cards_obtained":["Doubt"]},{"damage_healed":0.0,"max_hp_gain":0.0,"max_hp_loss":0.0,"gold_gain":0.0,"event_name":"Shining Light","player_choice":"Entered Light","floor":3.0,"gold_loss":0.0,"damage_taken":25.0,"cards_upgraded":["Defend_R","Strike_R"]},{"damage_healed":0.0,"max_hp_gain":0.0,"max_hp_loss":8.0,"gold_gain":0.0,"event_name":"Golden Idol","player_choice":"Lose Max HP","floor":5.0,"gold_loss":0.0,"damage_taken":0.0,"relics_obtained":["Golden Idol"]}],"is_beta":false,"boss_relics":[],"items_purged_floors":[8],"is_endless":false,"potions_floor_spawned":[7,14],"killed_by":"Hexaghost","ascension_level":15}}