{"host":"6kpik4p6m02tzjjt","time":1608845273,"event":{"mods":["BaseMod","Colored Map","Minty Spire (QoL Compilation)","Quick Restart","Relic Stats"],"gold_per_floor":[118,118,88,107,1,1,29,29,29,46,63,82,113,129,129,229,229,240,254,267,267,76,76,76,76,76,33,33,48,63,63,63,63,63],"floor_reached":33,"playtime":2157,"items_purged":[],"score":282,"play_id":"8e54bd9b-bc03-4fad-8a5d-2a22376c4a65","local_time":"20201224162753","is_ascension_mode":false,"campfire_choices":[{"data":"Entrench","floor":6,"key":"SMITH"},{"data":"Feed","floor":8,"key":"SMITH"},{"data":"Body Slam","floor":15,"key":"SMITH"},{"data":"Seeing Red","floor":23,"key":"SMITH"},{"data":"Barricade","floor":28,"key":"SMITH"},{"data":"Armaments","floor":32,"key":"SMITH"}],"circlet_count":0,"master_deck":["Defend_R+1","Defend_R+1","Defend_R+1","Defend_R+1","Bash","Entrench+1","Iron Wave","Metallicize","Twin Strike","Feed+1","Twin Strike","Armaments+1","Body Slam+1","Shrug It Off","Headbutt","Feed","Seeing Red+1","Shrug It Off","Bite","Bite","Bite","Bite","Bite","Whirlwind","Barricade+1","Ghostly Armor","Flex","Inflame","Demon Form"],"relics":["SacredBark","Shuriken","Meat on the Bone","PreservedInsect","Black Star","Membership Card","War Paint","Bag of Preparation"],"acts_visited":["Exordium","TheCity"],"potions_floor_usage":[7,7,12,13,19,20,33,33],"damage_taken":[{"damage":5,"enemies":"2 Louse","floor":1,"turns":3},{"damage":13,"enemies":"Cultist","floor":4,"turns":5},{"damage":9,"enemies":"3 Sentries","floor":7,"turns":7},{"damage":0,"enemies":"Small Slimes","floor":10,"turns":5},{"damage":0,"enemies":"Blue Slaver","floor":11,"turns":6},{"damage":1,"enemies":"Large Slime","floor":12,"turns":6},{"damage":25,"enemies":"Gremlin Nob","floor":13,"turns":5},{"damage":5,"enemies":"Red Slaver","floor":14,"turns":7},{"damage":41,"enemies":"Slime Boss","floor":16,"turns":20},{"damage":11,"enemies":"Chosen","floor":18,"turns":8},{"damage":17,"enemies":"3 Byrds","floor":19,"turns":5},{"damage":55,"enemies":"Sentry and Sphere","floor":20,"turns":10},{"damage":49,"enemies":"Shelled Parasite and Fungi","floor":29,"turns":8},{"damage":12,"enemies":"Snake Plant","floor":30,"turns":9},{"damage":48,"enemies":"Collector","floor":33,"turns":7}],"seed_played":"4839308009650270217","potions_obtained":[{"floor":1,"key":"Block Potion"},{"floor":3,"key":"Strength Potion"},{"floor":3,"key":"SteroidPotion"},{"floor":11,"key":"Energy Potion"},{"floor":12,"key":"SmokeBomb"},{"floor":16,"key":"Explosive Potion"},{"floor":18,"key":"Fire Potion"},{"floor":20,"key":"Explosive Potion"},{"floor":30,"key":"BlessingOfTheForge"}],"is_trial":false,"path_per_floor":["M","?","?","M","$","R","E","R","T","M","M","M","E","M","R","B",null,"M","M","M","?","$","R","?","T","T","$","R","M","M","?","R","B"],"character_chosen":"IRONCLAD","items_purchased":["Metallicize","Twin Strike","Membership Card","Whirlwind","Ghostly Armor","Flex"],"campfire_rested":0,"item_purchase_floors":[5,5,22,22,27,27],"current_hp_per_floor":[75,68,68,55,55,55,46,46,46,50,54,57,48,59,59,34,104,97,83,43,43,43,43,43,43,43,43,43,27,37,37,37,0,0],"gold":63,"neow_bonus":"BOSS_RELIC","is_daily":false,"chose_seed":false,"campfire_upgraded":6,"win_rate":0.0,"timestamp":1608845273,"path_taken":["M","?","?","?","?","R","E","R","T","M","M","M","E","M","R","BOSS","M","M","M","?","$","R","?","?","T","$","R","M","M","?","R","BOSS"],"items_purchased_type":["Card","Card","Relic","Card","Card","Card"],"build_version":"2020-12-22","purchased_purges":0,"victory":false,"max_hp_per_floor":[80,80,80,80,80,80,80,80,80,84,88,92,96,100,100,104,104,108,111,114,79,79,79,79,79,79,79,79,83,87,87,87,87,87],"relic_stats":{"counters":[15,111],"Shuriken":[12],"PreservedInsect":0,"Black Star":0,"Bag of Preparation":[6],"War Paint":["Defend_R","Defend_R"],"obtain_stats":[{"Shuriken":7,"SacredBark":0,"PreservedInsect":13,"Black Star":17,"Bag of Preparation":26,"Membership Card":22,"War Paint":25,"Burning Blood":0,"Meat on the Bone":9},{"Shuriken":3,"SacredBark":0,"PreservedInsect":7,"Black Star":9,"Bag of Preparation":12,"Membership Card":12,"War Paint":12,"Burning Blood":0,"Meat on the Bone":3},{"Shuriken":15,"SacredBark":0,"PreservedInsect":37,"Black Star":64,"Bag of Preparation":87,"Membership Card":87,"War Paint":87,"Burning Blood":0,"Meat on the Bone":15}],"Meat on the Bone":72},"card_choices":[{"not_picked":["Twin Strike","Pommel Strike"],"picked":"Entrench","floor":1},{"not_picked":["Carnage","Headbutt"],"picked":"Iron Wave","floor":4},{"not_picked":["Inflame","Heavy Blade"],"picked":"Feed","floor":7},{"not_picked":["Clothesline","Blood for Blood"],"picked":"Twin Strike","floor":10},{"not_picked":["Cleave","Dual Wield"],"picked":"Armaments","floor":11},{"not_picked":["Shockwave","Bloodletting"],"picked":"Body Slam","floor":12},{"not_picked":["Inflame","Heavy Blade"],"picked":"Shrug It Off","floor":13},{"not_picked":["Pommel Strike","Double Tap"],"picked":"Headbutt","floor":14},{"not_picked":["Limit Break","Corruption"],"picked":"Feed","floor":16},{"not_picked":["Twin Strike","Pummel","Carnage"],"picked":"SKIP","floor":18},{"not_picked":["Body Slam","Dropkick"],"picked":"Seeing Red","floor":19},{"not_picked":["Thunderclap","Twin Strike+1"],"picked":"Shrug It Off","floor":20},{"not_picked":["Whirlwind","Entrench"],"picked":"Inflame","floor":29},{"not_picked":["Body Slam","Dual Wield"],"picked":"Demon Form","floor":30}],"player_experience":19627,"relics_obtained":[{"floor":7,"key":"Shuriken"},{"floor":9,"key":"Meat on the Bone"},{"floor":13,"key":"PreservedInsect"},{"floor":25,"key":"War Paint"},{"floor":26,"key":"Bag of Preparation"}],"event_choices":[{"cards_removed":["Strike_R"],"damage_healed":0,"gold_gain":0,"player_choice":"Card Removal","damage_taken":7,"max_hp_gain":0,"max_hp_loss":0,"event_name":"Golden Wing","floor":2,"gold_loss":0},{"damage_healed":0,"gold_gain":0,"player_choice":"Bought 2 Potions","damage_taken":0,"max_hp_gain":0,"max_hp_loss":0,"event_name":"The Woman in Blue","floor":3,"gold_loss":0},{"damage_healed":0,"gold_gain":0,"player_choice":"Became a vampire","damage_taken":0,"max_hp_gain":0,"max_hp_loss":35,"event_name":"Vampires","floor":21,"gold_loss":0,"cards_obtained":["Bite","Bite","Bite","Bite","Bite"]},{"damage_healed":0,"gold_gain":0,"player_choice":"Read","damage_taken":0,"max_hp_gain":0,"max_hp_loss":0,"event_name":"The Library","floor":24,"gold_loss":0,"cards_obtained":["Barricade"]},{"damage_healed":0,"gold_gain":0,"player_choice":"Simplicity","damage_taken":0,"max_hp_gain":0,"max_hp_loss":0,"event_name":"Back to Basics","floor":31,"gold_loss":0,"cards_upgraded":["Defend_R","Defend_R"]}],"is_beta":false,"boss_relics":[{"not_picked":["Runic Cube","Fusion Hammer"],"picked":"Black Star"}],"items_purged_floors":[],"is_endless":false,"potions_floor_spawned":[1,11,12,16,18,20,30],"killed_by":"Collector","ascension_level":0}}