{"host":"12piqfhmdln9x2la","time":1608775371,"event":{"mods":["2.2 Compatiblity","AchievementEnabler","BaseMod","BetterRewards","Colored Powertips","Minty Spire (QoL Compilation)","Quick Restart","SuperFastMode"],"gold_per_floor":[118,293,309,309,309,353,368,138,138,156,197,197,210,234,234,362,362,380,49,49,49,92,92,92,123,123,4,4,25,59,77,77,198,198,221,244,307,20,20,20,51,51,77,110,110,110,128,4,4,4,4],"floor_reached":50,"playtime":945,"items_purged":["Strike_R","Defend_R","Writhe","Strike_R"],"score":728,"play_id":"04836e89-0eb8-43c8-b02b-42bf67b8b93e","local_time":"20201224110251","is_ascension_mode":true,"campfire_choices":[{"data":"Infernal Blade","floor":12,"key":"SMITH"},{"data":"Demon Form","floor":15,"key":"SMITH"},{"floor":23,"key":"RECALL"},{"data":"Rupture","floor":28,"key":"SMITH"},{"data":"Armaments","floor":32,"key":"SMITH"},{"data":"Reaper","floor":40,"key":"SMITH"},{"data":"Bandage Up","floor":42,"key":"SMITH"},{"data":"Flex","floor":45,"key":"SMITH"},{"data":"Madness","floor":49,"key":"SMITH"}],"circlet_count":0,"master_deck":["Strike_R","Defend_R","Bash","Rampage","Thunderclap","Infernal Blade+1","Rupture+1","Demon Form+1","Anger","Twin Strike","Reaper+1","Immolate+1","Spot Weakness+1","Blood for Blood+1","Flex+1","Cleave+1","Heavy Blade+1","Bandage Up+1","Flex+1","Armaments+1","Flex+1","Heavy Blade+1","Pummel+1","Madness+1","Madness"],"relics":["Burning Blood","NeowsBlessing","Golden Idol","Mercury Hourglass","Orichalcum","Shuriken","Letter Opener","Astrolabe","Membership Card","Kunai","Molten Egg 2","Red Mask","NlothsMask","Anchor","Vajra","Red Skull","Coffee Dripper","Gambling Chip","Strawberry","Bag of Marbles","ClockworkSouvenir","Smiling Mask","Lantern","Bottled Tornado","Toolbox"],"acts_visited":["Exordium","TheCity","TheBeyond"],"potions_floor_usage":[16,30,31,31,31,33,33,44,44,47],"damage_taken":[{"damage":0,"enemies":"2 Louse","floor":1,"turns":1},{"damage":0,"enemies":"Small Slimes","floor":3,"turns":1},{"damage":0,"enemies":"Lagavulin","floor":6,"turns":1},{"damage":7,"enemies":"Jaw Worm","floor":7,"turns":2},{"damage":5,"enemies":"Looter","floor":10,"turns":2},{"damage":34,"enemies":"3 Sentries","floor":11,"turns":5},{"damage":7,"enemies":"3 Louse","floor":13,"turns":2},{"damage":6,"enemies":"Exordium Thugs","floor":14,"turns":4},{"damage":20,"enemies":"Hexaghost","floor":16,"turns":6},{"damage":22,"enemies":"Spheric Guardian","floor":18,"turns":4},{"damage":11,"enemies":"Masked Bandits","floor":22,"turns":3},{"damage":30,"enemies":"Gremlin Leader","floor":25,"turns":5},{"damage":13,"enemies":"2 Thieves","floor":29,"turns":3},{"damage":45,"enemies":"Book of Stabbing","floor":30,"turns":5},{"damage":6,"enemies":"3 Cultists","floor":31,"turns":3},{"damage":38,"enemies":"Collector","floor":33,"turns":6},{"damage":16,"enemies":"Orb Walker","floor":35,"turns":3},{"damage":49,"enemies":"3 Darklings","floor":36,"turns":4},{"damage":0,"enemies":"Mind Bloom Boss Battle","floor":37,"turns":3},{"damage":53,"enemies":"Reptomancer","floor":41,"turns":4},{"damage":63,"enemies":"Nemesis","floor":44,"turns":5},{"damage":34,"enemies":"Writhing Mass","floor":47,"turns":3},{"damage":17,"enemies":"Donu and Deca","floor":50,"turns":2}],"seed_played":"-1131424782881994140","potions_obtained":[{"floor":1,"key":"GamblersBrew"},{"floor":6,"key":"Fire Potion"},{"floor":14,"key":"BloodPotion"},{"floor":18,"key":"PowerPotion"},{"floor":29,"key":"Regen Potion"},{"floor":30,"key":"EntropicBrew"},{"floor":36,"key":"BloodPotion"},{"floor":41,"key":"ColorlessPotion"}],"is_trial":false,"path_per_floor":["M","?","M","?","?","E","M","$","T","M","E","R","M","M","R","B",null,"M","$","?","?","?","R","?","E","T","$","R","M","E","M","R","B",null,"M","M","?","$","?","R","E","R","T","E","R","?","M","$","R","B"],"character_chosen":"IRONCLAD","items_purchased":["Orichalcum","Membership Card","Kunai","Vajra","Bandage Up","Strawberry","Bag of Marbles","ClockworkSouvenir","Toolbox"],"campfire_rested":0,"item_purchase_floors":[8,19,19,27,27,38,38,38,48],"current_hp_per_floor":[80,80,80,73,53,59,58,58,58,59,31,31,30,30,30,16,80,64,64,64,64,59,59,59,35,35,35,35,32,13,70,70,42,80,72,48,54,61,61,61,40,40,40,23,23,12,9,9,9,0,0],"gold":4,"neow_bonus":"THREE_ENEMY_KILL","is_daily":false,"chose_seed":false,"campfire_upgraded":8,"win_rate":0.0,"timestamp":1608775371,"path_taken":["M","?","M","?","?","E","M","$","T","M","E","R","M","M","R","BOSS","M","$","?","?","?","R","?","E","T","$","R","M","E","M","R","BOSS","M","M","?","$","?","R","E","R","T","E","R","?","M","?","R","BOSS"],"items_purchased_type":["Relic","Relic","Relic","Relic","Card","Relic","Relic","Relic","Relic"],"build_version":"2020-12-22","purchased_purges":4,"victory":false,"max_hp_per_floor":[80,80,80,80,80,80,80,80,80,80,80,80,80,80,80,80,80,80,80,80,80,80,80,80,80,80,80,80,80,80,80,80,80,80,80,80,80,87,87,87,87,87,87,87,87,87,87,87,87,87,87],"card_choices":[{"not_picked":["Twin Strike","Shrug It Off"],"picked":"Rampage","floor":1},{"not_picked":["Carnage","Warcry"],"picked":"Thunderclap","floor":3},{"not_picked":["Thunderclap","Wild Strike"],"picked":"Infernal Blade","floor":6},{"not_picked":["Dark Embrace","Iron Wave","Entrench"],"picked":"SKIP","floor":7},{"not_picked":["Rampage","Clothesline"],"picked":"Rupture","floor":10},{"not_picked":["Cleave","Havoc"],"picked":"Demon Form","floor":11},{"not_picked":["Sever Soul","Clash"],"picked":"Anger","floor":13},{"not_picked":["Sentinel","Headbutt"],"picked":"Twin Strike","floor":14},{"not_picked":["Demon Form","Impervious"],"picked":"Reaper","floor":16},{"not_picked":["Body Slam","Evolve","Entrench"],"picked":"SKIP","floor":18},{"not_picked":["Iron Wave+1","Warcry"],"picked":"Cleave+1","floor":22},{"not_picked":["Body Slam+1","True Grit"],"picked":"Heavy Blade+1","floor":25},{"not_picked":["True Grit","Intimidate"],"picked":"Flex+1","floor":29},{"not_picked":["Clash+1","Thunderclap+1","Body Slam+1"],"picked":"SKIP","floor":30},{"not_picked":["Exhume","Flex"],"picked":"Armaments","floor":31},{"not_picked":["Pommel Strike+1","Cleave+1"],"picked":"Flex+1","floor":35},{"not_picked":["Bloodletting","Clothesline+1","Clash+1"],"picked":"SKIP","floor":36},{"not_picked":["Flex","Twin Strike+1"],"picked":"Heavy Blade+1","floor":37},{"not_picked":["Dropkick+1","Havoc","Juggernaut"],"picked":"SKIP","floor":41},{"not_picked":["Sword Boomerang+1","Barricade"],"picked":"Pummel+1","floor":44},{"not_picked":["Iron Wave+1","Flex","Thunderclap+1"],"picked":"SKIP","floor":47}],"player_experience":113260,"relics_obtained":[{"floor":6,"key":"Mercury Hourglass"},{"floor":9,"key":"Shuriken"},{"floor":11,"key":"Letter Opener"},{"floor":22,"key":"Red Mask"},{"floor":25,"key":"Anchor"},{"floor":30,"key":"Red Skull"},{"floor":37,"key":"Gambling Chip"},{"floor":41,"key":"Smiling Mask"},{"floor":43,"key":"Lantern"},{"floor":44,"key":"Bottled Tornado"}],"event_choices":[{"damage_healed":0,"gold_gain":175,"player_choice":"AGREE","damage_taken":0,"max_hp_gain":0,"max_hp_loss":0,"event_name":"Liars Game","floor":2,"gold_loss":0,"cards_obtained":["Doubt"]},{"cards_removed":["Doubt"],"damage_healed":0,"gold_gain":0,"player_choice":"Card Removal","damage_taken":7,"max_hp_gain":0,"max_hp_loss":0,"event_name":"Golden Wing","floor":4,"gold_loss":0},{"damage_healed":0,"gold_gain":0,"player_choice":"Take Damage","damage_taken":20,"relics_obtained":["Golden Idol"],"max_hp_gain":0,"max_hp_loss":0,"event_name":"Golden Idol","floor":5,"gold_loss":0},{"damage_healed":0,"gold_gain":0,"player_choice":"Opened","damage_taken":0,"relics_obtained":["Molten Egg 2"],"max_hp_gain":0,"max_hp_loss":0,"event_name":"The Mausoleum","floor":20,"gold_loss":0,"cards_obtained":["Writhe"]},{"damage_healed":0,"gold_gain":0,"player_choice":"Read","damage_taken":0,"max_hp_gain":0,"max_hp_loss":0,"event_name":"The Library","floor":21,"gold_loss":0,"cards_obtained":["Flex"]},{"damage_healed":0,"gold_gain":0,"player_choice":"Fought Bandits","damage_taken":0,"max_hp_gain":0,"max_hp_loss":0,"event_name":"Masked Bandits","floor":22,"gold_loss":0},{"damage_healed":0,"gold_gain":0,"player_choice":"Trade","damage_taken":0,"relics_obtained":["NlothsMask"],"max_hp_gain":0,"max_hp_loss":0,"event_name":"FaceTrader","floor":24,"gold_loss":0},{"damage_healed":0,"gold_gain":0,"player_choice":"Fight","damage_taken":0,"max_hp_gain":0,"max_hp_loss":0,"event_name":"MindBloom","floor":37,"gold_loss":0},{"cards_removed":["Defend_R"],"damage_healed":0,"gold_gain":0,"player_choice":"Removed Skill","damage_taken":0,"max_hp_gain":0,"max_hp_loss":0,"event_name":"Falling","floor":39,"gold_loss":0},{"damage_healed":0,"gold_gain":0,"player_choice":"Embrace Madness","damage_taken":11,"max_hp_gain":0,"max_hp_loss":0,"event_name":"Winding Halls","floor":46,"gold_loss":0,"cards_obtained":["Madness","Madness"]}],"is_beta":false,"boss_relics":[{"not_picked":["Velvet Choker","Runic Cube"],"picked":"Astrolabe"},{"not_picked":["Mark of Pain","SlaversCollar"],"picked":"Coffee Dripper"}],"items_purged_floors":[8,19,38,48],"is_endless":false,"potions_floor_spawned":[1,6,14,18,29,30,36,41],"killed_by":"Donu and Deca","ascension_level":2}}