{"host":"09czk7ltaree238n","time":1608824516,"event":{"mods":["AchievementEnabler","BaseMod","Colored Map","Colored Powertips","Minty Spire (QoL Compilation)","Quick Restart"],"gold_per_floor":[110,110,110,34,45,78,95,95,95],"floor_reached":8,"playtime":279,"items_purged":[],"score":73,"play_id":"1b3c8e2c-5f8a-4c0b-bd76-ff21cc2e30ae","local_time":"20201224154156","is_ascension_mode":true,"campfire_choices":[],"circlet_count":0,"master_deck":["Strike_R","Strike_R","Strike_R","Strike_R","Strike_R","Defend_R","Defend_R","Defend_R","Defend_R","Bash","Armaments+1","Regret","Blood for Blood","Blood for Blood","Wild Strike","Shrug It Off"],"relics":["Burning Blood","Ancient Tea Set","Darkstone Periapt"],"acts_visited":["Exordium"],"potions_floor_usage":[],"damage_taken":[{"damage":4.0,"enemies":"2 Louse","floor":1.0,"turns":3.0},{"damage":10.0,"enemies":"Jaw Worm","floor":5.0,"turns":4.0},{"damage":50.0,"enemies":"Gremlin Nob","floor":6.0,"turns":5.0},{"damage":3,"enemies":"Cultist","floor":7,"turns":3},{"damage":38,"enemies":"Lagavulin","floor":8,"turns":7}],"seed_played":"7429338772133604022","potions_obtained":[],"is_trial":false,"path_per_floor":["M","?","?","$","M","E","M","E"],"character_chosen":"IRONCLAD","items_purchased":["Blood for Blood"],"campfire_rested":0,"item_purchase_floors":[4],"current_hp_per_floor":[82,82,82,82,78,34,37,0,0],"gold":95,"neow_bonus":"TEN_PERCENT_HP_BONUS","is_daily":false,"chose_seed":false,"campfire_upgraded":0,"win_rate":0.0,"timestamp":1608824516,"path_taken":["M","?","?","?","M","E","?","E"],"items_purchased_type":["Card"],"build_version":"2020-12-22","purchased_purges":0,"victory":false,"max_hp_per_floor":[88,88,88,88,88,88,88,88,88],"card_choices":[{"not_picked":["Headbutt","Clothesline"],"picked":"Armaments","floor":1.0},{"not_picked":["Searing Blow","Combust"],"picked":"Blood for Blood","floor":5.0},{"not_picked":["Power Through","Thunderclap"],"picked":"Wild Strike","floor":6.0},{"not_picked":["Twin Strike","Sword Boomerang"],"picked":"Shrug It Off","floor":7}],"player_experience":201344,"relics_obtained":[{"floor":6.0,"key":"Darkstone Periapt"}],"event_choices":[{"damage_healed":0.0,"max_hp_gain":0.0,"max_hp_loss":0.0,"gold_gain":0.0,"event_name":"Big Fish","player_choice":"Box","floor":2.0,"gold_loss":0.0,"damage_taken":0.0,"relics_obtained":["Ancient Tea Set"],"cards_obtained":["Regret"]},{"damage_healed":0.0,"max_hp_gain":0.0,"max_hp_loss":0.0,"gold_gain":0.0,"event_name":"Living Wall","player_choice":"Grow","floor":3.0,"gold_loss":0.0,"damage_taken":0.0,"cards_upgraded":["Armaments"]}],"is_beta":false,"boss_relics":[],"items_purged_floors":[],"is_endless":false,"potions_floor_spawned":[],"killed_by":"Lagavulin","ascension_level":6}}