{"host":"9tzam4717zt8ei1o","time":1608805742,"event":{"mods":["BaseMod","Colored Map","Keyboard Shortcuts","Minty Spire (QoL Compilation)","Quick Restart","StSLib","SuperFastMode"],"gold_per_floor":[113,123,45,45,62,89,89,89,89,108,108,123,23,33,33,112,112,129,29,29,41,41,41,73,85,97,28,28,43,43,68,68,140,140,152,152,170,185,201,201,218,247,247,74,74,74,101,117,117,117,117,117,117,25,51,51,51],"floor_reached":56,"playtime":1729,"items_purged":["Strike_G","Strike_G"],"score":2040,"play_id":"97df8682-8907-44e4-a13f-cb023f78814e","local_time":"20201224192902","is_ascension_mode":true,"campfire_choices":[{"data":"Eviscerate","floor":8.0,"key":"SMITH"},{"data":"Acrobatics","floor":11.0,"key":"SMITH"},{"data":"Prepared","floor":15.0,"key":"SMITH"},{"floor":23.0,"key":"REST"},{"floor":25.0,"key":"REST"},{"data":"Tactician","floor":28.0,"key":"SMITH"},{"data":"Neutralize","floor":30.0,"key":"SMITH"},{"data":"Reflex","floor":32.0,"key":"SMITH"},{"data":"Accuracy","floor":40.0,"key":"SMITH"},{"data":"Malaise","floor":46.0,"key":"SMITH"},{"floor":49.0,"key":"RECALL"},{"floor":53.0,"key":"REST"}],"circlet_count":0,"master_deck":["AscendersBane","Defend_G","Defend_G","Defend_G","Defend_G","Survivor","Neutralize+1","Backflip","Flying Knee","Blade Dance+1","After Image","Eviscerate+1","Acrobatics+1","Malaise+1","Prepared+1","Die Die Die","Eviscerate+1","Tactician+1","Reflex+1","After Image","Accuracy+1","Cloak And Dagger+1","Reflex+1","Acrobatics","Concentrate","Adrenaline"],"relics":["Ring of the Snake","FossilizedHelix","Snake Skull","Shuriken","Empty Cage","MawBank","Mummified Hand","Mercury Hourglass","Sozu","Darkstone Periapt","Lee\u0027s Waffle","Question Card","StoneCalendar"],"acts_visited":["Exordium","TheCity","TheBeyond","TheEnding"],"potions_floor_usage":[],"damage_taken":[{"damage":3.0,"enemies":"Small Slimes","floor":1.0,"turns":4.0},{"damage":0.0,"enemies":"2 Louse","floor":2.0,"turns":3.0},{"damage":0.0,"enemies":"Cultist","floor":5.0,"turns":4.0},{"damage":28.0,"enemies":"Gremlin Nob","floor":6.0,"turns":5.0},{"damage":7.0,"enemies":"Exordium Wildlife","floor":10.0,"turns":4.0},{"damage":0.0,"enemies":"Exordium Thugs","floor":12.0,"turns":5.0},{"damage":0.0,"enemies":"Red Slaver","floor":14.0,"turns":4.0},{"damage":9.0,"enemies":"The Guardian","floor":16.0,"turns":10.0},{"damage":25.0,"enemies":"2 Thieves","floor":18.0,"turns":4.0},{"damage":0.0,"enemies":"Chosen","floor":21.0,"turns":2.0},{"damage":22.0,"enemies":"Book of Stabbing","floor":24.0,"turns":5.0},{"damage":0.0,"enemies":"Centurion and Healer","floor":29.0,"turns":4.0},{"damage":19.0,"enemies":"Slavers","floor":31.0,"turns":4.0},{"damage":0.0,"enemies":"Automaton","floor":33.0,"turns":6.0},{"damage":0.0,"enemies":"Orb Walker","floor":35.0,"turns":3.0},{"damage":22.0,"enemies":"3 Darklings","floor":37.0,"turns":3.0},{"damage":0.0,"enemies":"Maw","floor":38.0,"turns":5.0},{"damage":0.0,"enemies":"Jaw Worm Horde","floor":39.0,"turns":3.0},{"damage":0.0,"enemies":"Sphere and 2 Shapes","floor":41.0,"turns":4.0},{"damage":29.0,"enemies":"Reptomancer","floor":42.0,"turns":5.0},{"damage":0.0,"enemies":"Giant Head","floor":47.0,"turns":5.0},{"damage":0.0,"enemies":"4 Shapes","floor":48.0,"turns":2.0},{"damage":36.0,"enemies":"Time Eater","floor":50.0,"turns":13.0},{"damage":29.0,"enemies":"Awakened One","floor":51.0,"turns":8.0},{"damage":47.0,"enemies":"Shield and Spear","floor":55.0,"turns":5.0},{"damage":37,"enemies":"The Heart","floor":56,"turns":3}],"seed_played":"-1330390321739225828","potions_obtained":[{"floor":6.0,"key":"Fire Potion"},{"floor":14.0,"key":"Strength Potion"},{"floor":16.0,"key":"CunningPotion"},{"floor":21.0,"key":"ColorlessPotion"},{"floor":29.0,"key":"Fruit Juice"}],"is_trial":false,"path_per_floor":["M","M","$","?","M","E","?","R","T","M","R","M","$","M","R","B",null,"M","$","?","M","$","R","E","R","T","$","R","M","R","E","R","B",null,"M","?","M","M","M","R","M","E","T","$","?","R","E","M","R","B","B",null,"R","$","E","B"],"character_chosen":"THE_SILENT","items_purchased":["After Image","Prepared","Tactician","Lee\u0027s Waffle","Acrobatics","Concentrate"],"campfire_rested":3,"item_purchase_floors":[3,13,27,44,54,54],"current_hp_per_floor":[56,56,56,38,38,10,66,66,66,59,59,59,59,59,59,50,62,37,37,37,37,37,56,34,53,53,53,53,53,53,39,39,39,63,63,63,41,41,41,41,41,12,12,78,74,74,74,74,74,38,9,58,74,74,27,0,0],"gold":51,"neow_bonus":"TRANSFORM_CARD","is_daily":false,"chose_seed":false,"campfire_upgraded":8,"win_rate":0.0,"timestamp":1608805742,"path_taken":["M","M","$","?","M","E","?","R","T","M","R","M","$","?","R","BOSS","M","$","?","M","?","R","E","R","T","$","R","M","R","E","R","BOSS","M","?","M","?","M","R","M","E","T","$","?","R","E","M","R","BOSS","BOSS","R","$","E","BOSS"],"items_purchased_type":["Card","Card","Card","Relic","Card","Card"],"build_version":"2020-12-22","purchased_purges":2,"victory":false,"max_hp_per_floor":[66,66,66,66,66,66,66,66,66,66,66,66,66,66,66,66,66,66,66,66,66,66,66,66,66,66,66,66,66,66,71,71,71,71,71,71,71,71,71,71,71,71,71,78,74,74,74,74,74,74,74,74,74,74,74,74,74],"card_choices":[{"not_picked":["Cloak And Dagger","Expertise"],"picked":"Flying Knee","floor":1.0},{"not_picked":["PiercingWail","Deflect"],"picked":"Blade Dance","floor":2.0},{"not_picked":["Cloak And Dagger","Flying Knee"],"picked":"Eviscerate","floor":5.0},{"not_picked":["Dodge and Roll","Bane"],"picked":"Crippling Poison","floor":6.0},{"not_picked":["Caltrops","Slice"],"picked":"Acrobatics","floor":10.0},{"not_picked":["Poisoned Stab","Deadly Poison"],"picked":"Malaise","floor":12.0},{"not_picked":["Dagger Throw","Bouncing Flask","Leg Sweep"],"picked":"SKIP","floor":14.0},{"not_picked":["Wraith Form v2","Venomology"],"picked":"Die Die Die","floor":16.0},{"not_picked":["Bane","Deadly Poison","Dagger Spray+1"],"picked":"SKIP","floor":18.0},{"not_picked":["Flechettes","Blade Dance"],"picked":"Eviscerate+1","floor":21.0},{"not_picked":["Choke","Deadly Poison","Bane"],"picked":"SKIP","floor":24.0},{"not_picked":["Dash","Flying Knee","Deflect+1"],"picked":"SKIP","floor":29.0},{"not_picked":["Outmaneuver","Blur"],"picked":"Reflex","floor":31.0},{"not_picked":["Doppelganger","Burst"],"picked":"After Image","floor":33.0},{"not_picked":["Masterful Stab","Terror"],"picked":"Accuracy","floor":35.0},{"not_picked":["Prepared","Masterful Stab","PiercingWail"],"picked":"SKIP","floor":37.0},{"not_picked":["Tactician","Crippling Poison"],"picked":"Cloak And Dagger+1","floor":38.0},{"not_picked":["Dagger Spray","Choke","Noxious Fumes"],"picked":"SKIP","floor":39.0},{"not_picked":["Quick Slash","Blade Dance","Dagger Spray+1"],"picked":"SKIP","floor":41.0},{"not_picked":["Cloak And Dagger","Bane","Quick Slash"],"picked":"SKIP","floor":42.0},{"not_picked":["PiercingWail","Poisoned Stab"],"picked":"Reflex+1","floor":47.0},{"not_picked":["Reflex+1","Deadly Poison","Poisoned Stab","Prepared"],"picked":"SKIP","floor":48.0},{"not_picked":["Crippling Poison+1","Underhanded Strike+1","Cloak And Dagger"],"picked":"Adrenaline","floor":55.0}],"player_experience":105003,"relics_obtained":[{"floor":6.0,"key":"Snake Skull"},{"floor":9.0,"key":"Shuriken"},{"floor":24.0,"key":"MawBank"},{"floor":26.0,"key":"Mummified Hand"},{"floor":31.0,"key":"Mercury Hourglass"},{"floor":42.0,"key":"Darkstone Periapt"},{"floor":47.0,"key":"Question Card"},{"floor":55.0,"key":"StoneCalendar"}],"event_choices":[{"damage_healed":0.0,"max_hp_gain":0.0,"max_hp_loss":0.0,"gold_gain":0.0,"event_name":"Scrap Ooze","player_choice":"Success","floor":4.0,"gold_loss":0.0,"damage_taken":18.0,"relics_obtained":["FossilizedHelix"]},{"cards_removed":["Crippling Poison"],"damage_healed":56.0,"max_hp_gain":0.0,"max_hp_loss":0.0,"gold_gain":0.0,"event_name":"Bonfire Elementals","player_choice":"Offered Uncommon","floor":7.0,"gold_loss":0.0,"damage_taken":0.0},{"damage_healed":0.0,"max_hp_gain":0.0,"max_hp_loss":0.0,"gold_gain":0.0,"event_name":"Upgrade Shrine","player_choice":"Upgraded","floor":20.0,"gold_loss":0.0,"damage_taken":0.0,"cards_upgraded":["Blade Dance"]},{"cards_removed":["Defend_G"],"damage_healed":0.0,"max_hp_gain":0.0,"max_hp_loss":0.0,"gold_gain":0.0,"event_name":"Purifier","player_choice":"Purged","floor":36.0,"gold_loss":0.0,"damage_taken":0.0},{"damage_healed":0.0,"max_hp_gain":0.0,"max_hp_loss":4.0,"gold_gain":0.0,"event_name":"Winding Halls","player_choice":"Max HP","floor":45.0,"gold_loss":0.0,"damage_taken":0.0}],"is_beta":false,"boss_relics":[{"not_picked":["Fusion Hammer","Philosopher\u0027s Stone"],"picked":"Empty Cage"},{"not_picked":["SlaversCollar","Ring of the Serpent"],"picked":"Sozu"}],"items_purged_floors":[13,19],"is_endless":false,"potions_floor_spawned":[6,14,16,21,29,37,38,47,55],"killed_by":"The Heart","ascension_level":20}}