{"host":"m6aaltr68g9tvoay","time":1608802198,"event":{"mods":["AchievementEnabler","BaseMod","Colored Map","Minty Spire (QoL Compilation)","StSLib"],"gold_per_floor":[109,129,129,129,76,76,106,106,106,129,146,163,163,192,192,192,192],"floor_reached":16,"playtime":577,"items_purged":[],"score":240,"play_id":"17e45914-f674-4c31-bc23-be3227b533f0","local_time":"20201224012958","is_ascension_mode":true,"campfire_choices":[{"data":"Sweeping Beam","floor":6,"key":"SMITH"},{"data":"Ball Lightning","floor":8,"key":"SMITH"},{"data":"Rip and Tear","floor":13,"key":"SMITH"},{"data":"Multi-Cast","floor":15,"key":"SMITH"}],"circlet_count":0,"master_deck":["AscendersBane","Strike_B","Strike_B","Strike_B","Strike_B","Defend_B","Defend_B","Defend_B","Defend_B","Zap","Dualcast","Sweeping Beam+1","Auto Shields","Ball Lightning+1","Storm","Rip and Tear+1","Multi-Cast+1"],"relics":["Cracked Core","Gambling Chip","Boot","Bronze Scales"],"acts_visited":["Exordium"],"potions_floor_usage":[2,16],"damage_taken":[{"damage":1,"enemies":"Cultist","floor":1,"turns":4},{"damage":4,"enemies":"Jaw Worm","floor":2,"turns":4},{"damage":0,"enemies":"2 Louse","floor":11,"turns":2},{"damage":1,"enemies":"Looter","floor":12,"turns":3},{"damage":0,"enemies":"Gremlin Nob","floor":14,"turns":3},{"damage":69,"enemies":"Hexaghost","floor":16,"turns":9}],"seed_played":"-4359046408284391632","potions_obtained":[{"floor":2,"key":"EntropicBrew"}],"is_trial":false,"path_per_floor":["M","M","?","?","$","R","?","R","T","T","M","M","R","E","R","B"],"character_chosen":"DEFECT","items_purchased":["Ball Lightning"],"campfire_rested":0,"item_purchase_floors":[5],"current_hp_per_floor":[70,66,66,66,66,66,66,66,66,66,66,65,65,65,65,0,0],"gold":192,"neow_bonus":"TEN_PERCENT_HP_BONUS","is_daily":false,"chose_seed":false,"campfire_upgraded":4,"win_rate":0.0,"timestamp":1608802198,"path_taken":["M","M","?","?","?","R","?","R","T","?","?","M","R","E","R","BOSS"],"items_purchased_type":["Card"],"build_version":"2020-12-22","purchased_purges":0,"victory":false,"max_hp_per_floor":[78,78,78,78,78,78,78,78,78,78,78,78,78,78,78,78,78],"card_choices":[{"not_picked":["Steam","Force Field"],"picked":"Sweeping Beam","floor":1},{"not_picked":["Streamline","Tempest"],"picked":"Auto Shields","floor":2},{"not_picked":["Compile Driver","Steam"],"picked":"Storm","floor":11},{"not_picked":["Sweeping Beam","Skim"],"picked":"Rip and Tear","floor":12},{"not_picked":["Skim","Redo"],"picked":"Multi-Cast","floor":14}],"player_experience":1307793,"relics_obtained":[{"floor":9,"key":"Gambling Chip"},{"floor":10,"key":"Boot"},{"floor":14,"key":"Bronze Scales"}],"event_choices":[{"damage_healed":0,"gold_gain":0,"player_choice":"Ignored","damage_taken":0,"max_hp_gain":0,"max_hp_loss":0,"event_name":"Shining Light","floor":3,"gold_loss":0},{"damage_healed":0,"gold_gain":0,"player_choice":"Ignored","damage_taken":0,"max_hp_gain":0,"max_hp_loss":0,"event_name":"Liars Game","floor":4,"gold_loss":0},{"damage_healed":0,"gold_gain":30,"player_choice":"Searched \u00272\u0027 times","damage_taken":0,"max_hp_gain":0,"max_hp_loss":0,"event_name":"Dead Adventurer","floor":7,"gold_loss":0}],"is_beta":false,"boss_relics":[],"items_purged_floors":[],"is_endless":false,"potions_floor_spawned":[2,14],"killed_by":"Hexaghost","ascension_level":19}}