{"host":"30jsp143e4v19aze","time":1608851113,"event":{"mods":["BaseMod","Colored Map","Colored Powertips","Curses Come First","DeckTracker","Highlight Path","Minty Spire (QoL Compilation)","Quick Restart","Relic Stats","StSLib","everything is the same but u backflip on backflip","slay the spire mod where everything is the same but ironclad has a cowboy hat"],"gold_per_floor":[113,188,3,3,15,15,30,57,84,94,94,123,138,58,58,155,155,174,202,117,134,134,160,160,175,202,215,215,240,240,256,256,360,360,376,389,389,389,389,423,437,437,482,499,514,36,70,85,85,85],"floor_reached":51,"playtime":4941,"items_purged":[],"score":1236,"play_id":"b7ee4e48-9de7-4e17-9dd2-fdb93ca96b28","local_time":"20201225000513","is_ascension_mode":true,"campfire_choices":[{"data":"Multi-Cast","floor":6,"key":"SMITH"},{"floor":11,"key":"REST"},{"data":"Hyperbeam","floor":15,"key":"SMITH"},{"floor":24,"key":"REST"},{"floor":28,"key":"REST"},{"data":"Seek","floor":30,"key":"SMITH"},{"data":"Capacitor","floor":32,"key":"SMITH"},{"floor":42,"key":"RECALL"},{"data":"Capacitor","floor":49,"key":"SMITH"}],"circlet_count":0,"master_deck":["AscendersBane","Strike_B+1","Strike_B+1","Strike_B+1","Defend_B+1","Defend_B+1","Defend_B+1","Defend_B+1","Zap+1","Dualcast+1","Consume+1","Genetic Algorithm+1","Glacier+1","Genetic Algorithm+1","Turbo+1","Barrage+1","Multi-Cast+1","Ball Lightning+1","Skim+1","Hyperbeam+1","Coolheaded+1","Capacitor+1","Echo Form+1","Aggregate+1","Genetic Algorithm+1","Recycle+1","Seek+1","Double Energy+1","Multi-Cast+1","Genetic Algorithm","Capacitor+1"],"relics":["Cracked Core","War Paint","Orrery","MealTicket","Bag of Preparation","Ice Cream","Runic Pyramid","Red Mask","Kunai","Mercury Hourglass","Lantern","Tiny Chest","Nuclear Battery","Mark of the Bloom","Omamori","Mummified Hand","Medical Kit","Oddly Smooth Stone"],"acts_visited":["Exordium","TheCity","TheBeyond"],"potions_floor_usage":[8,16,23,27],"damage_taken":[{"damage":2,"enemies":"Jaw Worm","floor":1,"turns":3},{"damage":0,"enemies":"Cultist","floor":5,"turns":6},{"damage":4,"enemies":"2 Louse","floor":7,"turns":3},{"damage":37,"enemies":"3 Sentries","floor":8,"turns":6},{"damage":1,"enemies":"Large Slime","floor":10,"turns":4},{"damage":26,"enemies":"Gremlin Nob","floor":12,"turns":4},{"damage":0,"enemies":"2 Fungi Beasts","floor":13,"turns":1},{"damage":13,"enemies":"Slime Boss","floor":16,"turns":8},{"damage":26,"enemies":"Shell Parasite","floor":18,"turns":5},{"damage":3,"enemies":"Masked Bandits","floor":19,"turns":4},{"damage":0,"enemies":"Chosen","floor":21,"turns":5},{"damage":23,"enemies":"Book of Stabbing","floor":23,"turns":8},{"damage":9,"enemies":"Snake Plant","floor":25,"turns":5},{"damage":2,"enemies":"Chosen and Byrds","floor":27,"turns":6},{"damage":7,"enemies":"Gremlin Leader","floor":29,"turns":9},{"damage":2,"enemies":"Centurion and Healer","floor":31,"turns":7},{"damage":5,"enemies":"Automaton","floor":33,"turns":11},{"damage":1,"enemies":"3 Shapes","floor":35,"turns":7},{"damage":0,"enemies":"Orb Walker","floor":36,"turns":6},{"damage":0,"enemies":"Nemesis","floor":40,"turns":3},{"damage":0,"enemies":"4 Shapes","floor":41,"turns":5},{"damage":0,"enemies":"Writhing Mass","floor":44,"turns":7},{"damage":0,"enemies":"Sphere and 2 Shapes","floor":45,"turns":6},{"damage":0,"enemies":"Giant Head","floor":47,"turns":8},{"damage":0,"enemies":"3 Darklings","floor":48,"turns":6},{"damage":15,"enemies":"Donu and Deca","floor":50,"turns":6}],"seed_played":"7464456568689113807","potions_obtained":[{"floor":7,"key":"Swift Potion"},{"floor":8,"key":"SteroidPotion"},{"floor":10,"key":"PowerPotion"},{"floor":12,"key":"Block Potion"},{"floor":23,"key":"Strength Potion"},{"floor":25,"key":"DistilledChaos"},{"floor":27,"key":"Ancient Potion"},{"floor":40,"key":"Energy Potion"},{"floor":44,"key":"GamblersBrew"}],"is_trial":false,"path_per_floor":["M","?","$","?","M","R","M","E","T","M","R","E","M","$","R","B",null,"M","?","?","M","?","E","R","M","T","M","R","E","R","M","R","B",null,"M","M","?","?","?","E","M","R","T","M","M","$","E","M","R","B",null],"character_chosen":"DEFECT","items_purchased":["Orrery","Blizzard","Capacitor","Mummified Hand","Medical Kit","Capacitor"],"campfire_rested":3,"item_purchase_floors":[3,3,14,46,46,46],"current_hp_per_floor":[66,55,55,55,55,55,51,14,14,13,35,9,9,24,24,11,59,33,30,30,30,30,7,29,20,20,18,40,33,33,31,31,26,63,62,62,62,62,62,62,62,62,62,62,62,62,62,62,62,47],"gold":85,"neow_bonus":"RANDOM_COMMON_RELIC","is_daily":false,"chose_seed":false,"campfire_upgraded":5,"win_rate":0.0,"timestamp":1608851113,"path_taken":["M","?","$","?","?","R","M","E","T","?","R","E","M","$","R","BOSS","M","?","?","M","?","E","R","M","T","?","R","E","R","M","R","BOSS","M","M","?","?","?","E","M","R","T","M","M","$","E","M","R","BOSS"],"items_purchased_type":["Relic","Card","Card","Relic","Relic","Card"],"build_version":"2020-12-22","purchased_purges":0,"victory":true,"max_hp_per_floor":[75,75,75,75,75,75,75,75,75,75,75,75,75,75,75,75,75,75,75,75,75,75,75,75,75,75,75,75,75,75,75,75,75,75,75,75,75,75,75,75,75,75,75,75,75,75,75,75,75,75],"relic_stats":{"Mark of the Bloom":90,"counters":[26,148],"Mummified Hand":[11],"MealTicket":15,"Tiny Chest":0,"Bag of Preparation":[44],"Kunai":[6],"War Paint":["Defend_B","Defend_B"],"Medical Kit":[1],"obtain_stats":[{"Ice Cream":12,"Lantern":26,"Mark of the Bloom":38,"Oddly Smooth Stone":47,"Bag of Preparation":9,"Omamori":40,"War Paint":0,"Medical Kit":46,"Mercury Hourglass":23,"Nuclear Battery":34,"Mummified Hand":46,"Orrery":3,"MealTicket":8,"Tiny Chest":29,"Red Mask":19,"Kunai":20,"Cracked Core":0,"Runic Pyramid":17},{"Ice Cream":6,"Lantern":13,"Mark of the Bloom":19,"Oddly Smooth Stone":24,"Bag of Preparation":4,"Omamori":20,"War Paint":0,"Medical Kit":23,"Mercury Hourglass":12,"Nuclear Battery":17,"Mummified Hand":23,"Orrery":1,"MealTicket":4,"Tiny Chest":15,"Red Mask":10,"Kunai":10,"Cracked Core":0,"Runic Pyramid":8},{"Ice Cream":26,"Lantern":62,"Mark of the Bloom":107,"Oddly Smooth Stone":136,"Bag of Preparation":18,"Omamori":110,"War Paint":0,"Medical Kit":128,"Mercury Hourglass":57,"Nuclear Battery":95,"Mummified Hand":128,"Orrery":3,"MealTicket":18,"Tiny Chest":77,"Red Mask":44,"Kunai":44,"Cracked Core":0,"Runic Pyramid":35}],"Mercury Hourglass":[413]},"card_choices":[{"not_picked":["Rebound","Steam Power"],"picked":"Consume","floor":1},{"not_picked":["Steam Power","Sunder"],"picked":"Genetic Algorithm","floor":3},{"not_picked":["Gash","Turbo"],"picked":"Glacier","floor":3},{"not_picked":["Turbo","Double Energy"],"picked":"Genetic Algorithm","floor":3},{"not_picked":["Beam Cell","Gash"],"picked":"Turbo","floor":3},{"not_picked":["Go for the Eyes","Melter"],"picked":"Barrage","floor":3},{"not_picked":["Conserve Battery","Gash"],"picked":"Ball Lightning","floor":5},{"not_picked":["Ball Lightning","Redo","Consume"],"picked":"SKIP","floor":7},{"not_picked":["Aggregate","Rebound"],"picked":"Skim","floor":8},{"not_picked":["Conserve Battery","Sweeping Beam"],"picked":"Hyperbeam","floor":10},{"not_picked":["Barrage","Undo","Skim"],"picked":"SKIP","floor":12},{"not_picked":["Ball Lightning","Chaos"],"picked":"Coolheaded","floor":13},{"not_picked":["Electrodynamics","Seek"],"picked":"Echo Form","floor":16},{"not_picked":["Conserve Battery","Blizzard","Capacitor"],"picked":"SKIP","floor":18},{"not_picked":["Streamline","Stack"],"picked":"Aggregate","floor":21},{"not_picked":["Coolheaded","Auto Shields+1","Barrage"],"picked":"SKIP","floor":23},{"not_picked":["Streamline","Rebound"],"picked":"Recycle","floor":25},{"not_picked":["Hyperbeam","Consume","Redo"],"picked":"SKIP","floor":27},{"not_picked":["Lockon","Gash"],"picked":"Seek","floor":29},{"not_picked":["Ball Lightning","Aggregate+1"],"picked":"Double Energy","floor":31},{"not_picked":["Reboot","Core Surge"],"picked":"Multi-Cast","floor":33},{"not_picked":["Go for the Eyes","Stack","Turbo"],"picked":"SKIP","floor":35},{"not_picked":["Compile Driver","Lockon","Rebound"],"picked":"SKIP","floor":36},{"not_picked":["BootSequence","Ball Lightning+1","Coolheaded"],"picked":"SKIP","floor":40},{"not_picked":["BootSequence","Compile Driver+1","Go for the Eyes"],"picked":"SKIP","floor":41},{"not_picked":["Auto Shields","Fusion","Redo"],"picked":"SKIP","floor":44},{"not_picked":["Static Discharge+1","Redo"],"picked":"Genetic Algorithm","floor":45},{"not_picked":["Barrage+1","Lockon","Force Field"],"picked":"SKIP","floor":47},{"not_picked":["Capacitor","Loop","Coolheaded"],"picked":"SKIP","floor":48}],"player_experience":3167828,"relics_obtained":[{"floor":8,"key":"MealTicket"},{"floor":9,"key":"Bag of Preparation"},{"floor":12,"key":"Ice Cream"},{"floor":19,"key":"Red Mask"},{"floor":23,"key":"Mercury Hourglass"},{"floor":26,"key":"Lantern"},{"floor":29,"key":"Tiny Chest"},{"floor":40,"key":"Omamori"},{"floor":47,"key":"Oddly Smooth Stone"}],"event_choices":[{"damage_healed":0,"gold_gain":75,"player_choice":"Gather Gold","damage_taken":11,"max_hp_gain":0,"max_hp_loss":0,"event_name":"World of Goop","floor":2,"gold_loss":0},{"damage_healed":0,"gold_gain":0,"cards_transformed":["Strike_B"],"player_choice":"Transformed","damage_taken":0,"max_hp_gain":0,"max_hp_loss":0,"event_name":"Transmorgrifier","floor":4,"gold_loss":0,"cards_obtained":["Multi-Cast"]},{"damage_healed":0,"gold_gain":0,"player_choice":"Fought Bandits","damage_taken":0,"max_hp_gain":0,"max_hp_loss":0,"event_name":"Masked Bandits","floor":19,"gold_loss":0},{"damage_healed":0,"gold_gain":0,"player_choice":"Obtained Relic","damage_taken":0,"relics_obtained":["Kunai"],"max_hp_gain":0,"max_hp_loss":0,"event_name":"Addict","floor":20,"gold_loss":85},{"damage_healed":0,"gold_gain":0,"player_choice":"Copied","damage_taken":0,"max_hp_gain":0,"max_hp_loss":0,"event_name":"Duplicator","floor":22,"gold_loss":0,"cards_obtained":["Genetic Algorithm"]},{"damage_healed":0,"gold_gain":0,"player_choice":"Memory 1","damage_taken":0,"max_hp_gain":0,"max_hp_loss":0,"event_name":"SensoryStone","floor":37,"gold_loss":0},{"damage_healed":0,"gold_gain":0,"player_choice":"Upgrade","damage_taken":0,"relics_obtained":["Mark of the Bloom"],"max_hp_gain":0,"max_hp_loss":0,"event_name":"MindBloom","floor":38,"gold_loss":0,"cards_upgraded":["Strike_B","Strike_B","Strike_B","Defend_B","Defend_B","Zap","Dualcast","Consume","Genetic Algorithm","Glacier","Genetic Algorithm","Turbo","Barrage","Blizzard","Ball Lightning","Skim","Coolheaded","Echo Form","Aggregate","Genetic Algorithm","Recycle","Double Energy","Multi-Cast"]},{"cards_removed":["Blizzard"],"damage_healed":13,"gold_gain":0,"player_choice":"Offered Uncommon","damage_taken":0,"max_hp_gain":0,"max_hp_loss":0,"event_name":"Bonfire Elementals","floor":39,"gold_loss":0}],"is_beta":false,"boss_relics":[{"not_picked":["Snecko Eye","Ectoplasm"],"picked":"Runic Pyramid"},{"not_picked":["Coffee Dripper","Calling Bell"],"picked":"Nuclear Battery"}],"items_purged_floors":[],"is_endless":false,"potions_floor_spawned":[7,8,10,12,23,25,27,29,33,40,41,44,47],"ascension_level":12}}