{"host":"yp47u74hk6n79vj1","time":1608835084,"event":{"mods":["BaseMod","Minty Spire (QoL Compilation)"],"gold_per_floor":[112,212,55,68,91,125,139,170,222,242,242,277,296,246,246,246,246],"floor_reached":16,"playtime":815,"items_purged":[],"score":126,"play_id":"9236ee6e-5e7c-4a8c-9c9d-3fc50c4cdaae","local_time":"20201224133804","is_ascension_mode":true,"campfire_choices":[{"data":"Steam","floor":15,"key":"SMITH"}],"circlet_count":0,"master_deck":["Strike_B","Strike_B","Strike_B","Strike_B","Defend_B","Defend_B","Defend_B","Zap","Dualcast","Steam+1","Streamline","Force Field","Cold Snap","Cold Snap","Turbo","Sweeping Beam+1"],"relics":["Cracked Core","Orrery","Anchor","Centennial Puzzle","Bronze Scales","Molten Egg 2"],"acts_visited":["Exordium"],"potions_floor_usage":[12,12,13],"damage_taken":[{"damage":1,"enemies":"Jaw Worm","floor":1,"turns":4},{"damage":0,"enemies":"Cultist","floor":4,"turns":3},{"damage":23,"enemies":"Lagavulin","floor":6,"turns":6},{"damage":0,"enemies":"Small Slimes","floor":7,"turns":3},{"damage":6,"enemies":"3 Sentries","floor":8,"turns":10},{"damage":0,"enemies":"Looter","floor":10,"turns":2},{"damage":10,"enemies":"Gremlin Nob","floor":12,"turns":4},{"damage":13,"enemies":"Large Slime","floor":13,"turns":3},{"damage":33,"enemies":"The Guardian","floor":16,"turns":10}],"seed_played":"6835169058092166151","potions_obtained":[{"floor":6,"key":"ColorlessPotion"},{"floor":10,"key":"LiquidMemories"},{"floor":12,"key":"PowerPotion"}],"is_trial":false,"path_per_floor":["M","?","$","M","T","E","M","E","T","M","?","E","M","?","R","B"],"character_chosen":"DEFECT","items_purchased":["Orrery"],"campfire_rested":0,"item_purchase_floors":[3],"current_hp_per_floor":[81,81,81,81,81,58,58,52,52,52,52,42,29,29,29,0,0],"gold":246,"neow_bonus":"TEN_PERCENT_HP_BONUS","is_daily":false,"chose_seed":false,"campfire_upgraded":1,"win_rate":0.0,"timestamp":1608835084,"path_taken":["M","?","$","?","?","E","?","E","T","?","?","E","M","?","R","BOSS"],"items_purchased_type":["Relic"],"build_version":"2020-12-22","purchased_purges":0,"victory":false,"max_hp_per_floor":[82,82,82,82,82,82,82,82,82,82,82,82,82,82,82,82,82],"card_choices":[{"not_picked":["Redo","Aggregate","Tempest"],"picked":"SKIP","floor":1},{"not_picked":["Gash","Conserve Battery"],"picked":"Steam","floor":3},{"not_picked":["Meteor Strike","Ball Lightning"],"picked":"Streamline","floor":3},{"not_picked":["Cold Snap","Blizzard"],"picked":"Force Field","floor":3},{"not_picked":["Reboot","Streamline"],"picked":"Cold Snap","floor":3},{"not_picked":["Blizzard","Scrape"],"picked":"Cold Snap","floor":3},{"not_picked":["Cold Snap","Stack"],"picked":"Turbo","floor":4},{"not_picked":["Storm","Reinforced Body","Barrage"],"picked":"SKIP","floor":6},{"not_picked":["Cold Snap","Beam Cell","Hologram"],"picked":"SKIP","floor":7},{"not_picked":["Hello World","Skim","Streamline"],"picked":"SKIP","floor":8},{"not_picked":["Lockon","Go for the Eyes","Gash"],"picked":"SKIP","floor":10},{"not_picked":["Multi-Cast","Stack","Storm"],"picked":"SKIP","floor":12},{"not_picked":["Gash+1","Streamline+1"],"picked":"Sweeping Beam+1","floor":13}],"player_experience":499401,"relics_obtained":[{"floor":6,"key":"Anchor"},{"floor":8,"key":"Centennial Puzzle"},{"floor":9,"key":"Bronze Scales"},{"floor":12,"key":"Molten Egg 2"}],"event_choices":[{"damage_healed":0,"gold_gain":100,"player_choice":"Pray","damage_taken":0,"max_hp_gain":0,"max_hp_loss":0,"event_name":"Golden Shrine","floor":2,"gold_loss":0},{"damage_healed":0,"gold_gain":0,"player_choice":"Ignored","damage_taken":0,"max_hp_gain":0,"max_hp_loss":0,"event_name":"Liars Game","floor":11,"gold_loss":0},{"cards_removed":["Defend_B"],"damage_healed":0,"gold_gain":0,"player_choice":"Card Removal","damage_taken":0,"max_hp_gain":0,"max_hp_loss":0,"event_name":"The Cleric","floor":14,"gold_loss":50}],"is_beta":false,"boss_relics":[],"items_purged_floors":[],"is_endless":false,"potions_floor_spawned":[6,10,12],"killed_by":"The Guardian","ascension_level":1}}