{"host":"d4jjsas3g8mfo55f","time":1608819971,"event":{"mods":["ATMod(°¢èªMod)","Aspiration","BaseMod","Hermit","Luminous","Minty Spire (QoL Compilation)","Replay The Spire","Spicy Shops","StSLib","The Bladedancer","The Bug Knight","The Jungle"],"gold_per_floor":[116,34,45,45,62,62,74,84,84,84,84,101,101,132,132,237,237,247,247,260,272,272,272,291,291,291,291,305,325,344,444,444,540,540,559,653,695,799,1174,1174,1300,1345,1368,1463,1521,0,40,40,40,165,165,165,17,99,124],"floor_reached":56,"playtime":3200,"items_purged":[],"score":1493,"play_id":"1e12df98-251a-4efb-8ad8-48b28439bad6","local_time":"20201224222611","is_ascension_mode":true,"campfire_choices":[{"data":"Draining Mist","floor":6.0,"key":"SMITH"},{"floor":11.0,"key":"RECALL"},{"data":"AT_FamilyPortrait","floor":13.0,"key":"SMITH"},{"data":"Survivor","floor":15.0,"key":"SMITH"},{"floor":23.0,"key":"REST"},{"floor":27.0,"key":"REST"},{"floor":32.0,"key":"REST"},{"data":"Prepared","floor":40.0,"key":"SMITH"},{"data":"Adrenaline","floor":49.0,"key":"SMITH"},{"data":"ReplayTheSpireMod:Scrap Shanks","floor":52,"key":"SMITH"}],"circlet_count":0,"master_deck":["Strike_G+1","Strike_G+1","Strike_G+1","Strike_G+1","Strike_G+1","Defend_G+1","Defend_G+1","Defend_G+1","Defend_G+1","Survivor+1","Neutralize","AT_FamilyPortrait+1","Draining Mist+1","Fluid Movement+1","AT_Desolate","AT_TinkerSharpsword","AT_ShadowStep","Bane","AT_WindFlip","Hidden Blade","Flying Knee","ReplayTheSpireMod:Necrosis+1","Draining Mist+1","Terror+1","Dagger Spray+1","PiercingWail","Dodge and Roll+1","After Image","Slice","Bouncing Flask+1","Adrenaline+1","Prepared+1","ReplayTheSpireMod:Splinters","ReplayTheSpireMod:Scrap Shanks+1","Concentrate","Dagger Throw","Backflip+1","AT_WindRun+1","Sucker Punch+1","Infinite Blades+1","Cloak And Dagger+1","Night Terror","Parasite","Draining Mist+1","Accuracy","Cloak And Dagger","ReplayTheSpireMod:From All Sides","Panache","Replay:BasicMightCard","Replay:Parry","Parasite","Acrobatics+1","Writhe","Flying Knee"],"relics":["Ring of the Snake","AT_ATBox","aspiration:Nostalgia","PureWater","Du-Vu Doll","Toy Ornithopter","aspiration:FutureDiary","aspiration:Stabinomicon","Thread and Needle","Kunai","ChewingGum","AT_MibuBalloonWealth","AT_RabadonDeathcap","Old Coin","AT_DeathDance","PreservedInsect","AT_GuinsooRageblade","Replay:Rubber Ducky","ReplayTheSpireMod:ShopPack","AT_TimeSand","DollysMirror","Ice Cream","Chameleon Ring","Strange Spoon","Mango"],"acts_visited":["Exordium","TheCity","TheBeyond","TheEnding"],"potions_floor_usage":[50,55,55],"damage_taken":[{"damage":1.0,"enemies":"Cultist","floor":1.0,"turns":3.0},{"damage":0.0,"enemies":"Small Slimes","floor":3.0,"turns":4.0},{"damage":5.0,"enemies":"2 Louse","floor":5.0,"turns":3.0},{"damage":0.0,"enemies":"Lots of Slimes","floor":7.0,"turns":1.0},{"damage":0.0,"enemies":"Blue Slaver","floor":8.0,"turns":2.0},{"damage":0.0,"enemies":"Looter","floor":12.0,"turns":1.0},{"damage":16.0,"enemies":"Lagavulin","floor":14.0,"turns":4.0},{"damage":49.0,"enemies":"Fading Forest","floor":16.0,"turns":11.0},{"damage":20.0,"enemies":"Spheric Guardian","floor":18.0,"turns":4.0},{"damage":6.0,"enemies":"3 Byrds","floor":20.0,"turns":4.0},{"damage":24.0,"enemies":"Shelled Parasite and Fungi","floor":21.0,"turns":6.0},{"damage":7.0,"enemies":"Snake Plant","floor":24.0,"turns":2.0},{"damage":7.0,"enemies":"Centurion and Healer","floor":28.0,"turns":4.0},{"damage":0.0,"enemies":"Shelled Parasite and Fungi","floor":29.0,"turns":1.0},{"damage":4.0,"enemies":"Cultist and Chosen","floor":30.0,"turns":3.0},{"damage":9.0,"enemies":"Colosseum Slavers","floor":31.0,"turns":5.0},{"damage":9.0,"enemies":"Colosseum Nobs","floor":31.0,"turns":4.0},{"damage":40.0,"enemies":"Automaton","floor":33.0,"turns":10.0},{"damage":16.0,"enemies":"3 Darklings","floor":35.0,"turns":3.0},{"damage":1.0,"enemies":"Orb Walker","floor":37.0,"turns":3.0},{"damage":0.0,"enemies":"2 Orb Walkers","floor":38.0,"turns":4.0},{"damage":0.0,"enemies":"Mind Bloom Boss Battle","floor":39.0,"turns":2.0},{"damage":16.0,"enemies":"Reptomancer","floor":41.0,"turns":4.0},{"damage":0.0,"enemies":"Transient","floor":42.0,"turns":5.0},{"damage":17.0,"enemies":"Sphere and 2 Shapes","floor":44.0,"turns":5.0},{"damage":2.0,"enemies":"Giant Head","floor":45.0,"turns":5.0},{"damage":0.0,"enemies":"Writhing Mass","floor":47.0,"turns":3.0},{"damage":35,"enemies":"Awakened One","floor":50,"turns":7},{"damage":0,"enemies":"Shield and Spear","floor":54,"turns":3},{"damage":29,"enemies":"The Heart","floor":55,"turns":6}],"seed_played":"9175133743033055202","potions_obtained":[{"floor":1.0,"key":"LiquidBronze"},{"floor":3.0,"key":"LifebloodPotion"},{"floor":14.0,"key":"Strength Potion"},{"floor":18.0,"key":"Ancient Potion"},{"floor":20.0,"key":"LifebloodPotion"},{"floor":21.0,"key":"Ancient Potion"},{"floor":33.0,"key":"ColorlessPotion"},{"floor":35.0,"key":"Elixir"},{"floor":37.0,"key":"Dexterity Potion"},{"floor":38.0,"key":"SpeedPotion"},{"floor":45.0,"key":"Adrenaline Potion"}],"is_trial":false,"path_per_floor":["M","$","M","?","M","R","M","M","T","$","R","M","R","E","R","B",null,"M","?","M","M","?","R","M","?","T","R","M","M","M","?","R","B",null,"M","?","M","?","?","R","E","M","T","M","E","$","M","?","R","B",null,"R","$","E","B",null],"character_chosen":"THE_SILENT","items_purchased":["Fluid Movement+1","Replay:Rubber Ducky","ReplayTheSpireMod:ShopPack","AT_TimeSand","DollysMirror","Ice Cream","Chameleon Ring","GhostInAJar","Accuracy","Cloak And Dagger","ReplayTheSpireMod:From All Sides","Strange Spoon"],"campfire_rested":3,"item_purchase_floors":[2,46,46,46,46,46,46,46,46,46,46,53],"current_hp_per_floor":[69,69,69,69,64,64,64,70,70,70,70,70,70,54,54,40,70,50,34,28,4,4,25,23,23,23,44,37,37,33,25,46,6,70,59,59,58,63,63,63,47,47,47,35,33,33,33,51,51,21,70,70,70,84,65],"gold":124,"neow_bonus":"NOSTALGIA","is_daily":false,"chose_seed":false,"campfire_upgraded":6,"win_rate":0.0,"timestamp":1608819971,"path_taken":["M","?","M","?","M","R","M","?","T","$","R","M","R","E","R","BOSS","M","?","M","M","?","R","?","?","T","R","M","M","M","?","R","BOSS","M","?","?","?","?","R","E","M","T","M","E","?","M","?","R","BOSS","R","$","E","BOSS"],"items_purchased_type":["Card","Relic","Relic","Relic","Relic","Relic","Relic","Potion","Card","Card","Card","Relic"],"build_version":"2020-12-22","purchased_purges":0,"victory":true,"max_hp_per_floor":[70,70,70,70,70,70,70,70,70,70,70,70,70,70,70,70,70,70,70,70,70,70,70,70,70,70,70,70,70,70,70,70,70,70,70,70,70,70,70,70,70,70,70,70,70,70,70,70,70,70,70,70,70,84,84],"card_choices":[{"not_picked":["AT_WomanClash","Prepared"],"picked":"Draining Mist","floor":1.0},{"not_picked":["Skewer","Bane"],"picked":"AT_Desolate","floor":3.0},{"not_picked":["Dagger Spray","Outmaneuver"],"picked":"AT_ShadowStep","floor":5.0},{"not_picked":["Quick Slash","Terror"],"picked":"Bane","floor":7.0},{"not_picked":["Outmaneuver","Calculated Gamble"],"picked":"AT_WindFlip","floor":8.0},{"not_picked":["Deflect","Accuracy"],"picked":"Hidden Blade","floor":12.0},{"not_picked":["PiercingWail","Finisher"],"picked":"Flying Knee","floor":14.0},{"not_picked":["Burst","Die Die Die"],"picked":"ReplayTheSpireMod:Necrosis","floor":16.0},{"not_picked":["Terror","Acrobatics"],"picked":"Draining Mist+1","floor":18.0},{"not_picked":["Flying Knee","AT_WindFlip"],"picked":"Terror+1","floor":20.0},{"not_picked":["Sneak Up","AT_WindFlip"],"picked":"Dagger Spray+1","floor":21.0},{"not_picked":["Sucker Punch+1","Poisoned Stab"],"picked":"PiercingWail","floor":24.0},{"not_picked":["Deadly Poison","Leg Sweep+1"],"picked":"Dodge and Roll+1","floor":28.0},{"not_picked":["PiercingWail","Acrobatics+1"],"picked":"After Image","floor":29.0},{"not_picked":["Bane","Deadly Poison"],"picked":"Slice","floor":30.0},{"not_picked":["Prepared","Outmaneuver"],"picked":"Bouncing Flask+1","floor":31.0},{"not_picked":["After Image","Glass Knife"],"picked":"Adrenaline","floor":33.0},{"not_picked":["Dodge and Roll+1","Bane+1"],"picked":"Prepared","floor":35.0},{"not_picked":["Slice+1","Deflect"],"picked":"ReplayTheSpireMod:Scrap Shanks","floor":36.0},{"not_picked":["Sneak Up+1","Riddle With Holes"],"picked":"Concentrate","floor":36.0},{"not_picked":["Flying Knee+1","Quick Slash+1"],"picked":"Dagger Throw","floor":37.0},{"not_picked":["Finisher+1","Cloak And Dagger"],"picked":"Backflip+1","floor":38.0},{"not_picked":["Heel Hook","Bane+1"],"picked":"AT_WindRun+1","floor":39.0},{"not_picked":["Tactician","Endless Agony"],"picked":"Sucker Punch+1","floor":41.0},{"not_picked":["AT_ShadowStep","Dodge and Roll+1"],"picked":"Infinite Blades+1","floor":42.0},{"not_picked":["Caltrops","Dagger Throw"],"picked":"Cloak And Dagger+1","floor":44.0},{"not_picked":["Setup","Cloak And Dagger+1"],"picked":"Night Terror","floor":45.0},{"not_picked":["AT_FamilyPortrait","HandOfGreed"],"picked":"Panache","floor":46.0},{"not_picked":["AT_PowerWithin","Swift Strike"],"picked":"Replay:BasicMightCard","floor":46.0},{"not_picked":["Panacea","Impatience"],"picked":"Replay:Parry","floor":46.0},{"not_picked":["Choke","PiercingWail"],"picked":"Acrobatics+1","floor":47.0},{"not_picked":["Dagger Spray+1","Outmaneuver"],"picked":"Flying Knee","floor":54}],"player_experience":304444,"relics_obtained":[{"floor":9.0,"key":"Du-Vu Doll"},{"floor":14.0,"key":"Toy Ornithopter"},{"floor":19.0,"key":"aspiration:Stabinomicon"},{"floor":31.0,"key":"Thread and Needle"},{"floor":31.0,"key":"Kunai"},{"floor":36.0,"key":"AT_MibuBalloonWealth"},{"floor":38.0,"key":"AT_RabadonDeathcap"},{"floor":39.0,"key":"Old Coin"},{"floor":41.0,"key":"AT_DeathDance"},{"floor":43.0,"key":"PreservedInsect"},{"floor":45.0,"key":"AT_GuinsooRageblade"},{"floor":54,"key":"Mango"}],"event_choices":[{"damage_healed":0.0,"max_hp_gain":0.0,"max_hp_loss":0.0,"gold_gain":0.0,"cards_transformed":["Defend_G"],"event_name":"Transmorgrifier","player_choice":"Transformed","floor":4.0,"gold_loss":0.0,"damage_taken":0.0,"cards_obtained":["AT_TinkerSharpsword"]},{"damage_healed":0.0,"max_hp_gain":0.0,"max_hp_loss":0.0,"gold_gain":0.0,"event_name":"Cursed Tome","player_choice":"Obtained Book","floor":19.0,"gold_loss":0.0,"damage_taken":16.0},{"damage_healed":0.0,"max_hp_gain":0.0,"max_hp_loss":0.0,"gold_gain":0.0,"event_name":"Upgrade Shrine","player_choice":"Upgraded","floor":22.0,"gold_loss":0.0,"damage_taken":0.0,"cards_upgraded":["ReplayTheSpireMod:Necrosis"]},{"damage_healed":0.0,"max_hp_gain":0.0,"max_hp_loss":0.0,"gold_gain":0.0,"event_name":"Back to Basics","player_choice":"Simplicity","floor":25.0,"gold_loss":0.0,"damage_taken":0.0,"cards_upgraded":["Strike_G","Strike_G","Strike_G","Strike_G","Strike_G","Defend_G","Defend_G","Defend_G","Defend_G"]},{"damage_healed":0.0,"max_hp_gain":0.0,"max_hp_loss":0.0,"gold_gain":0.0,"event_name":"Colosseum","player_choice":"Fight","floor":31.0,"gold_loss":0.0,"damage_taken":0.0},{"damage_healed":0.0,"max_hp_gain":0.0,"max_hp_loss":0.0,"gold_gain":0.0,"event_name":"Colosseum","player_choice":"Fought Nobs","floor":31.0,"gold_loss":0.0,"damage_taken":0.0},{"damage_healed":0.0,"max_hp_gain":0.0,"max_hp_loss":0.0,"gold_gain":0.0,"event_name":"Mysterious Sphere","player_choice":"Fight","floor":38.0,"gold_loss":0.0,"damage_taken":0.0},{"damage_healed":0.0,"max_hp_gain":0.0,"max_hp_loss":0.0,"gold_gain":0.0,"event_name":"MindBloom","player_choice":"Fight","floor":39.0,"gold_loss":0.0,"damage_taken":0.0},{"damage_healed":18.0,"max_hp_gain":0.0,"max_hp_loss":0.0,"gold_gain":0.0,"event_name":"Winding Halls","player_choice":"Writhe","floor":48.0,"gold_loss":0.0,"damage_taken":0.0,"cards_obtained":["Writhe"]}],"is_beta":false,"boss_relics":[{"not_picked":["SlaversCollar","aspiration:RitualDagger"],"picked":"aspiration:FutureDiary"},{"not_picked":["Runic Pyramid","WristBlade"],"picked":"ChewingGum"}],"items_purged_floors":[],"is_endless":false,"potions_floor_spawned":[1,3,14,18,20,21,31,33,35,37,38,45],"ascension_level":4}}