{"host":"4nqeo0vu1vuav7gg","time":1608821559,"event":{"mods":["AchievementEnabler","BaseMod","Block Reminder","Colored Map","Colored Powertips","Highlight Path","Minty Spire (QoL Compilation)","Quick Restart","Rare Cards Sparkle","Relic Relevance Reorder","StSLib"],"gold_per_floor":[110,110,35,55,55,83,97,110,110,138,138,153,153,170,170,241,241,259,270,7,7,26,26,26],"floor_reached":23,"playtime":778,"items_purged":["Strike_B","Strike_B"],"score":500,"play_id":"e6ce3de8-8bfb-40bf-83b3-1250ed3bd651","local_time":"20201224155239","is_ascension_mode":true,"campfire_choices":[{"data":"Rainbow","floor":11.0,"key":"SMITH"},{"floor":13.0,"key":"REST"},{"data":"Defragment","floor":15.0,"key":"SMITH"}],"circlet_count":0,"master_deck":["AscendersBane","Strike_B","Strike_B","Defend_B","Defend_B","Defend_B","Defend_B","Zap","Dualcast","Defragment+1","Storm","Streamline+1","Defragment","Rainbow+1","Barrage+1","Loop","Hyperbeam+1","Turbo","Barrage+1","Go for the Eyes+1","Self Repair","Conserve Battery","Double Energy"],"relics":["Cracked Core","Busted Crown","NeowsBlessing","Bag of Preparation","Molten Egg 2","Regal Pillow"],"acts_visited":["Exordium","TheCity"],"potions_floor_usage":[23],"damage_taken":[{"damage":0.0,"enemies":"2 Louse","floor":1.0,"turns":1.0},{"damage":0.0,"enemies":"Jaw Worm","floor":4.0,"turns":1.0},{"damage":0.0,"enemies":"Gremlin Nob","floor":6.0,"turns":1.0},{"damage":0.0,"enemies":"Cultist","floor":7.0,"turns":4.0},{"damage":7.0,"enemies":"Looter","floor":8.0,"turns":3.0},{"damage":35.0,"enemies":"3 Sentries","floor":10.0,"turns":6.0},{"damage":20.0,"enemies":"Exordium Thugs","floor":12.0,"turns":4.0},{"damage":15.0,"enemies":"Gremlin Gang","floor":14.0,"turns":3.0},{"damage":0.0,"enemies":"Slime Boss","floor":16.0,"turns":7.0},{"damage":7.0,"enemies":"Chosen","floor":18.0,"turns":4.0},{"damage":26.0,"enemies":"2 Thieves","floor":19.0,"turns":4.0},{"damage":9.0,"enemies":"Snecko","floor":22.0,"turns":4.0},{"damage":45,"enemies":"Slavers","floor":23,"turns":3}],"seed_played":"-5767124556104495892","potions_obtained":[{"floor":4.0,"key":"Regen Potion"},{"floor":10.0,"key":"EssenceOfDarkness"},{"floor":12.0,"key":"Dexterity Potion"},{"floor":14.0,"key":"Swift Potion"},{"floor":19.0,"key":"LiquidBronze"}],"is_trial":false,"path_per_floor":["M","?","$","M","?","E","M","M","T","E","R","M","R","M","R","B",null,"M","M","$","?","M","E"],"character_chosen":"DEFECT","items_purchased":["Go for the Eyes+1","Self Repair","Conserve Battery"],"campfire_rested":1,"item_purchase_floors":[20,20,20],"current_hp_per_floor":[64,64,64,64,64,64,64,66,66,31,31,11,47,32,32,32,61,54,28,28,42,40,0,0],"gold":26,"neow_bonus":"THREE_ENEMY_KILL","is_daily":false,"chose_seed":false,"campfire_upgraded":2,"win_rate":0.0,"timestamp":1608821559,"path_taken":["M","?","$","M","?","E","M","M","T","E","R","?","R","M","R","BOSS","M","M","$","?","M","E"],"items_purchased_type":["Card","Card","Card"],"build_version":"2020-12-22","purchased_purges":2,"victory":false,"max_hp_per_floor":[71,71,71,71,71,71,71,71,71,71,71,71,71,71,71,71,71,71,71,71,71,71,71,71],"card_choices":[{"not_picked":["Gash","Cold Snap"],"picked":"Defragment","floor":1.0},{"not_picked":["Beam Cell","Leap"],"picked":"Rebound","floor":4.0},{"not_picked":["Lockon+1","Redo"],"picked":"Storm","floor":6.0},{"not_picked":["Beam Cell+1","FTL+1"],"picked":"Streamline+1","floor":7.0},{"not_picked":["Stack","Reboot"],"picked":"Defragment","floor":8.0},{"not_picked":["Reinforced Body","Darkness"],"picked":"Rainbow","floor":10.0},{"not_picked":["Turbo","Darkness"],"picked":"Barrage+1","floor":12.0},{"not_picked":["Gash+1","Hello World"],"picked":"Loop","floor":14.0},{"not_picked":["Core Surge+1","All For One+1"],"picked":"Hyperbeam+1","floor":16.0},{"not_picked":[],"picked":"Turbo","floor":18.0},{"not_picked":[],"picked":"Barrage+1","floor":19.0},{"not_picked":["Double Energy"],"picked":"SKIP","floor":22.0},{"not_picked":[],"picked":"Double Energy","floor":22.0}],"player_experience":997821,"relics_obtained":[{"floor":6.0,"key":"Molten Egg 2"},{"floor":10.0,"key":"Regal Pillow"}],"event_choices":[{"damage_healed":0.0,"max_hp_gain":0.0,"max_hp_loss":0.0,"gold_gain":0.0,"event_name":"Shining Light","player_choice":"Ignored","floor":2.0,"gold_loss":0.0,"damage_taken":0.0},{"cards_removed":["Rebound"],"damage_healed":0.0,"max_hp_gain":0.0,"max_hp_loss":0.0,"gold_gain":0.0,"event_name":"WeMeetAgain","player_choice":"Gave Card","floor":5.0,"gold_loss":0.0,"damage_taken":0.0,"relics_obtained":["Bag of Preparation"]},{"damage_healed":14.0,"max_hp_gain":0.0,"max_hp_loss":0.0,"gold_gain":0.0,"event_name":"The Library","player_choice":"Heal","floor":21.0,"gold_loss":0.0,"damage_taken":0.0}],"is_beta":false,"boss_relics":[{"not_picked":["Coffee Dripper","Ectoplasm"],"picked":"Busted Crown"}],"items_purged_floors":[3,20],"is_endless":false,"potions_floor_spawned":[4,10,12,14,19],"killed_by":"Slavers","ascension_level":16}}