{"host":"cwd5s03r1oaxs6mx","time":1608820411,"event":{"mods":["Act Like it!","BaseMod","Better Third Choice","BetterRewards","CapriCore","Card Filter","Colored Map","Custom Start","DeckTracker","Friendly Minions","Hubris","Infinite Spire","Minty Spire (QoL Compilation)","Quick Restart","Relic Stats","Shop Mod","Spicy Shops","StSLib","SuperFastMode","The Gatherer"],"gold_per_floor":[109,128,128,147,163,163,196,196,274,309,309,321,321,337,337,440,440,455,455,420,520,536,536,562,562,562,576,606,485,498,360,360,463,513,530,389,389,293,293,327,327,352,432,432,448,31,31,31],"floor_reached":47,"playtime":2355,"items_purged":["Shame","Strike_P","LessonLearned+1","Madness"],"score":1013,"play_id":"28b81f14-4082-4b21-ba13-b41a3f7cd9c2","local_time":"20201224233331","is_ascension_mode":true,"campfire_choices":[{"data":"Apotheosis","floor":6,"key":"SMITH"},{"data":"MentalFortress","floor":8,"key":"SMITH"},{"floor":11,"key":"REST"},{"floor":15,"key":"REST"},{"data":"BattleHymn","floor":23,"key":"SMITH"},{"data":"Ragnarok","floor":25,"key":"SMITH"},{"data":"TalkToTheHand","floor":32,"key":"SMITH"},{"floor":41,"key":"REST"},{"floor":44,"key":"RECALL"}],"circlet_count":0,"master_deck":["Eruption+1","Vigilance+1","MentalFortress+1","InnerPeace+1","Meditate+1","DeceiveReality+1","Apotheosis+1","Wireheading+1","Tantrum+1","Ragnarok+1","BattleHymn+1","Tantrum+1","TalkToTheHand+1","ClearTheMind","Good Instincts","Protect+1","DeusExMachina","TalkToTheHand+1","Study","Deep Breath","Madness","Ragnarok","Adaptation","Scrawl","Trip"],"relics":["PureWater","Membership Card","Bag of Marbles","Calipers","hubris:TerracottaHorce","infinitespire:Satchel","infinitespire:Joker Card","hubris:MedicalManual","infinitespire:Bottled Soul","Blood Vial","Tiny House","DollysMirror","hubris:Towel","infinitespire:CheckeredPen","Nunchaku","infinitespire:WardingShard","infinitespire:BottledMercury","Lantern"],"acts_visited":["Exordium","TheCity","TheBeyond"],"potions_floor_usage":[],"damage_taken":[{"damage":0,"enemies":"Cultist","floor":1,"turns":5},{"damage":0,"enemies":"Small Slimes","floor":2,"turns":3},{"damage":1,"enemies":"2 Louse","floor":4,"turns":3},{"damage":2,"enemies":"Exordium Thugs","floor":5,"turns":4},{"damage":9,"enemies":"3 Sentries","floor":7,"turns":6},{"damage":22,"enemies":"Gremlin Nob","floor":10,"turns":3},{"damage":4,"enemies":"Red Slaver","floor":12,"turns":4},{"damage":10,"enemies":"Large Slime","floor":14,"turns":3},{"damage":28,"enemies":"Slime Boss","floor":16,"turns":8},{"damage":0,"enemies":"Shell Parasite","floor":18,"turns":2},{"damage":0,"enemies":"Spheric Guardian","floor":22,"turns":2},{"damage":36,"enemies":"Gremlin Leader","floor":24,"turns":6},{"damage":5,"enemies":"Snake Plant","floor":27,"turns":3},{"damage":0,"enemies":"Slavers","floor":28,"turns":4},{"damage":0,"enemies":"Centurion and Healer","floor":30,"turns":3},{"damage":0,"enemies":"Automaton","floor":33,"turns":6},{"damage":0,"enemies":"3 Darklings","floor":35,"turns":3},{"damage":47,"enemies":"Nemesis","floor":40,"turns":5},{"damage":0,"enemies":"Giant Head","floor":42,"turns":5},{"damage":3,"enemies":"Orb Walker","floor":45,"turns":3},{"damage":41,"enemies":"Nightmare","floor":47,"turns":2}],"seed_played":"-8817131301246839980","potions_obtained":[{"floor":4,"key":"DistilledChaos"},{"floor":7,"key":"GamblersBrew"},{"floor":10,"key":"Regen Potion"},{"floor":34,"key":"Ambrosia"}],"is_trial":false,"path_per_floor":["M","M","?","M","M","R","E","R","T","E","R","M","?","M","R","B",null,"M","?","$","?","M","R","E","R","T","M","E","$","M","$","R","B",null,"M","$","?","$","?","E","R","E","T","R","M","$","NM"],"character_chosen":"WATCHER","items_purchased":["MentalFortress","Membership Card","InnerPeace","Meditate","DeceiveReality","Apotheosis","Wireheading","LessonLearned","BattleHymn","infinitespire:Bottled Soul","Good Instincts","Blood Vial","Protect","DollysMirror","Study","Deep Breath","Adaptation","Scrawl","infinitespire:BottledMercury","Trip","Lantern"],"campfire_rested":3,"item_purchase_floors":[0,0,0,0,0,0,0,0,20,29,31,31,31,36,38,38,46,46,46,46,46],"current_hp_per_floor":[65,65,65,64,62,62,53,53,53,31,52,48,48,38,59,31,62,62,62,62,62,62,62,26,26,26,21,21,21,21,21,21,23,65,67,67,67,67,57,12,35,37,37,37,36,36,0,0],"gold":31,"neow_bonus":"","is_daily":false,"chose_seed":false,"campfire_upgraded":5,"win_rate":0.0,"timestamp":1608820411,"path_taken":["M","M","?","?","M","R","E","R","T","E","R","M","?","M","R","BOSS","M","?","$","?","M","R","E","R","T","M","E","$","?","?","R","BOSS","M","$","?","$","?","E","R","E","T","R","M","?","NM"],"items_purchased_type":["Card","Relic","Card","Card","Card","Card","Card","Card","Card","Relic","Card","Relic","Card","Relic","Card","Card","Card","Card","Relic","Card","Relic"],"build_version":"2020-12-22","purchased_purges":4,"victory":false,"max_hp_per_floor":[72,72,72,72,72,72,72,72,72,72,72,72,72,72,72,72,72,72,72,72,72,72,72,72,72,72,72,72,72,72,72,72,72,77,77,77,77,77,77,77,77,77,77,77,77,77,77,77],"relic_stats":{"Blood Vial":12,"Nunchaku":[0],"counters":[317,1311],"obtain_stats":[{"infinitespire:BottledMercury":40,"Ginger":43,"Bottled Tornado":23,"hubris:MysteriousPyramids":17,"Blood Vial":7,"infinitespire:ShieldingShard":0,"Sundial":13,"hubris:AstralHammer":44,"infinitespire:Golems Mask":6,"MealTicket":29,"Fusion Hammer":34,"HandDrill":53,"Kunai":9,"MerchantsRug":14,"Pen Nib":26,"Akabeko":24,"infinitespire:Lychee Nut":10,"MutagenicStrength":31,"Bird Faced Urn":10,"Snecko Eye":0,"hubris:TenFootPole":40,"StrikeDummy":25,"infinitespire:PuzzleCube":9,"infinitespire:Cupcake":17,"hubris:Reverence":14,"Lantern":26,"Regal Pillow":48,"Singing Bowl":8,"Torii":53,"Bag of Preparation":23,"hubris:EmptyBottle":53,"Smiling Mask":6,"Ancient Tea Set":39,"Matryoshka":11,"hubris:Backtick":17,"infinitespire:Bottled Soul":29,"hubris:ScarierMask":17,"hubris:CuriousFeather":11,"Chemical X":19,"infinitespire:Eraser":44,"InkBottle":14,"hubris:GlazedTorus":37,"Potion Belt":7,"Lee\u0027s Waffle":13,"NeowsBlessing":0,"Golden Idol":3,"hubris:64BitClover":9,"Damaru":0,"Thread and Needle":12,"The Courier":43,"infinitespire:Joker Card":26,"Omamori":48,"infinitespire:Lucky Rock":9,"infinitespire:CheckeredPen":40,"hubris:Towel":19,"Frozen Egg 2":0,"MawBank":6,"GoldenEye":0,"Ornamental Fan":8,"Turnip":45,"Art of War":9,"Bottled Lightning":54,"Toy Ornithopter":53,"hubris:BottledRain":8,"Calipers":37,"hubris:CrystalStatue":6,"Tiny House":34,"Gremlin Horn":54,"CeramicFish":9,"hubris:VirtuousBlindfold":17,"hubris:TerracottaHorce":17,"Sozu":17,"Centennial Puzzle":6,"HornCleat":7,"DollysMirror":53,"Strawberry":53,"VioletLotus":17,"Toxic Egg 2":5,"hubris:Teleporter":31,"hubris:DuctTape":9,"Happy Flower":48,"Oddly Smooth Stone":53,"infinitespire:Beetle Shell":7,"Letter Opener":46,"War Paint":6,"Question Card":47,"Shuriken":8,"hubris:PeanutButter":9,"Molten Egg 2":0,"Black Star":17,"Meat on the Bone":23,"Yang":54,"Mango":17,"Incense Burner":10,"hubris:SlimyHat":0,"TeardropLocket":20,"Empty Cage":34,"Nunchaku":42,"hubris:Icosahedron":12,"Mummified Hand":54,"Gambling Chip":0,"Pantograph":6,"Tiny Chest":10,"Red Mask":21,"Runic Pyramid":34,"infinitespire:FocusingShard":30,"hubris:MedicalManual":28,"Orichalcum":17,"Odd Mushroom":14,"Medical Kit":0,"Mercury Hourglass":38,"Calling Bell":17,"Cauldron":53,"Anchor":46,"CaptainsWheel":6,"infinitespire:WardingShard":9,"infinitespire:Satchel":12,"Bag of Marbles":41,"Membership Card":0,"PureWater":0,"hubris:Potato":0},{"infinitespire:BottledMercury":262,"Ginger":149,"Bottled Tornado":82,"hubris:MysteriousPyramids":210,"Blood Vial":22,"infinitespire:ShieldingShard":67,"Sundial":26,"hubris:AstralHammer":264,"infinitespire:Golems Mask":38,"MealTicket":141,"Fusion Hammer":260,"HandDrill":125,"Kunai":232,"MerchantsRug":166,"Pen Nib":32,"Akabeko":170,"infinitespire:Lychee Nut":74,"MutagenicStrength":114,"Bird Faced Urn":134,"Snecko Eye":159,"hubris:TenFootPole":119,"StrikeDummy":112,"infinitespire:PuzzleCube":237,"infinitespire:Cupcake":136,"hubris:Reverence":208,"Lantern":83,"Regal Pillow":124,"Singing Bowl":178,"Torii":226,"Bag of Preparation":187,"hubris:EmptyBottle":153,"Smiling Mask":64,"Ancient Tea Set":118,"Matryoshka":56,"hubris:Backtick":210,"infinitespire:Bottled Soul":310,"hubris:ScarierMask":107,"hubris:CuriousFeather":16,"Chemical X":168,"infinitespire:Eraser":150,"InkBottle":181,"hubris:GlazedTorus":118,"Potion Belt":4,"Lee\u0027s Waffle":75,"NeowsBlessing":0,"Golden Idol":13,"hubris:64BitClover":133,"Damaru":270,"Thread and Needle":275,"The Courier":222,"infinitespire:Joker Card":255,"Omamori":152,"infinitespire:Lucky Rock":39,"infinitespire:CheckeredPen":314,"hubris:Towel":28,"Frozen Egg 2":155,"MawBank":54,"GoldenEye":155,"Ornamental Fan":133,"Turnip":95,"Art of War":104,"Bottled Lightning":98,"Toy Ornithopter":153,"hubris:BottledRain":47,"Calipers":89,"hubris:CrystalStatue":177,"Tiny House":312,"Gremlin Horn":126,"CeramicFish":192,"hubris:VirtuousBlindfold":8,"hubris:TerracottaHorce":27,"Sozu":278,"Centennial Puzzle":231,"HornCleat":246,"DollysMirror":268,"Strawberry":226,"VioletLotus":77,"Toxic Egg 2":3,"hubris:Teleporter":217,"hubris:DuctTape":73,"Happy Flower":267,"Oddly Smooth Stone":97,"infinitespire:Beetle Shell":104,"Letter Opener":224,"War Paint":73,"Question Card":96,"Shuriken":206,"hubris:PeanutButter":163,"Molten Egg 2":188,"Black Star":197,"Meat on the Bone":31,"Yang":154,"Mango":167,"Incense Burner":5,"hubris:SlimyHat":17,"TeardropLocket":279,"Empty Cage":115,"Nunchaku":315,"hubris:Icosahedron":105,"Mummified Hand":227,"Gambling Chip":67,"Pantograph":132,"Tiny Chest":247,"Red Mask":186,"Runic Pyramid":86,"infinitespire:FocusingShard":142,"hubris:MedicalManual":310,"Orichalcum":167,"Odd Mushroom":196,"Medical Kit":127,"Mercury Hourglass":221,"Calling Bell":167,"Cauldron":125,"Anchor":122,"CaptainsWheel":163,"infinitespire:WardingShard":4,"infinitespire:Satchel":166,"Bag of Marbles":148,"Membership Card":17,"PureWater":0,"hubris:Potato":155},{"infinitespire:BottledMercury":1064,"Ginger":584,"Bottled Tornado":312,"hubris:MysteriousPyramids":831,"Blood Vial":96,"infinitespire:ShieldingShard":267,"Sundial":106,"hubris:AstralHammer":1072,"infinitespire:Golems Mask":150,"MealTicket":558,"Fusion Hammer":1055,"HandDrill":500,"Kunai":932,"MerchantsRug":652,"Pen Nib":126,"Akabeko":677,"infinitespire:Lychee Nut":288,"MutagenicStrength":440,"Bird Faced Urn":531,"Snecko Eye":628,"hubris:TenFootPole":472,"StrikeDummy":434,"infinitespire:PuzzleCube":951,"infinitespire:Cupcake":541,"hubris:Reverence":816,"Lantern":316,"Regal Pillow":493,"Singing Bowl":707,"Torii":899,"Bag of Preparation":750,"hubris:EmptyBottle":603,"Smiling Mask":257,"Ancient Tea Set":468,"Matryoshka":218,"hubris:Backtick":831,"infinitespire:Bottled Soul":1284,"hubris:ScarierMask":412,"hubris:CuriousFeather":82,"Chemical X":665,"infinitespire:Eraser":587,"InkBottle":719,"hubris:GlazedTorus":468,"Potion Belt":10,"Lee\u0027s Waffle":290,"NeowsBlessing":0,"Golden Idol":61,"hubris:64BitClover":529,"Damaru":1106,"Thread and Needle":1120,"The Courier":877,"infinitespire:Joker Card":1033,"Omamori":596,"infinitespire:Lucky Rock":153,"infinitespire:CheckeredPen":1301,"hubris:Towel":112,"Frozen Egg 2":615,"MawBank":209,"GoldenEye":615,"Ornamental Fan":529,"Turnip":369,"Art of War":396,"Bottled Lightning":377,"Toy Ornithopter":603,"hubris:BottledRain":181,"Calipers":339,"hubris:CrystalStatue":701,"Tiny House":1293,"Gremlin Horn":503,"CeramicFish":761,"hubris:VirtuousBlindfold":33,"hubris:TerracottaHorce":111,"Sozu":1134,"Centennial Puzzle":929,"HornCleat":997,"DollysMirror":1095,"Strawberry":899,"VioletLotus":298,"Toxic Egg 2":4,"hubris:Teleporter":854,"hubris:DuctTape":283,"Happy Flower":1085,"Oddly Smooth Stone":376,"infinitespire:Beetle Shell":396,"Letter Opener":883,"War Paint":283,"Question Card":372,"Shuriken":811,"hubris:PeanutButter":642,"Molten Egg 2":751,"Black Star":782,"Meat on the Bone":122,"Yang":607,"Mango":660,"Incense Burner":20,"hubris:SlimyHat":83,"TeardropLocket":1139,"Empty Cage":447,"Nunchaku":1306,"hubris:Icosahedron":400,"Mummified Hand":906,"Gambling Chip":267,"Pantograph":525,"Tiny Chest":1000,"Red Mask":746,"Runic Pyramid":328,"infinitespire:FocusingShard":563,"hubris:MedicalManual":1284,"Orichalcum":660,"Odd Mushroom":773,"Medical Kit":512,"Mercury Hourglass":870,"Calling Bell":660,"Cauldron":500,"Anchor":485,"CaptainsWheel":642,"infinitespire:WardingShard":10,"infinitespire:Satchel":652,"Bag of Marbles":581,"Membership Card":83,"PureWater":0,"hubris:Potato":615}]},"card_choices":[{"not_picked":["ForeignInfluence","Protect"],"picked":"Tantrum","floor":1},{"not_picked":["Prostrate","CutThroughFate","WreathOfFlame"],"picked":"SKIP","floor":2},{"not_picked":["Protect","EmptyFist","CrushJoints"],"picked":"SKIP","floor":4},{"not_picked":["JustLucky","FollowUp","ReachHeaven"],"picked":"SKIP","floor":5},{"not_picked":["Wallop","ReachHeaven","Vengeance"],"picked":"SKIP","floor":7},{"not_picked":["Halt","Weave","Protect"],"picked":"SKIP","floor":10},{"not_picked":["SashWhip","Halt","JustLucky"],"picked":"SKIP","floor":12},{"not_picked":["BattleHymn","FlurryOfBlows","Perseverance"],"picked":"SKIP","floor":14},{"not_picked":["Devotion","DeusExMachina"],"picked":"Ragnarok","floor":16},{"not_picked":["FlyingSleeves","Vengeance","Crescendo"],"picked":"SKIP","floor":18},{"not_picked":["PathToVictory","Collect","Pray"],"picked":"SKIP","floor":22},{"not_picked":["Perseverance+1","Brilliance"],"picked":"Tantrum","floor":24},{"not_picked":["WindmillStrike","ThirdEye"],"picked":"TalkToTheHand","floor":27},{"not_picked":["Wish","PathToVictory+1","Fasting2+1"],"picked":"SKIP","floor":28},{"not_picked":["BowlingBash","FollowUp+1"],"picked":"ClearTheMind","floor":30},{"not_picked":["Establishment","Ragnarok"],"picked":"DeusExMachina","floor":33},{"not_picked":["CarveReality","Halt+1","Wallop"],"picked":"SKIP","floor":35},{"not_picked":["Vengeance+1","CrushJoints+1"],"picked":"Ragnarok","floor":40},{"not_picked":["ThirdEye","SashWhip","Prostrate+1"],"picked":"SKIP","floor":42},{"not_picked":["FlyingSleeves","BowlingBash+1","EmptyFist"],"picked":"SKIP","floor":45}],"player_experience":953735,"relics_obtained":[{"floor":7,"key":"Bag of Marbles"},{"floor":10,"key":"Calipers"},{"floor":24,"key":"infinitespire:Satchel"},{"floor":26,"key":"infinitespire:Joker Card"},{"floor":28,"key":"hubris:MedicalManual"},{"floor":40,"key":"infinitespire:CheckeredPen"},{"floor":42,"key":"Nunchaku"},{"floor":43,"key":"infinitespire:WardingShard"}],"event_choices":[{"cards_removed":["Strike_P"],"damage_healed":0,"gold_gain":0,"player_choice":"Offered Basic","damage_taken":0,"max_hp_gain":0,"max_hp_loss":0,"event_name":"Bonfire Elementals","floor":3,"gold_loss":0},{"cards_removed":["Defend_P"],"damage_healed":0,"gold_gain":0,"player_choice":"Forget","damage_taken":0,"max_hp_gain":0,"max_hp_loss":0,"event_name":"Living Wall","floor":13,"gold_loss":0},{"damage_healed":0,"gold_gain":0,"player_choice":"Materialism","damage_taken":0,"max_hp_gain":0,"max_hp_loss":5,"event_name":"betterThird:BetterWriting","floor":19,"gold_loss":0},{"damage_healed":0,"gold_gain":100,"player_choice":"Pray","damage_taken":0,"max_hp_gain":0,"max_hp_loss":0,"event_name":"Golden Shrine","floor":21,"gold_loss":0},{"damage_healed":0,"gold_gain":0,"player_choice":"Embrace Madness","damage_taken":10,"max_hp_gain":0,"max_hp_loss":0,"event_name":"Winding Halls","floor":39,"gold_loss":0,"cards_obtained":["Madness","Madness"]}],"is_beta":false,"boss_relics":[{"not_picked":["hubris:BlackHole","hubris:Backtick"],"picked":"hubris:TerracottaHorce"},{"not_picked":["Calling Bell","Philosopher\u0027s Stone"],"picked":"Tiny House"}],"items_purged_floors":[0,0,36,46],"is_endless":false,"potions_floor_spawned":[4,7,10,18,28,30,35,45],"killed_by":"Nightmare","ascension_level":6}}