{"host":"x4x6fw95e6eqd4n0","time":1608799223,"event":{"mods":["AchievementEnabler","BaseMod","Colored Map","Colored Powertips","DeckTracker","Minty Spire (QoL Compilation)"],"gold_per_floor":[113,129,149,160,160,160,170,170,170,170,185,219,229,257,257,257,257],"floor_reached":16,"playtime":702,"items_purged":[],"score":120,"play_id":"e2a73db1-2491-4aba-8a16-a4d8284892be","local_time":"20201224104023","is_ascension_mode":true,"campfire_choices":[{"floor":6,"key":"REST"},{"data":"Fusion","floor":8,"key":"SMITH"},{"floor":15,"key":"REST"}],"circlet_count":0,"master_deck":["Strike_B","Strike_B","Defend_B","Defend_B","Defend_B","Defend_B","Zap","Dualcast","Fusion+1","Skim","Self Repair+1","Melter","Reboot","Ball Lightning","Fission","Hello World","Static Discharge"],"relics":["Cracked Core","Question Card","Mummified Hand","Gremlin Horn"],"acts_visited":["Exordium"],"potions_floor_usage":[7,11,14,16],"damage_taken":[{"damage":1,"enemies":"Cultist","floor":1,"turns":3},{"damage":0,"enemies":"Small Slimes","floor":2,"turns":4},{"damage":3,"enemies":"2 Louse","floor":3,"turns":3},{"damage":60,"enemies":"Exordium Thugs","floor":4,"turns":8},{"damage":1,"enemies":"Lots of Slimes","floor":7,"turns":4},{"damage":5,"enemies":"Looter","floor":11,"turns":4},{"damage":16,"enemies":"Lagavulin","floor":12,"turns":7},{"damage":9,"enemies":"Blue Slaver","floor":13,"turns":4},{"damage":14,"enemies":"Gremlin Nob","floor":14,"turns":4},{"damage":46,"enemies":"Slime Boss","floor":16,"turns":5}],"seed_played":"-4126682487623691068","potions_obtained":[{"floor":3,"key":"CultistPotion"},{"floor":4,"key":"DistilledChaos"},{"floor":11,"key":"Block Potion"},{"floor":12,"key":"SneckoOil"}],"is_trial":false,"path_per_floor":["M","M","M","M","?","R","M","R","T","?","M","E","M","E","R","B"],"character_chosen":"DEFECT","items_purchased":[],"campfire_rested":2,"item_purchase_floors":[],"current_hp_per_floor":[67,67,64,11,11,31,37,37,37,37,42,36,27,23,43,0,0],"gold":257,"neow_bonus":"REMOVE_TWO","is_daily":false,"chose_seed":false,"campfire_upgraded":1,"win_rate":0.0,"timestamp":1608799223,"path_taken":["M","M","M","?","?","R","M","R","T","?","M","E","M","E","R","BOSS"],"items_purchased_type":[],"build_version":"2020-12-13","purchased_purges":0,"victory":false,"max_hp_per_floor":[68,68,68,68,68,68,68,68,68,68,68,68,68,68,68,68,68],"card_choices":[{"not_picked":["Hologram","Compile Driver"],"picked":"Fusion","floor":1},{"not_picked":["Cold Snap","Gash"],"picked":"Skim","floor":2},{"not_picked":["Steam","Redo"],"picked":"Self Repair","floor":3},{"not_picked":["Beam Cell","Skim"],"picked":"Melter","floor":4},{"not_picked":["Consume","Go for the Eyes"],"picked":"Reboot","floor":7},{"not_picked":["Barrage","Rip and Tear","Rebound"],"picked":"Ball Lightning","floor":11},{"not_picked":["Barrage","Double Energy","Hyperbeam"],"picked":"Fission","floor":12},{"not_picked":["Steam","Go for the Eyes","Ball Lightning"],"picked":"Hello World","floor":13},{"not_picked":["Streamline","Turbo","Doom and Gloom"],"picked":"Static Discharge","floor":14}],"player_experience":71145,"relics_obtained":[{"floor":9,"key":"Question Card"},{"floor":12,"key":"Mummified Hand"},{"floor":14,"key":"Gremlin Horn"}],"event_choices":[{"damage_healed":0,"gold_gain":0,"player_choice":"Fled","damage_taken":0,"max_hp_gain":0,"max_hp_loss":0,"event_name":"Scrap Ooze","floor":5,"gold_loss":0},{"damage_healed":0,"gold_gain":0,"player_choice":"Grow","damage_taken":0,"max_hp_gain":0,"max_hp_loss":0,"event_name":"Living Wall","floor":10,"gold_loss":0,"cards_upgraded":["Self Repair"]}],"is_beta":false,"boss_relics":[],"items_purged_floors":[],"is_endless":false,"potions_floor_spawned":[3,4,11,12],"killed_by":"Slime Boss","ascension_level":1}}