{"host":"k0kjm4m87pwj4phr","time":1608814332,"event":{"mods":["ATMod(°¢èªMod)","BaseMod","Colored Map","Colored Powertips","Minty Spire (QoL Compilation)","Permanent Neow","Quick Restart","Relic Stats","Replay The Spire","StSLib","The Dragon Tamer"],"gold_per_floor":[159,234,234,33,43,43,77,77,128,142,167,180,212,237,237,316,316,334,334,284,309,23,23,23,23,23],"floor_reached":25,"playtime":850,"items_purged":["Pain","Writhe"],"score":434,"play_id":"d60c6a6e-2d85-4582-9001-d40caa8d9f1b","local_time":"20201224205212","is_ascension_mode":true,"campfire_choices":[{"data":"AT_FamilyPortrait","floor":6.0,"key":"SMITH"},{"data":"Echo Form","floor":8.0,"key":"SMITH"},{"floor":15,"key":"REST"},{"data":"Apotheosis","floor":23,"key":"SMITH"}],"circlet_count":1,"master_deck":["AscendersBane","Strike_B+1","Defend_B","Defend_B","Dualcast","AT_EmpoweredMortalDraw","Streamline+1","AT_FamilyPortrait+1","Echo Form+1","Gash","Pot Of Greed","Pot Of Greed","Turbo","Gash","Glacier","ReplayRNGCard","BasicCrystalCard+1","Apotheosis+1"],"relics":["Cracked Core","AT_ATBox","Tiny House","AT_MortalBlade","Circlet","Smiling Mask","Grinning Jar","Replay:Baseball","Nloth\u0027s Gift"],"acts_visited":["Exordium","TheCity"],"potions_floor_usage":[13,14,16],"damage_taken":[{"damage":7.0,"enemies":"Jaw Worm","floor":1.0,"turns":2.0},{"damage":6.0,"enemies":"2 Louse","floor":5.0,"turns":2.0},{"damage":20.0,"enemies":"Lagavulin","floor":7.0,"turns":3.0},{"damage":0.0,"enemies":"Cultist","floor":10.0,"turns":2.0},{"damage":9.0,"enemies":"Gremlin Nob","floor":11.0,"turns":3.0},{"damage":9.0,"enemies":"3 Louse","floor":12.0,"turns":2.0},{"damage":1,"enemies":"Looter","floor":13,"turns":2},{"damage":10,"enemies":"Lagavulin","floor":14,"turns":4},{"damage":18,"enemies":"The Guardian","floor":16,"turns":8},{"damage":28,"enemies":"Shell Parasite","floor":18,"turns":4},{"damage":51,"enemies":"Book of Stabbing","floor":25,"turns":5}],"seed_played":"-3205852483028629939","potions_obtained":[{"floor":0.0,"key":"FearPotion"},{"floor":1.0,"key":"FearPotion"},{"floor":7.0,"key":"PowerPotion"},{"floor":14,"key":"Weak Potion"}],"is_trial":false,"path_per_floor":["M","?","?","$","M","R","E","R","T","M","E","M","M","E","R","B",null,"M","?","$","T","$","R","?","E"],"character_chosen":"DEFECT","items_purchased":["AT_FamilyPortrait","BasicCrystalCard+1","Apotheosis"],"campfire_rested":1,"item_purchase_floors":[4,22,22],"current_hp_per_floor":[62,51,51,51,45,45,25,25,25,30,21,12,11,1,23,5,58,30,30,30,30,30,30,45,0,0],"gold":23,"neow_bonus":"DOUBLE_BOSS_RELIC","is_daily":false,"chose_seed":false,"campfire_upgraded":3,"win_rate":0.0,"timestamp":1608814332,"path_taken":["M","?","?","$","M","R","E","R","T","M","E","M","M","E","R","BOSS","M","?","$","?","$","R","?","E"],"items_purchased_type":["Card","Card","Card"],"build_version":"2020-12-22","purchased_purges":2,"victory":false,"max_hp_per_floor":[76,76,76,76,76,76,76,76,76,76,76,76,76,76,76,76,76,76,76,76,76,76,76,76,76,76],"relic_stats":{"counters":[11,37],"Nloth\u0027s Gift":0,"Smiling Mask":75,"obtain_stats":[{"BranchBurnRelic":8,"Replay:Baseball":14,"AT_ATBox":0,"Tiny House":0,"Dead Branch":7,"AT_MortalBlade":0,"Circlet":0,"Nloth\u0027s Gift":19,"Grinning Jar":11,"Kintsugi":17,"Cracked Core":0,"Smiling Mask":9},{"BranchBurnRelic":3,"Replay:Baseball":8,"AT_ATBox":0,"Tiny House":0,"Dead Branch":3,"AT_MortalBlade":0,"Circlet":0,"Nloth\u0027s Gift":10,"Grinning Jar":5,"Kintsugi":9,"Cracked Core":0,"Smiling Mask":3},{"BranchBurnRelic":7,"Replay:Baseball":20,"AT_ATBox":0,"Tiny House":0,"Dead Branch":7,"AT_MortalBlade":0,"Circlet":0,"Nloth\u0027s Gift":32,"Grinning Jar":12,"Kintsugi":28,"Cracked Core":0,"Smiling Mask":7}]},"card_choices":[{"not_picked":["Hello World","Darkness","FIFO Queue"],"picked":"SKIP","floor":1.0},{"not_picked":["AT_RobotInSpace","Conserve Battery","Stack"],"picked":"SKIP","floor":5.0},{"not_picked":["BasicCrystalCard","ReplayGash"],"picked":"Echo Form","floor":7.0},{"not_picked":["Capacitor","Melter"],"picked":"Gash","floor":10.0},{"not_picked":["Streamline","Undo","Sweeping Beam"],"picked":"SKIP","floor":11.0},{"not_picked":["Crystallizer","Rebound"],"picked":"Turbo","floor":12.0},{"not_picked":["Tempest","Chaos"],"picked":"Gash","floor":13},{"not_picked":["Compile Driver","Sunder"],"picked":"Glacier","floor":14},{"not_picked":["Core Surge","ReplayTheSpireMod:Omega Cannon"],"picked":"ReplayRNGCard","floor":16},{"not_picked":["ReplayTheSpireMod:Calculation Training","Cold Snap","Go for the Eyes"],"picked":"SKIP","floor":18}],"player_experience":433197,"relics_obtained":[{"floor":7.0,"key":"Dead Branch"},{"floor":9.0,"key":"Smiling Mask"},{"floor":11.0,"key":"Grinning Jar"},{"floor":14,"key":"Replay:Baseball"}],"event_choices":[{"damage_healed":0.0,"max_hp_gain":0.0,"max_hp_loss":0.0,"gold_gain":75.0,"event_name":"World of Goop","player_choice":"Gather Gold","floor":2.0,"gold_loss":0.0,"damage_taken":11.0},{"damage_healed":0,"gold_gain":0,"player_choice":"Traded Relic","damage_taken":0,"relics_obtained":["Nloth\u0027s Gift"],"max_hp_gain":0,"max_hp_loss":0,"event_name":"N\u0027loth","floor":19,"relics_lost":["Kintsugi"],"gold_loss":0},{"damage_healed":15,"gold_gain":0,"player_choice":"Heal","damage_taken":0,"max_hp_gain":0,"max_hp_loss":0,"event_name":"The Library","floor":24,"gold_loss":0}],"is_beta":false,"boss_relics":[{"not_picked":["Black Star","Calling Bell"],"picked":"Kintsugi"}],"items_purged_floors":[20,22],"is_endless":false,"potions_floor_spawned":[1,5,7,14],"killed_by":"Book of Stabbing","ascension_level":20}}