{"host":"o47f52ks9l6zljgg","time":1608839568,"event":{"mods":["Abigail Mod","BaseMod","Colored Map","Dota2Spire","Friendly Minions","Grow up Mod","Kiyohime（清姬）","Marisa（F雨　魔理沙）","Minty Spire (QoL Compilation)","Relic Stats","StSLib","SuperFastMode","Youmu（魂魄妖梦）","Yuyuko","【东方二次创作】八云紫mod"],"gold_per_floor":[117,20,39,39,39,39,39,39,39,39,73,148,148,162,162,291,291,304,4,18,18,18,58,72,72,99,139,153,53,178,199,199,327,327,352,377,377,400,500,541,609,642,687,687,718,736,774,136,136,136],"floor_reached":51,"playtime":1344,"items_purged":["KiyohimeMod:Defend","KiyohimeMod:Defend","KiyohimeMod:Defend"],"score":1244,"play_id":"25a86225-5f14-48cc-a686-d6be683d7d9b","local_time":"20201225045248","is_ascension_mode":true,"campfire_choices":[{"data":"KiyohimeMod:BeastOfBillows","floor":6.0,"key":"SMITH"},{"data":"KiyohimeMod:Berserker","floor":8.0,"key":"SMITH"},{"data":"KiyohimeMod:FlameKiss","floor":10.0,"key":"SMITH"},{"data":"KiyohimeMod:DragonVein","floor":13.0,"key":"SMITH"},{"data":"KiyohimeMod:DragonVein","floor":15.0,"key":"SMITH"},{"data":"KiyohimeMod:ImaginaryNumberMagecraft","floor":25,"key":"SMITH"},{"data":"KiyohimeMod:PrismaCosmos","floor":32,"key":"SMITH"},{"data":"KiyohimeMod:DragonVein","floor":49,"key":"SMITH"}],"circlet_count":0,"master_deck":["KiyohimeMod:Strike","KiyohimeMod:Strike","KiyohimeMod:Strike","KiyohimeMod:Defend","KiyohimeMod:Track","KiyohimeMod:FlameKiss+1","KiyohimeMod:CelestialInvertedMoon","KiyohimeMod:BeastOfBillows+1","KiyohimeMod:Berserker+1","KiyohimeMod:EatSoul","KiyohimeMod:DragonVein+1","KiyohimeMod:DragonVein+1","KiyohimeMod:ImaginaryNumberMagecraft+1","KiyohimeMod:Fragarach","KiyohimeMod:AgainstMagic","KiyohimeMod:Berserker","KiyohimeMod:DragonVein+1","KiyohimeMod:Berserker+1","KiyohimeMod:PrismaCosmos+1","KiyohimeMod:Berserker+1","KiyohimeMod:FacelessMoon","KiyohimeMod:HotSpringOfTheMoon+1","Madness+1","Madness+1","KiyohimeMod:DragonVein+1","KiyohimeMod:LimitedZeroOver+1"],"relics":["Philosopher\u0027s Stone","Golden Idol","Dota2Spire:Dagon","Bird Faced Urn","KiyohimeMod:TheBlackGrail","Turnip","Oddly Smooth Stone","White Beast Statue","KiyohimeMod:Divinity","KiyohimeMod:TerritoryCreation","Black Star","Juzu Bracelet","Singing Bowl","Boot","CatCart","Dota2Spire:DrumOfEndurance","Dota2Spire:ArcaneBoots","War Paint","Dota2Spire:BattleFury","Dota2Spire:MonkeyKingBar","Dota2Spire:CrimsonGuard","Bronze Scales","Dota2Spire:EyeOfSkadi","Dota2Spire:LotusOrb"],"acts_visited":["Exordium","TheCity","TheBeyond"],"potions_floor_usage":[33,41,50],"damage_taken":[{"damage":13.0,"enemies":"Jaw Worm","floor":1.0,"turns":4.0},{"damage":11.0,"enemies":"2 Louse","floor":3.0,"turns":2.0},{"damage":7.0,"enemies":"Gremlin Nob","floor":11.0,"turns":3.0},{"damage":0.0,"enemies":"Small Slimes","floor":14.0,"turns":3.0},{"damage":0.0,"enemies":"Slime Boss","floor":16.0,"turns":3.0},{"damage":1.0,"enemies":"Spheric Guardian","floor":18.0,"turns":2.0},{"damage":0.0,"enemies":"2 Thieves","floor":20.0,"turns":1.0},{"damage":17,"enemies":"Book of Stabbing","floor":23,"turns":2},{"damage":18,"enemies":"Centurion and Healer","floor":24,"turns":3},{"damage":10,"enemies":"Gremlin Leader","floor":27,"turns":3},{"damage":13,"enemies":"Snake Plant","floor":28,"turns":2},{"damage":34,"enemies":"Colosseum Slavers","floor":30,"turns":3},{"damage":3,"enemies":"Colosseum Nobs","floor":30,"turns":2},{"damage":9,"enemies":"Cultist and Chosen","floor":31,"turns":2},{"damage":15,"enemies":"Champ","floor":33,"turns":4},{"damage":21,"enemies":"3 Darklings","floor":35,"turns":2},{"damage":47,"enemies":"3 Shapes","floor":36,"turns":3},{"damage":20,"enemies":"Nemesis","floor":40,"turns":3},{"damage":16,"enemies":"Orin","floor":41,"turns":5},{"damage":22,"enemies":"Reptomancer","floor":42,"turns":3},{"damage":59,"enemies":"Nemesis","floor":45,"turns":4},{"damage":24,"enemies":"Spire Growth","floor":46,"turns":3},{"damage":17,"enemies":"Giant Head","floor":47,"turns":5},{"damage":60,"enemies":"Donu and Deca","floor":50,"turns":4}],"seed_played":"8354534771572669096","potions_obtained":[{"floor":1.0,"key":"Energy Potion"},{"floor":11.0,"key":"Weak Potion"},{"floor":20.0,"key":"FearPotion"},{"floor":31,"key":"AttackPotion"},{"floor":33,"key":"Fire Potion"},{"floor":40,"key":"Weak Potion"},{"floor":41,"key":"Fruit Juice"},{"floor":42,"key":"LiquidBronze"},{"floor":46,"key":"LiquidMemories"}],"is_trial":false,"path_per_floor":["M","$","M","?","?","R","?","R","T","R","E","?","R","M","R","B",null,"M","$","M","?","?","E","M","R","T","E","M","$","?","M","R","B",null,"M","M","?","T","?","E","?","E","T","?","E","M","E","$","R","B",null],"character_chosen":"Kiyohime","items_purchased":["KiyohimeMod:BeastOfBillows","KiyohimeMod:Berserker","Dota2Spire:EyeOfSkadi","Dota2Spire:LotusOrb"],"campfire_rested":0,"item_purchase_floors":[2,2,48,48],"current_hp_per_floor":[61,71,70,55,58,68,78,88,98,108,111,110,120,132,142,154,221,230,240,250,260,270,265,259,269,279,281,280,290,271,276,286,289,382,373,342,298,308,318,312,321,315,325,335,298,290,293,308,318,280],"gold":136,"neow_bonus":"BOSS_RELIC","is_daily":false,"chose_seed":false,"campfire_upgraded":8,"win_rate":0.0,"timestamp":1608839568,"path_taken":["M","$","M","?","?","R","?","R","T","R","E","?","R","M","R","BOSS","M","$","M","?","?","E","M","R","T","E","M","?","?","M","R","BOSS","M","M","?","?","?","E","?","E","T","?","E","M","E","$","R","BOSS"],"items_purchased_type":["Card","Card","Relic","Relic"],"build_version":"2020-12-22","purchased_purges":3,"victory":true,"max_hp_per_floor":[80,90,100,110,120,130,140,150,160,170,180,190,200,210,220,230,240,250,260,270,280,290,300,310,320,330,340,350,360,370,380,390,400,410,420,430,440,450,460,470,487,499,509,519,531,541,553,568,578,588],"relic_stats":{"Singing Bowl":8,"counters":[24,71],"Golden Idol":201,"Bird Faced Urn":[92],"Bronze Scales":[12],"Turnip":[4],"Black Star":4,"Juzu Bracelet":1,"War Paint":["KiyohimeMod:DragonVein","Madness"],"Boot":[1],"obtain_stats":[{"Singing Bowl":40,"Dota2Spire:DrumOfEndurance":42,"Juzu Bracelet":38,"Boot":40,"Dota2Spire:LotusOrb":48,"KiyohimeMod:FireDragon":0,"Dota2Spire:CrimsonGuard":47,"Dota2Spire:EyeOfSkadi":48,"Philosopher\u0027s Stone":0,"Dota2Spire:ArcaneBoots":42,"Golden Idol":4,"KiyohimeMod:TheBlackGrail":17,"Dota2Spire:Dagon":9,"Oddly Smooth Stone":26,"Dota2Spire:BattleFury":45,"War Paint":43,"White Beast Statue":27,"Bird Faced Urn":11,"Bronze Scales":47,"Turnip":23,"KiyohimeMod:Divinity":30,"KiyohimeMod:TerritoryCreation":30,"Black Star":34,"CatCart":41,"Dota2Spire:MonkeyKingBar":45},{"Singing Bowl":18,"Dota2Spire:DrumOfEndurance":20,"Juzu Bracelet":17,"Boot":18,"Dota2Spire:LotusOrb":23,"KiyohimeMod:FireDragon":0,"Dota2Spire:CrimsonGuard":23,"Dota2Spire:EyeOfSkadi":23,"Philosopher\u0027s Stone":0,"Dota2Spire:ArcaneBoots":20,"Golden Idol":2,"KiyohimeMod:TheBlackGrail":5,"Dota2Spire:Dagon":2,"Oddly Smooth Stone":9,"Dota2Spire:BattleFury":21,"War Paint":20,"White Beast Statue":10,"Bird Faced Urn":3,"Bronze Scales":23,"Turnip":8,"KiyohimeMod:Divinity":13,"KiyohimeMod:TerritoryCreation":13,"Black Star":15,"CatCart":19,"Dota2Spire:MonkeyKingBar":21},{"Singing Bowl":47,"Dota2Spire:DrumOfEndurance":55,"Juzu Bracelet":44,"Boot":47,"Dota2Spire:LotusOrb":67,"KiyohimeMod:FireDragon":0,"Dota2Spire:CrimsonGuard":67,"Dota2Spire:EyeOfSkadi":67,"Philosopher\u0027s Stone":0,"Dota2Spire:ArcaneBoots":55,"Golden Idol":6,"KiyohimeMod:TheBlackGrail":15,"Dota2Spire:Dagon":6,"Oddly Smooth Stone":23,"Dota2Spire:BattleFury":59,"War Paint":55,"White Beast Statue":26,"Bird Faced Urn":9,"Bronze Scales":67,"Turnip":20,"KiyohimeMod:Divinity":33,"KiyohimeMod:TerritoryCreation":33,"Black Star":39,"CatCart":52,"Dota2Spire:MonkeyKingBar":59}]},"card_choices":[{"not_picked":["KiyohimeMod:ImaginaryAround","KiyohimeMod:Berserker"],"picked":"KiyohimeMod:CelestialInvertedMoon","floor":1.0},{"not_picked":["KiyohimeMod:AgainstMagic","KiyohimeMod:AndSoTheShipConquers"],"picked":"KiyohimeMod:EatSoul","floor":3.0},{"not_picked":["KiyohimeMod:EatSoul","KiyohimeMod:RedBlackKey"],"picked":"KiyohimeMod:DragonVein","floor":11.0},{"not_picked":["KiyohimeMod:WaterTurn","KiyohimeMod:Preemptive"],"picked":"KiyohimeMod:DragonVein","floor":14.0},{"not_picked":["KiyohimeMod:Servant_Osakabehime","KiyohimeMod:FragmentsOf2030"],"picked":"KiyohimeMod:ImaginaryNumberMagecraft","floor":16.0},{"not_picked":["KiyohimeMod:EatSoul","KiyohimeMod:GreenBlackKey"],"picked":"KiyohimeMod:Fragarach","floor":18.0},{"not_picked":["KiyohimeMod:AndSoTheShipConquers","KiyohimeMod:SteelTraining+1"],"picked":"KiyohimeMod:AgainstMagic","floor":20.0},{"not_picked":["KiyohimeMod:BlueBlackKey+1","KiyohimeMod:BeastOfBillows","KiyohimeMod:RedBlackKey"],"picked":"SKIP","floor":23},{"not_picked":["KiyohimeMod:GreenBlackKey","KiyohimeMod:BeastOfBillows"],"picked":"KiyohimeMod:Berserker","floor":24},{"not_picked":["KiyohimeMod:AndSoTheShipConquers+1","KiyohimeMod:CelestialInvertedMoon"],"picked":"KiyohimeMod:DragonVein","floor":27},{"not_picked":["KiyohimeMod:BlueBlackKey","KiyohimeMod:Grimoire"],"picked":"KiyohimeMod:Berserker+1","floor":28},{"not_picked":["KiyohimeMod:HydraDagger","KiyohimeMod:Preemptive"],"picked":"KiyohimeMod:PrismaCosmos","floor":30},{"not_picked":["KiyohimeMod:SteelTraining","KiyohimeMod:GreenBlackKey"],"picked":"KiyohimeMod:Berserker+1","floor":31},{"not_picked":["KiyohimeMod:Barrier","KiyohimeMod:Destruction"],"picked":"KiyohimeMod:FacelessMoon","floor":33},{"not_picked":["KiyohimeMod:AndSoTheShipConquers","KiyohimeMod:AgainstMagic+1"],"picked":"KiyohimeMod:HotSpringOfTheMoon+1","floor":35},{"not_picked":["KiyohimeMod:Preemptive","KiyohimeMod:WaterTurn+1","KiyohimeMod:BlueBlackKey+1"],"picked":"SKIP","floor":36},{"not_picked":["KiyohimeMod:JeweledSword","KiyohimeMod:RealityMarble"],"picked":"KiyohimeMod:DragonVein","floor":40},{"not_picked":["KiyohimeMod:Projection","KiyohimeMod:BlueBlackKey","KiyohimeMod:GreenBlackKey"],"picked":"Singing Bowl","floor":41},{"not_picked":["KiyohimeMod:Fragarach","KiyohimeMod:Grimoire","KiyohimeMod:RedBlackKey"],"picked":"Singing Bowl","floor":42},{"not_picked":["KiyohimeMod:FirstPremonition+1","KiyohimeMod:BeElegant","KiyohimeMod:ImaginaryAround+1"],"picked":"Singing Bowl","floor":45},{"not_picked":["KiyohimeMod:AndSoTheShipConquers","KiyohimeMod:WaterTurn"],"picked":"KiyohimeMod:LimitedZeroOver+1","floor":46},{"not_picked":["KiyohimeMod:Projection","KiyohimeMod:Fragarach","KiyohimeMod:RedBlackKey"],"picked":"Singing Bowl","floor":47}],"player_experience":506290,"relics_obtained":[{"floor":9.0,"key":"Dota2Spire:Dagon"},{"floor":11.0,"key":"Bird Faced Urn"},{"floor":23,"key":"Turnip"},{"floor":26,"key":"Oddly Smooth Stone"},{"floor":27,"key":"White Beast Statue"},{"floor":30,"key":"KiyohimeMod:Divinity"},{"floor":30,"key":"KiyohimeMod:TerritoryCreation"},{"floor":38,"key":"Juzu Bracelet"},{"floor":40,"key":"Singing Bowl"},{"floor":40,"key":"Boot"},{"floor":41,"key":"CatCart"},{"floor":42,"key":"Dota2Spire:DrumOfEndurance"},{"floor":42,"key":"Dota2Spire:ArcaneBoots"},{"floor":43,"key":"War Paint"},{"floor":45,"key":"Dota2Spire:BattleFury"},{"floor":45,"key":"Dota2Spire:MonkeyKingBar"},{"floor":47,"key":"Dota2Spire:CrimsonGuard"},{"floor":47,"key":"Bronze Scales"}],"event_choices":[{"damage_healed":0.0,"max_hp_gain":0.0,"max_hp_loss":0.0,"gold_gain":0.0,"event_name":"Golden Idol","player_choice":"Take Damage","floor":4.0,"gold_loss":0.0,"damage_taken":25.0,"relics_obtained":["Golden Idol"]},{"cards_removed":["KiyohimeMod:Shapeshift"],"damage_healed":0.0,"max_hp_gain":0.0,"max_hp_loss":0.0,"gold_gain":0.0,"event_name":"Golden Wing","player_choice":"Card Removal","floor":5.0,"gold_loss":0.0,"damage_taken":7.0},{"cards_removed":["KiyohimeMod:Strike"],"damage_healed":0.0,"max_hp_gain":0.0,"max_hp_loss":0.0,"gold_gain":0.0,"event_name":"Living Wall","player_choice":"Forget","floor":7.0,"gold_loss":0.0,"damage_taken":0.0},{"damage_healed":0.0,"max_hp_gain":0.0,"max_hp_loss":0.0,"gold_gain":75.0,"event_name":"World of Goop","player_choice":"Gather Gold","floor":12.0,"gold_loss":0.0,"damage_taken":11.0},{"damage_healed":0,"gold_gain":0,"player_choice":"Ignored","damage_taken":0,"max_hp_gain":0,"max_hp_loss":0,"event_name":"Vampires","floor":22,"gold_loss":0},{"damage_healed":0,"gold_gain":0,"player_choice":"Fight","damage_taken":0,"max_hp_gain":0,"max_hp_loss":0,"event_name":"Colosseum","floor":30,"gold_loss":0},{"damage_healed":0,"gold_gain":0,"player_choice":"Fought Nobs","damage_taken":0,"max_hp_gain":0,"max_hp_loss":0,"event_name":"Colosseum","floor":30,"gold_loss":0},{"damage_healed":0,"gold_gain":0,"player_choice":"Embrace Madness","damage_taken":54,"max_hp_gain":0,"max_hp_loss":0,"event_name":"Winding Halls","floor":37,"gold_loss":0,"cards_obtained":["Madness","Madness"]},{"damage_healed":0,"gold_gain":100,"player_choice":"Pray","damage_taken":0,"max_hp_gain":0,"max_hp_loss":0,"event_name":"Golden Shrine","floor":39,"gold_loss":0},{"damage_healed":0,"gold_gain":0,"player_choice":"Fight","damage_taken":0,"max_hp_gain":0,"max_hp_loss":0,"event_name":"OrinTheCat","floor":41,"gold_loss":0},{"damage_healed":0,"gold_gain":0,"player_choice":"Upgraded","damage_taken":0,"max_hp_gain":0,"max_hp_loss":0,"event_name":"Upgrade Shrine","floor":44,"gold_loss":0,"cards_upgraded":["Madness"]}],"is_beta":false,"boss_relics":[{"not_picked":["Runic Pyramid","Snecko Eye"],"picked":"KiyohimeMod:TheBlackGrail"},{"not_picked":["Coffee Dripper","SlaversCollar"],"picked":"Black Star"}],"items_purged_floors":[19,29,48],"is_endless":false,"potions_floor_spawned":[1,11,20,24,28,30,30,31,33,35,36,40,41,42,45,46,47],"ascension_level":6}}