{"host":"uflv0e3ja7hvnij7","time":1608814159,"event":{"mods":["BaseMod","Conspire","Downfall","Hubris","Minty Spire (QoL Compilation)","Replay The Spire","Shop Mod","StSLib"],"gold_per_floor":[115,215,235,15,35,35,61,61,61,61,75,104,159,193,193,296,396,416,429,429,448,458,491,491,507,507,507,539,553,553,570,570,671,671,687,687,699,699,712,743,743,484,510,524,524,556,556,569,569,569],"floor_reached":51,"playtime":2256,"items_purged":["Defend_R"],"score":957,"play_id":"58e3b9db-18b1-4188-a5e2-8bfcc4997eea","local_time":"20201224074919","is_ascension_mode":true,"campfire_choices":[{"data":"Bash","floor":6,"key":"SMITH"},{"data":"Ghostly Armor","floor":8,"key":"SMITH"},{"floor":10,"key":"REST"},{"floor":15,"key":"DIG"},{"floor":24,"key":"REST"},{"floor":27,"key":"REST"},{"data":"Demon Form","floor":30,"key":"SMITH"},{"floor":32,"key":"REST"},{"floor":41,"key":"REST"},{"data":"Brutality","floor":45,"key":"SMITH"},{"floor":47,"key":"REST"},{"data":"Fiend Fire","floor":49,"key":"SMITH"}],"circlet_count":0,"master_deck":["Strike_R","Strike_R","Strike_R","Strike_R","Strike_R","Defend_R","Defend_R","Defend_R","Bash+1","Headbutt","Anger","Ghostly Armor+1","Whirlwind","Flame Barrier","Fiend Fire+1","Demon Form+1","Rampage","Shrug It Off+1","Infernal Blade","ReplayTheSpireMod:Limb From Limb","Infernal Blade+1","Headbutt","Heavy Blade+1","Feed","Brutality+1","Rampage+1","Parasite"],"relics":["hubris:CrackedHourglass","PreservedInsect","Smiling Mask","Sundial","Snack Pack","StrikeDummy","conspire:DeflatedDodgeball","Mango","Replay:Wanted Poster","Mirror","Charon\u0027s Ashes","Pet Ghost","Busted Crown","ReplayTheSpireMod:Ring of Collecting","ReplayTheSpireMod:Spearhead","Onion Ring","ReplayTheSpireMod:Ring of Exchange","Pen Nib","Calipers"],"acts_visited":["Exordium","TheCity","TheBeyond"],"potions_floor_usage":[7,12,16,23,28,29,50,50,50],"damage_taken":[{"damage":7,"enemies":"Jaw Worm","floor":1,"turns":2},{"damage":1,"enemies":"Cultist","floor":3,"turns":3},{"damage":8,"enemies":"Small Slimes","floor":5,"turns":3},{"damage":15,"enemies":"Lagavulin","floor":7,"turns":3},{"damage":6,"enemies":"Blue Slaver","floor":11,"turns":3},{"damage":0,"enemies":"Gremlin Nob","floor":12,"turns":2},{"damage":10,"enemies":"3 Sentries","floor":14,"turns":3},{"damage":48,"enemies":"Hexaghost","floor":16,"turns":7},{"damage":2,"enemies":"Chosen","floor":18,"turns":3},{"damage":0,"enemies":"Spheric Guardian","floor":19,"turns":3},{"damage":24,"enemies":"Chosen and Byrds","floor":21,"turns":5},{"damage":5,"enemies":"Snecko","floor":22,"turns":3},{"damage":21,"enemies":"Slavers","floor":23,"turns":3},{"damage":35,"enemies":"Snake Plant","floor":25,"turns":3},{"damage":0,"enemies":"Gremlin Leader","floor":28,"turns":2},{"damage":2,"enemies":"3 Cultists","floor":29,"turns":3},{"damage":26,"enemies":"Centurion and Healer","floor":31,"turns":4},{"damage":27,"enemies":"Collector","floor":33,"turns":6},{"damage":11,"enemies":"Orb Walker","floor":35,"turns":2},{"damage":6,"enemies":"3 Shapes","floor":37,"turns":2},{"damage":21,"enemies":"3 Darklings","floor":39,"turns":3},{"damage":11,"enemies":"Nemesis","floor":40,"turns":3},{"damage":9,"enemies":"Transient","floor":44,"turns":5},{"damage":30,"enemies":"R_Hoarder","floor":46,"turns":5},{"damage":2,"enemies":"Writhing Mass","floor":48,"turns":3},{"damage":103,"enemies":"Donu and Deca","floor":50,"turns":8}],"seed_played":"6012530351116986892","potions_obtained":[{"floor":1,"key":"SkillPotion"},{"floor":3,"key":"Weak Potion"},{"floor":13,"key":"Dexterity Potion"},{"floor":14,"key":"LiquidMemories"},{"floor":16,"key":"Swift Potion"},{"floor":21,"key":"Explosive Potion"},{"floor":22,"key":"BloodPotion"},{"floor":25,"key":"Slimebound:ThreeZeroPotion"},{"floor":33,"key":"ColorlessPotion"},{"floor":39,"key":"FearPotion"},{"floor":40,"key":"SkillPotion"}],"is_trial":false,"path_per_floor":["M","?","M","$","M","R","E","R","T","R","M","E","?","E","R","B",null,"M","M","?","M","M","E","R","M","T","R","E","M","R","M","R","B",null,"M","?","M","?","M","E","R","$","T","M","R","E","R","M","R","B",null],"character_chosen":"IRONCLAD","items_purchased":["PreservedInsect","Onion Ring"],"campfire_rested":6,"item_purchase_floors":[4,42],"current_hp_per_floor":[73,73,72,72,64,64,49,49,49,73,67,67,67,57,71,35,94,94,94,94,72,69,52,80,47,47,75,79,79,79,55,83,62,94,88,88,82,82,63,61,91,91,91,92,92,64,94,96,96,25],"gold":569,"neow_bonus":"BOSS_RELIC","is_daily":false,"chose_seed":false,"campfire_upgraded":5,"win_rate":0.0,"timestamp":1608814159,"path_taken":["M","?","M","$","M","R","E","R","T","R","?","E","?","E","R","BOSS","M","M","?","M","M","E","R","M","T","R","E","M","R","M","R","BOSS","M","?","M","?","M","E","R","?","T","?","R","E","R","M","R","BOSS"],"items_purchased_type":["Relic","Relic"],"build_version":"2020-12-22","purchased_purges":1,"victory":true,"max_hp_per_floor":[80,80,80,80,80,80,80,80,80,80,80,80,80,80,94,94,94,94,94,94,94,94,94,94,94,94,94,94,94,94,94,94,94,94,97,97,97,97,97,100,100,100,100,100,100,100,100,100,100,100],"card_choices":[{"not_picked":["Uppercut","Intimidate"],"picked":"Headbutt","floor":1},{"not_picked":["Metallicize","Clothesline"],"picked":"Anger","floor":3},{"not_picked":["ReplayTheSpireMod:Corrosion Curse","Life Link","Iron Wave"],"picked":"SKIP","floor":5},{"not_picked":["True Grit","Pommel Strike"],"picked":"Ghostly Armor","floor":7},{"not_picked":["ReplayTheSpireMod:Strike From Hell","Rampage"],"picked":"Whirlwind","floor":11},{"not_picked":["ReplayTheSpireMod:Stacked","Flex","Dual Wield"],"picked":"SKIP","floor":12},{"not_picked":["Warcry","Run Through"],"picked":"Flame Barrier","floor":13},{"not_picked":["ReplayReversal","Heavy Blade"],"picked":"Fiend Fire","floor":14},{"not_picked":["Demonic Infusion","Corruption"],"picked":"Demon Form","floor":16},{"not_picked":["Feel No Pain","Armaments"],"picked":"Rampage","floor":18},{"not_picked":["hubris:ReadiedAction","True Grit"],"picked":"Shrug It Off+1","floor":19},{"not_picked":["Dropkick","Flame Barrier"],"picked":"Infernal Blade","floor":21},{"not_picked":["Disarm","Seeing Red+1"],"picked":"ReplayTheSpireMod:Limb From Limb","floor":22},{"not_picked":["Clothesline","Cleave","Feel No Pain"],"picked":"SKIP","floor":23},{"not_picked":["True Grit","Headbutt"],"picked":"Infernal Blade+1","floor":25},{"not_picked":["Body Slam","Replay:Undeath\u0027s Touch"],"picked":"Headbutt","floor":28},{"not_picked":["Clothesline","Body Slam"],"picked":"Heavy Blade+1","floor":29},{"not_picked":["Cleave+1","hubris:CleavingFinish"],"picked":"Feed","floor":31},{"not_picked":["conspire:HitWhereItHurts","Corruption"],"picked":"Brutality","floor":33},{"not_picked":[],"picked":"Rampage+1","floor":35},{"not_picked":["Clash"],"picked":"SKIP","floor":37},{"not_picked":["Heavy Blade+1"],"picked":"SKIP","floor":39},{"not_picked":["Perfected Strike+1"],"picked":"SKIP","floor":40},{"not_picked":["Anger+1"],"picked":"SKIP","floor":44},{"not_picked":["Hemokinesis+1"],"picked":"SKIP","floor":46},{"not_picked":["Thunderclap+1"],"picked":"SKIP","floor":48}],"player_experience":306046,"relics_obtained":[{"floor":7,"key":"Smiling Mask"},{"floor":9,"key":"Sundial"},{"floor":12,"key":"Snack Pack"},{"floor":13,"key":"StrikeDummy"},{"floor":14,"key":"conspire:DeflatedDodgeball"},{"floor":15,"key":"Mango"},{"floor":23,"key":"Mirror"},{"floor":26,"key":"Charon\u0027s Ashes"},{"floor":28,"key":"Pet Ghost"},{"floor":38,"key":"ReplayTheSpireMod:Ring of Collecting"},{"floor":40,"key":"ReplayTheSpireMod:Spearhead"},{"floor":43,"key":"ReplayTheSpireMod:Ring of Exchange"},{"floor":43,"key":"Pen Nib"},{"floor":46,"key":"Calipers"}],"event_choices":[{"damage_healed":0,"gold_gain":100,"player_choice":"Pray","damage_taken":0,"max_hp_gain":0,"max_hp_loss":0,"event_name":"Golden Shrine","floor":2,"gold_loss":0},{"damage_healed":0,"gold_gain":0,"player_choice":"Leave","damage_taken":0,"max_hp_gain":0,"max_hp_loss":0,"event_name":"conspire:Investor","floor":20,"gold_loss":0},{"damage_healed":0,"gold_gain":0,"player_choice":"Ignored","damage_taken":0,"max_hp_gain":0,"max_hp_loss":0,"event_name":"Tomb of Lord Red Mask","floor":36,"gold_loss":0}],"is_beta":false,"boss_relics":[{"not_picked":["Snecko Eye","conspire:SpecialSausage"],"picked":"Replay:Wanted Poster"},{"not_picked":["Sozu","Mark of Pain"],"picked":"Busted Crown"}],"items_purged_floors":[4],"is_endless":false,"potions_floor_spawned":[1,3,14,16,21,22,25,33,39,40],"ascension_level":3}}