{"host":"ds1yr10zonoc6w4a","time":1608839156,"event":{"mods":["2.2 Compatiblity","AchievementEnabler","Act Like it!","BaseMod","Downfall","Elementarium","Gensokyo","Infinite Spire","Jorbs\u0027s Wanderer Trilogy","Koishi","Menagerie","Minty Spire (QoL Compilation)","Pale of the Ancients","StSLib","The Animator","Wandering Minibosses"],"gold_per_floor":[122,122,142,417,447,480,495,239,239,254,254,254,254],"floor_reached":12,"playtime":1229,"items_purged":["Regret"],"score":120,"play_id":"ab2313b3-02b2-4f7b-8afc-a9ab2ca1633d","local_time":"20201224124556","is_ascension_mode":true,"campfire_choices":[],"circlet_count":0,"master_deck":["AscendersBane","animator:Strike_MadokaMagica","animator:Defend_MadokaMagica","animator:Strike","animator:Strike","animator:Strike","animator:Defend","animator:Defend","animator:Defend","animator:IrohaTamaki","animator:YuiTsuruno","animator:NagisaMomoe","animator:YachiyoNanami","animator:MaesHughes","animator:YuiTsuruno","animator:YachiyoNanami","animator:Caster"],"relics":["animator:LivingPicture","animator:ColorlessFragment","animator:PurgingStone","NeowsBlessing","Red Skull"],"acts_visited":["Exordium"],"potions_floor_usage":[6,6,7,10],"damage_taken":[{"damage":0,"enemies":"Cultist","floor":1,"turns":1},{"damage":0,"enemies":"2 Louse","floor":3,"turns":1},{"damage":0,"enemies":"Jaw Worm","floor":5,"turns":1},{"damage":23,"enemies":"Gremlin Nob","floor":6,"turns":5},{"damage":36,"enemies":"3 Louse","floor":7,"turns":5},{"damage":1,"enemies":"Exordium Wildlife","floor":10,"turns":3},{"damage":9,"enemies":"Lagavulin","floor":12,"turns":2}],"seed_played":"982133661730276242","potions_obtained":[{"floor":1,"key":"Guardian:BlockOnCardUsePotion"},{"floor":3,"key":"SpeedPotion"},{"floor":5,"key":"BlessingOfTheForge"},{"floor":7,"key":"SneckoOil"}],"is_trial":false,"path_per_floor":["M","?","M","?","M","E","M","$","T","M","?","E"],"character_chosen":"THE_ANIMATOR","items_purchased":["animator:ColorlessFragment"],"campfire_rested":0,"item_purchase_floors":[8],"current_hp_per_floor":[59,64,65,65,65,42,6,6,6,5,5,0,0],"gold":254,"neow_bonus":"THREE_ENEMY_KILL","is_daily":false,"chose_seed":false,"campfire_upgraded":0,"win_rate":0.0,"timestamp":1608839156,"path_taken":["M","?","M","?","?","E","M","$","T","M","?","E"],"items_purchased_type":["Relic"],"build_version":"2020-12-22","purchased_purges":1,"victory":false,"max_hp_per_floor":[66,71,72,72,72,72,72,72,72,72,72,72,72],"card_choices":[{"not_picked":["animator:Priestess","animator:Spearman"],"picked":"animator:NagisaMomoe","floor":1},{"not_picked":["animator:Scar","animator:CrowleyEusford"],"picked":"animator:YachiyoNanami","floor":3},{"not_picked":["animator:HighElfArcher","animator:Berserker"],"picked":"animator:MaesHughes","floor":5},{"not_picked":["animator:MamiTomoe","animator:OrikoMikuni"],"picked":"animator:YuiTsuruno","floor":6},{"not_picked":["animator:DwarfShaman","animator:YaoHaDucy"],"picked":"animator:YachiyoNanami","floor":7},{"not_picked":["animator:KrulTepes","animator:Shuna"],"picked":"animator:Caster","floor":10}],"player_experience":519098,"relics_obtained":[{"floor":6,"key":"Red Skull"}],"event_choices":[{"damage_healed":0,"gold_gain":0,"player_choice":"Donut","damage_taken":0,"max_hp_gain":5,"max_hp_loss":0,"event_name":"Big Fish","floor":2,"gold_loss":0},{"damage_healed":0,"gold_gain":275,"player_choice":"Desecrate","damage_taken":0,"max_hp_gain":0,"max_hp_loss":0,"event_name":"Golden Shrine","floor":4,"gold_loss":0,"cards_obtained":["Regret"]},{"damage_healed":0,"gold_gain":0,"player_choice":"Fled","damage_taken":0,"max_hp_gain":0,"max_hp_loss":0,"event_name":"Scrap Ooze","floor":11,"gold_loss":0}],"is_beta":false,"boss_relics":[],"items_purged_floors":[8],"is_endless":false,"potions_floor_spawned":[1,3,5,7],"killed_by":"Lagavulin","ascension_level":10}}