{"host":"zp77qmjofmfw6r2u","time":1608794926,"event":{"mods":["BaseMod","Minty Spire (QoL Compilation)","Rare Cards Sparkle","Relic Stats"],"gold_per_floor":[116,116,41,216,232,263,263,289,289,307,307,307,319,319,319,319,319],"floor_reached":16,"playtime":464,"items_purged":["Defend_R"],"score":153,"play_id":"90d5f484-f95d-4f23-8e67-88cc0f725375","local_time":"20201224012846","is_ascension_mode":true,"campfire_choices":[{"data":"Sword Boomerang","floor":7,"key":"SMITH"},{"floor":11,"key":"REST"},{"data":"Thunderclap","floor":15,"key":"SMITH"}],"circlet_count":0,"master_deck":["Strike_R","Strike_R","Strike_R","Strike_R","Strike_R","Defend_R","Defend_R","Defend_R","Bash","Doubt","Sword Boomerang+1","Rage+1","Parasite","Thunderclap+1","Regret"],"relics":["Burning Blood","NeowsBlessing","Magic Flower","Oddly Smooth Stone","Toxic Egg 2","Torii","Incense Burner"],"acts_visited":["Exordium"],"potions_floor_usage":[8],"damage_taken":[{"damage":0,"enemies":"Small Slimes","floor":1,"turns":1},{"damage":0,"enemies":"Jaw Worm","floor":5,"turns":1},{"damage":0,"enemies":"3 Sentries","floor":6,"turns":1},{"damage":69,"enemies":"Lagavulin","floor":8,"turns":8},{"damage":0,"enemies":"Cultist","floor":10,"turns":3},{"damage":21,"enemies":"2 Fungi Beasts","floor":13,"turns":4},{"damage":35,"enemies":"The Guardian","floor":16,"turns":3}],"seed_played":"-1830117647976939184","potions_obtained":[{"floor":6,"key":"Energy Potion"},{"floor":10,"key":"FairyPotion"}],"is_trial":false,"path_per_floor":["M","?","$","?","M","E","R","E","T","M","R","?","M","?","R","B"],"character_chosen":"IRONCLAD","items_purchased":[],"campfire_rested":1,"item_purchase_floors":[],"current_hp_per_floor":[80,73,73,73,80,80,80,20,20,29,53,73,61,61,61,26,26],"gold":319,"neow_bonus":"THREE_ENEMY_KILL","is_daily":false,"chose_seed":false,"campfire_upgraded":2,"win_rate":0.0,"timestamp":1608794926,"path_taken":["M","?","$","?","M","E","R","E","T","M","R","?","M","?","R","BOSS"],"items_purchased_type":[],"build_version":"2020-12-22","purchased_purges":1,"victory":false,"max_hp_per_floor":[80,80,80,80,80,80,80,80,80,80,80,80,80,80,80,80,80],"relic_stats":{"Torii":0,"counters":[7,21],"Magic Flower":[10],"obtain_stats":[{"NeowsBlessing":0,"Torii":9,"Magic Flower":2,"Oddly Smooth Stone":6,"Incense Burner":14,"Toxic Egg 2":8,"Burning Blood":0},{"NeowsBlessing":0,"Torii":4,"Magic Flower":1,"Oddly Smooth Stone":3,"Incense Burner":6,"Toxic Egg 2":4,"Burning Blood":0},{"NeowsBlessing":0,"Torii":11,"Magic Flower":1,"Oddly Smooth Stone":3,"Incense Burner":18,"Toxic Egg 2":11,"Burning Blood":0}],"Burning Blood":34},"card_choices":[{"not_picked":["Warcry","Feel No Pain","Clash"],"picked":"SKIP","floor":1},{"not_picked":["Cleave","Thunderclap"],"picked":"Sword Boomerang","floor":5},{"not_picked":["Dark Embrace","Wild Strike","Headbutt"],"picked":"SKIP","floor":6},{"not_picked":["Searing Blow","Barricade","Body Slam"],"picked":"SKIP","floor":8},{"not_picked":["Blood for Blood","Rampage"],"picked":"Rage+1","floor":10},{"not_picked":["Shrug It Off+1","Iron Wave"],"picked":"Thunderclap","floor":13}],"player_experience":283182,"relics_obtained":[{"floor":6,"key":"Oddly Smooth Stone"},{"floor":8,"key":"Toxic Egg 2"},{"floor":9,"key":"Torii"}],"event_choices":[{"damage_healed":0,"gold_gain":0,"player_choice":"Success","damage_taken":7,"relics_obtained":["Magic Flower"],"max_hp_gain":0,"max_hp_loss":0,"event_name":"Scrap Ooze","floor":2,"gold_loss":0},{"damage_healed":0,"gold_gain":175,"player_choice":"AGREE","damage_taken":0,"max_hp_gain":0,"max_hp_loss":0,"event_name":"Liars Game","floor":4,"gold_loss":0,"cards_obtained":["Doubt"]},{"damage_healed":20,"gold_gain":0,"player_choice":"Healed and dodged fight","damage_taken":0,"max_hp_gain":0,"max_hp_loss":0,"event_name":"Mushrooms","floor":12,"gold_loss":0,"cards_obtained":["Parasite"]},{"damage_healed":0,"gold_gain":0,"player_choice":"Box","damage_taken":0,"relics_obtained":["Incense Burner"],"max_hp_gain":0,"max_hp_loss":0,"event_name":"Big Fish","floor":14,"gold_loss":0,"cards_obtained":["Regret"]}],"is_beta":false,"boss_relics":[],"items_purged_floors":[3],"is_endless":false,"potions_floor_spawned":[6,10],"killed_by":"The Guardian","ascension_level":3}}