{"host":"fhwr1fuluf6086fh","time":1608829945,"event":{"mods":["2.2 Compatiblity","Act Like it!","BaseMod","Elementarium","Hermit","Minty Spire (QoL Compilation)","Robot Space Explorer","StSLib","The Blue Laboratory","The Dragon Tamer","The Factory","The Hierophant","TheLocksmith"],"gold_per_floor":[30,30,78,126,156,219,219,277,277,295,302,302,290,290],"floor_reached":13,"playtime":1772,"items_purged":[],"score":127,"play_id":"e65525ed-621b-44a1-a331-a5427727a938","local_time":"20201224121225","is_ascension_mode":true,"campfire_choices":[{"floor":7,"key":"REST"},{"floor":12,"key":"REST"}],"circlet_count":0,"master_deck":["hierophant:Strike_Hierophant","hierophant:Strike_Hierophant","hierophant:Strike_Hierophant","hierophant:Punish","hierophant:Defend_Hierophant","hierophant:Defend_Hierophant","hierophant:Defend_Hierophant","hierophant:Defend_Hierophant","hierophant:ChurchCoffers","HandOfGreed","hierophant:Doubloon","hierophant:Charity","hierophant:Community","hierophant:MorningPrayer","hierophant:EyeForCoin","hierophant:Cornucopia","hierophant:Doubloon","hierophant:Doubloon","hierophant:HolyVerse","hierophant:Doubloon","hierophant:RustyCrate","hierophant:Doubloon","hierophant:Doubloon","hierophant:Embezzle"],"relics":["hierophant:PropheticMaskRelic","Lantern","Gremlin Horn","White Beast Statue"],"acts_visited":["Exordium"],"potions_floor_usage":[10,11,11],"damage_taken":[{"damage":4,"enemies":"2 Louse","floor":1,"turns":3},{"damage":6,"enemies":"Jaw Worm","floor":3,"turns":5},{"damage":5,"enemies":"Cultist","floor":4,"turns":4},{"damage":11,"enemies":"Lots of Slimes","floor":5,"turns":5},{"damage":19,"enemies":"3 Sentries","floor":6,"turns":9},{"damage":12,"enemies":"Blue Slaver","floor":8,"turns":8},{"damage":4,"enemies":"Large Slime","floor":10,"turns":4},{"damage":32,"enemies":"Lagavulin","floor":11,"turns":10},{"damage":49,"enemies":"Gremlin Nob","floor":13,"turns":4}],"seed_played":"-4191336234868200374","potions_obtained":[{"floor":4,"key":"blueLaboratory:PhilterOfMotion"},{"floor":5,"key":"Weak Potion"},{"floor":6,"key":"SteroidPotion"},{"floor":8,"key":"FearPotion"},{"floor":11,"key":"Energy Potion"}],"is_trial":false,"path_per_floor":["M","?","M","M","M","E","R","M","T","M","E","R","E"],"character_chosen":"HIEROPHANT","items_purchased":[],"campfire_rested":2,"item_purchase_floors":[],"current_hp_per_floor":[71,71,65,60,49,30,52,40,40,36,4,26,0,0],"gold":290,"neow_bonus":"RANDOM_COLORLESS_2","is_daily":false,"chose_seed":false,"campfire_upgraded":0,"win_rate":0.0,"timestamp":1608829945,"path_taken":["M","?","M","M","M","E","R","M","T","M","E","R","E"],"items_purchased_type":[],"build_version":"2020-12-22","purchased_purges":0,"victory":false,"max_hp_per_floor":[75,75,75,75,75,75,75,75,75,75,75,75,75,75],"card_choices":[{"not_picked":["Secret Weapon","The Bomb"],"picked":"HandOfGreed","floor":0},{"not_picked":["hierophant:EyeForCoin","hierophant:HammerAndAnvil"],"picked":"hierophant:Charity","floor":1},{"not_picked":["hierophant:HolyVerse","hierophant:RepressedViolence"],"picked":"hierophant:MorningPrayer","floor":3},{"not_picked":["hierophant:Encroach","hierophant:MorningPrayer"],"picked":"hierophant:EyeForCoin","floor":4},{"not_picked":["hierophant:HammerAndAnvil","hierophant:TollTheBells"],"picked":"hierophant:Cornucopia","floor":5},{"not_picked":["hierophant:FieryStrike","hierophant:Zeal"],"picked":"hierophant:Doubloon","floor":6},{"not_picked":["hierophant:Prophecy","hierophant:FieryStrike"],"picked":"hierophant:HolyVerse","floor":8},{"not_picked":["hierophant:FlamingChariot","hierophant:Determination"],"picked":"hierophant:RustyCrate","floor":10},{"not_picked":["hierophant:HammerAndAnvil","hierophant:Doomsaying"],"picked":"hierophant:Embezzle","floor":11}],"player_experience":803237,"relics_obtained":[{"floor":6,"key":"Lantern"},{"floor":9,"key":"Gremlin Horn"},{"floor":11,"key":"White Beast Statue"}],"event_choices":[{"damage_healed":0,"gold_gain":0,"cards_transformed":["hierophant:Strike_Hierophant"],"player_choice":"Change","damage_taken":0,"max_hp_gain":0,"max_hp_loss":0,"event_name":"Living Wall","floor":2,"gold_loss":0,"cards_obtained":["hierophant:Community"]}],"is_beta":false,"boss_relics":[],"items_purged_floors":[],"is_endless":false,"potions_floor_spawned":[4,5,6,8,11],"killed_by":"Gremlin Nob","ascension_level":1}}