{"host":"d57r1g6l9rdx1vko","time":1608817229,"event":{"mods":["AchievementEnabler","BaseMod","Colored Map","Colored Powertips","GifTheSpireLib","Marisa£®ÏF”Í°°ƒß¿Ì…≥£©","Minty Spire (QoL Compilation)","Replay The Spire","StSLib"],"gold_per_floor":[211,386,402,402,423,471,471,515,515,551,590,590,615,661,661,776,776,807,337,375,417,417,461,461,510,562,600,600,644,644,689,689,815,815,863,380,232,267,308,362,435,435,435,494,545,593,651,717,717,765],"floor_reached":51,"playtime":3624,"items_purged":["Doubt","CommonCold"],"score":941,"play_id":"5e2754fa-c61a-47a4-b28a-7988e77dda27","local_time":"20201224214029","is_ascension_mode":true,"campfire_choices":[{"floor":7.0,"key":"REST"},{"data":"ShootingEcho","floor":12.0,"key":"SMITH"},{"floor":24.0,"key":"REST"},{"floor":30.0,"key":"REST"},{"data":"EscapeVelocity","floor":32.0,"key":"SMITH"},{"floor":42.0,"key":"REST"},{"floor":49.0,"key":"REST"}],"circlet_count":0,"master_deck":["Strike_MRS","Strike_MRS","Strike_MRS","Strike_MRS","Defend_MRS","Defend_MRS","Defend_MRS","Defend_MRS","MasterSpark","UpSweep","MilkyWay","ShootingEcho+1","DC","MagicChant+1","Parasite","Parasite","JA+1","GravityBeat","MysteriousBeam","Acceleration+1","DarkMatter","Singularity","EscapeVelocity+1","BlazingStar+1","LuminesStrike","SprinkleStarSeal+1","ShootingEcho","Parasite","OortCloud+1","WitchLeyline"],"relics":["Replay:Wanted Poster","Replay:Bandana","Quantum Egg","Replay:Wax Seal","Happy Flower","ShroomBag","FossilizedHelix","Sozu","Juzu Bracelet","AmplifyWand","Ring of Searing","Ring of Peace","MealTicket","Pear","PreservedInsect","Black Star","InkBottle","Sling","Guide Book","ReplayTheSpireMod:TigerMarble","CeramicFish","Replay:Bottled Flurry","BreadOfAWashokuLover","Replay:Bottled Steam","Bag of Marbles","Darkstone Periapt"],"acts_visited":["Exordium","TheCity","TheBeyond"],"potions_floor_usage":[],"damage_taken":[{"damage":8.0,"enemies":"Small Slimes","floor":1.0,"turns":3.0},{"damage":6.0,"enemies":"Jaw Worm","floor":3.0,"turns":4.0},{"damage":0.0,"enemies":"2 Louse","floor":5.0,"turns":2.0},{"damage":29.0,"enemies":"Gremlin Nob","floor":6.0,"turns":4.0},{"damage":15.0,"enemies":"3 Sentries","floor":8.0,"turns":7.0},{"damage":14.0,"enemies":"Large Slime","floor":10.0,"turns":5.0},{"damage":0.0,"enemies":"The Mushroom Lair","floor":11.0,"turns":2.0},{"damage":6.0,"enemies":"Looter","floor":13.0,"turns":2.0},{"damage":0.0,"enemies":"Gremlin Nob","floor":14.0,"turns":3.0},{"damage":44.0,"enemies":"Hexaghost","floor":16.0,"turns":9.0},{"damage":15.0,"enemies":"Shell Parasite","floor":18.0,"turns":4.0},{"damage":0.0,"enemies":"3 Byrds","floor":20.0,"turns":4.0},{"damage":34.0,"enemies":"Cultist and Chosen","floor":21.0,"turns":5.0},{"damage":17.0,"enemies":"Slavers","floor":23.0,"turns":5.0},{"damage":14.0,"enemies":"Gremlin Leader","floor":25.0,"turns":5.0},{"damage":11.0,"enemies":"Centurion and Healer","floor":27.0,"turns":4.0},{"damage":0.0,"enemies":"Sentry and Sphere","floor":29.0,"turns":4.0},{"damage":5.0,"enemies":"3 Cultists","floor":31.0,"turns":4.0},{"damage":51.0,"enemies":"Champ","floor":33.0,"turns":7.0},{"damage":19.0,"enemies":"3 Darklings","floor":35.0,"turns":4.0},{"damage":35.0,"enemies":"3 Shapes","floor":38.0,"turns":3.0},{"damage":0.0,"enemies":"Maw","floor":39.0,"turns":5.0},{"damage":18.0,"enemies":"Giant Head","floor":40.0,"turns":5.0},{"damage":0.0,"enemies":"Transient","floor":41.0,"turns":5.0},{"damage":10.0,"enemies":"Writhing Mass","floor":44.0,"turns":4.0},{"damage":5.0,"enemies":"Nemesis","floor":45.0,"turns":3.0},{"damage":14.0,"enemies":"Jaw Worm Horde","floor":46.0,"turns":4.0},{"damage":24.0,"enemies":"4 Shapes","floor":47.0,"turns":3.0},{"damage":0.0,"enemies":"R_Hoarder","floor":48.0,"turns":5.0},{"damage":88,"enemies":"Replay:Hell Engine","floor":50,"turns":6}],"seed_played":"6727581517346206916","potions_obtained":[{"floor":1.0,"key":"LifebloodPotion"},{"floor":3.0,"key":"DuplicationPotion"},{"floor":6.0,"key":"Toxic Potion"},{"floor":10.0,"key":"Explosive Potion"},{"floor":14.0,"key":"Milkshake"}],"is_trial":false,"path_per_floor":["M","?","M","?","M","E","R","E","T","M","?","R","M","E","R_BF","B",null,"M","$","M","M","?","E","R","E","T","M","?","M","R","M","R_BF","B",null,"M","$","$","M","M","E","M","R","T","M","E","M","M","E","R","B",null],"character_chosen":"MARISA","items_purchased":["Juzu Bracelet","AmplifyWand","InkBottle","Sling","Guide Book"],"campfire_rested":5,"item_purchase_floors":[19,19,36,36,37],"current_hp_per_floor":[67,67,61,58,58,29,51,36,36,22,22,22,16,20,42,2,75,60,60,64,34,34,21,43,43,43,36,36,40,65,64,64,17,85,70,85,85,52,56,42,46,71,71,65,66,64,45,68,97,10],"gold":765,"neow_bonus":"BOSS_RELIC","is_daily":false,"chose_seed":false,"campfire_upgraded":2,"win_rate":0.0,"timestamp":1608817229,"path_taken":["M","?","M","?","M","E","R","E","T","M","?","R","M","E","R_BF","BOSS","M","$","M","M","?","E","R","E","T","M","?","M","R","M","R_BF","BOSS","M","?","$","M","M","E","M","R","T","M","E","M","M","E","R","BOSS"],"items_purchased_type":["Relic","Relic","Relic","Relic","Relic"],"build_version":"2020-12-22","purchased_purges":2,"victory":true,"max_hp_per_floor":[75,75,75,75,75,75,75,75,75,75,75,75,75,75,75,75,75,75,75,75,75,75,75,75,85,85,85,85,85,85,85,85,85,85,85,85,85,85,85,85,85,85,85,85,85,85,85,98,98,98],"card_choices":[{"not_picked":["DarkSpark","NonDirectionalLaser"],"picked":"MilkyWay","floor":1.0},{"not_picked":["MachineGunSpark","DeepEcoloBomb"],"picked":"ShootingEcho","floor":3.0},{"not_picked":["UnstableBomb","GrandCross","MysteriousBeam"],"picked":"SKIP","floor":5.0},{"not_picked":["IllusionStar","PowerUp"],"picked":"DC","floor":6.0},{"not_picked":["DragonMeteor","OrrerysSun","SatelliteIllusion"],"picked":"SKIP","floor":8.0},{"not_picked":["DC","GrandCross"],"picked":"MagicChant","floor":10.0},{"not_picked":["DC","6A","UnstableBomb"],"picked":"SKIP","floor":13.0},{"not_picked":["EnergyFlow","UnstableBomb","DarkSpark"],"picked":"SKIP","floor":14.0},{"not_picked":["StarDustReverie","BigCrunch"],"picked":"JA","floor":16.0},{"not_picked":["GravityBeat","Acceleration+1","MilkyWay"],"picked":"SKIP","floor":18.0},{"not_picked":["SporeBomb","UnstableBomb","NonDirectionalLaser"],"picked":"SKIP","floor":20.0},{"not_picked":["6A","GrandCross+1"],"picked":"GravityBeat","floor":21.0},{"not_picked":["AlicesGift","BlazeAway"],"picked":"MysteriousBeam","floor":23.0},{"not_picked":["JA","6A"],"picked":"Acceleration+1","floor":25.0},{"not_picked":["GravityBeat","NonDirectionalLaser"],"picked":"DarkMatter","floor":27.0},{"not_picked":["Acceleration","LuminesStrike+1"],"picked":"Singularity","floor":29.0},{"not_picked":["Singularity","WitchLeyline"],"picked":"EscapeVelocity","floor":31.0},{"not_picked":["BigCrunch","ManaRampage"],"picked":"BlazingStar","floor":33.0},{"not_picked":["NonDirectionalLaser","StarBarrage+1"],"picked":"LuminesStrike","floor":35.0},{"not_picked":["MysteriousBeam","GalacticHalo+1","DoubleSpark+1"],"picked":"SKIP","floor":38.0},{"not_picked":["DoubleSpark+1","DC","MagicChant"],"picked":"SKIP","floor":39.0},{"not_picked":["JA","GrandCross+1"],"picked":"SprinkleStarSeal+1","floor":40.0},{"not_picked":["6A","PropBag+1"],"picked":"ShootingEcho","floor":41.0},{"not_picked":["PowerUp","ChargingUp+1","AlicesGift"],"picked":"SKIP","floor":44.0},{"not_picked":["AsteroidBelt","PowerUp","AlicesGift+1"],"picked":"SKIP","floor":45.0},{"not_picked":["MysteriousBeam","ChargeUpSpray"],"picked":"OortCloud+1","floor":46.0},{"not_picked":["DoubleSpark+1","SprinkleStarSeal"],"picked":"WitchLeyline","floor":47.0},{"not_picked":["Acceleration+1","MillisecondPulsars","PowerUp"],"picked":"SKIP","floor":48.0}],"player_experience":112702,"relics_obtained":[{"floor":6.0,"key":"Quantum Egg"},{"floor":8.0,"key":"Replay:Wax Seal"},{"floor":9.0,"key":"Happy Flower"},{"floor":11.0,"key":"ShroomBag"},{"floor":14.0,"key":"FossilizedHelix"},{"floor":22.0,"key":"Ring of Searing"},{"floor":22.0,"key":"Ring of Peace"},{"floor":23.0,"key":"MealTicket"},{"floor":25.0,"key":"Pear"},{"floor":26.0,"key":"PreservedInsect"},{"floor":40.0,"key":"ReplayTheSpireMod:TigerMarble"},{"floor":40.0,"key":"CeramicFish"},{"floor":43.0,"key":"Replay:Bottled Flurry"},{"floor":45.0,"key":"BreadOfAWashokuLover"},{"floor":45.0,"key":"Replay:Bottled Steam"},{"floor":48.0,"key":"Bag of Marbles"},{"floor":48.0,"key":"Darkstone Periapt"}],"event_choices":[{"damage_healed":0.0,"max_hp_gain":0.0,"max_hp_loss":0.0,"gold_gain":175.0,"event_name":"Liars Game","player_choice":"AGREE","floor":2.0,"gold_loss":0.0,"damage_taken":0.0,"cards_obtained":["Doubt"]},{"damage_healed":0.0,"max_hp_gain":0.0,"max_hp_loss":0.0,"gold_gain":0.0,"event_name":"Scrap Ooze","player_choice":"Success","floor":4.0,"gold_loss":0.0,"damage_taken":3.0,"relics_obtained":["Replay:Bandana"]},{"damage_healed":0.0,"max_hp_gain":0.0,"max_hp_loss":0.0,"gold_gain":0.0,"event_name":"Mushrooms_MRS","player_choice":"Fought Mushrooms","floor":11.0,"gold_loss":0.0,"damage_taken":0.0},{"damage_healed":0.0,"max_hp_gain":0.0,"max_hp_loss":0.0,"gold_gain":0.0,"event_name":"Lab","player_choice":"Got Potions","floor":28.0,"gold_loss":0.0,"damage_taken":0.0}],"is_beta":false,"boss_relics":[{"not_picked":["Replay:Drink Me","Cursed Key"],"picked":"Sozu"},{"not_picked":["Astrolabe","SacredBark"],"picked":"Black Star"}],"items_purged_floors":[19,36],"is_endless":false,"potions_floor_spawned":[1,3,6,10,14,23,25,27,33,35,40,44,47,48],"ascension_level":4}}