{"host":"pecumnp00ic55u1k","time":1608797085,"event":{"mods":["Act Like it!","BaseMod","Colored Map","Colored Powertips","Downfall","Hallownest","Hermit","Highlight Path","Hubris","Minty Spire (QoL Compilation)","Quick Restart","Rare Cards Sparkle","Replay The Spire","StSLib","The Blue Laboratory","The Bug Knight","The Cursed","The IronCluck"],"gold_per_floor":[110,130,146,162,92,92,102,102,102,113,133,147,177,177,177,278,328,338,355,136,136,609,640,650,705,732,750,750,750],"floor_reached":28,"playtime":2434,"items_purged":["HollowMod:NailStrikeStart"],"score":246,"play_id":"d80185d5-91be-4661-b389-c834098b7e4c","local_time":"20201224030445","is_ascension_mode":false,"campfire_choices":[{"data":"HollowMod:DungDefenderAura","floor":6,"key":"SMITH"},{"data":"HollowMod:DungDefenderAura","floor":8,"key":"SMITH"},{"floor":15,"key":"REST"}],"circlet_count":0,"master_deck":["HollowMod:NailStrikeStart","HollowMod:NailStrikeStart","HollowMod:NailStrikeStart","HollowMod:QuickDashStart","HollowMod:QuickDashStart","HollowMod:QuickDashStart","HollowMod:QuickDashStart","HollowMod:FocusHealStart","HollowMod:PogoStrike","HollowMod:SoulMaster","HollowMod:DungDefenderAura+1","HollowMod:CycloneSlash","HollowMod:CornifersMapStart+1","HollowMod:DungDefenderAura+1","HollowMod:SoulSplash","HollowMod:SoulStrike","HollowMod:MothsMistake","HollowMod:BaldurShell+1","HollowMod:BaldurShell+1","Hallownest:attackAdjustingAction","HollowMod:SoulSplash+1","HollowMod:SoulVessel"],"relics":["HollowMod:VesselMask","Replay:WaspNest","Garlic","Tiny House","Lee\u0027s Waffle","Omamori","Juzu Bracelet"],"acts_visited":["Hallownest:Greenpath","Hallownest:CityofTears"],"potions_floor_usage":[11,13,16,28],"damage_taken":[{"damage":0,"enemies":"Hallownest:2_Baldur","floor":1,"turns":5},{"damage":3,"enemies":"2_ Uuma","floor":2,"turns":7},{"damage":3,"enemies":"Hallownest:2_MossCreeps","floor":3,"turns":6},{"damage":12,"enemies":"Hallownest:monsterMossCharger","floor":4,"turns":10},{"damage":23,"enemies":"Hallownest:MossCreep_and_Mosskin","floor":7,"turns":5},{"damage":10,"enemies":"Hallownest:2_Tiktiks_1_Baldur_1_Crawlid","floor":10,"turns":6},{"damage":15,"enemies":"Hallownest:Guard_and_Warrior","floor":11,"turns":7},{"damage":6,"enemies":"Hallownest:monsterFoolEater","floor":12,"turns":3},{"damage":28,"enemies":"Hallownest:eliteCrystalGuardian","floor":13,"turns":8},{"damage":19,"enemies":"Hallownest:BossBrokenVessel","floor":16,"turns":15},{"damage":15,"enemies":"Hallownest:Flukemon_and_Top","floor":18,"turns":7},{"damage":8,"enemies":"Hallownest:3_Youths","floor":19,"turns":6},{"damage":0,"enemies":"Hallownest:monsterMisterMushroom","floor":21,"turns":9},{"damage":20,"enemies":"Hallownest:eliteSoulWarrior","floor":23,"turns":12},{"damage":11,"enemies":"Hallownest:monsterShrumalOgre","floor":24,"turns":7},{"damage":8,"enemies":"Hallownest:Glutton_and_Coward","floor":25,"turns":4},{"damage":59,"enemies":"Hallownest:3_Mistakes","floor":27,"turns":13},{"damage":7,"enemies":"Hallownest:2_Husk_Sentries","floor":28,"turns":5}],"seed_played":"6316757304757638655","potions_obtained":[{"floor":1,"key":"SpeedPotion"},{"floor":10,"key":"blueLaboratory:LouseDecoction"},{"floor":11,"key":"Fire Potion"},{"floor":16,"key":"SteroidPotion"},{"floor":17,"key":"blueLaboratory:BottledHope"},{"floor":23,"key":"blueLaboratory:ExaltedPotion"},{"floor":25,"key":"Fire Potion"},{"floor":27,"key":"Block Potion"}],"is_trial":false,"path_per_floor":["M","M","M","M","?","R","M","R","T","M","M","M","E","?","R","B",null,"M","M","$","M","?","E","M","M","T","M","M"],"character_chosen":"THE_BUGKNIGHT","items_purchased":["Lee\u0027s Waffle"],"campfire_rested":1,"item_purchase_floors":[20],"current_hp_per_floor":[75,72,69,67,67,67,44,44,44,34,25,19,1,1,23,10,80,70,68,87,87,87,77,72,64,64,5,0,0],"gold":750,"neow_bonus":"ONE_RANDOM_RARE_CARD","is_daily":false,"chose_seed":false,"campfire_upgraded":2,"win_rate":0.0,"timestamp":1608797085,"path_taken":["M","M","M","M","?","R","M","R","T","M","M","M","E","?","R","BOSS","M","M","$","M","?","E","M","M","T","M","M"],"items_purchased_type":["Relic"],"build_version":"2020-12-22","purchased_purges":1,"victory":false,"max_hp_per_floor":[75,75,75,75,75,75,75,75,75,75,75,75,75,75,75,75,80,80,80,87,87,87,87,87,87,87,87,87,87],"card_choices":[{"not_picked":["HollowMod:SiblingsSouls","HollowMod:LifebloodCocoon"],"picked":"HollowMod:DungDefenderAura","floor":1},{"not_picked":["HollowMod:SharpenedNail","HollowMod:CloakDash"],"picked":"HollowMod:CycloneSlash","floor":2},{"not_picked":["HollowMod:SiblingsSouls","HollowMod:NewJinnsSoul","HollowMod:GreatSlash"],"picked":"SKIP","floor":3},{"not_picked":["HollowMod:WraithStrike","HollowMod:RecoilStrike"],"picked":"HollowMod:CornifersMapStart","floor":4},{"not_picked":["HollowMod:WraithStrike","HollowMod:DashSlash"],"picked":"HollowMod:DungDefenderAura","floor":7},{"not_picked":["HollowMod:InfectedCysts","HollowMod:FallenFury"],"picked":"HollowMod:SoulSplash","floor":10},{"not_picked":["HollowMod:PureVessel","HollowMod:ShapeofUnn"],"picked":"HollowMod:SoulStrike","floor":11},{"not_picked":["HollowMod:SoulStrike","HollowMod:SoulEater"],"picked":"HollowMod:MothsMistake","floor":12},{"not_picked":["HollowMod:MantisMark","HollowMod:InfectedAttack"],"picked":"HollowMod:BaldurShell","floor":13},{"not_picked":["HollowMod:DungDefenderAura","HollowMod:NewLittleFool"],"picked":"HollowMod:BaldurShell+1","floor":18},{"not_picked":["HollowMod:InfectedAttack","HollowMod:ChannelNail","HollowMod:DoubleDash"],"picked":"SKIP","floor":19},{"not_picked":["HollowMod:LifebloodCocoon","HollowMod:CycloneSlash","HollowMod:SharpenedShadows"],"picked":"SKIP","floor":21},{"not_picked":["HollowMod:TaintedHusks","HollowMod:FallenFury","HollowMod:CloakDash"],"picked":"SKIP","floor":23},{"not_picked":["HollowMod:GoodIntentions","HollowMod:DescendingDark+1"],"picked":"HollowMod:SoulSplash+1","floor":24},{"not_picked":["HollowMod:CornifersMapStart","HollowMod:NewJinnsSoul"],"picked":"HollowMod:SoulVessel","floor":25},{"not_picked":["HollowMod:NewGlowingWomb","HollowMod:InfectionAssault+1","HollowMod:NewJinnsSoul"],"picked":"SKIP","floor":27}],"player_experience":80186,"relics_obtained":[{"floor":9,"key":"Replay:WaspNest"},{"floor":13,"key":"Garlic"},{"floor":23,"key":"Omamori"},{"floor":26,"key":"Juzu Bracelet"}],"event_choices":[],"is_beta":false,"boss_relics":[{"not_picked":["hubris:CrackedHourglass","hubris:Stopwatch"],"picked":"Tiny House"}],"items_purged_floors":[20],"is_endless":false,"potions_floor_spawned":[1,10,11,16,23,25,27],"killed_by":"Hallownest:2_Husk_Sentries","ascension_level":0}}