{"host":"28bpuzdckreop5i0","time":1608799748,"event":{"mods":["Act Like it!","BaseMod","BetterRewards","Challenge The Spire","Conspire","Defuse TimeMaze Blight","Downfall","Energized Spire","Googly Eyes","Hubris","Infinite Spire","Lobotomy","Mimic Mod","Minty Spire (QoL Compilation)","Relic Stats","Spicy Shops","StSLib","The Awakened One except there are too many feathers","The Cursed","The Hierophant","The IronCluck","The Jungle","Thieving Mod","Transform Curses","Wandering Minibosses","slay the spire mod where everything is the same but ironclad has a cowboy hat"],"gold_per_floor":[119,130,149,3,3,3,32,44,93,93,113,113,11,28,28,129,179,197,41,60,60,70,70,85,85,135,154,167,167,167,182,182,277,277,289,300,300,314,325,325,325,354,378,405,405,405],"floor_reached":45,"playtime":1879,"items_purged":["Defend_B"],"score":529,"play_id":"1817f332-c250-4af5-9ab3-105b5041d3d4","local_time":"20201224024908","is_ascension_mode":false,"campfire_choices":[{"data":"Genetic Algorithm","floor":6,"key":"SMITH"},{"floor":10,"key":"REST"},{"floor":12,"key":"REST"},{"data":"Sunder","floor":15,"key":"SMITH"},{"data":"infinitespire:Collect","floor":23,"key":"SMITH"},{"floor":29,"key":"REST"},{"data":"Sunder","floor":32,"key":"SMITH"},{"data":"Dualcast","floor":40,"key":"SMITH"}],"circlet_count":0,"master_deck":["Strike_B","Strike_B","Strike_B","Defend_B","Defend_B","Defend_B","Zap+1","Dualcast+1","Genetic Algorithm+1","Beam Cell","Gash","FTL","FTL","Beam Cell+1","Conserve Battery","Go for the Eyes","Steam","Sunder+1","Seek","Steam","Beam Cell","Gash","infinitespire:Collect+1","Beam Cell","Sunder+1","All For One","Beam Cell","Seek","Coolheaded+1","Gash+1"],"relics":["Cracked Core","Bag of Preparation","infinitespire:Freezer","Tiny House","infinitespire:Lucky Rock","Bag of Marbles","Runic Pyramid","hubris:Towel","conspire:Flyswatter","Ancient Tea Set","Regal Pillow"],"acts_visited":["Exordium","Exordium","TheBeyond"],"potions_floor_usage":[3,28,33,33,42],"damage_taken":[{"damage":6,"enemies":"Cultist","floor":1,"turns":3},{"damage":16,"enemies":"Small Slimes","floor":2,"turns":3},{"damage":4,"enemies":"2 Louse","floor":3,"turns":2},{"damage":21,"enemies":"3 Sentries","floor":7,"turns":7},{"damage":7,"enemies":"Blue Slaver","floor":8,"turns":2},{"damage":1,"enemies":"Red Slaver","floor":11,"turns":3},{"damage":1,"enemies":"Looter","floor":14,"turns":3},{"damage":15,"enemies":"The Guardian","floor":16,"turns":9},{"damage":5,"enemies":"Shell Parasite","floor":18,"turns":4},{"damage":8,"enemies":"theJungle:Flameango_and_Byrd","floor":20,"turns":4},{"damage":0,"enemies":"theJungle:2_Snecko_Cultists","floor":22,"turns":3},{"damage":0,"enemies":"theJungle:JungleHuntersEncounter","floor":24,"turns":4},{"damage":5,"enemies":"theJungle:2_Flameangoes","floor":27,"turns":5},{"damage":36,"enemies":"theJungle:Snecko_Cultist_And_Trap","floor":28,"turns":6},{"damage":0,"enemies":"Snake Plant","floor":31,"turns":2},{"damage":28,"enemies":"theJungle:TotemBoss","floor":33,"turns":8},{"damage":10,"enemies":"3 Shapes","floor":35,"turns":3},{"damage":0,"enemies":"3 Darklings","floor":36,"turns":3},{"damage":1,"enemies":"Transient","floor":38,"turns":5},{"damage":0,"enemies":"Spire Growth","floor":39,"turns":2},{"damage":14,"enemies":"Nemesis","floor":42,"turns":5},{"damage":46,"enemies":"Reptomancer","floor":44,"turns":6},{"damage":9,"enemies":"3 Darklings","floor":45,"turns":1}],"seed_played":"546328782775028900","potions_obtained":[{"floor":1,"key":"PowerPotion"},{"floor":2,"key":"Regen Potion"},{"floor":8,"key":"Block Potion"},{"floor":17,"key":"BlessingOfTheForge"},{"floor":28,"key":"Ancient Potion"},{"floor":35,"key":"FearPotion"},{"floor":39,"key":"LiquidMemories"},{"floor":44,"key":"DuplicationPotion"}],"is_trial":false,"path_per_floor":["M","M","M","$","$","R","E","M","T","R","M","R","$","M","R","B",null,"M","$","M","AVR","M","R","M","?","T","M","M","R","?","M","R","B",null,"M","M","?","M","M","R","?","E","T","E","M"],"character_chosen":"DEFECT","items_purchased":["FTL","Go for the Eyes","Steam","infinitespire:Lucky Rock"],"campfire_rested":3,"item_purchase_floors":[4,13,13,19],"current_hp_per_floor":[69,53,54,54,54,54,33,26,26,48,47,69,69,68,68,53,80,75,75,67,67,67,67,67,67,67,62,26,50,50,50,50,22,80,70,70,70,69,69,69,69,55,55,9,0,0],"gold":405,"neow_bonus":"UPGRADE_CARD","is_daily":false,"chose_seed":false,"campfire_upgraded":5,"win_rate":0.0,"timestamp":1608799748,"path_taken":["M","M","?","?","$","R","E","M","T","R","M","R","$","M","R","BOSS","M","$","M","AVR","M","R","M","?","T","?","M","R","?","M","R","BOSS","M","M","?","M","M","R","?","E","T","E","?"],"items_purchased_type":["Card","Card","Card","Relic"],"build_version":"2020-12-22","purchased_purges":1,"victory":false,"max_hp_per_floor":[75,75,75,75,75,75,75,75,75,75,75,75,75,75,75,75,80,80,80,80,80,80,80,80,80,80,80,80,80,80,80,80,80,80,80,80,80,80,80,80,80,80,80,80,80,80],"relic_stats":{"Regal Pillow":0,"counters":[23,93],"Bag of Preparation":[38],"obtain_stats":[{"Regal Pillow":44,"Tiny House":17,"Bag of Preparation":7,"Bag of Marbles":26,"infinitespire:Lucky Rock":19,"hubris:Towel":37,"Cracked Core":0,"Ancient Tea Set":43,"infinitespire:Freezer":9,"Runic Pyramid":34,"conspire:Flyswatter":42},{"Regal Pillow":22,"Tiny House":8,"Bag of Preparation":4,"Bag of Marbles":12,"infinitespire:Lucky Rock":9,"hubris:Towel":18,"Cracked Core":0,"Ancient Tea Set":21,"infinitespire:Freezer":5,"Runic Pyramid":16,"conspire:Flyswatter":21},{"Regal Pillow":92,"Tiny House":32,"Bag of Preparation":15,"Bag of Marbles":47,"infinitespire:Lucky Rock":36,"hubris:Towel":74,"Cracked Core":0,"Ancient Tea Set":86,"infinitespire:Freezer":17,"Runic Pyramid":68,"conspire:Flyswatter":86}]},"card_choices":[{"not_picked":["Leap","Beam Cell"],"picked":"Genetic Algorithm","floor":1},{"not_picked":["Stack","Force Field"],"picked":"Beam Cell","floor":2},{"not_picked":["Sweeping Beam","Coolheaded"],"picked":"Gash","floor":3},{"not_picked":["Go for the Eyes","Coolheaded"],"picked":"FTL","floor":7},{"not_picked":["Coolheaded","Turbo"],"picked":"Beam Cell","floor":8},{"not_picked":["hubris:Ukulele","Beam Cell"],"picked":"Conserve Battery","floor":11},{"not_picked":["Barrage","Redo"],"picked":"Sunder","floor":14},{"not_picked":["hubris:Prefetch","Creative AI"],"picked":"Seek","floor":16},{"not_picked":["Leap","Double Energy"],"picked":"Steam","floor":17},{"not_picked":["Stack","Storm"],"picked":"Beam Cell","floor":18},{"not_picked":["Reprogram","Redo"],"picked":"Gash","floor":20},{"not_picked":["Turbo","Sweeping Beam","Rebound"],"picked":"SKIP","floor":22},{"not_picked":["Rebound","Ball Lightning","Core Surge"],"picked":"SKIP","floor":24},{"not_picked":["Rebound","Conserve Battery+1"],"picked":"Beam Cell","floor":27},{"not_picked":["Rebound","Conserve Battery"],"picked":"Sunder","floor":28},{"not_picked":["Streamline","Turbo+1","Ball Lightning"],"picked":"SKIP","floor":31},{"not_picked":["Multi-Cast","hubris:Prefetch"],"picked":"All For One","floor":33},{"not_picked":["Darkness","Turbo"],"picked":"Beam Cell","floor":35},{"not_picked":["Hologram","Reprogram","Streamline+1"],"picked":"SKIP","floor":36},{"not_picked":["Doom and Gloom+1","Turbo"],"picked":"Seek","floor":38},{"not_picked":["Doom and Gloom+1","Compile Driver"],"picked":"Coolheaded+1","floor":39},{"not_picked":["Doom and Gloom+1","Steam+1"],"picked":"Gash+1","floor":42},{"not_picked":["Hello World","Aggregate+1","Leap+1"],"picked":"SKIP","floor":44}],"player_experience":888890,"relics_obtained":[{"floor":7,"key":"Bag of Preparation"},{"floor":9,"key":"infinitespire:Freezer"},{"floor":26,"key":"Bag of Marbles"},{"floor":42,"key":"conspire:Flyswatter"},{"floor":43,"key":"Ancient Tea Set"},{"floor":44,"key":"Regal Pillow"}],"event_choices":[{"cards_removed":["Strike_B"],"damage_healed":0,"gold_gain":0,"player_choice":"Purged","damage_taken":0,"max_hp_gain":0,"max_hp_loss":0,"event_name":"Purifier","floor":25,"gold_loss":0},{"damage_healed":0,"gold_gain":0,"player_choice":"Got Potions","damage_taken":0,"max_hp_gain":0,"max_hp_loss":0,"event_name":"Lab","floor":41,"gold_loss":0}],"is_beta":false,"boss_relics":[{"not_picked":["hubris:Stopwatch","energizedSpire:SpiderWeb"],"picked":"Tiny House"},{"not_picked":["hubris:VirtuousBlindfold","Cursed Key"],"picked":"Runic Pyramid"}],"items_purged_floors":[4],"is_endless":false,"potions_floor_spawned":[1,2,8,27,28,31,35,39,44],"killed_by":"3 Darklings","ascension_level":0}}