{"host":"v1m5rkjj38qutr02","time":1608805413,"event":{"mods":["Act Like it!","BaseMod","Conspire","Gensokyo","GungeonMod","Hallownest","Minty Spire (QoL Compilation)","Replay The Spire","StSLib","The Bug Knight","Youmu£®ªÍ∆«—˝√Œ£©"],"gold_per_floor":[113,188,56,74,158,158,183,183,233,233,233,268,268,38,38,161,224,249,268,41,57,57,57,57],"floor_reached":23,"playtime":778,"items_purged":["ReplayTheSpireMod:Splinters"],"score":275,"play_id":"0ec4328d-ff60-4df0-aaa4-bbfeb3c97254","local_time":"20201224182333","is_ascension_mode":true,"campfire_choices":[{"data":"FIFO Queue","floor":6,"key":"SMITH"},{"data":"Zap","floor":8,"key":"SMITH"},{"data":"Redo","floor":10,"key":"SMITH"},{"floor":15,"key":"REST"}],"circlet_count":0,"master_deck":["Strike_B","Strike_B","Strike_B","Strike_B","Defend_B","Defend_B","Defend_B","Defend_B","Zap+1","Dualcast","FIFO Queue+1","Ball Lightning","Redo+1","Heatsinks","Glacier","Cold Snap+1","Capacitor","Injury","Biased Cognition+1","Turbo","Skim","Defragment"],"relics":["Cracked Core","NeowsBlessing","DataDisk","Ancient Tea Set","Snack Pack","Golden Idol","Blood Vial","Tiny House","Lee\u0027s Waffle"],"acts_visited":["Exordium","TheCity"],"potions_floor_usage":[23],"damage_taken":[{"damage":0.0,"enemies":"Jaw Worm","floor":1.0,"turns":1.0},{"damage":0.0,"enemies":"Small Slimes","floor":4.0,"turns":1.0},{"damage":0,"enemies":"3 Sentries","floor":7,"turns":1},{"damage":16,"enemies":"Gremlin Nob","floor":12,"turns":4},{"damage":44,"enemies":"Slime Boss","floor":16,"turns":12},{"damage":4,"enemies":"conspire:FuzzyDice","floor":18,"turns":8},{"damage":14,"enemies":"Shell Parasite","floor":19,"turns":7},{"damage":18,"enemies":"Shelled Parasite and Fungi","floor":21,"turns":7},{"damage":114,"enemies":"Gremlin Leader","floor":23,"turns":10}],"seed_played":"3626907643069335277","potions_obtained":[{"floor":7,"key":"Milkshake"},{"floor":12,"key":"DuplicationPotion"},{"floor":16,"key":"Energy Potion"},{"floor":17,"key":"FairyPotion"}],"is_trial":false,"path_per_floor":["M","?","$","M","?","R","E","R","T","R","?","E","?","$","R","B",null,"M","M","$","M","?","E"],"character_chosen":"DEFECT","items_purchased":["FIFO Queue","Ball Lightning","Blood Vial","Defragment","Lee\u0027s Waffle"],"campfire_rested":1,"item_purchase_floors":[3,3,14,20,20],"current_hp_per_floor":[75,64,64,64,64,64,64,64,64,64,64,48,48,48,70,30,69,67,57,87,71,71,0,0],"gold":57,"neow_bonus":"THREE_ENEMY_KILL","is_daily":false,"chose_seed":false,"campfire_upgraded":3,"win_rate":0.0,"timestamp":1608805413,"path_taken":["M","?","$","M","?","R","E","R","T","R","?","E","?","$","R","BOSS","M","M","$","M","?","E"],"items_purchased_type":["Card","Card","Relic","Card","Relic"],"build_version":"2020-12-22","purchased_purges":1,"victory":false,"max_hp_per_floor":[75,75,75,75,75,75,75,75,75,75,75,75,75,75,75,75,80,80,80,87,87,87,87,87],"card_choices":[{"not_picked":["Go for the Eyes","Panic Button","Sweeping Beam"],"picked":"SKIP","floor":1.0},{"not_picked":["Beam Cell","Leap"],"picked":"Redo","floor":4.0},{"not_picked":["Barrage","Conserve Battery"],"picked":"Heatsinks","floor":5},{"not_picked":["Streamline","Steam"],"picked":"Glacier","floor":5},{"not_picked":["Thunder Strike","Compile Driver"],"picked":"Cold Snap","floor":5},{"not_picked":["Sweeping Beam","Ball Lightning","Gash"],"picked":"SKIP","floor":7},{"not_picked":["Coolheaded","Rebound"],"picked":"Capacitor","floor":12},{"not_picked":["ReplayTheSpireMod:Omega Cannon","Meteor Strike"],"picked":"Biased Cognition","floor":16},{"not_picked":["Leap","ReplaySolidLightProjector"],"picked":"Turbo","floor":17},{"not_picked":["Conserve Battery","Barrage+1"],"picked":"Skim","floor":18},{"not_picked":["Lockon+1","Coolheaded+1","BootSequence+1"],"picked":"SKIP","floor":19},{"not_picked":["Gash","Compile Driver","ReplayTheSpireMod:GoodbyeWorld"],"picked":"SKIP","floor":21}],"player_experience":370737,"relics_obtained":[{"floor":7,"key":"DataDisk"},{"floor":9,"key":"Ancient Tea Set"},{"floor":12,"key":"Snack Pack"}],"event_choices":[{"damage_healed":0.0,"max_hp_gain":0.0,"max_hp_loss":0.0,"gold_gain":75.0,"event_name":"World of Goop","player_choice":"Gather Gold","floor":2.0,"gold_loss":0.0,"damage_taken":11.0},{"damage_healed":0,"gold_gain":0,"player_choice":"Take Wound","damage_taken":0,"relics_obtained":["Golden Idol"],"max_hp_gain":0,"max_hp_loss":0,"event_name":"Golden Idol","floor":13,"gold_loss":0,"cards_obtained":["Injury"]},{"damage_healed":0,"gold_gain":0,"player_choice":"Forge","damage_taken":0,"max_hp_gain":0,"max_hp_loss":0,"event_name":"Accursed Blacksmith","floor":22,"gold_loss":0,"cards_upgraded":["Biased Cognition"]}],"is_beta":false,"boss_relics":[{"not_picked":["ReplayTheSpireMod:DimensionalGlitch","Coffee Dripper"],"picked":"Tiny House"}],"items_purged_floors":[14],"is_endless":false,"potions_floor_spawned":[7,12,16,18],"killed_by":"Gremlin Leader","ascension_level":5}}