{"host":"27tk4xseidcli2mr","time":1608841193,"event":{"mods":["2.2 Compatiblity","AchievementEnabler","Aspiration","BaseMod","Better Third Choice","Conspire","Custom Start","Hubris","Jorbs\u0027s Wanderer Trilogy","Minty Spire (QoL Compilation)","Replay The Spire","StSLib","SuperFastMode","[IsaacMod]????"],"gold_per_floor":[114,128,139,157,174,174,174,174],"floor_reached":7,"playtime":298,"items_purged":[],"score":86,"play_id":"1ce60500-1c7d-4562-a116-c5490f258227","local_time":"20201224211953","is_ascension_mode":true,"campfire_choices":[{"data":"Metallicize","floor":6,"key":"SMITH"}],"circlet_count":0,"master_deck":["AscendersBane","Strike_R","Strike_R","Strike_R","Strike_R","Strike_R","Defend_R","Defend_R","Defend_R","Defend_R","Bash","Clothesline","Sword Boomerang","Thunderclap","Metallicize+1"],"relics":["Burning Blood","HushsDoor","MoneyPower","YumHeart"],"acts_visited":["Exordium"],"potions_floor_usage":[],"damage_taken":[{"damage":9,"enemies":"2 Louse","floor":1,"turns":3},{"damage":6,"enemies":"Jaw Worm","floor":3,"turns":4},{"damage":6,"enemies":"Small Slimes","floor":4,"turns":4},{"damage":14,"enemies":"Red Slaver","floor":5,"turns":5},{"damage":37,"enemies":"Lagavulin","floor":7,"turns":8}],"seed_played":"-5274505750838047054","potions_obtained":[{"floor":1,"key":"Swift Potion"}],"is_trial":false,"path_per_floor":["M","?","M","M","M","R","E"],"character_chosen":"IRONCLAD","items_purchased":[],"campfire_rested":0,"item_purchase_floors":[],"current_hp_per_floor":[72,45,45,45,37,37,0,0],"gold":174,"neow_bonus":"TEN_PERCENT_HP_BONUS","is_daily":false,"chose_seed":false,"campfire_upgraded":1,"win_rate":0.0,"timestamp":1608841193,"path_taken":["M","?","M","M","M","R","E"],"items_purchased_type":[],"build_version":"2020-12-22","purchased_purges":0,"victory":false,"max_hp_per_floor":[82,82,82,82,82,82,82,82],"card_choices":[{"not_picked":["Reckless Charge","Clash"],"picked":"Clothesline","floor":1},{"not_picked":["Dual Wield","hubris:ReadiedAction"],"picked":"Sword Boomerang","floor":2},{"not_picked":["Berserk","Bloodletting"],"picked":"Thunderclap","floor":3},{"not_picked":["Pommel Strike","Uppercut"],"picked":"Metallicize","floor":4},{"not_picked":["ReplayTheSpireMod:Strike From Hell","Anger","Burning Pact"],"picked":"SKIP","floor":5}],"player_experience":1228835,"relics_obtained":[{"floor":2,"key":"YumHeart"}],"event_choices":[],"is_beta":false,"boss_relics":[],"items_purged_floors":[],"is_endless":false,"potions_floor_spawned":[1],"killed_by":"Lagavulin","ascension_level":20}}