{"host":"ilxricga2547gmyy","time":1608839207,"event":{"mods":["AchievementEnabler","BaseMod","Minty Spire (QoL Compilation)","Quick Restart","StSLib"],"gold_per_floor":[109,121,138,151,326,352,55,82,130,140,140,158,158,158],"floor_reached":13,"playtime":456,"items_purged":["Doubt"],"score":141,"play_id":"5d7fe0fa-7b05-4106-a07d-4325e5b5de20","local_time":"20201224204647","is_ascension_mode":true,"campfire_choices":[{"data":"Metallicize","floor":11,"key":"SMITH"}],"circlet_count":0,"master_deck":["Strike_R","Strike_R","Strike_R","Strike_R","Strike_R","Defend_R","Defend_R","Defend_R","Defend_R","Bash","Rage","Cleave","Clash","Metallicize+1","Dropkick","Second Wind+1","Thunderclap","Ghostly Armor+1"],"relics":["Coffee Dripper","Regal Pillow","Frozen Eye","Toxic Egg 2","Toy Ornithopter"],"acts_visited":["Exordium"],"potions_floor_usage":[6,8],"damage_taken":[{"damage":0,"enemies":"2 Louse","floor":1,"turns":4},{"damage":0,"enemies":"Small Slimes","floor":2,"turns":4},{"damage":0,"enemies":"Cultist","floor":3,"turns":3},{"damage":4,"enemies":"Exordium Wildlife","floor":4,"turns":3},{"damage":40,"enemies":"Lagavulin","floor":6,"turns":7},{"damage":14,"enemies":"3 Sentries","floor":8,"turns":9},{"damage":14,"enemies":"Exordium Thugs","floor":10,"turns":6},{"damage":3,"enemies":"Large Slime","floor":12,"turns":4},{"damage":27,"enemies":"Gremlin Nob","floor":13,"turns":3}],"seed_played":"-4452766560862040282","potions_obtained":[{"floor":1,"key":"AttackPotion"},{"floor":4,"key":"BloodPotion"},{"floor":8,"key":"Dexterity Potion"},{"floor":12,"key":"Dexterity Potion"}],"is_trial":false,"path_per_floor":["M","M","M","M","?","E","$","E","T","M","R","M","E"],"character_chosen":"IRONCLAD","items_purchased":["Dropkick","Frozen Eye"],"campfire_rested":0,"item_purchase_floors":[7,7],"current_hp_per_floor":[72,72,72,68,68,28,28,30,30,16,16,13,0,0],"gold":158,"neow_bonus":"BOSS_RELIC","is_daily":false,"chose_seed":false,"campfire_upgraded":1,"win_rate":0.0,"timestamp":1608839207,"path_taken":["M","M","M","M","?","E","$","E","T","M","R","M","E"],"items_purchased_type":["Card","Relic"],"build_version":"2020-12-22","purchased_purges":1,"victory":false,"max_hp_per_floor":[80,80,80,80,80,80,80,80,80,80,80,80,80,80],"card_choices":[{"not_picked":["Combust","True Grit"],"picked":"Rage","floor":1},{"not_picked":["Infernal Blade","Perfected Strike"],"picked":"Cleave","floor":2},{"not_picked":["Havoc","Intimidate"],"picked":"Clash","floor":3},{"not_picked":["Rage","Berserk","True Grit"],"picked":"SKIP","floor":4},{"not_picked":["Seeing Red","Rampage"],"picked":"Metallicize","floor":6},{"not_picked":["Searing Blow","Entrench+1"],"picked":"Second Wind+1","floor":8},{"not_picked":["Reckless Charge","Perfected Strike"],"picked":"Thunderclap","floor":10},{"not_picked":["Seeing Red+1","Heavy Blade"],"picked":"Ghostly Armor+1","floor":12}],"player_experience":251893,"relics_obtained":[{"floor":6,"key":"Regal Pillow"},{"floor":8,"key":"Toxic Egg 2"},{"floor":9,"key":"Toy Ornithopter"}],"event_choices":[{"damage_healed":0,"gold_gain":175,"player_choice":"AGREE","damage_taken":0,"max_hp_gain":0,"max_hp_loss":0,"event_name":"Liars Game","floor":5,"gold_loss":0,"cards_obtained":["Doubt"]}],"is_beta":false,"boss_relics":[],"items_purged_floors":[7],"is_endless":false,"potions_floor_spawned":[1,4,8,12],"killed_by":"Gremlin Nob","ascension_level":9}}