{"host":"fjaupvxe7fzqrf4j","time":1608791096,"event":{"mods":["BaseMod","Minty Spire (QoL Compilation)","StSLib"],"gold_per_floor":[116,41,56,56,76,76,106,106,106,124,154,168,168,180,180,259,259,275,275,275,289,29,63,79,79,79,90,90,90,118,118,118,193,193,209,228,243,243,243,243],"floor_reached":39,"playtime":1913,"items_purged":["Strike_R","Cleave"],"score":872,"play_id":"03a302f9-c3e5-4db4-bff4-fd7bd62cd8ad","local_time":"20201224142456","is_ascension_mode":true,"campfire_choices":[{"data":"Bloodletting","floor":6.0,"key":"SMITH"},{"floor":8.0,"key":"REST"},{"data":"Rupture","floor":15.0,"key":"SMITH"},{"floor":25.0,"key":"REST"},{"data":"Body Slam","floor":28.0,"key":"SMITH"},{"floor":32.0,"key":"REST"}],"circlet_count":0,"master_deck":["AscendersBane","Bash","Spot Weakness","Bloodletting+1","Rupture+1","Hemokinesis","Feed","Shrug It Off","Impervious","Body Slam+1","Evolve","Demon Form","Barricade","Inflame","Shrug It Off","Dark Embrace","Shrug It Off","Decay","Offering","Power Through","True Grit+1","Shrug It Off+1"],"relics":["Velvet Choker","Incense Burner","Lizard Tail","Ancient Tea Set","Pandora\u0027s Box","White Beast Statue","Pear","Lantern","Philosopher\u0027s Stone"],"acts_visited":["Exordium","TheCity","TheBeyond"],"potions_floor_usage":[37,37,39],"damage_taken":[{"damage":12.0,"enemies":"Jaw Worm","floor":1.0,"turns":2.0},{"damage":4.0,"enemies":"2 Louse","floor":3.0,"turns":3.0},{"damage":0.0,"enemies":"Cultist","floor":5.0,"turns":2.0},{"damage":33.0,"enemies":"Gremlin Nob","floor":7.0,"turns":4.0},{"damage":11.0,"enemies":"Looter","floor":10.0,"turns":2.0},{"damage":13.0,"enemies":"3 Sentries","floor":11.0,"turns":8.0},{"damage":10.0,"enemies":"Blue Slaver","floor":12.0,"turns":5.0},{"damage":5.0,"enemies":"3 Louse","floor":14.0,"turns":4.0},{"damage":17.0,"enemies":"The Guardian","floor":16.0,"turns":13.0},{"damage":31.0,"enemies":"3 Byrds","floor":18.0,"turns":5.0},{"damage":15.0,"enemies":"Chosen","floor":21.0,"turns":4.0},{"damage":59.0,"enemies":"Slavers","floor":23.0,"turns":8.0},{"damage":16.0,"enemies":"Centurion and Healer","floor":24.0,"turns":6.0},{"damage":23.0,"enemies":"Snake Plant","floor":27.0,"turns":5.0},{"damage":37.0,"enemies":"Book of Stabbing","floor":30.0,"turns":5.0},{"damage":19.0,"enemies":"Automaton","floor":33.0,"turns":8.0},{"damage":4.0,"enemies":"3 Shapes","floor":35.0,"turns":5.0},{"damage":58.0,"enemies":"3 Darklings","floor":36.0,"turns":7.0},{"damage":23,"enemies":"Sphere and 2 Shapes","floor":37,"turns":10},{"damage":2,"enemies":"Jaw Worm Horde","floor":39,"turns":2}],"seed_played":"-1725479521266192884","potions_obtained":[{"floor":3.0,"key":"Regen Potion"},{"floor":10.0,"key":"Block Potion"},{"floor":11.0,"key":"SpeedPotion"},{"floor":12.0,"key":"Block Potion"},{"floor":23.0,"key":"Weak Potion"},{"floor":24.0,"key":"SkillPotion"},{"floor":30.0,"key":"Block Potion"},{"floor":33.0,"key":"PowerPotion"},{"floor":35.0,"key":"LiquidMemories"},{"floor":37,"key":"Weak Potion"}],"is_trial":false,"path_per_floor":["M","$","M","?","M","R","E","R","T","M","E","M","?","M","R","B",null,"M","?","?","M","$","E","M","R","T","M","R","T","E","?","R","B",null,"M","M","M","?","M"],"character_chosen":"IRONCLAD","items_purchased":["PowerPotion","Shrug It Off","BloodPotion"],"campfire_rested":3,"item_purchase_floors":[22,22,22],"current_hp_per_floor":[56,56,52,52,52,52,31,53,53,42,29,22,22,20,20,3,62,34,34,34,22,22,42,29,56,66,46,46,46,9,9,40,21,85,84,26,6,6,4,4],"gold":243,"neow_bonus":"BOSS_RELIC","is_daily":false,"chose_seed":false,"campfire_upgraded":3,"win_rate":0.0,"timestamp":1608791096,"path_taken":["M","$","M","?","M","R","E","R","T","M","E","M","?","M","R","BOSS","M","?","?","M","$","E","M","R","T","M","R","?","E","?","R","BOSS","M","M","M","?","M"],"items_purchased_type":["Potion","Card","Potion"],"build_version":"2020-12-22","purchased_purges":2,"victory":false,"max_hp_per_floor":[75,75,75,75,75,75,75,75,75,75,75,78,78,81,81,81,81,84,84,84,87,87,90,93,93,103,106,106,106,106,106,106,106,106,109,109,112,112,112,112],"card_choices":[{"not_picked":["Iron Wave","Body Slam","Wild Strike"],"picked":"SKIP","floor":1.0},{"not_picked":["Havoc","Thunderclap"],"picked":"Spot Weakness","floor":3.0},{"not_picked":["Perfected Strike","Double Tap"],"picked":"Bloodletting","floor":5.0},{"not_picked":["Flex","Spot Weakness"],"picked":"Rupture","floor":7.0},{"not_picked":["Body Slam","Armaments"],"picked":"Hemokinesis","floor":10.0},{"not_picked":["Flex","Wild Strike"],"picked":"Feed","floor":11.0},{"not_picked":["True Grit","Carnage"],"picked":"Shrug It Off","floor":12.0},{"not_picked":["Clash","Headbutt","True Grit"],"picked":"SKIP","floor":14.0},{"not_picked":["Juggernaut","Berserk"],"picked":"Impervious","floor":16.0},{"not_picked":["Inflame","Metallicize"],"picked":"Shrug It Off","floor":18.0},{"not_picked":["Clash","Flex"],"picked":"Dark Embrace","floor":21.0},{"not_picked":["Disarm","Wild Strike"],"picked":"Offering","floor":23.0},{"not_picked":["Infernal Blade","Perfected Strike","True Grit"],"picked":"SKIP","floor":24.0},{"not_picked":["Feel No Pain","Sword Boomerang","Seeing Red"],"picked":"SKIP","floor":27.0},{"not_picked":["Barricade","Headbutt+1","Double Tap"],"picked":"SKIP","floor":30.0},{"not_picked":["Juggernaut","Corruption"],"picked":"Offering","floor":33.0},{"not_picked":["Sever Soul","Twin Strike"],"picked":"Power Through","floor":35.0},{"not_picked":["Clash","Uppercut"],"picked":"True Grit+1","floor":36.0},{"not_picked":["Perfected Strike+1","Sword Boomerang"],"picked":"Shrug It Off+1","floor":37}],"player_experience":266093,"relics_obtained":[{"floor":7.0,"key":"Incense Burner"},{"floor":9.0,"key":"Lizard Tail"},{"floor":11.0,"key":"Ancient Tea Set"},{"floor":23.0,"key":"White Beast Statue"},{"floor":26.0,"key":"Pear"},{"floor":30.0,"key":"Lantern"}],"event_choices":[{"damage_healed":0.0,"max_hp_gain":0.0,"max_hp_loss":0.0,"gold_gain":0.0,"event_name":"Shining Light","player_choice":"Ignored","floor":4.0,"gold_loss":0.0,"damage_taken":0.0},{"cards_removed":["Strike_R"],"damage_healed":0.0,"max_hp_gain":0.0,"max_hp_loss":0.0,"gold_gain":0.0,"event_name":"Wheel of Change","player_choice":"Card Removal","floor":13.0,"gold_loss":0.0,"damage_taken":0.0},{"cards_removed":["Searing Blow"],"damage_healed":0.0,"max_hp_gain":0.0,"max_hp_loss":0.0,"gold_gain":0.0,"event_name":"Back to Basics","player_choice":"Elegance","floor":19.0,"gold_loss":0.0,"damage_taken":0.0},{"damage_healed":0.0,"max_hp_gain":0.0,"max_hp_loss":0.0,"gold_gain":0.0,"event_name":"Ghosts","player_choice":"Ignored","floor":20.0,"gold_loss":0.0,"damage_taken":0.0},{"damage_healed":0.0,"max_hp_gain":0.0,"max_hp_loss":0.0,"gold_gain":0.0,"event_name":"Forgotten Altar","player_choice":"Smashed Altar","floor":31.0,"gold_loss":0.0,"damage_taken":0.0,"cards_obtained":["Decay"]},{"cards_removed":["Offering"],"damage_healed":0,"gold_gain":0,"player_choice":"Removed Skill","damage_taken":0,"max_hp_gain":0,"max_hp_loss":0,"event_name":"Falling","floor":38,"gold_loss":0}],"is_beta":false,"boss_relics":[{"not_picked":["Fusion Hammer","Runic Cube"],"picked":"Pandora\u0027s Box"},{"not_picked":["Busted Crown","Astrolabe"],"picked":"Philosopher\u0027s Stone"}],"items_purged_floors":[2,22],"is_endless":false,"potions_floor_spawned":[3,10,11,12,23,24,27,30,33,35,36,37],"killed_by":"Jaw Worm Horde","ascension_level":17}}