{"host":"bjzqjr1ycgj8gt55","time":1608776495,"event":{"mods":["BaseMod","Better Altar","Better Match","Better Sensory Stone","Better Skull","Better Third Choice","Better Vampires","Block Reminder","Colored Map","Colored Powertips","Downfall","GifTheSpireLib","Minty Spire (QoL Compilation)","Shop Mod","StSLib","Waifu the Spire"],"gold_per_floor":[0,0,0,17,192,204,204,129,16,16,16,42,58,86,98,193,193,193,207,43,43,61,61,109,134,134,43,43,59,59,77,92,191,191,116,134,134,134,146,146,146,166,178,204,34,34,34,34,50,50],"floor_reached":51,"playtime":2093,"items_purged":[],"score":839,"play_id":"cf4ebb95-d0f2-4fc2-9007-0186dfde146f","local_time":"20201223202135","is_ascension_mode":true,"campfire_choices":[{"floor":1,"key":"RECALL"},{"data":"Guardian:Suspension","floor":8,"key":"SMITH"},{"data":"expansioncontent:DarkVoid","floor":11,"key":"SMITH"},{"data":"Guardian:BaubleBeam","floor":18,"key":"SMITH"},{"floor":23,"key":"REST"},{"data":"Guardian:Orbwalk","floor":26,"key":"SMITH"},{"floor":28,"key":"REST"},{"floor":30,"key":"REST"},{"data":"Guardian:TimeSifter","floor":35,"key":"SMITH"},{"data":"Guardian:ShieldSpikes","floor":40,"key":"SMITH"},{"floor":47,"key":"REST"}],"circlet_count":0,"master_deck":["Guardian:Strike_Guardian+1","Guardian:Strike_Guardian+1","Guardian:Strike_Guardian","Guardian:Defend_Guardian","Guardian:Defend_Guardian","Guardian:Defend_Guardian","Guardian:CurlUp","Guardian:TwinSlam","Guardian:AncientConstruct","Guardian:PolyBeam","Guardian:PiercingHide","Guardian:EvasiveProtocol","Guardian:Suspension+1","Guardian:VentSteam","expansioncontent:DarkVoid+1","Guardian:PrimingBeam","Guardian:Orbwalk+1","Guardian:BaubleBeam+1","Guardian:DonusPower+1","Guardian:ShieldSpikes+1","Guardian:EvasiveProtocol","Guardian:TimeSifter+1","Guardian:ChargeCore","Guardian:ExploitGems","expansioncontent:PolyBeam","Bandage Up","Guardian:BronzeArmor","Apotheosis"],"relics":["Guardian:ModeShifter","Mummified Hand","downfall:HeartBlessingRed","Gremlin Horn","Dead Branch","Whetstone","Philosopher\u0027s Stone","Guardian:BottledStasis","PreservedInsect","Torii","Sozu","downfall:HeartBlessingBlue","Regal Pillow","Mercury Hourglass"],"acts_visited":["Exordium","TheCity","TheBeyond"],"potions_floor_usage":[15,27,27,44],"damage_taken":[{"damage":0,"enemies":"downfall:FleeingMerchant","floor":3,"turns":4},{"damage":7,"enemies":"Jaw Worm","floor":4,"turns":4},{"damage":14,"enemies":"Cultist","floor":6,"turns":5},{"damage":0,"enemies":"downfall:FleeingMerchant","floor":9,"turns":4},{"damage":14,"enemies":"Gremlin Nob","floor":12,"turns":4},{"damage":0,"enemies":"2 Louse","floor":13,"turns":1},{"damage":2,"enemies":"Lagavulin","floor":14,"turns":5},{"damage":0,"enemies":"Blue Slaver","floor":15,"turns":2},{"damage":32,"enemies":"downfall:Ironclad","floor":16,"turns":6},{"damage":4,"enemies":"Spheric Guardian","floor":19,"turns":4},{"damage":18,"enemies":"downfall:FleeingMerchant","floor":20,"turns":4},{"damage":10,"enemies":"Snecko","floor":22,"turns":4},{"damage":12,"enemies":"Book of Stabbing","floor":25,"turns":4},{"damage":30,"enemies":"downfall:FleeingMerchant","floor":27,"turns":3},{"damage":0,"enemies":"Cultist and Chosen","floor":29,"turns":3},{"damage":0,"enemies":"Sentry and Sphere","floor":31,"turns":3},{"damage":0,"enemies":"Chosen and Byrds","floor":32,"turns":3},{"damage":0,"enemies":"downfall:Watcher","floor":33,"turns":1},{"damage":0,"enemies":"Orb Walker","floor":36,"turns":3},{"damage":1,"enemies":"3 Shapes","floor":39,"turns":3},{"damage":10,"enemies":"3 Darklings","floor":42,"turns":3},{"damage":22,"enemies":"Sphere and 2 Shapes","floor":43,"turns":3},{"damage":0,"enemies":"Reptomancer","floor":44,"turns":2},{"damage":0,"enemies":"4 Shapes","floor":49,"turns":3},{"damage":11,"enemies":"downfall:Defect","floor":50,"turns":5}],"seed_played":"-6591095395716965847","potions_obtained":[{"floor":4,"key":"SteroidPotion"},{"floor":6,"key":"Explosive Potion"},{"floor":16,"key":"Energy Potion"},{"floor":25,"key":"SpeedPotion"},{"floor":31,"key":"FearPotion"},{"floor":32,"key":"hexamod:EctoCoolerPotion"},{"floor":33,"key":"PowerPotion"}],"is_trial":false,"path_per_floor":["R","?","$","M","?","M","T","R","$","T","R","E","M","E","M","B",null,"R","M","$","?","M","R","T","E","R","$","R","M","R","M","M","B",null,"R","M","?","?","M","R","T","M","M","E","$","?","R","?","M","B",null],"character_chosen":"GUARDIAN","items_purchased":["expansioncontent:DarkVoid","Guardian:BottledStasis","Guardian:ShieldSpikes","Torii","Guardian:EvasiveProtocol","Apotheosis"],"campfire_rested":4,"item_purchase_floors":[9,20,27,27,27,45],"current_hp_per_floor":[80,80,80,73,73,59,59,59,59,59,59,45,45,43,43,11,80,80,76,58,58,48,72,72,60,60,30,54,54,78,78,78,78,80,90,90,90,90,89,89,89,83,61,65,65,65,90,90,90,79],"gold":50,"neow_bonus":"TRANSFORM_TWO_CARDS","is_daily":false,"chose_seed":false,"campfire_upgraded":6,"win_rate":0.0,"timestamp":1608776495,"path_taken":["R","?","?","M","?","M","T","R","?","?","R","E","M","E","M","BOSS","R","M","$","?","M","R","T","E","R","$","R","M","R","M","M","BOSS","R","M","?","?","M","R","T","M","M","E","$","?","R","?","M","BOSS"],"items_purchased_type":["Card","Relic","Card","Relic","Card","Card"],"build_version":"2020-12-22","purchased_purges":0,"victory":true,"max_hp_per_floor":[80,80,80,80,80,80,80,80,80,80,80,80,80,80,80,80,80,80,80,80,80,80,80,80,80,80,80,80,80,80,80,80,80,80,90,90,90,90,90,90,90,90,90,90,90,90,90,90,90,90],"card_choices":[{"not_picked":["Guardian:Recover","Guardian:ArmoredProtocol"],"picked":"Guardian:PiercingHide","floor":3},{"not_picked":["Guardian:Recover","Guardian:Gem_Green"],"picked":"Guardian:EvasiveProtocol","floor":4},{"not_picked":["Guardian:DecasProtection","Guardian:Recover"],"picked":"Guardian:Suspension","floor":6},{"not_picked":["Guardian:CompilePackage","Guardian:CrystalBeam"],"picked":"Guardian:VentSteam","floor":9},{"not_picked":["Guardian:Preprogram","Guardian:Emergency"],"picked":"Guardian:PrimingBeam","floor":12},{"not_picked":["Guardian:ShieldCharger","Guardian:GuardianWhirl"],"picked":"Guardian:Orbwalk","floor":13},{"not_picked":["Guardian:GuardianWhirl","Guardian:TemporalShield"],"picked":"Guardian:Gem_Red","floor":14},{"not_picked":["Guardian:BronzeOrb","Guardian:Emergency"],"picked":"Guardian:Gem_Red","floor":15},{"not_picked":["Guardian:FierceBash","Guardian:GemFinder"],"picked":"Guardian:BaubleBeam","floor":16},{"not_picked":["Guardian:GuardianWhirl+1","Guardian:CrystalBeam"],"picked":"Guardian:Gem_Cyan","floor":19},{"not_picked":["Guardian:Suspension","Guardian:AncientConstruct"],"picked":"Guardian:DonusPower+1","floor":20},{"not_picked":["Guardian:Gem_Cyan","Guardian:Gem_Lightblue"],"picked":"Guardian:Gem_Green","floor":22},{"not_picked":["Guardian:Gem_Cyan","Guardian:Gem_Lightblue"],"picked":"Guardian:Gem_Purple","floor":25},{"not_picked":["Guardian:Gem_White","Guardian:CrystalBeam"],"picked":"Guardian:Incinerate","floor":27},{"not_picked":["Guardian:Gem_Fragmented","Guardian:DecasProtection"],"picked":"Guardian:TimeSifter","floor":29},{"not_picked":["Guardian:Reroute","Guardian:RollAttack","Guardian:BronzeOrb"],"picked":"SKIP","floor":31},{"not_picked":["Guardian:Gem_Purple","Guardian:GuardianWhirl"],"picked":"Guardian:ChargeCore","floor":32},{"not_picked":["Guardian:BaubleBeam","Guardian:FierceBash"],"picked":"Guardian:ExploitGems","floor":33},{"not_picked":["Guardian:ChargeCore+1","Guardian:Clone","Guardian:SentryBeam"],"picked":"SKIP","floor":36},{"not_picked":["expansioncontent:LastStand","expansioncontent:TimeRipple"],"picked":"expansioncontent:PolyBeam","floor":37},{"not_picked":["Mind Blast","HandOfGreed"],"picked":"Bandage Up","floor":38},{"not_picked":["Guardian:RollAttack+1","Guardian:Clone"],"picked":"Guardian:BronzeArmor","floor":39},{"not_picked":["Guardian:Gem_Purple","Guardian:RollAttack","Guardian:Incinerate"],"picked":"SKIP","floor":42},{"not_picked":["Guardian:PrismaticBeam","Guardian:Gem_Red","Guardian:Reroute"],"picked":"SKIP","floor":43},{"not_picked":["Guardian:PrismaticBeam+1","Guardian:FastForward","Guardian:VentSteam+1"],"picked":"SKIP","floor":44},{"not_picked":["Guardian:WalkerClaw","Guardian:ChargeCore+1","Guardian:CrystalBeam"],"picked":"SKIP","floor":49}],"player_experience":101122,"relics_obtained":[{"floor":7,"key":"Mummified Hand"},{"floor":10,"key":"Gremlin Horn"},{"floor":12,"key":"Dead Branch"},{"floor":14,"key":"Whetstone"},{"floor":25,"key":"PreservedInsect"},{"floor":41,"key":"Regal Pillow"},{"floor":44,"key":"Mercury Hourglass"}],"event_choices":[{"damage_healed":0,"gold_gain":3,"player_choice":"1","damage_taken":0,"max_hp_gain":0,"max_hp_loss":0,"event_name":"betterStone:BetterStone","floor":38,"gold_loss":0},{"cards_removed":["Guardian:Incinerate"],"damage_healed":0,"gold_gain":0,"player_choice":"Removed Attack","damage_taken":0,"max_hp_gain":0,"max_hp_loss":0,"event_name":"Falling","floor":46,"gold_loss":0}],"is_beta":false,"boss_relics":[{"not_picked":["Cursed Key","Runic Pyramid"],"picked":"Philosopher\u0027s Stone"},{"not_picked":["Runic Dome","Astrolabe"],"picked":"Sozu"}],"items_purged_floors":[],"is_endless":false,"potions_floor_spawned":[4,6,16,25,31,32,33,36,39,49],"ascension_level":1}}