{"host":"f0mljg7feog5bxid","time":1608841061,"event":{"mods":["BaseMod","Friendly Minions","Gremlin Mod","Infinite Spire","Kiyohime????","Marisa????????","Minty Spire (QoL Compilation)","Remilia??????","Replay The Spire","StSLib","The Servant 0.9.4"],"gold_per_floor":[117,130,130,142,142,142,155,184,184,195,195,215,267,287,287,392,392,392,392],"floor_reached":18,"playtime":1386,"items_purged":[],"score":214,"play_id":"bc3ff0f1-12db-491a-a14e-d2bca5201380","local_time":"20201224151741","daily_mods":["Heirloom"],"is_ascension_mode":false,"campfire_choices":[{"data":"infinitespire:SevenWalls","floor":6,"key":"SMITH"},{"data":"Tools of the Trade","floor":11,"key":"SMITH"},{"data":"Toxin Wave","floor":15,"key":"SMITH"}],"circlet_count":0,"master_deck":["Strike_G","Strike_G","Strike_G","Strike_G","Strike_G","Defend_G","Defend_G","Defend_G","Defend_G","Defend_G","Survivor","Neutralize","Bane","Outmaneuver","infinitespire:SevenWalls+1","Toxin Wave+1","Regret","Sucker Punch","Tools of the Trade+1","PiercingWail","Dodge and Roll","Deadly Poison","ReplayTheSpireMod:From All Sides"],"relics":["Ring of the Snake","Shovel","White Beast Statue","infinitespire:FocusingShard","Singing Bowl","Replay:Grab Bag","Replay:Bronze Core","Ectoplasm","SacredBark","Runic Pyramid"],"acts_visited":["Exordium","TheCity"],"potions_floor_usage":[8,8,14,16,16,16,18],"damage_taken":[{"damage":0,"enemies":"Cultist","floor":1,"turns":5},{"damage":0,"enemies":"2 Louse","floor":2,"turns":4},{"damage":0,"enemies":"Jaw Worm","floor":4,"turns":2},{"damage":0,"enemies":"Blue Slaver","floor":7,"turns":4},{"damage":19,"enemies":"Lagavulin","floor":8,"turns":7},{"damage":0,"enemies":"2 Fungi Beasts","floor":10,"turns":2},{"damage":0,"enemies":"Looter","floor":12,"turns":3},{"damage":0,"enemies":"Exordium Thugs","floor":14,"turns":3},{"damage":0,"enemies":"The Guardian","floor":16,"turns":9},{"damage":0,"enemies":"3 Byrds","floor":18,"turns":4}],"seed_played":"4407260151744440416","potions_obtained":[{"floor":4,"key":"Explosive Potion"},{"floor":7,"key":"Adrenaline Potion"},{"floor":8,"key":"Strength Potion"},{"floor":10,"key":"PowerPotion"},{"floor":12,"key":"Doom Potion"},{"floor":14,"key":"BlessingOfTheForge"},{"floor":16,"key":"SpeedPotion"}],"is_trial":true,"path_per_floor":["M","M","?","M","?","R","M","E","T","M","R","M","?","M","R","B",null,"M"],"character_chosen":"THE_SILENT","items_purchased":[],"campfire_rested":0,"item_purchase_floors":[],"current_hp_per_floor":[70,70,53,53,53,53,53,34,34,34,34,34,34,34,34,34,70,70,70],"gold":392,"neow_bonus":"","is_daily":false,"chose_seed":false,"campfire_upgraded":3,"win_rate":0.0,"timestamp":1608841061,"path_taken":["M","M","?","M","?","R","?","E","T","M","R","M","?","M","R","BOSS","M"],"items_purchased_type":[],"build_version":"2020-12-22","purchased_purges":0,"victory":false,"max_hp_per_floor":[70,70,70,70,70,70,70,70,70,70,70,70,70,70,70,70,70,70,70],"card_choices":[{"not_picked":["Sneak Up","Backflip"],"picked":"Bane","floor":1},{"not_picked":["Tactician","ReplayTheSpireMod:Exploit Weakness"],"picked":"Outmaneuver","floor":2},{"not_picked":["ReplayTheSpireMod:Chaos Vortex","infinitespire:Execution"],"picked":"infinitespire:SevenWalls","floor":3},{"not_picked":["Hidden Blade","Sucker Punch"],"picked":"Toxin Wave","floor":4},{"not_picked":["Flying Knee","Underhanded Strike"],"picked":"Sucker Punch","floor":7},{"not_picked":["Flying Knee","Sucker Punch"],"picked":"Tools of the Trade","floor":8},{"not_picked":["Poisoned Stab","Prepared"],"picked":"PiercingWail","floor":10},{"not_picked":["Sucker Punch","Skewer"],"picked":"Dodge and Roll","floor":12},{"not_picked":["Hidden Blade","Outmaneuver"],"picked":"Deadly Poison","floor":14},{"not_picked":["Glass Knife","Phantasmal Killer"],"picked":"ReplayTheSpireMod:From All Sides","floor":16}],"player_experience":204000,"relics_obtained":[{"floor":8,"key":"infinitespire:FocusingShard"},{"floor":9,"key":"Singing Bowl"}],"event_choices":[{"damage_healed":0,"gold_gain":0,"player_choice":"Box","damage_taken":0,"relics_obtained":["White Beast Statue"],"max_hp_gain":0,"max_hp_loss":0,"event_name":"Big Fish","floor":5,"gold_loss":0,"cards_obtained":["Regret"]},{"damage_healed":0,"gold_gain":52,"player_choice":"Gained Gold","damage_taken":0,"max_hp_gain":0,"max_hp_loss":0,"event_name":"Golden Wing","floor":13,"gold_loss":0}],"is_beta":false,"boss_relics":[{"not_picked":["Empty Cage","Black Star"],"picked":"Replay:Grab Bag"},{"not_picked":["Runic Dome","Busted Crown"],"picked":"Replay:Bronze Core"},{"not_picked":["Abe\u0027s Treasure","Coffee Dripper"],"picked":"Ectoplasm"},{"not_picked":["Astrolabe","ReplayTheSpireMod:SealedPack"],"picked":"SacredBark"},{"not_picked":["Pandora\u0027s Box","Snecko Scales"],"picked":"Runic Pyramid"}],"items_purged_floors":[],"is_endless":false,"potions_floor_spawned":[4,7,8,10,12,14,16],"killed_by":"3 Byrds","ascension_level":0}}