{"host":"xko5sdb82mf02c09","time":1608839057,"event":{"mods":["AchievementEnabler","BaseMod","Colored Map","Minty Spire (QoL Compilation)","StSLib","everything is the same but u backflip on backflip"],"gold_per_floor":[115,135,135,153,153,192,212,212,212,212,231,231,406,421,421,542,542,567,567,161,161,177,215,238,93,169,169,169,0,0,17,17,118,118,130,177,192,202,29,29,46,0,47,47,47,74,86,117,117,117],"floor_reached":51,"playtime":2108,"items_purged":["Strike_B"],"score":900,"play_id":"418d3d86-b2f1-456d-a8a9-c7cb965422db","local_time":"20201225044417","is_ascension_mode":false,"campfire_choices":[{"data":"Defragment","floor":8,"key":"SMITH"},{"data":"Beam Cell","floor":10,"key":"SMITH"},{"data":"Loop","floor":12,"key":"SMITH"},{"data":"Zap","floor":15,"key":"SMITH"},{"data":"Creative AI","floor":27,"key":"SMITH"},{"data":"Defragment","floor":30,"key":"SMITH"},{"data":"Capacitor","floor":32,"key":"SMITH"},{"data":"Electrodynamics","floor":40,"key":"SMITH"},{"data":"Loop","floor":44,"key":"SMITH"},{"data":"Heatsinks","floor":49,"key":"SMITH"}],"circlet_count":0,"master_deck":["Defend_B","Defend_B","Defend_B","Defend_B","Zap+1","Loop+1","Glacier","Beam Cell+1","Defragment+1","Steam","Aggregate+1","Loop+1","Creative AI+1","Seek+1","Seek+1","Static Discharge+1","Defragment+1","Metamorphosis+1","Capacitor+1","Glacier+1","Redo+1","Coolheaded+1","Finesse+1","Auto Shields+1","Electrodynamics+1","BootSequence+1","Stack+1","Cold Snap+1","Reinforced Body+1","Flash of Steel","Hologram+1","Pain","Heatsinks+1","Storm","Chaos+1"],"relics":["Cracked Core","Oddly Smooth Stone","Bloody Idol","Eternal Feather","Toxic Egg 2","Astrolabe","Pantograph","Nunchaku","Mummified Hand","Nuclear Battery","Ice Cream","Red Mask","Bag of Marbles","WarpedTongs","Bottled Flame","Juzu Bracelet"],"acts_visited":["Exordium","TheCity","TheBeyond"],"potions_floor_usage":[6,6,16,16,41,50,50,50],"damage_taken":[{"damage":1,"enemies":"Small Slimes","floor":1,"turns":3},{"damage":0,"enemies":"2 Louse","floor":2,"turns":2},{"damage":0,"enemies":"Jaw Worm","floor":4,"turns":5},{"damage":14,"enemies":"Lagavulin","floor":6,"turns":6},{"damage":13,"enemies":"Exordium Wildlife","floor":7,"turns":5},{"damage":6,"enemies":"Blue Slaver","floor":11,"turns":3},{"damage":0,"enemies":"Large Slime","floor":14,"turns":8},{"damage":20,"enemies":"The Guardian","floor":16,"turns":14},{"damage":6,"enemies":"Chosen","floor":18,"turns":6},{"damage":0,"enemies":"3 Byrds","floor":22,"turns":4},{"damage":53,"enemies":"Gremlin Leader","floor":23,"turns":4},{"damage":12,"enemies":"Centurion and Healer","floor":24,"turns":5},{"damage":2,"enemies":"Snecko","floor":31,"turns":4},{"damage":0,"enemies":"Automaton","floor":33,"turns":7},{"damage":9,"enemies":"Orb Walker","floor":35,"turns":4},{"damage":35,"enemies":"2 Orb Walkers","floor":36,"turns":3},{"damage":13,"enemies":"3 Darklings","floor":37,"turns":4},{"damage":0,"enemies":"Sphere and 2 Shapes","floor":38,"turns":4},{"damage":10,"enemies":"Jaw Worm Horde","floor":41,"turns":3},{"damage":58,"enemies":"Reptomancer","floor":46,"turns":6},{"damage":0,"enemies":"4 Shapes","floor":47,"turns":3},{"damage":2,"enemies":"Giant Head","floor":48,"turns":6},{"damage":32,"enemies":"Awakened One","floor":50,"turns":5}],"seed_played":"7672702423596722322","potions_obtained":[{"floor":1,"key":"Explosive Potion"},{"floor":2,"key":"DistilledChaos"},{"floor":6,"key":"Weak Potion"},{"floor":14,"key":"SneckoOil"},{"floor":31,"key":"FairyPotion"},{"floor":37,"key":"FearPotion"},{"floor":41,"key":"FocusPotion"},{"floor":46,"key":"EntropicBrew"}],"is_trial":false,"path_per_floor":["M","M","?","M","?","E","M","R","T","R","M","R","?","M","R","B",null,"M","?","$","?","M","E","M","$","T","R","?","?","R","M","R","B",null,"M","?","M","M","$","R","M","?","T","R","?","E","M","E","R","B",null],"character_chosen":"DEFECT","items_purchased":["Metamorphosis+1","Capacitor","Glacier+1","Finesse+1","Block Potion","Reinforced Body+1","Flash of Steel"],"campfire_rested":0,"item_purchase_floors":[20,20,20,25,25,39,39],"current_hp_per_floor":[74,74,56,56,49,35,22,28,28,34,28,37,37,37,46,26,75,69,69,69,69,69,16,4,4,4,16,16,16,28,31,43,73,75,71,41,33,38,38,56,51,51,56,74,74,21,26,29,50,43],"gold":117,"neow_bonus":"RANDOM_COMMON_RELIC","is_daily":false,"chose_seed":false,"campfire_upgraded":10,"win_rate":0.0,"timestamp":1608839057,"path_taken":["M","M","?","M","?","E","M","R","T","R","M","R","?","M","R","BOSS","M","?","$","?","M","E","M","$","T","R","?","?","R","M","R","BOSS","M","?","M","M","$","R","M","?","T","R","?","E","M","E","R","BOSS"],"items_purchased_type":["Card","Card","Card","Card","Potion","Card","Card"],"build_version":"2020-12-22","purchased_purges":1,"victory":true,"max_hp_per_floor":[75,75,75,75,75,75,75,75,75,75,75,75,75,75,75,75,75,75,75,75,75,75,75,75,75,75,75,75,75,75,75,75,75,75,75,75,75,75,75,75,75,75,75,75,75,75,75,75,75,75],"card_choices":[{"not_picked":["Chaos","Tempest"],"picked":"Loop","floor":1},{"not_picked":["Stack","Barrage"],"picked":"Glacier","floor":2},{"not_picked":["Tempest","Skim"],"picked":"Beam Cell","floor":4},{"not_picked":["Rebound","Glacier"],"picked":"Defragment","floor":6},{"not_picked":["Fusion","Turbo"],"picked":"Steam","floor":7},{"not_picked":["Redo+1","Chaos+1"],"picked":"Aggregate+1","floor":11},{"not_picked":["Turbo+1","Streamline"],"picked":"Loop","floor":14},{"not_picked":["Meteor Strike","All For One"],"picked":"Creative AI","floor":16},{"not_picked":["Redo+1","Go for the Eyes"],"picked":"Defragment","floor":18},{"not_picked":["Barrage","Streamline","Doom and Gloom"],"picked":"SKIP","floor":22},{"not_picked":["Gash","Ball Lightning"],"picked":"Redo+1","floor":23},{"not_picked":["Cold Snap","Sweeping Beam"],"picked":"Coolheaded+1","floor":24},{"not_picked":["Rip and Tear+1","Ball Lightning+1"],"picked":"Auto Shields+1","floor":31},{"not_picked":["Reboot+1","Meteor Strike"],"picked":"Electrodynamics","floor":33},{"not_picked":["Sunder","Streamline"],"picked":"BootSequence+1","floor":35},{"not_picked":["Genetic Algorithm+1","Beam Cell+1"],"picked":"Stack+1","floor":36},{"not_picked":["Go for the Eyes","Sweeping Beam+1"],"picked":"Cold Snap+1","floor":37},{"not_picked":["Ball Lightning","Beam Cell","Doom and Gloom+1"],"picked":"SKIP","floor":38},{"not_picked":["Cold Snap","Sweeping Beam"],"picked":"Hologram+1","floor":41},{"not_picked":["Recycle+1","Fusion+1"],"picked":"Heatsinks","floor":46},{"not_picked":["Beam Cell+1","Consume+1"],"picked":"Storm","floor":47},{"not_picked":["Redo+1","Meteor Strike"],"picked":"Chaos+1","floor":48}],"player_experience":462588,"relics_obtained":[{"floor":6,"key":"Eternal Feather"},{"floor":9,"key":"Toxic Egg 2"},{"floor":23,"key":"Nunchaku"},{"floor":26,"key":"Mummified Hand"},{"floor":36,"key":"Ice Cream"},{"floor":43,"key":"Bag of Marbles"},{"floor":46,"key":"Bottled Flame"},{"floor":48,"key":"Juzu Bracelet"}],"event_choices":[{"damage_healed":0,"gold_gain":0,"player_choice":"Take Damage","damage_taken":18,"relics_obtained":["Golden Idol"],"max_hp_gain":0,"max_hp_loss":0,"event_name":"Golden Idol","floor":3,"gold_loss":0},{"cards_removed":["Dualcast"],"damage_healed":0,"gold_gain":0,"player_choice":"Card Removal","damage_taken":7,"max_hp_gain":0,"max_hp_loss":0,"event_name":"Golden Wing","floor":5,"gold_loss":0},{"damage_healed":0,"gold_gain":175,"player_choice":"AGREE","damage_taken":0,"max_hp_gain":0,"max_hp_loss":0,"event_name":"Liars Game","floor":13,"gold_loss":0,"cards_obtained":["Doubt"]},{"cards_removed":["Doubt"],"damage_healed":0,"gold_gain":0,"player_choice":"Elegance","damage_taken":0,"max_hp_gain":0,"max_hp_loss":0,"event_name":"Back to Basics","floor":19,"gold_loss":0},{"damage_healed":0,"gold_gain":0,"player_choice":"Opened","damage_taken":0,"relics_obtained":["Pantograph"],"max_hp_gain":0,"max_hp_loss":0,"event_name":"The Mausoleum","floor":21,"gold_loss":0},{"damage_healed":0,"gold_gain":0,"player_choice":"Gave Idol","damage_taken":0,"relics_obtained":["Bloody Idol"],"max_hp_gain":0,"max_hp_loss":0,"event_name":"Forgotten Altar","floor":28,"relics_lost":["Golden Idol"],"gold_loss":0},{"damage_healed":0,"gold_gain":0,"player_choice":"Paid Fearfully","damage_taken":0,"max_hp_gain":0,"max_hp_loss":0,"event_name":"Masked Bandits","floor":29,"gold_loss":169},{"damage_healed":0,"gold_gain":0,"player_choice":"Fight","damage_taken":0,"max_hp_gain":0,"max_hp_loss":0,"event_name":"Mysterious Sphere","floor":36,"gold_loss":0},{"damage_healed":0,"gold_gain":0,"player_choice":"Paid","damage_taken":0,"relics_obtained":["Red Mask"],"max_hp_gain":0,"max_hp_loss":0,"event_name":"Tomb of Lord Red Mask","floor":42,"gold_loss":46},{"damage_healed":0,"gold_gain":0,"player_choice":"Rummage","damage_taken":0,"relics_obtained":["WarpedTongs"],"max_hp_gain":0,"max_hp_loss":0,"event_name":"Accursed Blacksmith","floor":45,"gold_loss":0,"cards_obtained":["Pain"]}],"is_beta":false,"boss_relics":[{"not_picked":["Fusion Hammer","SacredBark"],"picked":"Astrolabe"},{"not_picked":["Busted Crown","Runic Dome"],"picked":"Nuclear Battery"}],"items_purged_floors":[20],"is_endless":false,"potions_floor_spawned":[1,2,6,14,31,37,41,46,47],"ascension_level":0}}