{"host":"ds3v42j7tpaaz1mg","time":1608789483,"event":{"mods":["AchievementEnabler","Aspiration","BaseMod","Beaked The Cultist","Bestiary","Better Altar","Better Note","Better Sensory Stone","BetterRewards","Block Reminder","Colored Powertips","Conspire","Downfall","Energized Spire","Halation","Hermit","Highlight Path","Hubris","Infinite Spire","Jorbs\u0027s Wanderer Trilogy","Minty Spire (QoL Compilation)","Relic Stats","Replay The Spire","StSLib","The Death Knight","The Elementalist","The Servant 0.9.4","vexMod"],"gold_per_floor":[113,164,181,35,53,78,95,95,95,95,121,121,133,150,150,255,255,267,267,267,285,302,302,302,319,319,319,352,366,366,376,376,499,499,551,607,607,666,728,728,802,802,855,855,141,166,193,240,240,240],"floor_reached":51,"playtime":2173,"items_purged":["Amnesia","hubris:Compulsion"],"score":1429,"play_id":"8b02df29-0fbb-401c-8f38-ec324faea8fb","local_time":"20201224005803","is_ascension_mode":true,"campfire_choices":[{"floor":23,"key":"REST"},{"data":"Corruption","floor":27,"key":"SMITH"},{"floor":32,"key":"REST"},{"data":"Sentinel","floor":40,"key":"SMITH"},{"data":"Massacre","floor":42,"key":"SMITH"},{"data":"Double Tap","floor":49,"key":"SMITH"}],"circlet_count":0,"master_deck":["Strike_R","Strike_R","Strike_R","Strike_R","Strike_R","Defend_R","Defend_R","Defend_R","Defend_R","Bash","Twin Strike+1","Whirlwind+1","Thunderclap","Spot Weakness+1","conspire:ExplosiveBarrier","Hemogenesis","Corruption+1","Massacre+1","Flex","Dark Embrace+1","Feel No Pain","Sentinel+1","Limit Break","Double Tap+1","Defy Death+1","Shockwave+1","Defy Death","Replay:SS_fish_2","Heavy Blade+1"],"relics":["Burning Blood","aspiration:ArtOfWarUpgrade","Brimstone","infinitespire:CursedDice","TungstenRod","Ornamental Fan","Sundial","Black Star","Cursed Key","Nloth\u0027s Gift","FossilizedHelix","Bronze Scales","hubris:GlazedTorus","vexMod:Cooldron","Strawberry","Blood Vial","infinitespire:EvilPickle","vexMod:DeviousBotling","Replay:Lucky Slots","Anchor","aspiration:Lifesprig","Garlic","Lizard Tail","Replay:Bottled Flurry","halation:LettersToHer"],"acts_visited":["Exordium","TheCity","TheBeyond"],"potions_floor_usage":[13,22,25,25,31,31,31,31,31,33,33,33,35,35,35,35,35,35,39,41,41,41,41,46,46,46,46,46,46,46,46,46,46,46,47,48,48,48,50,50,50,50,50,50],"damage_taken":[{"damage":1,"enemies":"Cultist","floor":1,"turns":4},{"damage":8,"enemies":"2 Louse","floor":3,"turns":2},{"damage":3,"enemies":"Jaw Worm","floor":5,"turns":3},{"damage":18,"enemies":"Gremlin Nob","floor":6,"turns":3},{"damage":0,"enemies":"Exordium Thugs","floor":7,"turns":3},{"damage":11,"enemies":"3 Sentries","floor":11,"turns":3},{"damage":5,"enemies":"Lots of Slimes","floor":13,"turns":3},{"damage":0,"enemies":"Large Slime","floor":14,"turns":3},{"damage":46,"enemies":"Hexaghost","floor":16,"turns":5},{"damage":39,"enemies":"3 Byrds","floor":18,"turns":4},{"damage":8,"enemies":"Chosen","floor":21,"turns":3},{"damage":0,"enemies":"3 Cultists","floor":22,"turns":2},{"damage":42,"enemies":"Sentry and Sphere","floor":25,"turns":5},{"damage":11,"enemies":"Gremlin Leader","floor":28,"turns":5},{"damage":0,"enemies":"Cultist and Chosen","floor":29,"turns":3},{"damage":0,"enemies":"Centurion and Healer","floor":31,"turns":5},{"damage":21,"enemies":"Pondfish","floor":33,"turns":9},{"damage":5,"enemies":"3 Darklings","floor":35,"turns":4},{"damage":10,"enemies":"Orb Walker","floor":36,"turns":3},{"damage":13,"enemies":"3 Darklings","floor":38,"turns":3},{"damage":0,"enemies":"Jaw Worm Horde","floor":39,"turns":2},{"damage":0,"enemies":"Transient","floor":41,"turns":5},{"damage":0,"enemies":"Giant Head","floor":46,"turns":5},{"damage":27,"enemies":"Sphere and 2 Shapes","floor":47,"turns":4},{"damage":0,"enemies":"Nemesis","floor":48,"turns":5},{"damage":51,"enemies":"Donu and Deca","floor":50,"turns":5}],"seed_played":"-2308742469553548674","potions_obtained":[{"floor":5,"key":"Ancient Potion"},{"floor":7,"key":"Elixir"},{"floor":11,"key":"Fire Potion"},{"floor":16,"key":"Guardian:BlockOnCardUsePotion"},{"floor":19,"key":"AttackPotion"},{"floor":19,"key":"Strength Potion"},{"floor":31,"key":"EntropicBrew"},{"floor":33,"key":"EntropicBrew"},{"floor":38,"key":"EntropicBrew"},{"floor":41,"key":"EntropicBrew"},{"floor":47,"key":"EntropicBrew"},{"floor":48,"key":"EntropicBrew"}],"is_trial":false,"path_per_floor":["M","T","M","$","M","E","M","?","T","$","E","R","M","M","R","B",null,"M","?","AVR","M","M","R","?","M","T","R","E","M","$","M","R","B",null,"M","M","AVR","M","M","R","M","R","T","?","$","E","M","E","R","B",null],"character_chosen":"IRONCLAD","items_purchased":["Twin Strike","Brimstone","vexMod:Cooldron","Strawberry","Blood Vial","LifebloodPotion","EntropicBrew","EntropicBrew","EntropicBrew","EntropicBrew","Defy Death","Replay:SS_fish_2","aspiration:Lifesprig"],"campfire_rested":2,"item_purchase_floors":[0,4,30,30,30,30,30,45,45,45,45,45,45],"current_hp_per_floor":[77,77,75,75,78,66,72,72,72,72,67,67,68,74,74,39,70,37,37,37,35,41,65,65,34,34,34,34,40,6,36,62,49,78,86,83,83,78,86,86,87,87,87,62,62,78,59,75,75,42],"gold":240,"neow_bonus":"","is_daily":false,"chose_seed":false,"campfire_upgraded":4,"win_rate":0.0,"timestamp":1608789483,"path_taken":["M","?","?","$","M","E","M","?","T","$","E","R","M","M","R","BOSS","M","?","AVR","M","?","R","?","M","T","R","E","M","?","M","R","BOSS","M","M","AVR","M","M","R","M","R","T","?","$","E","M","E","R","BOSS"],"items_purchased_type":["Card","Relic","Relic","Relic","Relic","Potion","Potion","Potion","Potion","Potion","Card","Card","Relic"],"build_version":"2020-12-22","purchased_purges":2,"victory":true,"max_hp_per_floor":[80,80,80,80,80,80,80,80,80,80,80,80,80,80,80,80,80,80,80,80,80,80,80,80,80,80,80,80,80,87,87,87,87,87,87,87,87,87,87,87,87,87,87,87,87,87,87,87,87,87],"relic_stats":{"Blood Vial":20,"Lizard Tail":0,"counters":[92,405],"Ornamental Fan":[88],"Sundial":[8],"Bronze Scales":[117],"Black Star":3,"Nloth\u0027s Gift":6,"Cursed Key":2,"obtain_stats":[{"hubris:MysteriousPyramids":40,"Boot":0,"Sozu":47,"Blood Vial":22,"Lizard Tail":46,"Sundial":12,"Strawberry":13,"aspiration:ArtOfWarUpgrade":15,"vexMod:DeviousBotling":34,"halation:PromiseList":9,"Replay:Bottled Flurry":48,"Kunai":26,"Toxic Egg 2":43,"Replay:Wax Seal":14,"aspiration:DSix":6,"hubris:TinFlute":43,"halation:QuantumPhysicsTextbook":48,"ReplayTheSpireMod:CursedCoin":19,"hubris:SphereOfDissonance":0,"vexMod:TimeEaterHat":20,"conspire:Boomerang":47,"infinitespire:EvilPickle":33,"Replay:Baseball":12,"vexMod:Cooldron":30,"infinitespire:Lychee Nut":40,"Brimstone":4,"Bird Faced Urn":0,"Bronze Scales":28,"Molten Egg 2":28,"infinitespire:EmpoweringShard":19,"Black Star":17,"Nloth\u0027s Gift":24,"Grinning Jar":0,"conspire:Flyswatter":20,"vexMod:BigBerry":17,"Meat on the Bone":24,"halation:BlackBeret":0,"aspiration:Lifesprig":45,"SacredBark":17,"Blue Doll":0,"aspiration:TomeofQuesting":46,"King of Hearts":2,"expansioncontent:StudyCardRelic":34,"Ancient Tea Set":9,"Cursed Key":20,"Burning Blood":0,"hubris:Icosahedron":46,"Tiny Chest":0,"Replay:Lucky Slots":37,"hubris:ChampionShield":6,"Replay:Bottled Eggs":27,"energizedSpire:DecayingSkull":34,"halation:LettersToHer":48,"Runic Pyramid":17,"hubris:GlazedTorus":28,"BargainBundle":0,"Self Forming Clay":29,"infinitespire:CursedDice":6,"halation:IllGainedPizza":26,"hubris:MedicalManual":23,"PreservedInsect":45,"Omamori":11,"hubris:Towel":39,"Mercury Hourglass":8,"CaptainsWheel":0,"Anchor":43,"Ornamental Fan":9,"Art of War":2,"Garlic":46,"conspire:DeflatedDodgeball":2,"hubris:OldNail":9,"TungstenRod":8,"FossilizedHelix":26},{"hubris:MysteriousPyramids":58,"Boot":30,"Sozu":28,"Blood Vial":49,"Lizard Tail":89,"Sundial":8,"Strawberry":44,"aspiration:ArtOfWarUpgrade":74,"vexMod:DeviousBotling":83,"halation:PromiseList":6,"Replay:Bottled Flurry":91,"Kunai":50,"Toxic Egg 2":26,"Replay:Wax Seal":35,"aspiration:DSix":42,"hubris:TinFlute":58,"halation:QuantumPhysicsTextbook":60,"ReplayTheSpireMod:CursedCoin":12,"hubris:SphereOfDissonance":0,"vexMod:TimeEaterHat":76,"conspire:Boomerang":28,"infinitespire:EvilPickle":83,"Replay:Baseball":43,"vexMod:Cooldron":81,"infinitespire:Lychee Nut":25,"Brimstone":68,"Bird Faced Urn":30,"Bronze Scales":80,"Molten Egg 2":51,"infinitespire:EmpoweringShard":12,"Black Star":75,"Nloth\u0027s Gift":78,"Grinning Jar":61,"conspire:Flyswatter":38,"vexMod:BigBerry":46,"Meat on the Bone":50,"halation:BlackBeret":0,"aspiration:Lifesprig":88,"SacredBark":11,"Blue Doll":0,"aspiration:TomeofQuesting":28,"King of Hearts":31,"expansioncontent:StudyCardRelic":55,"Ancient Tea Set":33,"Cursed Key":76,"Burning Blood":0,"hubris:Icosahedron":59,"Tiny Chest":30,"Replay:Lucky Slots":85,"hubris:ChampionShield":5,"Replay:Bottled Eggs":50,"energizedSpire:DecayingSkull":20,"halation:LettersToHer":91,"Runic Pyramid":36,"hubris:GlazedTorus":80,"BargainBundle":30,"Self Forming Clay":17,"infinitespire:CursedDice":70,"halation:IllGainedPizza":16,"hubris:MedicalManual":15,"PreservedInsect":59,"Omamori":34,"hubris:Towel":57,"Mercury Hourglass":6,"CaptainsWheel":39,"Anchor":88,"Ornamental Fan":71,"Art of War":67,"Garlic":89,"conspire:DeflatedDodgeball":2,"hubris:OldNail":43,"TungstenRod":71,"FossilizedHelix":79},{"hubris:MysteriousPyramids":273,"Boot":110,"Sozu":99,"Blood Vial":215,"Lizard Tail":391,"Sundial":26,"Strawberry":185,"aspiration:ArtOfWarUpgrade":328,"vexMod:DeviousBotling":369,"halation:PromiseList":21,"Replay:Bottled Flurry":400,"Kunai":220,"Toxic Egg 2":93,"Replay:Wax Seal":132,"aspiration:DSix":179,"hubris:TinFlute":273,"halation:QuantumPhysicsTextbook":281,"ReplayTheSpireMod:CursedCoin":45,"hubris:SphereOfDissonance":0,"vexMod:TimeEaterHat":337,"conspire:Boomerang":99,"infinitespire:EvilPickle":369,"Replay:Baseball":181,"vexMod:Cooldron":355,"infinitespire:Lychee Nut":88,"Brimstone":310,"Bird Faced Urn":110,"Bronze Scales":352,"Molten Egg 2":225,"infinitespire:EmpoweringShard":45,"Black Star":333,"Nloth\u0027s Gift":342,"Grinning Jar":287,"conspire:Flyswatter":156,"vexMod:BigBerry":199,"Meat on the Bone":220,"halation:BlackBeret":0,"aspiration:Lifesprig":386,"SacredBark":42,"Blue Doll":0,"aspiration:TomeofQuesting":99,"King of Hearts":114,"expansioncontent:StudyCardRelic":256,"Ancient Tea Set":123,"Cursed Key":337,"Burning Blood":0,"hubris:Icosahedron":278,"Tiny Chest":110,"Replay:Lucky Slots":376,"hubris:ChampionShield":15,"Replay:Bottled Eggs":220,"energizedSpire:DecayingSkull":74,"halation:LettersToHer":400,"Runic Pyramid":143,"hubris:GlazedTorus":352,"BargainBundle":110,"Self Forming Clay":61,"infinitespire:CursedDice":316,"halation:IllGainedPizza":58,"hubris:MedicalManual":54,"PreservedInsect":278,"Omamori":126,"hubris:Towel":263,"Mercury Hourglass":21,"CaptainsWheel":165,"Anchor":386,"Ornamental Fan":319,"Art of War":308,"Garlic":391,"conspire:DeflatedDodgeball":8,"hubris:OldNail":181,"TungstenRod":319,"FossilizedHelix":347}],"Burning Blood":534,"TungstenRod":48},"card_choices":[{"not_picked":["Warcry","Defy Death"],"picked":"Whirlwind","floor":1},{"not_picked":["Thunderclap","Warcry","True Grit"],"picked":"SKIP","floor":3},{"not_picked":["Wild Strike","Twin Strike"],"picked":"Thunderclap","floor":5},{"not_picked":["Armaments","Dropkick","True Grit"],"picked":"SKIP","floor":6},{"not_picked":["Cleave","infinitespire:OneForAll"],"picked":"Spot Weakness","floor":7},{"not_picked":["ReplayTheSpireMod:Strike From Hell","Iron Wave"],"picked":"conspire:ExplosiveBarrier","floor":11},{"not_picked":["Perfected Strike","Abandon","Armaments"],"picked":"SKIP","floor":13},{"not_picked":["Shrug It Off","hubris:ReadiedAction"],"picked":"Hemogenesis","floor":14},{"not_picked":["Immolate","hubris:StunningStrike"],"picked":"Corruption","floor":16},{"not_picked":["Clothesline","Combust+1"],"picked":"Massacre","floor":18},{"not_picked":["Carnage","Iron Wave"],"picked":"Flex","floor":21},{"not_picked":["Headbutt","Defy Death","Battle Trance"],"picked":"SKIP","floor":22},{"not_picked":["Havoc","hubris:ReadiedAction+1"],"picked":"Dark Embrace+1","floor":25},{"not_picked":["Offering","Eclipse"],"picked":"Feel No Pain","floor":28},{"not_picked":["Offering","Pommel Strike"],"picked":"Sentinel","floor":29},{"not_picked":["ReplayTheSpireMod:LeadingStrike","Replay:Undeath\u0027s Touch","Anger+1"],"picked":"SKIP","floor":31},{"not_picked":["Feed","Juggernaut"],"picked":"Limit Break","floor":33},{"not_picked":["Burning Pact","Intimidate+1"],"picked":"Double Tap","floor":35},{"not_picked":["Thunderclap+1","Perfected Strike","infinitespire:OneForAll"],"picked":"SKIP","floor":36},{"not_picked":["Run Through+1","Perfected Strike+1"],"picked":"Defy Death+1","floor":38},{"not_picked":["ReplayTheSpireMod:Strike From Hell+1","Havoc+1","Pommel Strike"],"picked":"SKIP","floor":39},{"not_picked":["infinitespire:OneForAll+1","Clash+1"],"picked":"Shockwave+1","floor":41},{"not_picked":["Sword Boomerang","conspire:Purge","Headbutt+1"],"picked":"SKIP","floor":46},{"not_picked":["conspire:Charge","Perfected Strike+1","Massacre+1"],"picked":"SKIP","floor":47},{"not_picked":["Dark Embrace","Clothesline+1"],"picked":"Heavy Blade+1","floor":48}],"player_experience":577260,"relics_obtained":[{"floor":2,"key":"Art of War"},{"floor":6,"key":"infinitespire:CursedDice"},{"floor":8,"key":"TungstenRod"},{"floor":9,"key":"Ornamental Fan"},{"floor":11,"key":"Sundial"},{"floor":26,"key":"FossilizedHelix"},{"floor":28,"key":"Bronze Scales"},{"floor":28,"key":"hubris:GlazedTorus"},{"floor":43,"key":"Anchor"},{"floor":46,"key":"Garlic"},{"floor":46,"key":"Lizard Tail"},{"floor":48,"key":"Replay:Bottled Flurry"},{"floor":48,"key":"halation:LettersToHer"}],"event_choices":[{"damage_healed":0,"gold_gain":0,"player_choice":"Got Potions","damage_taken":0,"max_hp_gain":0,"max_hp_loss":0,"event_name":"Lab","floor":19,"gold_loss":0},{"damage_healed":0,"gold_gain":0,"player_choice":"Traded Relic","damage_taken":0,"relics_obtained":["Nloth\u0027s Gift"],"max_hp_gain":0,"max_hp_loss":0,"event_name":"N\u0027loth","floor":24,"relics_lost":["vexMod:TimeEaterHat"],"gold_loss":0}],"is_beta":false,"boss_relics":[{"not_picked":["Busted Crown","Replay:Wanted Poster"],"picked":"Black Star"},{"not_picked":["Astrolabe","Runic Dome"],"picked":"vexMod:DeviousBotling"}],"items_purged_floors":[37,45],"is_endless":false,"potions_floor_spawned":[5,7,11,16,21,31,33,38,41,47,48],"ascension_level":7}}