{"host":"iphsb0ccnjx0pfn6","time":1608774433,"event":{"mods":["2.2 Compatiblity","AchievementEnabler","BaseMod","Colored Map","DeckTracker","Keyboard Shortcuts","Minty Spire (QoL Compilation)","Permanent Neow","Quick Restart","Relic Stats","StSLib","SuperFastMode","Uncapped","everything is the same but u backflip on backflip"],"gold_per_floor":[111,121,46,61,74,74,149,180,180,80,80,90,90,113,113,209,209,225,241,241,116,132,132,157,157,210,210,228,249,273,273,273,273,273],"floor_reached":33,"playtime":792,"items_purged":["Strike_R","Strike_R","Strike_R"],"score":502,"play_id":"5c5ca53e-2c99-41e9-85df-ef90f8b8c4af","local_time":"20201224104713","is_ascension_mode":true,"campfire_choices":[{"data":"Body Slam","floor":6.0,"key":"SMITH"},{"floor":11.0,"key":"REST"},{"floor":15.0,"key":"REST"},{"data":"Pommel Strike","floor":23,"key":"SMITH"},{"data":"Whirlwind","floor":25,"key":"SMITH"},{"data":"Dropkick","floor":27,"key":"SMITH"},{"floor":32,"key":"RECALL"}],"circlet_count":0,"master_deck":["AscendersBane","Strike_R","Strike_R","Defend_R","Defend_R","Defend_R","Defend_R","Bash+1","Whirlwind+1","Dropkick+1","Pommel Strike+1","Body Slam+1","Shrug It Off+1","Shockwave+1","Double Tap+1","Shrug It Off+1","Evolve+1","True Grit+1","Dropkick"],"relics":["Burning Blood","Ginger","Toxic Egg 2","Golden Idol","Coffee Dripper","Centennial Puzzle"],"acts_visited":["Exordium","TheCity"],"potions_floor_usage":[24,33,33],"damage_taken":[{"damage":13.0,"enemies":"2 Louse","floor":1.0,"turns":4.0},{"damage":7.0,"enemies":"Small Slimes","floor":2.0,"turns":3.0},{"damage":7.0,"enemies":"Jaw Worm","floor":4.0,"turns":3.0},{"damage":20.0,"enemies":"Red Slaver","floor":5.0,"turns":4.0},{"damage":20.0,"enemies":"Lagavulin","floor":8.0,"turns":5.0},{"damage":22.0,"enemies":"Gremlin Gang","floor":12.0,"turns":7.0},{"damage":10.0,"enemies":"3 Louse","floor":14.0,"turns":3.0},{"damage":26.0,"enemies":"The Guardian","floor":16.0,"turns":14.0},{"damage":0,"enemies":"3 Byrds","floor":18,"turns":3},{"damage":11,"enemies":"2 Thieves","floor":19,"turns":4},{"damage":11,"enemies":"Snecko","floor":22,"turns":5},{"damage":3,"enemies":"3 Cultists","floor":24,"turns":3},{"damage":4,"enemies":"Centurion and Healer","floor":28,"turns":6},{"damage":21,"enemies":"Sentry and Sphere","floor":29,"turns":7},{"damage":2,"enemies":"Snecko","floor":30,"turns":4},{"damage":65,"enemies":"Automaton","floor":33,"turns":8}],"seed_played":"8991454840220937391","potions_obtained":[{"floor":4.0,"key":"PowerPotion"},{"floor":5.0,"key":"ColorlessPotion"},{"floor":8.0,"key":"FearPotion"},{"floor":14.0,"key":"SpeedPotion"},{"floor":18,"key":"SteroidPotion"},{"floor":24,"key":"AttackPotion"}],"is_trial":false,"path_per_floor":["M","M","$","M","M","R","?","E","T","$","R","M","?","M","R","B",null,"M","M","?","$","M","R","M","R","T","R","M","M","M","?","R","B"],"character_chosen":"IRONCLAD","items_purchased":[],"campfire_rested":2,"item_purchase_floors":[],"current_hp_per_floor":[61,60,60,59,45,45,34,20,20,20,42,26,26,22,42,22,57,63,58,58,58,53,53,56,56,56,56,58,43,47,47,47,0,0],"gold":273,"neow_bonus":"UPGRADE_CARD","is_daily":false,"chose_seed":false,"campfire_upgraded":4,"win_rate":0.0,"timestamp":1608774433,"path_taken":["M","M","$","M","M","R","?","E","T","$","R","M","?","M","R","BOSS","M","M","?","$","M","R","M","R","T","R","?","?","M","?","R","BOSS"],"items_purchased_type":[],"build_version":"2020-12-22","purchased_purges":3,"victory":false,"max_hp_per_floor":[75,75,75,75,75,75,75,75,75,75,75,75,68,68,68,68,68,68,68,68,68,68,68,68,68,68,68,68,68,68,68,68,68,68],"relic_stats":{"Centennial Puzzle":[12],"counters":[16,83],"Golden Idol":51,"Ginger":[6],"obtain_stats":[{"Centennial Puzzle":26,"Golden Idol":13,"Coffee Dripper":17,"Ginger":8,"Toxic Egg 2":9,"Burning Blood":0},{"Centennial Puzzle":12,"Golden Idol":6,"Coffee Dripper":8,"Ginger":5,"Toxic Egg 2":5,"Burning Blood":0},{"Centennial Puzzle":58,"Golden Idol":26,"Coffee Dripper":43,"Ginger":19,"Toxic Egg 2":19,"Burning Blood":0}],"Burning Blood":90},"card_choices":[{"not_picked":["Heavy Blade","Armaments"],"picked":"Whirlwind","floor":1.0},{"not_picked":["Heavy Blade","Thunderclap"],"picked":"Dropkick","floor":2.0},{"not_picked":["True Grit","Bloodletting"],"picked":"Pommel Strike","floor":4.0},{"not_picked":["Havoc","Entrench"],"picked":"Body Slam","floor":5.0},{"not_picked":["Berserk","Second Wind","Whirlwind"],"picked":"SKIP","floor":8.0},{"not_picked":["Clash","Heavy Blade"],"picked":"Shrug It Off+1","floor":12.0},{"not_picked":["Twin Strike","Rupture"],"picked":"Shockwave+1","floor":14.0},{"not_picked":["Feed","Exhume+1"],"picked":"Double Tap+1","floor":16.0},{"not_picked":["Carnage+1","Wild Strike"],"picked":"Shrug It Off+1","floor":18},{"not_picked":["Anger+1","Clothesline","Cleave"],"picked":"SKIP","floor":19},{"not_picked":["Iron Wave+1","Anger","Clash"],"picked":"SKIP","floor":22},{"not_picked":["Body Slam","Twin Strike"],"picked":"Evolve+1","floor":24},{"not_picked":["Rampage","Thunderclap","Ghostly Armor+1"],"picked":"SKIP","floor":28},{"not_picked":["Armaments+1","Disarm+1"],"picked":"True Grit+1","floor":29},{"not_picked":["Infernal Blade+1","Armaments+1"],"picked":"Dropkick","floor":30}],"player_experience":1255403,"relics_obtained":[{"floor":8.0,"key":"Ginger"},{"floor":9.0,"key":"Toxic Egg 2"},{"floor":26,"key":"Centennial Puzzle"}],"event_choices":[{"damage_healed":0.0,"max_hp_gain":0.0,"max_hp_loss":0.0,"gold_gain":75.0,"event_name":"World of Goop","player_choice":"Gather Gold","floor":7.0,"gold_loss":0.0,"damage_taken":11.0},{"damage_healed":0.0,"max_hp_gain":0.0,"max_hp_loss":7.0,"gold_gain":0.0,"event_name":"Golden Idol","player_choice":"Lose Max HP","floor":13.0,"gold_loss":0.0,"damage_taken":0.0,"relics_obtained":["Golden Idol"]},{"damage_healed":0,"gold_gain":0,"player_choice":"Ignored","damage_taken":0,"max_hp_gain":0,"max_hp_loss":0,"event_name":"N\u0027loth","floor":20,"gold_loss":0},{"damage_healed":0,"gold_gain":0,"player_choice":"0 cards matched","damage_taken":0,"max_hp_gain":0,"max_hp_loss":0,"event_name":"Match and Keep!","floor":31,"gold_loss":0,"cards_obtained":[]}],"is_beta":false,"boss_relics":[{"not_picked":["Calling Bell","Busted Crown"],"picked":"Coffee Dripper"}],"items_purged_floors":[3,10,21],"is_endless":false,"potions_floor_spawned":[4,5,8,14,18,24],"killed_by":"Automaton","ascension_level":20}}