{"host":"6999i8eg5ewbhdiq","time":1608824986,"event":{"mods":["AchievementEnabler","BaseMod","Colored Map","Colored Powertips","Highlight Path","Minty Spire (QoL Compilation)"],"gold_per_floor":[112,37,37,54,67,92,92,111,111,111,144,144,144,155,155,258,258,258,258,17,17,17,17,17,17,17,17,17,17,17,17,17,17,17,17,17,17,17,17,17,17,17,17],"floor_reached":42,"playtime":1581,"items_purged":["Strike_R"],"score":514,"play_id":"dceef659-6345-45fb-bdf7-88d8df8bda7b","local_time":"20201224164946","is_ascension_mode":true,"campfire_choices":[{"floor":7.0,"key":"REST"},{"data":"Combust","floor":10.0,"key":"SMITH"},{"floor":15.0,"key":"REST"},{"floor":25.0,"key":"REST"},{"floor":28.0,"key":"REST"},{"floor":32.0,"key":"REST"},{"floor":40.0,"key":"REST"}],"circlet_count":0,"master_deck":["Strike_R","Strike_R","Strike_R","Strike_R+1","Defend_R","Defend_R","Defend_R","Defend_R","Bash","Deep Breath+1","Combust+1","Combust+1","Thunderclap","Blood for Blood+1","Rupture","Bloodletting","Immolate","Rupture+1","Flex+1","Bloodletting"],"relics":["Burning Blood","StoneCalendar","Champion Belt","Ice Cream","Ectoplasm","Omamori","Pantograph","Bag of Marbles","Dream Catcher","Gremlin Horn","SlaversCollar","Toy Ornithopter"],"acts_visited":["Exordium","TheCity","TheBeyond"],"potions_floor_usage":[],"damage_taken":[{"damage":4.0,"enemies":"Small Slimes","floor":1.0,"turns":5.0},{"damage":13.0,"enemies":"2 Louse","floor":4.0,"turns":3.0},{"damage":4.0,"enemies":"Cultist","floor":5.0,"turns":4.0},{"damage":42.0,"enemies":"3 Sentries","floor":6.0,"turns":7.0},{"damage":7.0,"enemies":"2 Fungi Beasts","floor":8.0,"turns":3.0},{"damage":41.0,"enemies":"Lagavulin","floor":11.0,"turns":6.0},{"damage":6.0,"enemies":"Exordium Wildlife","floor":14.0,"turns":3.0},{"damage":43.0,"enemies":"Hexaghost","floor":16.0,"turns":8.0},{"damage":12.0,"enemies":"3 Byrds","floor":18.0,"turns":2.0},{"damage":19.0,"enemies":"Spheric Guardian","floor":22.0,"turns":4.0},{"damage":53.0,"enemies":"Book of Stabbing","floor":23.0,"turns":5.0},{"damage":30.0,"enemies":"Shelled Parasite and Fungi","floor":30.0,"turns":4.0},{"damage":25.0,"enemies":"Snake Plant","floor":31.0,"turns":3.0},{"damage":33.0,"enemies":"Collector","floor":33.0,"turns":5.0},{"damage":49.0,"enemies":"3 Darklings","floor":35.0,"turns":4.0},{"damage":12.0,"enemies":"3 Shapes","floor":36.0,"turns":1.0},{"damage":21.0,"enemies":"3 Darklings","floor":37.0,"turns":3.0},{"damage":12.0,"enemies":"Sphere and 2 Shapes","floor":39.0,"turns":3.0},{"damage":34,"enemies":"Writhing Mass","floor":41,"turns":6},{"damage":34,"enemies":"Giant Head","floor":42,"turns":5}],"seed_played":"1806783598688969751","potions_obtained":[{"floor":1.0,"key":"BloodPotion"},{"floor":6.0,"key":"Explosive Potion"},{"floor":11.0,"key":"CultistPotion"},{"floor":22.0,"key":"LiquidBronze"},{"floor":31.0,"key":"ColorlessPotion"},{"floor":33.0,"key":"SteroidPotion"},{"floor":36.0,"key":"Ancient Potion"},{"floor":37.0,"key":"Dexterity Potion"},{"floor":39.0,"key":"Explosive Potion"}],"is_trial":false,"path_per_floor":["M","$","?","M","M","E","R","M","T","R","E","?","?","M","R","B",null,"M","?","$","?","M","E","?","R","T","T","R","?","M","M","R","B",null,"M","M","M","?","M","R","M","E"],"character_chosen":"IRONCLAD","items_purchased":["Pantograph"],"campfire_rested":6,"item_purchase_floors":[20],"current_hp_per_floor":[80,80,80,73,75,55,79,78,78,78,43,27,27,27,51,14,80,74,74,74,74,61,14,14,38,38,38,62,62,38,19,43,41,80,37,31,16,16,15,39,11,0,0],"gold":17,"neow_bonus":"RANDOM_COLORLESS","is_daily":false,"chose_seed":false,"campfire_upgraded":1,"win_rate":0.0,"timestamp":1608824986,"path_taken":["M","$","?","M","M","E","R","M","T","R","E","?","?","M","R","BOSS","M","?","$","?","?","E","?","R","T","?","R","?","?","M","R","BOSS","M","M","M","?","M","R","?","E"],"items_purchased_type":["Relic"],"build_version":"2020-12-22","purchased_purges":1,"victory":false,"max_hp_per_floor":[80,80,80,80,80,80,80,80,80,80,80,80,80,80,80,80,80,80,80,80,80,80,80,80,80,80,80,80,80,80,80,80,80,80,80,80,80,80,80,80,80,80,80],"card_choices":[{"not_picked":["Panacea","Forethought"],"picked":"Deep Breath","floor":0.0},{"not_picked":["Havoc","Thunderclap"],"picked":"Combust","floor":1.0},{"not_picked":["Pommel Strike","Infernal Blade","Wild Strike"],"picked":"SKIP","floor":4.0},{"not_picked":["Twin Strike","Pommel Strike","Inflame"],"picked":"SKIP","floor":5.0},{"not_picked":["Havoc","Sever Soul","Heavy Blade"],"picked":"SKIP","floor":6.0},{"not_picked":["Clothesline","Twin Strike"],"picked":"Combust","floor":8.0},{"not_picked":["Sever Soul","Perfected Strike","Exhume"],"picked":"SKIP","floor":11.0},{"not_picked":["Inflame","True Grit","Clash"],"picked":"SKIP","floor":14.0},{"not_picked":["Ghostly Armor+1","Havoc"],"picked":"Thunderclap","floor":18.0},{"not_picked":["Headbutt","Havoc"],"picked":"Blood for Blood+1","floor":22.0},{"not_picked":["Limit Break","Blood for Blood"],"picked":"Rupture","floor":23.0},{"not_picked":["Shrug It Off+1","Anger"],"picked":"Bloodletting","floor":28.0},{"not_picked":["Armaments","Shrug It Off","Anger"],"picked":"SKIP","floor":30.0},{"not_picked":["Pummel","Sword Boomerang+1","Disarm+1"],"picked":"SKIP","floor":31.0},{"not_picked":["Juggernaut","Fiend Fire"],"picked":"Immolate","floor":33.0},{"not_picked":["Clash","Perfected Strike+1"],"picked":"Rupture+1","floor":35.0},{"not_picked":["Perfected Strike+1","Iron Wave"],"picked":"Flex+1","floor":36.0},{"not_picked":["Heavy Blade+1","Havoc"],"picked":"Bloodletting","floor":37.0},{"not_picked":["Armaments","Heavy Blade+1","Anger+1"],"picked":"SKIP","floor":39.0},{"not_picked":["Iron Wave","Dual Wield","Wild Strike+1"],"picked":"SKIP","floor":41}],"player_experience":109435,"relics_obtained":[{"floor":6.0,"key":"StoneCalendar"},{"floor":9.0,"key":"Champion Belt"},{"floor":11.0,"key":"Ice Cream"},{"floor":23.0,"key":"Bag of Marbles"},{"floor":26.0,"key":"Dream Catcher"},{"floor":27.0,"key":"Gremlin Horn"}],"event_choices":[{"damage_healed":0.0,"max_hp_gain":0.0,"max_hp_loss":0.0,"gold_gain":0.0,"event_name":"The Cleric","player_choice":"Leave","floor":3.0,"gold_loss":0.0,"damage_taken":0.0},{"damage_healed":0.0,"max_hp_gain":0.0,"max_hp_loss":0.0,"gold_gain":0.0,"event_name":"Shining Light","player_choice":"Entered Light","floor":12.0,"gold_loss":0.0,"damage_taken":16.0,"cards_upgraded":["Deep Breath","Strike_R"]},{"damage_healed":0.0,"max_hp_gain":0.0,"max_hp_loss":0.0,"gold_gain":0.0,"event_name":"Living Wall","player_choice":"Grow","floor":13.0,"gold_loss":0.0,"damage_taken":0.0,"cards_upgraded":["Combust"]},{"damage_healed":0.0,"max_hp_gain":0.0,"max_hp_loss":0.0,"gold_gain":0.0,"event_name":"Addict","player_choice":"Stole Relic","floor":19.0,"gold_loss":0.0,"damage_taken":0.0,"relics_obtained":["Omamori"],"cards_obtained":["Shame"]},{"cards_removed":["Shame"],"damage_healed":0.0,"max_hp_gain":0.0,"max_hp_loss":0.0,"gold_gain":0.0,"event_name":"Purifier","player_choice":"Purged","floor":21.0,"gold_loss":0.0,"damage_taken":0.0},{"damage_healed":0.0,"max_hp_gain":0.0,"max_hp_loss":0.0,"gold_gain":0.0,"event_name":"Ghosts","player_choice":"Ignored","floor":24.0,"gold_loss":0.0,"damage_taken":0.0},{"damage_healed":0.0,"max_hp_gain":0.0,"max_hp_loss":0.0,"gold_gain":0.0,"event_name":"Cursed Tome","player_choice":"Ignored","floor":29.0,"gold_loss":0.0,"damage_taken":0.0},{"damage_healed":0.0,"max_hp_gain":0.0,"max_hp_loss":0.0,"gold_gain":0.0,"event_name":"WeMeetAgain","player_choice":"Gave Potion","floor":38.0,"gold_loss":0.0,"damage_taken":0.0,"relics_obtained":["Toy Ornithopter"]}],"is_beta":false,"boss_relics":[{"not_picked":["Tiny House","Runic Dome"],"picked":"Ectoplasm"},{"not_picked":["SacredBark","Black Star"],"picked":"SlaversCollar"}],"items_purged_floors":[2],"is_endless":false,"potions_floor_spawned":[1,6,11,22,31,33,36,37,39],"killed_by":"Giant Head","ascension_level":4}}