{"host":"qxeepl7ydvsgmfdb","time":1608797043,"event":{"mods":["AchievementEnabler","BaseMod","Colored Powertips","Minty Spire (QoL Compilation)","Quick Restart","slay the spire mod where everything is the same but ironclad has a cowboy hat"],"gold_per_floor":[117,135,152,77,77,103,115,127,220,245,287,299,330,362,374,485,497,529,541,553,565,591,603,615,641,680,692,704,742,764,776,788,903,915,944,956,104,104,115,132,0,17,17,17,17,36,50,83,83,83],"floor_reached":51,"playtime":2258,"items_purged":["Strike_G","Writhe"],"score":857,"play_id":"80b50a7a-0773-4edf-aba1-5dc8c459c941","local_time":"20201224030403","is_ascension_mode":false,"campfire_choices":[{"data":"Dagger Spray","floor":7.0,"key":"SMITH"},{"floor":12.0,"key":"REST"},{"floor":15.0,"key":"REST"},{"data":"Backstab","floor":23.0,"key":"SMITH"},{"data":"Blade Dance","floor":28.0,"key":"SMITH"},{"data":"Neutralize","floor":32.0,"key":"SMITH"},{"floor":44.0,"key":"REST"},{"data":"Cloak And Dagger","floor":49.0,"key":"SMITH"}],"circlet_count":0,"master_deck":["Strike_G","Strike_G+1","Strike_G+1","Defend_G","Defend_G","Defend_G","Defend_G","Survivor","Neutralize+1","Backstab+1","Quick Slash","Dagger Spray+1","Cloak And Dagger+1","Blade Dance+1","Blade Dance+1","Deadly Poison+1","Deflect+1","Venomology+1","Deadly Poison+1","Footwork+1","Backstab+1","Cloak And Dagger+1","Bandage Up+1","Blade Dance+1","Blade Dance+1","Venomology+1"],"relics":["Ring of the Snake","PreservedInsect","MawBank","Ninja Scroll","HornCleat","Toxic Egg 2","Empty Cage","MutagenicStrength","Boot","Anchor","Oddly Smooth Stone","Philosopher\u0027s Stone","Mercury Hourglass","Mango","Lee\u0027s Waffle","Red Mask","Question Card","Bag of Marbles"],"acts_visited":["Exordium","TheCity","TheBeyond"],"potions_floor_usage":[50,50,50],"damage_taken":[{"damage":7.0,"enemies":"Small Slimes","floor":1.0,"turns":5.0},{"damage":2.0,"enemies":"Jaw Worm","floor":2.0,"turns":5.0},{"damage":0.0,"enemies":"2 Louse","floor":3.0,"turns":1.0},{"damage":13.0,"enemies":"3 Sentries","floor":6.0,"turns":6.0},{"damage":2.0,"enemies":"Large Slime","floor":10.0,"turns":3.0},{"damage":0.0,"enemies":"Lagavulin","floor":11.0,"turns":3.0},{"damage":6.0,"enemies":"2 Fungi Beasts","floor":13.0,"turns":2.0},{"damage":1.0,"enemies":"3 Louse","floor":14.0,"turns":2.0},{"damage":35.0,"enemies":"Slime Boss","floor":16.0,"turns":10.0},{"damage":0.0,"enemies":"3 Byrds","floor":18.0,"turns":3.0},{"damage":3.0,"enemies":"Chosen","floor":22.0,"turns":3.0},{"damage":0.0,"enemies":"Snake Plant","floor":25.0,"turns":3.0},{"damage":3.0,"enemies":"Book of Stabbing","floor":29.0,"turns":3.0},{"damage":1.0,"enemies":"Cultist and Chosen","floor":30.0,"turns":4.0},{"damage":56.0,"enemies":"Collector","floor":33.0,"turns":9.0},{"damage":9.0,"enemies":"3 Darklings","floor":35.0,"turns":5.0},{"damage":2.0,"enemies":"3 Shapes","floor":39.0,"turns":2.0},{"damage":43.0,"enemies":"Writhing Mass","floor":40.0,"turns":6.0},{"damage":0.0,"enemies":"4 Shapes","floor":42.0,"turns":2.0},{"damage":0.0,"enemies":"Transient","floor":46.0,"turns":5.0},{"damage":0.0,"enemies":"Maw","floor":47.0,"turns":4.0},{"damage":0.0,"enemies":"Reptomancer","floor":48.0,"turns":1.0},{"damage":82,"enemies":"Awakened One","floor":50,"turns":14}],"seed_played":"-8021678451913497707","potions_obtained":[{"floor":2.0,"key":"SteroidPotion"},{"floor":6.0,"key":"GamblersBrew"},{"floor":14.0,"key":"Dexterity Potion"},{"floor":16.0,"key":"SpeedPotion"},{"floor":33.0,"key":"Ancient Potion"},{"floor":42.0,"key":"FearPotion"},{"floor":47.0,"key":"Fire Potion"}],"is_trial":false,"path_per_floor":["M","M","M","$","?","E","R","?","T","M","E","R","M","M","R","B",null,"M","?","?","?","M","R","$","M","T","$","R","E","M","?","R","B",null,"M","?","$","?","M","M","?","M","T","R","?","M","M","E","R","B",null],"character_chosen":"THE_SILENT","items_purchased":["Mercury Hourglass","Mango","Lee\u0027s Waffle","Cloak And Dagger+1"],"campfire_rested":3,"item_purchase_floors":[37,37,37,37],"current_hp_per_floor":[63,61,61,61,47,34,34,34,34,32,32,53,47,46,67,32,70,70,70,70,70,67,67,67,67,67,67,67,64,63,63,63,22,70,61,61,87,87,85,44,44,50,50,76,76,82,87,87,87,11],"gold":83,"neow_bonus":"RANDOM_COMMON_RELIC","is_daily":false,"chose_seed":false,"campfire_upgraded":5,"win_rate":0.0,"timestamp":1608797043,"path_taken":["M","M","M","$","?","E","R","?","T","M","E","R","M","M","R","BOSS","M","?","?","?","M","R","$","M","T","$","R","E","M","?","R","BOSS","M","?","$","?","M","M","?","M","T","R","?","M","?","E","R","BOSS"],"items_purchased_type":["Relic","Relic","Relic","Card"],"build_version":"2020-12-22","purchased_purges":2,"victory":true,"max_hp_per_floor":[70,70,70,70,70,70,70,70,70,70,70,70,70,70,70,70,70,70,70,70,70,70,70,70,70,70,70,70,70,70,70,70,70,70,70,66,87,87,87,87,87,87,87,87,87,87,87,87,87,87],"card_choices":[{"not_picked":["Sucker Punch","Deflect"],"picked":"Backstab","floor":1.0},{"not_picked":["Predator","Concentrate"],"picked":"Quick Slash","floor":2.0},{"not_picked":["Sucker Punch","Distraction"],"picked":"Dagger Spray","floor":3.0},{"not_picked":["Prepared","Bane"],"picked":"Cloak And Dagger","floor":6.0},{"not_picked":["Infinite Blades","Dagger Spray"],"picked":"Blade Dance","floor":10.0},{"not_picked":["Underhanded Strike","Crippling Poison+1"],"picked":"Blade Dance+1","floor":11.0},{"not_picked":["Crippling Poison+1","Quick Slash"],"picked":"Deadly Poison+1","floor":13.0},{"not_picked":["Predator","Infinite Blades"],"picked":"Deflect+1","floor":14.0},{"not_picked":["Phantasmal Killer+1","Corpse Explosion+1"],"picked":"Venomology+1","floor":16.0},{"not_picked":["Poisoned Stab","Backflip+1"],"picked":"Deadly Poison+1","floor":18.0},{"not_picked":["Terror+1","Storm of Steel+1"],"picked":"Footwork+1","floor":22.0},{"not_picked":["Heel Hook","Escape Plan+1","Skewer"],"picked":"SKIP","floor":25.0},{"not_picked":["Leg Sweep+1","Outmaneuver+1","Sucker Punch+1"],"picked":"SKIP","floor":29.0},{"not_picked":["Endless Agony+1","Outmaneuver+1","Footwork"],"picked":"SKIP","floor":30.0},{"not_picked":["Poisoned Stab","Endless Agony+1"],"picked":"Backstab+1","floor":35.0},{"not_picked":["Flash of Steel","Finesse+1"],"picked":"Bandage Up+1","floor":38.0},{"not_picked":["Cloak And Dagger+1","Quick Slash+1"],"picked":"Blade Dance+1","floor":39.0},{"not_picked":["Bane","Reflex+1","Escape Plan+1"],"picked":"SKIP","floor":40.0},{"not_picked":["Cloak And Dagger+1","Masterful Stab+1"],"picked":"Blade Dance+1","floor":42.0},{"not_picked":["Acrobatics+1","Flying Knee+1","Blade Dance+1","Quick Slash"],"picked":"SKIP","floor":46.0},{"not_picked":["Tactician+1","PiercingWail+1","All Out Attack","Blade Dance+1"],"picked":"SKIP","floor":47.0},{"not_picked":["Riddle With Holes+1","Caltrops+1","Heel Hook+1"],"picked":"Venomology+1","floor":48.0}],"player_experience":354186,"relics_obtained":[{"floor":6.0,"key":"MawBank"},{"floor":9.0,"key":"HornCleat"},{"floor":11.0,"key":"Toxic Egg 2"},{"floor":26.0,"key":"Anchor"},{"floor":29.0,"key":"Oddly Smooth Stone"},{"floor":43.0,"key":"Question Card"},{"floor":48.0,"key":"Bag of Marbles"}],"event_choices":[{"damage_healed":0.0,"max_hp_gain":0.0,"max_hp_loss":0.0,"gold_gain":0.0,"event_name":"Shining Light","player_choice":"Entered Light","floor":5.0,"gold_loss":0.0,"damage_taken":14.0,"cards_upgraded":["Strike_G","Strike_G"]},{"damage_healed":0.0,"max_hp_gain":0.0,"max_hp_loss":0.0,"gold_gain":0.0,"event_name":"Big Fish","player_choice":"Box","floor":8.0,"gold_loss":0.0,"damage_taken":0.0,"relics_obtained":["Ninja Scroll"],"cards_obtained":["Regret"]},{"damage_healed":0.0,"max_hp_gain":0.0,"max_hp_loss":0.0,"gold_gain":0.0,"event_name":"Drug Dealer","player_choice":"Inject Mutagens","floor":19.0,"gold_loss":0.0,"damage_taken":0.0,"relics_obtained":["MutagenicStrength"]},{"damage_healed":0.0,"max_hp_gain":0.0,"max_hp_loss":0.0,"gold_gain":0.0,"event_name":"Ghosts","player_choice":"Ignored","floor":20.0,"gold_loss":0.0,"damage_taken":0.0},{"damage_healed":0.0,"max_hp_gain":0.0,"max_hp_loss":0.0,"gold_gain":0.0,"event_name":"The Mausoleum","player_choice":"Opened","floor":21.0,"gold_loss":0.0,"damage_taken":0.0,"relics_obtained":["Boot"],"cards_obtained":["Writhe"]},{"damage_healed":0.0,"max_hp_gain":0.0,"max_hp_loss":0.0,"gold_gain":0.0,"event_name":"Vampires","player_choice":"Ignored","floor":31.0,"gold_loss":0.0,"damage_taken":0.0},{"damage_healed":0.0,"max_hp_gain":0.0,"max_hp_loss":4.0,"gold_gain":0.0,"event_name":"Winding Halls","player_choice":"Max HP","floor":36.0,"gold_loss":0.0,"damage_taken":0.0},{"damage_healed":0.0,"max_hp_gain":0.0,"max_hp_loss":0.0,"gold_gain":0.0,"event_name":"SensoryStone","player_choice":"Memory 1","floor":38.0,"gold_loss":0.0,"damage_taken":0.0},{"damage_healed":0.0,"max_hp_gain":0.0,"max_hp_loss":0.0,"gold_gain":0.0,"event_name":"Tomb of Lord Red Mask","player_choice":"Paid","floor":41.0,"gold_loss":132.0,"damage_taken":0.0,"relics_obtained":["Red Mask"]},{"cards_removed":["Defend_G"],"damage_healed":0.0,"max_hp_gain":0.0,"max_hp_loss":0.0,"gold_gain":0.0,"event_name":"Falling","player_choice":"Removed Skill","floor":45.0,"gold_loss":0.0,"damage_taken":0.0}],"is_beta":false,"boss_relics":[{"not_picked":["Runic Dome","Snecko Eye"],"picked":"Empty Cage"},{"not_picked":["Tiny House","Astrolabe"],"picked":"Philosopher\u0027s Stone"}],"items_purged_floors":[4,37],"is_endless":false,"potions_floor_spawned":[2,6,14,16,25,30,33,42,47,48],"ascension_level":0}}