{"host":"9tzam4717zt8ei1o","time":1608803308,"event":{"mods":["BaseMod","Colored Map","Keyboard Shortcuts","Minty Spire (QoL Compilation)","Quick Restart","StSLib","SuperFastMode"],"gold_per_floor":[118,118,130,280,330,330,362,75,75,109,121,139,0,19,19,19,19],"floor_reached":16,"playtime":385,"items_purged":["Doubt","Strike_G"],"score":270,"play_id":"1875286a-14f3-4377-8d1e-978a175f10b1","local_time":"20201224184828","is_ascension_mode":true,"campfire_choices":[{"data":"Neutralize","floor":6.0,"key":"SMITH"},{"data":"Acrobatics","floor":15,"key":"SMITH"}],"circlet_count":0,"master_deck":["AscendersBane","Strike_G","Strike_G","Strike_G","Defend_G","Defend_G","Defend_G","Defend_G","Defend_G","Survivor","Neutralize+1","Acrobatics+1","Backflip","Grand Finale","Well Laid Plans","Predator","Underhanded Strike"],"relics":["Ring of the Snake","NeowsBlessing","Orichalcum","Pear","Anchor"],"acts_visited":["Exordium"],"potions_floor_usage":[16,16],"damage_taken":[{"damage":0.0,"enemies":"Small Slimes","floor":1.0,"turns":1.0},{"damage":0.0,"enemies":"2 Louse","floor":3.0,"turns":1.0},{"damage":0.0,"enemies":"Gremlin Nob","floor":7.0,"turns":1.0},{"damage":12,"enemies":"Lagavulin","floor":10,"turns":5},{"damage":0,"enemies":"Cultist","floor":11,"turns":3},{"damage":12,"enemies":"Lots of Slimes","floor":12,"turns":3},{"damage":31,"enemies":"Exordium Wildlife","floor":14,"turns":8},{"damage":23,"enemies":"Hexaghost","floor":16,"turns":9}],"seed_played":"-8528323985078850255","potions_obtained":[{"floor":10,"key":"Strength Potion"},{"floor":11,"key":"FearPotion"},{"floor":14,"key":"Regen Potion"}],"is_trial":false,"path_per_floor":["M","?","M","?","?","R","E","$","T","E","M","M","$","M","R","B"],"character_chosen":"THE_SILENT","items_purchased":["Grand Finale","Well Laid Plans","Predator"],"campfire_rested":0,"item_purchase_floors":[8,8,13],"current_hp_per_floor":[59,52,52,52,52,52,52,52,62,50,50,38,38,7,7,0,0],"gold":19,"neow_bonus":"THREE_ENEMY_KILL","is_daily":false,"chose_seed":false,"campfire_upgraded":2,"win_rate":0.0,"timestamp":1608803308,"path_taken":["M","?","M","?","?","R","E","$","T","E","M","?","$","M","R","BOSS"],"items_purchased_type":["Card","Card","Card"],"build_version":"2020-12-22","purchased_purges":2,"victory":false,"max_hp_per_floor":[66,66,66,66,66,66,66,66,76,76,76,76,76,76,76,76,76],"card_choices":[{"not_picked":["Blade Dance","Prepared"],"picked":"Acrobatics","floor":1.0},{"not_picked":["Skewer","Outmaneuver","Distraction"],"picked":"SKIP","floor":3.0},{"not_picked":["Blade Dance","Flying Knee"],"picked":"Backflip","floor":7.0},{"not_picked":["Dagger Throw","Venomology","Noxious Fumes"],"picked":"SKIP","floor":10},{"not_picked":["Dagger Throw","Dagger Spray","Heel Hook"],"picked":"SKIP","floor":11},{"not_picked":["Sucker Punch","Flechettes","Deadly Poison"],"picked":"SKIP","floor":12},{"not_picked":["Outmaneuver","Caltrops"],"picked":"Underhanded Strike","floor":14}],"player_experience":103406,"relics_obtained":[{"floor":7.0,"key":"Orichalcum"},{"floor":9.0,"key":"Pear"},{"floor":10,"key":"Anchor"}],"event_choices":[{"cards_removed":["Strike_G"],"damage_healed":0.0,"max_hp_gain":0.0,"max_hp_loss":0.0,"gold_gain":0.0,"event_name":"Golden Wing","player_choice":"Card Removal","floor":2.0,"gold_loss":0.0,"damage_taken":7.0},{"damage_healed":0.0,"max_hp_gain":0.0,"max_hp_loss":0.0,"gold_gain":150.0,"event_name":"Liars Game","player_choice":"AGREE","floor":4.0,"gold_loss":0.0,"damage_taken":0.0,"cards_obtained":["Doubt"]},{"damage_healed":0.0,"max_hp_gain":0.0,"max_hp_loss":0.0,"gold_gain":50.0,"event_name":"Golden Shrine","player_choice":"Pray","floor":5.0,"gold_loss":0.0,"damage_taken":0.0}],"is_beta":false,"boss_relics":[],"items_purged_floors":[8,13],"is_endless":false,"potions_floor_spawned":[10,11,14],"killed_by":"Hexaghost","ascension_level":20}}