{"host":"zc4856jdpoxvjh7b","time":1608829606,"event":{"mods":["BaseMod","DeckTracker","Minty Spire (QoL Compilation)","Quick Restart","StSLib","SuperFastMode","everything is the same but u backflip on backflip"],"gold_per_floor":[110,129,147,162,174,200,200,232,232,243,318,318,18,35,35,139,139,157,169,169,69,85,113,113,143,170,199,211,240,240,266,266,363,363,381,381,43,63,73,104,122,152,152,152,163,181,95,95,95],"floor_reached":48,"playtime":2030,"items_purged":["Strike_R","Strike_R","Strike_R"],"score":638,"play_id":"0d644906-4e7a-40a6-b393-9ce81e3279a9","local_time":"20201225020646","is_ascension_mode":true,"campfire_choices":[{"floor":7.0,"key":"REST"},{"floor":12.0,"key":"REST"},{"data":"Rupture","floor":15.0,"key":"SMITH"},{"floor":24,"key":"REST"},{"floor":30,"key":"REST"},{"floor":32,"key":"REST"},{"floor":44,"key":"REST"}],"circlet_count":0,"master_deck":["Strike_R","Strike_R","Defend_R","Defend_R","Defend_R","Defend_R+1","Bash","Bandage Up","Thunderclap","Twin Strike","Blood for Blood","Rupture+1","Brutality","Rampage","Shockwave","Dual Wield","Headbutt","Rupture+1","Bloodletting","Bludgeon","Reaper","Necronomicurse","Double Tap+1","Disarm+1","Power Through+1","Offering+1","Second Wind+1","Combust+1","Burning Pact+1","Barricade+1","Power Through+1","Finesse+1","True Grit+1","Battle Trance+1","Flame Barrier+1","Dropkick+1","Fire Breathing+1","Hemokinesis","Feel No Pain+1","Bandage Up+1"],"relics":["Burning Blood","Dream Catcher","Ancient Tea Set","Frozen Egg 2","Philosopher\u0027s Stone","Necronomicon","StoneCalendar","Toxic Egg 2","Blood Vial","Red Skull","Red Mask","Centennial Puzzle","SacredBark","War Paint","Shuriken","Bottled Tornado"],"acts_visited":["Exordium","TheCity","TheBeyond"],"potions_floor_usage":[23,25,25,29,40],"damage_taken":[{"damage":10.0,"enemies":"Cultist","floor":1.0,"turns":5.0},{"damage":11.0,"enemies":"Jaw Worm","floor":2.0,"turns":4.0},{"damage":5.0,"enemies":"Small Slimes","floor":3.0,"turns":4.0},{"damage":15.0,"enemies":"Exordium Wildlife","floor":4.0,"turns":3.0},{"damage":10.0,"enemies":"Looter","floor":5.0,"turns":3.0},{"damage":40.0,"enemies":"3 Sentries","floor":6.0,"turns":7.0},{"damage":12.0,"enemies":"Gremlin Nob","floor":8.0,"turns":3.0},{"damage":5.0,"enemies":"Red Slaver","floor":10.0,"turns":3.0},{"damage":6.0,"enemies":"2 Fungi Beasts","floor":14.0,"turns":2.0},{"damage":32.0,"enemies":"The Guardian","floor":16.0,"turns":6.0},{"damage":13.0,"enemies":"Shell Parasite","floor":18.0,"turns":3.0},{"damage":29.0,"enemies":"Spheric Guardian","floor":19.0,"turns":4.0},{"damage":19,"enemies":"3 Cultists","floor":22,"turns":4},{"damage":33,"enemies":"Gremlin Leader","floor":23,"turns":3},{"damage":70,"enemies":"Slavers","floor":25,"turns":5},{"damage":8,"enemies":"Gremlin Leader","floor":27,"turns":4},{"damage":42,"enemies":"Centurion and Healer","floor":28,"turns":6},{"damage":33,"enemies":"Masked Bandits","floor":29,"turns":4},{"damage":42,"enemies":"Slavers","floor":31,"turns":4},{"damage":44,"enemies":"Collector","floor":33,"turns":5},{"damage":38,"enemies":"3 Darklings","floor":35,"turns":5},{"damage":22,"enemies":"Orb Walker","floor":38,"turns":4},{"damage":44,"enemies":"Writhing Mass","floor":39,"turns":5},{"damage":47,"enemies":"Nemesis","floor":40,"turns":5},{"damage":26,"enemies":"Jaw Worm Horde","floor":41,"turns":4},{"damage":68,"enemies":"Reptomancer","floor":42,"turns":7},{"damage":41,"enemies":"Transient","floor":45,"turns":5},{"damage":24,"enemies":"Writhing Mass","floor":46,"turns":3},{"damage":24,"enemies":"Jaw Worm Horde","floor":48,"turns":1}],"seed_played":"5794491197882158672","potions_obtained":[{"floor":2.0,"key":"SteroidPotion"},{"floor":3.0,"key":"Fire Potion"},{"floor":6.0,"key":"SpeedPotion"},{"floor":16.0,"key":"AttackPotion"},{"floor":23,"key":"DistilledChaos"},{"floor":27,"key":"SpeedPotion"},{"floor":28,"key":"Energy Potion"},{"floor":31,"key":"LiquidBronze"},{"floor":38,"key":"BloodPotion"},{"floor":40,"key":"Ancient Potion"}],"is_trial":false,"path_per_floor":["M","M","M","M","M","E","R","E","T","M","?","R","$","M","R","B",null,"M","M","?","$","M","E","R","E","T","E","M","?","R","E","R","B",null,"M","?","$","M","M","E","M","E","T","R","M","M","$","M"],"character_chosen":"IRONCLAD","items_purchased":["Rupture+1","Bloodletting","Bludgeon","Finesse+1","True Grit+1","Battle Trance+1","Bandage Up+1"],"campfire_rested":6,"item_purchase_floors":[13,13,13,37,37,37,47],"current_hp_per_floor":[80,75,80,75,75,45,69,67,67,72,61,80,80,80,80,58,80,73,61,45,45,72,45,69,20,20,48,43,36,60,54,78,80,80,52,52,52,54,47,44,80,42,42,66,33,21,21,0,0],"gold":95,"neow_bonus":"RANDOM_COLORLESS","is_daily":false,"chose_seed":false,"campfire_upgraded":1,"win_rate":0.0,"timestamp":1608829606,"path_taken":["M","?","M","M","M","E","R","E","T","M","?","R","$","M","R","BOSS","M","M","?","$","M","E","R","E","T","E","M","?","R","E","R","BOSS","M","?","$","?","M","E","M","E","T","R","M","M","$","M"],"items_purchased_type":["Card","Card","Card","Card","Card","Card","Card"],"build_version":"2020-12-22","purchased_purges":3,"victory":false,"max_hp_per_floor":[80,80,80,80,80,80,80,80,80,80,80,80,80,80,80,80,80,80,80,80,80,80,80,80,80,80,80,80,80,80,80,80,80,80,80,80,80,80,80,80,80,80,80,80,80,80,80,80,80],"card_choices":[{"not_picked":["Purity","Trip"],"picked":"Bandage Up","floor":0.0},{"not_picked":["Shockwave","Twin Strike"],"picked":"Thunderclap","floor":1.0},{"not_picked":["Warcry","Clothesline"],"picked":"Twin Strike","floor":2.0},{"not_picked":["Twin Strike","Second Wind"],"picked":"Blood for Blood","floor":3.0},{"not_picked":["True Grit","Pommel Strike"],"picked":"Rupture","floor":4.0},{"not_picked":["Hemokinesis","Headbutt"],"picked":"Brutality","floor":5.0},{"not_picked":["Feel No Pain","Dark Embrace"],"picked":"Rampage","floor":6.0},{"not_picked":["Dark Embrace","Metallicize"],"picked":"Shockwave","floor":7.0},{"not_picked":["Clash","Body Slam"],"picked":"Dual Wield","floor":8.0},{"not_picked":["Sword Boomerang","Metallicize+1","Cleave"],"picked":"SKIP","floor":10.0},{"not_picked":["Iron Wave","Twin Strike"],"picked":"Headbutt","floor":12.0},{"not_picked":["Ghostly Armor","Body Slam","Rage"],"picked":"SKIP","floor":14.0},{"not_picked":["Impervious","Fiend Fire"],"picked":"Reaper","floor":16.0},{"not_picked":["Warcry","True Grit","Flex"],"picked":"SKIP","floor":18.0},{"not_picked":["Clothesline","True Grit","Warcry"],"picked":"SKIP","floor":19.0},{"not_picked":["Body Slam","Rupture+1","Warcry"],"picked":"SKIP","floor":22},{"not_picked":["Body Slam+1","Heavy Blade"],"picked":"Double Tap","floor":23},{"not_picked":["Sword Boomerang+1","Clash+1"],"picked":"Disarm+1","floor":24},{"not_picked":["Body Slam+1","Flex+1"],"picked":"Power Through+1","floor":25},{"not_picked":["Anger","Feel No Pain+1","Heavy Blade"],"picked":"SKIP","floor":27},{"not_picked":["Feel No Pain+1","Armaments+1"],"picked":"Offering+1","floor":28},{"not_picked":["Thunderclap","True Grit+1"],"picked":"Second Wind+1","floor":30},{"not_picked":["Armaments+1","Clash"],"picked":"Combust+1","floor":31},{"not_picked":["Pummel","Spot Weakness+1"],"picked":"Burning Pact+1","floor":32},{"not_picked":["Corruption+1","Brutality+1"],"picked":"Barricade+1","floor":33},{"not_picked":["Sever Soul+1","Thunderclap"],"picked":"Power Through+1","floor":35},{"not_picked":["Sword Boomerang+1","Shockwave+1"],"picked":"Flame Barrier+1","floor":38},{"not_picked":["Seeing Red+1","Reckless Charge","Clothesline"],"picked":"SKIP","floor":39},{"not_picked":["Pommel Strike+1","Seeing Red+1"],"picked":"Dropkick+1","floor":40},{"not_picked":["Warcry+1","Twin Strike+1"],"picked":"Fire Breathing+1","floor":41},{"not_picked":["Ghostly Armor+1","Thunderclap+1","Flex+1"],"picked":"SKIP","floor":42},{"not_picked":["Seeing Red+1","Clothesline+1"],"picked":"Hemokinesis","floor":44},{"not_picked":["Armaments+1","True Grit+1","Fire Breathing+1"],"picked":"SKIP","floor":45},{"not_picked":["Power Through+1","Barricade+1"],"picked":"Feel No Pain+1","floor":46}],"player_experience":3597,"relics_obtained":[{"floor":6.0,"key":"Dream Catcher"},{"floor":8.0,"key":"Ancient Tea Set"},{"floor":9.0,"key":"Frozen Egg 2"},{"floor":20,"key":"Necronomicon"},{"floor":23,"key":"StoneCalendar"},{"floor":25,"key":"Toxic Egg 2"},{"floor":26,"key":"Blood Vial"},{"floor":27,"key":"Red Skull"},{"floor":29,"key":"Red Mask"},{"floor":31,"key":"Centennial Puzzle"},{"floor":40,"key":"War Paint"},{"floor":42,"key":"Shuriken"},{"floor":43,"key":"Bottled Tornado"}],"event_choices":[{"damage_healed":0.0,"max_hp_gain":0.0,"max_hp_loss":0.0,"gold_gain":75.0,"event_name":"World of Goop","player_choice":"Gather Gold","floor":11.0,"gold_loss":0.0,"damage_taken":11.0},{"damage_healed":0,"gold_gain":0,"player_choice":"Obtained Book","damage_taken":16,"max_hp_gain":0,"max_hp_loss":0,"event_name":"Cursed Tome","floor":20,"gold_loss":0},{"damage_healed":0,"gold_gain":0,"player_choice":"Fought Bandits","damage_taken":0,"max_hp_gain":0,"max_hp_loss":0,"event_name":"Masked Bandits","floor":29,"gold_loss":0},{"damage_healed":0,"gold_gain":0,"player_choice":"Ignored","damage_taken":0,"max_hp_gain":0,"max_hp_loss":0,"event_name":"SecretPortal","floor":36,"gold_loss":0}],"is_beta":false,"boss_relics":[{"not_picked":["Ectoplasm","Calling Bell"],"picked":"Philosopher\u0027s Stone"},{"not_picked":["Runic Pyramid","Black Star"],"picked":"SacredBark"}],"items_purged_floors":[13,21,37],"is_endless":false,"potions_floor_spawned":[2,3,6,16,23,27,28,31,38,40,45,46],"killed_by":"Jaw Worm Horde","ascension_level":1}}