{"host":"dl5mjdlimopbuch5","time":1608819232,"event":{"mods":["AchievementEnabler","BaseMod","Colored Powertips","Googly Eyes","Minty Spire (QoL Compilation)","Quick Restart"],"gold_per_floor":[116,130,156,176,176,202,220,220,220,255,268,233,244,244,244,244,244],"floor_reached":16,"playtime":330,"items_purged":[],"score":140,"play_id":"c616648a-2fba-4ce9-804d-bcc4c8f9273c","local_time":"20201224141352","is_ascension_mode":true,"campfire_choices":[{"floor":8,"key":"REST"},{"floor":15,"key":"REST"}],"circlet_count":0,"master_deck":["Strike_G","Strike_G","Strike_G","Strike_G","Strike_G","Defend_G","Defend_G","Defend_G","Defend_G","Defend_G","Survivor","Neutralize","Poisoned Stab","Catalyst","Backstab+1"],"relics":["Ring of the Snake","NeowsBlessing","Ancient Tea Set","Toy Ornithopter","Boot","Bronze Scales"],"acts_visited":["Exordium"],"potions_floor_usage":[6],"damage_taken":[{"damage":0,"enemies":"Cultist","floor":1,"turns":1},{"damage":0,"enemies":"Small Slimes","floor":2,"turns":1},{"damage":0,"enemies":"2 Louse","floor":4,"turns":1},{"damage":34,"enemies":"Gremlin Nob","floor":6,"turns":5},{"damage":0,"enemies":"Large Slime","floor":7,"turns":6},{"damage":37,"enemies":"3 Sentries","floor":10,"turns":10},{"damage":0,"enemies":"2 Fungi Beasts","floor":11,"turns":2},{"damage":7,"enemies":"Blue Slaver","floor":13,"turns":3},{"damage":14,"enemies":"The Guardian","floor":16,"turns":4}],"seed_played":"1798350202047592798","potions_obtained":[{"floor":1,"key":"DuplicationPotion"},{"floor":2,"key":"SkillPotion"},{"floor":11,"key":"SteroidPotion"}],"is_trial":false,"path_per_floor":["M","M","T","M","?","E","M","R","T","E","M","?","M","?","R","B"],"character_chosen":"THE_SILENT","items_purchased":[],"campfire_rested":2,"item_purchase_floors":[],"current_hp_per_floor":[70,70,70,70,70,36,36,57,57,20,20,37,30,30,51,37,37],"gold":244,"neow_bonus":"THREE_ENEMY_KILL","is_daily":false,"chose_seed":false,"campfire_upgraded":0,"win_rate":0.0,"timestamp":1608819232,"path_taken":["M","M","?","?","?","E","?","R","T","E","M","?","M","?","R","BOSS"],"items_purchased_type":[],"build_version":"2020-12-22","purchased_purges":0,"victory":false,"max_hp_per_floor":[70,70,70,70,70,70,70,70,70,70,70,70,70,70,70,70,70],"card_choices":[{"not_picked":["Expertise","Footwork","Predator"],"picked":"SKIP","floor":1},{"not_picked":["Deflect","Cloak And Dagger"],"picked":"Poisoned Stab","floor":2},{"not_picked":["Sucker Punch","Underhanded Strike","Caltrops"],"picked":"SKIP","floor":4},{"not_picked":["Finisher","Well Laid Plans"],"picked":"Catalyst","floor":6},{"not_picked":["Outmaneuver","All Out Attack"],"picked":"Backstab","floor":7},{"not_picked":["Riddle With Holes","Predator","Backflip"],"picked":"SKIP","floor":10},{"not_picked":["Underhanded Strike","Well Laid Plans","Heel Hook"],"picked":"SKIP","floor":11},{"not_picked":["Heel Hook","Footwork","Riddle With Holes"],"picked":"SKIP","floor":13}],"player_experience":236068,"relics_obtained":[{"floor":3,"key":"Ancient Tea Set"},{"floor":6,"key":"Toy Ornithopter"},{"floor":9,"key":"Boot"},{"floor":10,"key":"Bronze Scales"}],"event_choices":[{"damage_healed":0,"gold_gain":0,"player_choice":"Ignored","damage_taken":0,"max_hp_gain":0,"max_hp_loss":0,"event_name":"Purifier","floor":5,"gold_loss":0},{"damage_healed":17,"gold_gain":0,"player_choice":"Healed","damage_taken":0,"max_hp_gain":0,"max_hp_loss":0,"event_name":"The Cleric","floor":12,"gold_loss":35},{"damage_healed":0,"gold_gain":0,"player_choice":"Grow","damage_taken":0,"max_hp_gain":0,"max_hp_loss":0,"event_name":"Living Wall","floor":14,"gold_loss":0,"cards_upgraded":["Backstab"]}],"is_beta":false,"boss_relics":[],"items_purged_floors":[],"is_endless":false,"potions_floor_spawned":[1,2,11],"killed_by":"The Guardian","ascension_level":5}}