{"host":"o3b7ow6d1xe49css","time":1608799082,"event":{"mods":["Act Like it!","Aspiration","BaseMod","Bestiary","Better Altar","Better Match","Better Note","Better Sensory Stone","Better Skull","Better Third Choice","Colored Powertips","Conspire","Energized Spire","Force Act Four","GifTheSpireLib","Halation","Hermit","Hubris","Infinite Spire","Lobotomy","Minty Spire (QoL Compilation)","Quick Restart","Replay The Spire","Spicy Shops","Spikes Relics","StSLib","Stuff the Spire","The Blue Laboratory","Wandering Minibosses","vexMod"],"gold_per_floor":[117,127,144,144,154,185,185,185],"floor_reached":7,"playtime":199,"items_purged":[],"score":66,"play_id":"00821971-7180-4ef8-9acb-ce5f4d5aa48e","local_time":"20201223233802","daily_mods":["Heirloom","Flight","Elite Swarm"],"is_ascension_mode":true,"campfire_choices":[],"circlet_count":0,"master_deck":["Strike_P","Strike_P","Strike_P","Strike_P","Defend_P","Defend_P","Defend_P","Defend_P","Eruption","Vigilance","Wallop","UniverseFragment","Crescendo","OSAHOGD","OldLady","Prostrate","Vault"],"relics":["PureWater","Ring of Chaos","WizardHat","CogitoBucket","Strawberry","Smiling Mask"],"acts_visited":["Exordium"],"potions_floor_usage":[],"damage_taken":[{"damage":0,"enemies":"2 Louse","floor":1,"turns":1},{"damage":0,"enemies":"Cultist","floor":2,"turns":2},{"damage":0,"enemies":"Small Slimes","floor":3,"turns":2},{"damage":0,"enemies":"Blue Slaver","floor":5,"turns":5},{"damage":62,"enemies":"Gremlin Nob","floor":6,"turns":4},{"damage":0,"enemies":"Lagavulin","floor":7,"turns":5}],"seed_played":"7600369362320257513","potions_obtained":[],"is_trial":true,"path_per_floor":["M","M","M","?","M","E","E"],"character_chosen":"WATCHER","items_purchased":[],"campfire_rested":0,"item_purchase_floors":[],"current_hp_per_floor":[72,72,72,79,79,17,17,17],"gold":185,"neow_bonus":"","is_daily":false,"chose_seed":false,"campfire_upgraded":0,"win_rate":0.0,"timestamp":1608799082,"path_taken":["M","M","M","?","M","E","E"],"items_purchased_type":[],"build_version":"2020-12-22","purchased_purges":0,"victory":false,"max_hp_per_floor":[72,72,72,79,79,79,79,79],"card_choices":[{"not_picked":["ShyLook","Wellcheers","CherryBlossoms"],"picked":"Singing Bowl","floor":1},{"not_picked":["DeceiveReality","ThirdEye"],"picked":"Wallop","floor":1},{"not_picked":["DreamingCurrent","DespairKnight"],"picked":"UniverseFragment","floor":2},{"not_picked":["FlurryOfBlows","CarveReality"],"picked":"Crescendo","floor":2},{"not_picked":["MHz","QueenBee"],"picked":"OSAHOGD","floor":3},{"not_picked":["Perseverance","Tantrum"],"picked":"CrushJoints","floor":3},{"not_picked":["QueenOfHatred","FairyFestival","Freischutz"],"picked":"Singing Bowl","floor":5},{"not_picked":["FairyFestival","CrumblingArmor"],"picked":"OldLady","floor":5},{"not_picked":["Replay:AtTheReady","Replay:ManipulateFuture"],"picked":"Prostrate","floor":5},{"not_picked":["Wish","Judgement"],"picked":"Vault","floor":6},{"not_picked":["VoidDream","CherryBlossoms","BodiesMountain"],"picked":"Singing Bowl","floor":6}],"player_experience":1846676,"relics_obtained":[{"floor":6,"key":"Smiling Mask"}],"event_choices":[{"cards_removed":["CrushJoints"],"damage_healed":0,"gold_gain":0,"player_choice":"Gave Card","damage_taken":0,"relics_obtained":["Strawberry"],"max_hp_gain":0,"max_hp_loss":0,"event_name":"WeMeetAgain","floor":4,"gold_loss":0}],"is_beta":false,"boss_relics":[],"items_purged_floors":[],"is_endless":false,"potions_floor_spawned":[],"killed_by":"Lagavulin","ascension_level":5}}