{"host":"08nxni9rwzvm98vp","time":1608795666,"event":{"mods":["AchievementEnabler","BaseMod","Card Forge","Colored Powertips","Googly Eyes","Highlight Path","Marisa£¨Ùöéë¡¡Øª×âÞÞ£©","Minty Spire (QoL Compilation)","Quick Restart","Rare Cards Sparkle","StSLib","SuperFastMode"],"gold_per_floor":[116,116,41,58,78,78,78,93,93,128,147,164,88,98,98,200,200,214,233,233,244,259,259,259],"floor_reached":23,"playtime":1366,"items_purged":["Defend_MRS"],"score":233,"play_id":"17fc29c7-6cdd-46f4-ac87-ad8b7ac65ba4","local_time":"20201224164106","is_ascension_mode":true,"campfire_choices":[{"data":"PropBag","floor":6,"key":"SMITH"},{"data":"UltimateShortwave","floor":15,"key":"SMITH"}],"circlet_count":0,"master_deck":["Strike_MRS","Strike_MRS","Strike_MRS","Strike_MRS","Defend_MRS","Defend_MRS","Defend_MRS","MasterSpark","UpSweep","PowerUp+1","AlicesGift","PropBag+1","AlicesGift","UltimateShortwave+1","PulseMagic","EnergyFlow","SporeBomb","MachineGunSpark","EnergyRecoil","FinalSpark","EnergyFlow","PowerUp"],"relics":["MiniHakkero","Hammer of Thor","Seething Fire","Anvil of the Gods","Lizard Tail","Prayer Wheel","Pen Nib","ExperimentalFamiliar","Letter Opener"],"acts_visited":["Exordium","TheCity"],"potions_floor_usage":[16,21],"damage_taken":[{"damage":0,"enemies":"Small Slimes","floor":1,"turns":3},{"damage":0,"enemies":"Cultist","floor":4,"turns":3},{"damage":1,"enemies":"Jaw Worm","floor":5,"turns":2},{"damage":6,"enemies":"Exordium Wildlife","floor":8,"turns":3},{"damage":24,"enemies":"Gremlin Nob","floor":10,"turns":4},{"damage":5,"enemies":"2 Fungi Beasts","floor":11,"turns":3},{"damage":5,"enemies":"Looter","floor":12,"turns":2},{"damage":16,"enemies":"Lots of Slimes","floor":14,"turns":4},{"damage":30,"enemies":"The Guardian","floor":16,"turns":6},{"damage":23,"enemies":"2 Thieves","floor":18,"turns":3},{"damage":0,"enemies":"Spheric Guardian","floor":19,"turns":1},{"damage":6,"enemies":"Cultist and Chosen","floor":21,"turns":5},{"damage":12,"enemies":"Snake Plant","floor":22,"turns":4},{"damage":46,"enemies":"Book of Stabbing","floor":23,"turns":3}],"seed_played":"9168399493321903885","potions_obtained":[{"floor":5,"key":"PowerPotion"},{"floor":8,"key":"Weak Potion"},{"floor":10,"key":"Block Potion"},{"floor":12,"key":"Ancient Potion"},{"floor":14,"key":"Block Potion"},{"floor":19,"key":"Energy Potion"},{"floor":22,"key":"ShroomBrew"}],"is_trial":false,"path_per_floor":["M","?","$","M","M","R","?","M","T","E","M","M","$","M","R","B",null,"M","M","?","M","M","E"],"character_chosen":"MARISA","items_purchased":["MachineGunSpark"],"campfire_rested":0,"item_purchase_floors":[13],"current_hp_per_floor":[82,82,82,82,81,81,81,75,75,51,46,41,41,25,25,41,82,59,59,59,53,41,0,0],"gold":259,"neow_bonus":"TEN_PERCENT_HP_BONUS","is_daily":false,"chose_seed":false,"campfire_upgraded":2,"win_rate":0.0,"timestamp":1608795666,"path_taken":["M","?","$","M","?","R","?","?","T","E","M","M","?","M","R","BOSS","M","?","?","M","M","E"],"items_purchased_type":["Card"],"build_version":"2020-12-22","purchased_purges":1,"victory":false,"max_hp_per_floor":[82,82,82,82,82,82,82,82,82,82,82,82,82,82,82,82,82,82,82,82,82,82,82,82],"card_choices":[{"not_picked":["6A","MilkyWay"],"picked":"PowerUp","floor":1},{"not_picked":["SporeBomb","6A"],"picked":"AlicesGift","floor":4},{"not_picked":["IllusionStar","DoubleSpark"],"picked":"PropBag","floor":5},{"not_picked":["UnstableBomb","GravityBeat"],"picked":"AlicesGift","floor":8},{"not_picked":["ManaConvection","Acceleration"],"picked":"UltimateShortwave","floor":10},{"not_picked":["UnstableBomb","WitchLeyline"],"picked":"PulseMagic","floor":11},{"not_picked":["AsteroidBelt","ShootingEcho","EventHorizon"],"picked":"SKIP","floor":11},{"not_picked":["6A","MilkyWay"],"picked":"EnergyFlow","floor":12},{"not_picked":["DC","AsteroidBelt"],"picked":"SporeBomb","floor":12},{"not_picked":["DoubleSpark","BlazeAway"],"picked":"EnergyRecoil","floor":14},{"not_picked":["GravityBeat","WitchOfGreed","AsteroidBelt"],"picked":"SKIP","floor":14},{"not_picked":["BinaryStars","TreasureHunter"],"picked":"FinalSpark","floor":16},{"not_picked":["ShootingEcho","Orbital"],"picked":"EnergyFlow","floor":18},{"not_picked":["GalacticHalo+1","OpenUniverse+1","MilkyWay"],"picked":"SKIP","floor":18},{"not_picked":["WitchLeyline","UnstableBomb"],"picked":"PowerUp","floor":19},{"not_picked":["DC","Acceleration","LuminesStrike"],"picked":"SKIP","floor":19},{"not_picked":["WitchOfGreed","Occultation","NonDirectionalLaser"],"picked":"SKIP","floor":21},{"not_picked":["SuperNova","MilkyWay+1","DarkSpark"],"picked":"SKIP","floor":21},{"not_picked":["SuperPerseids","LuminesStrike","AsteroidBelt"],"picked":"SKIP","floor":22},{"not_picked":["MysteriousBeam","SporeBomb","UnstableBomb"],"picked":"SKIP","floor":22}],"player_experience":638081,"relics_obtained":[{"floor":9,"key":"Prayer Wheel"},{"floor":10,"key":"Pen Nib"}],"event_choices":[{"damage_healed":0,"gold_gain":0,"player_choice":"Upgraded","damage_taken":0,"max_hp_gain":0,"max_hp_loss":0,"event_name":"Upgrade Shrine","floor":2,"gold_loss":0,"cards_upgraded":["PowerUp"]},{"damage_healed":0,"gold_gain":0,"player_choice":"Gave Potion","damage_taken":0,"relics_obtained":["Lizard Tail"],"max_hp_gain":0,"max_hp_loss":0,"event_name":"WeMeetAgain","floor":7,"gold_loss":0},{"damage_healed":0,"gold_gain":0,"player_choice":"Ignored","damage_taken":0,"max_hp_gain":0,"max_hp_loss":0,"event_name":"Ghosts","floor":20,"gold_loss":0}],"is_beta":false,"boss_relics":[{"not_picked":["Coffee Dripper","SacredBark"],"picked":"ExperimentalFamiliar"}],"items_purged_floors":[3],"is_endless":false,"potions_floor_spawned":[5,8,10,12,14,19,22],"killed_by":"Book of Stabbing","ascension_level":1}}