{"host":"fkig9nrckec4xsh0","time":1608845980,"event":{"mods":["BaseMod","Colored Map","Minty Spire (QoL Compilation)","Quick Restart","Replay The Spire","StSLib"],"gold_per_floor":[109,120,120,132,57,86,101,101,101],"floor_reached":8,"playtime":258,"items_purged":["Defend_B"],"score":87,"play_id":"92d9818b-ec72-4542-bc9c-d88071d6f3e2","local_time":"20201224163940","is_ascension_mode":true,"campfire_choices":[],"circlet_count":0,"master_deck":["AscendersBane","Strike_B","Strike_B","Strike_B","Strike_B","Defend_B","Defend_B","Defend_B","Zap","Dualcast","Sweeping Beam","Gash","Streamline","Hyperbeam","Beam Cell"],"relics":["Cracked Core","NeowsBlessing","Lizard Tail"],"acts_visited":["Exordium"],"potions_floor_usage":[6,6],"damage_taken":[{"damage":0,"enemies":"2 Louse","floor":1,"turns":1},{"damage":0,"enemies":"Cultist","floor":2,"turns":1},{"damage":0,"enemies":"Small Slimes","floor":4,"turns":1},{"damage":30,"enemies":"3 Sentries","floor":6,"turns":6},{"damage":0,"enemies":"3 Louse","floor":7,"turns":2},{"damage":15,"enemies":"Lagavulin","floor":8,"turns":3}],"seed_played":"8395446704912730883","potions_obtained":[{"floor":1,"key":"Fire Potion"},{"floor":3,"key":"Death Potion"},{"floor":3,"key":"Adrenaline Potion"}],"is_trial":false,"path_per_floor":["M","M","?","M","$","E","M","E"],"character_chosen":"DEFECT","items_purchased":[],"campfire_rested":0,"item_purchase_floors":[],"current_hp_per_floor":[68,68,68,68,68,38,38,23,23],"gold":101,"neow_bonus":"THREE_ENEMY_KILL","is_daily":false,"chose_seed":false,"campfire_upgraded":0,"win_rate":0.0,"timestamp":1608845980,"path_taken":["M","M","?","?","$","E","M","E"],"items_purchased_type":[],"build_version":"2020-12-22","purchased_purges":1,"victory":false,"max_hp_per_floor":[75,75,75,75,75,75,75,75,75],"card_choices":[{"not_picked":["Auto Shields","Compile Driver"],"picked":"Sweeping Beam","floor":1},{"not_picked":["Conserve Battery","Cold Snap"],"picked":"Gash","floor":2},{"not_picked":["Steam","BasicCrystalCard"],"picked":"Streamline","floor":4},{"not_picked":["Heatsinks","Rip and Tear"],"picked":"Hyperbeam","floor":6},{"not_picked":["Go for the Eyes","Fusion"],"picked":"Beam Cell","floor":7}],"player_experience":278603,"relics_obtained":[{"floor":6,"key":"Lizard Tail"}],"event_choices":[{"damage_healed":0,"gold_gain":0,"player_choice":"Got Potions","damage_taken":0,"max_hp_gain":0,"max_hp_loss":0,"event_name":"Lab","floor":3,"gold_loss":0}],"is_beta":false,"boss_relics":[],"items_purged_floors":[5],"is_endless":false,"potions_floor_spawned":[1],"killed_by":"Lagavulin","ascension_level":10}}