{"host":"gvhxj4mzhoewha5t","time":1608779831,"event":{"mods":["2.2 Compatiblity","AchievementEnabler","BaseMod","Better Altar","Better Match","Better Note","Better Sensory Stone","Better Skull","Better Third Choice","Better Vampires","BetterRewards","CapriCore","Colored Map","Disable Question Mark Monsters","Downfall","Emptier Cage","GifTheSpireLib","Hermit","Marked Mod","Minty Spire (QoL Compilation)","Quick Restart","Rare Cards Sparkle","Robot Space Explorer","Spicy Shops","StSLib","The Immortal"],"gold_per_floor":[99,99,99,26,42,54,103,103,123,123,135,135,149,163,179,179,179],"floor_reached":16,"playtime":1536,"items_purged":[],"score":94,"play_id":"27670a42-3e35-4fbe-bb3f-4dcffe070a21","local_time":"20201223221711","is_ascension_mode":false,"campfire_choices":[{"data":"sneckomod:Unknown","floor":1,"key":"SMITH"},{"floor":12,"key":"REST"}],"circlet_count":0,"master_deck":["sneckomod:Strike","sneckomod:Strike","sneckomod:Strike","sneckomod:Defend","sneckomod:Defend","sneckomod:Defend","sneckomod:TailWhip","sneckomod:SnekBite","sneckomod:Unknown+1","sneckomod:Unknown","sneckomod:UnknownStrike","sneckomod:UnknownClassGREEN","sneckomod:DiceCrush","sneckomod:UnknownWeak","sneckomod:Unknown0Cost","Apotheosis+1","sneckomod:Unknown0Cost","sneckomod:UnknownClassSLIMEBOUND","sneckomod:UnknownClassSLIMEBOUND","sneckomod:UnknownClassMKU_RED_COLOR","sneckomod:UnlimitedRolls"],"relics":["sneckomod:SneckoSoul","downfall:HeartsMalice","Anchor","downfall:BrokenWingStatue"],"acts_visited":["Exordium"],"potions_floor_usage":[14],"damage_taken":[{"damage":0,"enemies":"Cultist","floor":2,"turns":1},{"damage":0,"enemies":"2 Louse","floor":3,"turns":1},{"damage":0,"enemies":"downfall:FleeingMerchant","floor":4,"turns":1},{"damage":0,"enemies":"Small Slimes","floor":5,"turns":3},{"damage":0,"enemies":"Blue Slaver","floor":6,"turns":3},{"damage":11,"enemies":"2 Fungi Beasts","floor":9,"turns":4},{"damage":64,"enemies":"Gremlin Gang","floor":11,"turns":6},{"damage":1,"enemies":"Large Slime","floor":13,"turns":4},{"damage":15,"enemies":"Exordium Wildlife","floor":14,"turns":3},{"damage":17,"enemies":"2 Fungi Beasts","floor":15,"turns":3},{"damage":61,"enemies":"downfall:Ironclad","floor":16,"turns":9}],"seed_played":"-4274103749884197368","potions_obtained":[{"floor":5,"key":"SpeedPotion"},{"floor":6,"key":"Regen Potion"},{"floor":11,"key":"SkillPotion"},{"floor":14,"key":"FairyPotion"}],"is_trial":false,"path_per_floor":["R","M","M","$","M","M","T","?","M","?","M","R","M","M","M","B"],"character_chosen":"THE_SNECKO","items_purchased":["Anchor"],"campfire_rested":1,"item_purchase_floors":[4],"current_hp_per_floor":[90,91,92,92,93,94,94,94,84,84,29,57,57,43,30,0,0],"gold":179,"neow_bonus":"THREE_ENEMY_KILL","is_daily":false,"chose_seed":false,"campfire_upgraded":1,"win_rate":0.0,"timestamp":1608779831,"path_taken":["R","M","M","$","?","M","T","?","?","?","M","R","M","M","M","BOSS"],"items_purchased_type":["Relic"],"build_version":"2020-12-22","purchased_purges":0,"victory":false,"max_hp_per_floor":[90,91,92,92,93,94,94,94,95,95,96,96,97,98,98,98,98],"card_choices":[{"not_picked":["sneckomod:SnekBeam","sneckomod:SoulDraw"],"picked":"sneckomod:UnknownStrike","floor":2},{"not_picked":["sneckomod:UnknownClassRED","sneckomod:CheapStock"],"picked":"sneckomod:UnknownClassGREEN","floor":3},{"not_picked":["sneckomod:Mudshield","sneckomod:TrashToTreasure"],"picked":"sneckomod:DiceCrush","floor":4},{"not_picked":["sneckomod:SoulCleanse","sneckomod:IronFang"],"picked":"sneckomod:UnknownWeak","floor":5},{"not_picked":["sneckomod:UnknownVulnerable","sneckomod:TrashToTreasure"],"picked":"sneckomod:Unknown0Cost","floor":6},{"not_picked":["sneckomod:SoulDraw","sneckomod:UnknownStrike"],"picked":"sneckomod:Unknown0Cost","floor":9},{"not_picked":["sneckomod:UnknownBlock","sneckomod:UnknownClassMKU_RED_COLOR"],"picked":"sneckomod:UnknownClassSLIMEBOUND","floor":11},{"not_picked":["sneckomod:QuickMove","sneckomod:IronFang"],"picked":"sneckomod:UnknownClassSLIMEBOUND","floor":13},{"not_picked":["sneckomod:IronFang","sneckomod:DiceBoulder"],"picked":"sneckomod:UnknownClassMKU_RED_COLOR","floor":14},{"not_picked":["sneckomod:Nope","sneckomod:QuickMove"],"picked":"sneckomod:UnlimitedRolls","floor":15}],"player_experience":349068,"relics_obtained":[],"event_choices":[{"cards_removed":["sneckomod:Unknown0Cost"],"damage_healed":0,"gold_gain":0,"player_choice":"Take \u0026 Give","damage_taken":0,"max_hp_gain":0,"max_hp_loss":0,"event_name":"betterNote:BetterNote","floor":8,"gold_loss":0,"cards_obtained":["Apotheosis"]}],"is_beta":false,"boss_relics":[],"items_purged_floors":[],"is_endless":false,"potions_floor_spawned":[5,6,11,14],"killed_by":"downfall:Ironclad","ascension_level":0}}