{"host":"5u4m3sklrpw6xc20","time":1608785682,"event":{"mods":["2.2 Compatiblity","BaseMod","Better Third Choice","CapriCore","Colored Map","Hermit","Hubris","Infinite Spire","Luminous","Minty Spire (QoL Compilation)","Permanent Neow","Replay The Spire","Robot Space Explorer","Shade Mod","Spicy Shops","StSLib","SuperFastMode","The Cursed","The Gatherer","The Immortal","The Necromancer","The Runesmith"],"gold_per_floor":[119,139,139,64,75,75,105,105,105,105,130,142,18,36,36,136,136,154,154,154,154,154,188,188,208,233,233,233,252,265,283,283,379,379,389,389],"floor_reached":35,"playtime":3066,"items_purged":["RobotSpaceExplorer:Strike","RobotSpaceExplorer:Strike"],"score":437,"play_id":"f6dd9702-7ba1-4ffa-9bee-6e899c2282f8","local_time":"20201223225442","is_ascension_mode":false,"campfire_choices":[{"data":"RobotSpaceExplorer:Smokescreen","floor":6,"key":"SMITH"},{"data":"RobotSpaceExplorer:FreezeRay","floor":8,"key":"SMITH"},{"data":"RobotSpaceExplorer:Scan","floor":10,"key":"SMITH"},{"floor":15,"key":"RECALL"},{"data":"RobotSpaceExplorer:Multitool","floor":24,"key":"SMITH"},{"data":"RobotSpaceExplorer:MetalStrike","floor":32,"key":"SMITH"}],"circlet_count":0,"master_deck":["RobotSpaceExplorer:Strike+1","RobotSpaceExplorer:Strike+1","RobotSpaceExplorer:Defend+1","RobotSpaceExplorer:Defend+1","RobotSpaceExplorer:Defend+1","RobotSpaceExplorer:Defend+1","RobotSpaceExplorer:Scan+1","RobotSpaceExplorer:MiniLasers+1","RobotSpaceExplorer:Smokescreen+1","RobotSpaceExplorer:FreezeRay+1","RobotSpaceExplorer:StunGrenade","RobotSpaceExplorer:Multitool+1","RobotSpaceExplorer:MetalStrike+1"],"relics":["RobotSpaceExplorer:RoboCore","Omamori","Juzu Bracelet","MealTicket","Coffee Dripper","hubris:Towel","Blue Doll","ReplayTheSpireMod:TigerMarble","MutagenicStrength","RobotSpaceExplorer:SearchSpecs"],"acts_visited":["Exordium","TheCity","TheBeyond"],"potions_floor_usage":[11,16,16,16],"damage_taken":[{"damage":2,"enemies":"Cultist","floor":1,"turns":4},{"damage":0,"enemies":"2 Louse","floor":2,"turns":3},{"damage":0,"enemies":"Small Slimes","floor":5,"turns":4},{"damage":0,"enemies":"Gremlin Nob","floor":7,"turns":1},{"damage":14,"enemies":"Lagavulin","floor":11,"turns":9},{"damage":0,"enemies":"3 Louse","floor":12,"turns":3},{"damage":0,"enemies":"Exordium Thugs","floor":14,"turns":3},{"damage":21,"enemies":"Fading Forest","floor":16,"turns":11},{"damage":0,"enemies":"3 Byrds","floor":18,"turns":3},{"damage":15,"enemies":"Book of Stabbing","floor":23,"turns":8},{"damage":0,"enemies":"2 Thieves","floor":25,"turns":1},{"damage":0,"enemies":"Centurion and Healer","floor":29,"turns":6},{"damage":13,"enemies":"Snake Plant","floor":30,"turns":5},{"damage":3,"enemies":"Sentry and Sphere","floor":31,"turns":6},{"damage":26,"enemies":"Pondfish","floor":33,"turns":13},{"damage":0,"enemies":"Orb Walker","floor":35,"turns":3}],"seed_played":"-2885514435604397672","potions_obtained":[{"floor":2,"key":"FearPotion"},{"floor":11,"key":"SkillPotion"},{"floor":12,"key":"PowerPotion"},{"floor":14,"key":"EssenceOfSteel"},{"floor":18,"key":"Death Potion"},{"floor":21,"key":"LiquidMemories"},{"floor":21,"key":"CultistPotion"}],"is_trial":false,"path_per_floor":["M","M","?","$","M","R","E","R","T","R","E","M","$","M","R","B",null,"M","?","?","?","?","E","R","M","T","?","?","M","M","M","R","B",null,"M"],"character_chosen":"RobotSpaceExplorer","items_purchased":["RobotSpaceExplorer:StunGrenade"],"campfire_rested":0,"item_purchase_floors":[13],"current_hp_per_floor":[73,73,73,73,73,73,73,73,73,73,59,59,74,74,74,53,75,75,75,75,75,75,60,60,60,60,60,60,60,47,44,44,18,75,75,75],"gold":389,"neow_bonus":"RANDOM_COMMON_RELIC","is_daily":false,"chose_seed":false,"campfire_upgraded":5,"win_rate":0.0,"timestamp":1608785682,"path_taken":["M","?","?","$","M","R","E","R","T","R","E","M","$","M","R","BOSS","M","?","?","?","?","E","R","M","T","?","?","M","M","M","R","BOSS","M"],"items_purchased_type":["Card"],"build_version":"2020-12-22","purchased_purges":2,"victory":false,"max_hp_per_floor":[75,75,75,75,75,75,75,75,75,75,75,75,75,75,75,75,75,75,75,75,75,75,75,75,75,75,75,75,75,75,75,75,75,75,75,75],"card_choices":[{"not_picked":["RobotSpaceExplorer:SlimeMissile","RobotSpaceExplorer:GlueShot"],"picked":"RobotSpaceExplorer:Smokescreen","floor":1},{"not_picked":["RobotSpaceExplorer:MiniDrones","RobotSpaceExplorer:ShovelStrike","RobotSpaceExplorer:ImprovisedAttack"],"picked":"SKIP","floor":2},{"not_picked":["RobotSpaceExplorer:GlueShot","RobotSpaceExplorer:LuckyStrike","RobotSpaceExplorer:StarLightning"],"picked":"SKIP","floor":5},{"not_picked":["RobotSpaceExplorer:Blitz","RobotSpaceExplorer:BigMissile"],"picked":"RobotSpaceExplorer:FreezeRay","floor":7},{"not_picked":["RobotSpaceExplorer:ShockKick","RobotSpaceExplorer:SlimeMissile","RobotSpaceExplorer:Accelerator"],"picked":"SKIP","floor":11},{"not_picked":["RobotSpaceExplorer:PowerGlove","RobotSpaceExplorer:FrostMissile","RobotSpaceExplorer:SwiftStep"],"picked":"SKIP","floor":12},{"not_picked":["RobotSpaceExplorer:Electropulse","RobotSpaceExplorer:FreezingShield","RobotSpaceExplorer:DualCore"],"picked":"SKIP","floor":14},{"not_picked":["RobotSpaceExplorer:Scanner","RobotSpaceExplorer:Blaster"],"picked":"RobotSpaceExplorer:Multitool","floor":16},{"not_picked":["RobotSpaceExplorer:SurgingStrike","RobotSpaceExplorer:StunGrenade","RobotSpaceExplorer:FranticSearch+1"],"picked":"SKIP","floor":18},{"not_picked":["RobotSpaceExplorer:ImprovisedAttack","RobotSpaceExplorer:FrostMissile+1"],"picked":"RobotSpaceExplorer:MetalStrike","floor":23},{"not_picked":["RobotSpaceExplorer:GlueShot+1","RobotSpaceExplorer:ShovelStrike","RobotSpaceExplorer:MiniBoosters"],"picked":"SKIP","floor":25},{"not_picked":["RobotSpaceExplorer:Probe+1","RobotSpaceExplorer:TurboDodge","RobotSpaceExplorer:ShovelStrike"],"picked":"SKIP","floor":29},{"not_picked":["RobotSpaceExplorer:FreezingShield","RobotSpaceExplorer:PowerCollector","RobotSpaceExplorer:MiniBoosters"],"picked":"SKIP","floor":30},{"not_picked":["RobotSpaceExplorer:GlueSpray","RobotSpaceExplorer:ExhaustFan+1","RobotSpaceExplorer:ToxicBomb"],"picked":"SKIP","floor":31}],"player_experience":264769,"relics_obtained":[{"floor":7,"key":"Juzu Bracelet"},{"floor":11,"key":"MealTicket"},{"floor":23,"key":"Blue Doll"},{"floor":26,"key":"ReplayTheSpireMod:TigerMarble"}],"event_choices":[{"damage_healed":25,"gold_gain":0,"player_choice":"Heal","damage_taken":0,"max_hp_gain":0,"max_hp_loss":0,"event_name":"The Library","floor":19,"gold_loss":0},{"damage_healed":0,"gold_gain":0,"player_choice":"Full Heal","damage_taken":0,"max_hp_gain":0,"max_hp_loss":0,"event_name":"Wheel of Change","floor":20,"gold_loss":0},{"damage_healed":0,"gold_gain":0,"player_choice":"Got Potions","damage_taken":0,"max_hp_gain":0,"max_hp_loss":0,"event_name":"Lab","floor":21,"gold_loss":0},{"damage_healed":0,"gold_gain":0,"player_choice":"Inject Mutagens","damage_taken":0,"relics_obtained":["MutagenicStrength"],"max_hp_gain":0,"max_hp_loss":0,"event_name":"Drug Dealer","floor":27,"gold_loss":0},{"damage_healed":0,"gold_gain":0,"player_choice":"Simplicity","damage_taken":0,"max_hp_gain":0,"max_hp_loss":6,"event_name":"betterThird:BetterWriting","floor":28,"gold_loss":0}],"is_beta":false,"boss_relics":[{"not_picked":["infinitespire:Cupcake","Tiny House"],"picked":"Coffee Dripper"},{"not_picked":["Replay:Bronze Core","Abe\u0027s Treasure"],"picked":"RobotSpaceExplorer:SearchSpecs"}],"items_purged_floors":[4,13],"is_endless":false,"potions_floor_spawned":[2,11,12,14,18,23,31],"killed_by":"Orb Walker","ascension_level":0}}