{"host":"30jsp143e4v19aze","time":1608844753,"event":{"mods":["BaseMod","Colored Map","Colored Powertips","Curses Come First","DeckTracker","Highlight Path","Minty Spire (QoL Compilation)","Quick Restart","Relic Stats","StSLib","everything is the same but u backflip on backflip","slay the spire mod where everything is the same but ironclad has a cowboy hat"],"gold_per_floor":[363,2,35,73,148,194,194,275,349,409,409,409,470,532,532,610,610,650,650,691,616,616,646,646,704,778,778,828,585,640,555,555,629,629,670,670,715,200,1199,1259,1259,1289,1341,1341,1341,1341],"floor_reached":45,"playtime":2377,"items_purged":["Strike_R+1","Strike_R+1"],"score":1136,"play_id":"34e860e8-2d07-472e-a367-be1f3f69af3f","local_time":"20201224221913","is_ascension_mode":true,"campfire_choices":[{"data":"HandOfGreed","floor":7,"key":"SMITH"},{"data":"Carnage","floor":11,"key":"SMITH"},{"data":"Berserk","floor":15,"key":"SMITH"},{"floor":24,"key":"REST"},{"data":"Demon Form","floor":27,"key":"SMITH"},{"floor":32,"key":"REST"},{"floor":41,"key":"REST"}],"circlet_count":0,"master_deck":["AscendersBane","Strike_R+1","Strike_R+1","Defend_R+1","Defend_R+1","Defend_R+1","Defend_R+1","Bash","HandOfGreed+1","Flash of Steel+1","Demon Form+1","Evolve","Berserk+1","Offering+1","Intimidate+1","Pummel+1","Shrug It Off","Offering","Impervious","Limit Break","Feel No Pain","Second Wind","Offering"],"relics":["Burning Blood","Gambling Chip","MealTicket","Pantograph","Juzu Bracelet","Mark of Pain","MutagenicStrength","Champion Belt","War Paint","Singing Bowl","Art of War","Whetstone","Dream Catcher","Fusion Hammer","Medical Kit","Omamori","Matryoshka","Toy Ornithopter","Boot"],"acts_visited":["Exordium","TheCity","TheBeyond"],"potions_floor_usage":[6,16,20,23,42],"damage_taken":[{"damage":4,"enemies":"Small Slimes","floor":1,"turns":4},{"damage":14,"enemies":"Jaw Worm","floor":3,"turns":4},{"damage":7,"enemies":"2 Louse","floor":4,"turns":2},{"damage":6,"enemies":"Gremlin Nob","floor":6,"turns":3},{"damage":25,"enemies":"3 Sentries","floor":8,"turns":8},{"damage":8,"enemies":"Gremlin Nob","floor":10,"turns":3},{"damage":11,"enemies":"Exordium Wildlife","floor":13,"turns":3},{"damage":18,"enemies":"3 Louse","floor":14,"turns":6},{"damage":25,"enemies":"Hexaghost","floor":16,"turns":7},{"damage":44,"enemies":"2 Thieves","floor":18,"turns":4},{"damage":8,"enemies":"Chosen","floor":20,"turns":4},{"damage":11,"enemies":"Gremlin Leader","floor":23,"turns":6},{"damage":18,"enemies":"Book of Stabbing","floor":25,"turns":4},{"damage":38,"enemies":"Slavers","floor":30,"turns":5},{"damage":44,"enemies":"Automaton","floor":33,"turns":6},{"damage":12,"enemies":"3 Darklings","floor":35,"turns":5},{"damage":15,"enemies":"Orb Walker","floor":37,"turns":3},{"damage":40,"enemies":"Giant Head","floor":40,"turns":6},{"damage":34,"enemies":"Reptomancer","floor":42,"turns":5},{"damage":32,"enemies":"3 Darklings","floor":45,"turns":2}],"seed_played":"-2781826609985505486","potions_obtained":[{"floor":1,"key":"AttackPotion"},{"floor":13,"key":"SpeedPotion"},{"floor":14,"key":"Weak Potion"},{"floor":16,"key":"Regen Potion"},{"floor":18,"key":"FearPotion"},{"floor":23,"key":"BlessingOfTheForge"},{"floor":25,"key":"LiquidBronze"},{"floor":35,"key":"EssenceOfSteel"},{"floor":40,"key":"DuplicationPotion"}],"is_trial":false,"path_per_floor":["M","$","M","M","?","E","R","E","T","E","R","?","M","M","R","B",null,"M","?","M","?","?","E","R","E","T","R","?","$","E","?","R","B",null,"M","?","M","$","?","E","R","E","T","?","M"],"character_chosen":"IRONCLAD","items_purchased":["HandOfGreed","Flash of Steel","SteroidPotion","Art of War","Medical Kit","Limit Break","Omamori"],"campfire_rested":3,"item_purchase_floors":[2,2,2,29,38,38,38],"current_hp_per_floor":[68,68,60,59,48,48,48,29,29,27,27,32,27,15,15,21,60,22,22,32,32,32,27,48,36,36,36,36,51,19,19,40,27,62,58,58,51,66,66,32,55,27,27,27,0,0],"gold":1341,"neow_bonus":"TWO_FIFTY_GOLD","is_daily":false,"chose_seed":false,"campfire_upgraded":4,"win_rate":0.0,"timestamp":1608844753,"path_taken":["M","$","M","M","?","E","R","E","T","E","R","?","M","M","R","BOSS","M","?","M","?","?","E","R","E","T","R","?","$","E","?","R","BOSS","M","?","M","$","?","E","R","E","T","?","M"],"items_purchased_type":["Card","Card","Potion","Relic","Relic","Card","Relic"],"build_version":"2020-12-22","purchased_purges":2,"victory":false,"max_hp_per_floor":[68,68,68,68,68,68,68,68,68,68,68,73,73,73,73,73,73,73,73,73,73,73,73,73,73,73,73,73,73,73,73,73,73,73,75,75,77,77,77,77,77,77,77,73,73,73],"relic_stats":{"Singing Bowl":4,"counters":[20,90],"Juzu Bracelet":1,"Whetstone":["Flash of Steel","Pummel"],"War Paint":["Offering"],"Medical Kit":[6],"Boot":[0],"Burning Blood":112,"Dream Catcher":2,"Gambling Chip":[39],"Pantograph":50,"MealTicket":30,"Art of War":[3],"Champion Belt":[10],"obtain_stats":[{"Singing Bowl":26,"Juzu Bracelet":10,"Omamori":38,"Whetstone":30,"War Paint":25,"Medical Kit":38,"Boot":43,"Burning Blood":0,"Dream Catcher":31,"Matryoshka":40,"Gambling Chip":6,"Pantograph":9,"MutagenicStrength":22,"MealTicket":8,"Mark of Pain":17,"Fusion Hammer":34,"Art of War":29,"Champion Belt":23,"Toy Ornithopter":42},{"Singing Bowl":13,"Juzu Bracelet":6,"Omamori":17,"Whetstone":14,"War Paint":13,"Medical Kit":17,"Boot":19,"Burning Blood":0,"Dream Catcher":14,"Matryoshka":18,"Gambling Chip":4,"Pantograph":5,"MutagenicStrength":11,"MealTicket":5,"Mark of Pain":9,"Fusion Hammer":15,"Art of War":13,"Champion Belt":12,"Toy Ornithopter":19},{"Singing Bowl":58,"Juzu Bracelet":24,"Omamori":77,"Whetstone":63,"War Paint":58,"Medical Kit":77,"Boot":88,"Burning Blood":0,"Dream Catcher":63,"Matryoshka":83,"Gambling Chip":13,"Pantograph":21,"MutagenicStrength":48,"MealTicket":21,"Mark of Pain":40,"Fusion Hammer":69,"Art of War":58,"Champion Belt":54,"Toy Ornithopter":88}],"Toy Ornithopter":0},"card_choices":[{"not_picked":["Anger","Burning Pact"],"picked":"Carnage","floor":1},{"not_picked":["Perfected Strike","Iron Wave","Cleave"],"picked":"SKIP","floor":3},{"not_picked":["Thunderclap","Shrug It Off"],"picked":"Demon Form","floor":4},{"not_picked":["Battle Trance","Seeing Red"],"picked":"Evolve","floor":6},{"not_picked":["Perfected Strike","Clash","Spot Weakness"],"picked":"SKIP","floor":8},{"not_picked":["Sentinel","Headbutt","Havoc"],"picked":"SKIP","floor":10},{"not_picked":["Perfected Strike","Heavy Blade","Cleave"],"picked":"SKIP","floor":13},{"not_picked":["Evolve","Clash"],"picked":"Berserk","floor":14},{"not_picked":["Feed","Double Tap"],"picked":"Offering","floor":16},{"not_picked":["Blood for Blood+1","Carnage","Warcry"],"picked":"SKIP","floor":18},{"not_picked":["Rage","Thunderclap"],"picked":"Intimidate+1","floor":20},{"not_picked":["Feed","Dual Wield"],"picked":"Pummel","floor":23},{"not_picked":["Infernal Blade+1","Twin Strike","Perfected Strike"],"picked":"SKIP","floor":25},{"not_picked":["Pummel","Cleave"],"picked":"Shrug It Off","floor":30},{"not_picked":["Dropkick","Carnage"],"picked":"Offering","floor":32},{"not_picked":["Demon Form","Corruption"],"picked":"Impervious","floor":33},{"not_picked":["Iron Wave+1","Ghostly Armor","Flex"],"picked":"Singing Bowl","floor":35},{"not_picked":["Inflame","Wild Strike+1","Cleave"],"picked":"Singing Bowl","floor":37},{"not_picked":["Armaments","Immolate"],"picked":"Feel No Pain","floor":40},{"not_picked":["Clothesline","Rampage"],"picked":"Second Wind","floor":41},{"not_picked":["Heavy Blade","Warcry"],"picked":"Offering","floor":42}],"player_experience":3165451,"relics_obtained":[{"floor":6,"key":"Gambling Chip"},{"floor":8,"key":"MealTicket"},{"floor":9,"key":"Pantograph"},{"floor":10,"key":"Juzu Bracelet"},{"floor":23,"key":"Champion Belt"},{"floor":25,"key":"War Paint"},{"floor":26,"key":"Singing Bowl"},{"floor":30,"key":"Whetstone"},{"floor":40,"key":"Matryoshka"},{"floor":42,"key":"Toy Ornithopter"},{"floor":43,"key":"Boot"}],"event_choices":[{"damage_healed":0,"gold_gain":75,"player_choice":"Gather Gold","damage_taken":11,"max_hp_gain":0,"max_hp_loss":0,"event_name":"World of Goop","floor":5,"gold_loss":0},{"damage_healed":0,"gold_gain":0,"player_choice":"Donut","damage_taken":0,"max_hp_gain":5,"max_hp_loss":0,"event_name":"Big Fish","floor":12,"gold_loss":0},{"damage_healed":0,"gold_gain":0,"player_choice":"Simplicity","damage_taken":0,"max_hp_gain":0,"max_hp_loss":0,"event_name":"Back to Basics","floor":19,"gold_loss":0,"cards_upgraded":["Strike_R","Strike_R","Strike_R","Strike_R","Strike_R","Defend_R","Defend_R","Defend_R","Defend_R"]},{"cards_removed":["Strike_R"],"damage_healed":0,"gold_gain":0,"player_choice":"Gave Gold","damage_taken":0,"max_hp_gain":0,"max_hp_loss":0,"event_name":"Beggar","floor":21,"gold_loss":75},{"damage_healed":0,"gold_gain":0,"player_choice":"Inject Mutagens","damage_taken":0,"relics_obtained":["MutagenicStrength"],"max_hp_gain":0,"max_hp_loss":0,"event_name":"Drug Dealer","floor":22,"gold_loss":0},{"damage_healed":0,"gold_gain":50,"player_choice":"Stole From Cult","damage_taken":0,"max_hp_gain":0,"max_hp_loss":0,"event_name":"Nest","floor":28,"gold_loss":0},{"damage_healed":0,"gold_gain":0,"player_choice":"Obtained Relic","damage_taken":0,"relics_obtained":["Dream Catcher"],"max_hp_gain":0,"max_hp_loss":0,"event_name":"Addict","floor":31,"gold_loss":85},{"cards_removed":["Carnage"],"damage_healed":0,"gold_gain":0,"player_choice":"Removed Attack","damage_taken":0,"max_hp_gain":0,"max_hp_loss":0,"event_name":"Falling","floor":36,"gold_loss":0},{"damage_healed":0,"gold_gain":999,"player_choice":"Gold","damage_taken":0,"max_hp_gain":0,"max_hp_loss":0,"event_name":"MindBloom","floor":39,"gold_loss":0,"cards_obtained":["Normality","Normality"]},{"damage_healed":0,"gold_gain":0,"player_choice":"Max HP","damage_taken":0,"max_hp_gain":0,"max_hp_loss":4,"event_name":"Winding Halls","floor":44,"gold_loss":0}],"is_beta":false,"boss_relics":[{"not_picked":["Black Blood","Ectoplasm"],"picked":"Mark of Pain"},{"not_picked":["Runic Dome","Runic Pyramid"],"picked":"Fusion Hammer"}],"items_purged_floors":[29,38],"is_endless":false,"potions_floor_spawned":[1,13,14,16,18,23,25,35,40],"killed_by":"3 Darklings","ascension_level":20}}