{"host":"m1ntkrf87179kmo6","time":1608825737,"event":{"mods":["BaseMod","Better Third Choice","Minty Spire (QoL Compilation)","Shade Mod","StSLib"],"gold_per_floor":[113,113,113,136,136,136,152,175,198,212,212,230,81,122,122,248,248,269,179,203,49,120,120,120,120,120,156,156,156,177,45,45,170,170,185,233,203,217,240,240,260,66,66,81,81,0,16,16,16,16,16],"floor_reached":50,"playtime":3965,"items_purged":[],"score":485,"play_id":"402133e3-1266-4f80-8f59-92869fe205e8","local_time":"20201224120217","is_ascension_mode":false,"campfire_choices":[{"floor":6,"key":"RECALL"},{"data":"Shade:TouchOfTheGrave","floor":15,"key":"SMITH"},{"data":"Shade:AncientSpear","floor":23,"key":"SMITH"},{"data":"Shade:Premonition","floor":25,"key":"SMITH"},{"floor":29,"key":"REST"},{"floor":32,"key":"REST"},{"data":"Shade:Brains","floor":40,"key":"SMITH"},{"floor":45,"key":"REST"},{"floor":49,"key":"REST"}],"circlet_count":0,"master_deck":["Shade:Strike_Shade","Shade:Strike_Shade","Shade:Defend_Shade","Shade:Defend_Shade+1","Shade:Defend_Shade","Shade:Defend_Shade","Shade:AnimateDead","Shade:CarefulCut","Shade:Excise","Shade:StitchTogether","Shade:Premonition+1","Shade:GreyBargain","Shade:AncientSpear+1","Shade:Carnophage","Shade:ClawBack","Shade:TouchOfTheGrave+1","CurseOfTheBell","Shade:GreyBargain","Shade:FuneraryArmor","Shade:FleshToFlesh","Shade:ExtraLimbs+1","Shade:FuneraryJewels","Shade:Brains+1","Shade:Tombstone+1","Shade:ExtraLimbs+1","Shade:Brains+1","Shade:OpenGraves","Shade:RitualOffering","Bandage Up","Shade:FuneraryJewels+1","Shade:Brains+1"],"relics":["Shade:YorickSkull","Golden Idol","Dream Catcher","Happy Flower","Tiny Chest","Calling Bell","Anchor","Mercury Hourglass","Calipers","Lee\u0027s Waffle","Molten Egg 2","Darkstone Periapt","SacredBark","Omamori","Bag of Marbles","Vajra"],"acts_visited":["Exordium","TheCity","TheBeyond"],"potions_floor_usage":[7,10,10,16,27,27,30,30,30,33,39,41,47,50,50,50],"damage_taken":[{"damage":0,"enemies":"Small Slimes","floor":1,"turns":3},{"damage":0,"enemies":"2 Louse","floor":4,"turns":2},{"damage":0,"enemies":"Cultist","floor":7,"turns":3},{"damage":11,"enemies":"3 Louse","floor":8,"turns":5},{"damage":11,"enemies":"Exordium Thugs","floor":10,"turns":7},{"damage":7,"enemies":"Lots of Slimes","floor":12,"turns":6},{"damage":13,"enemies":"3 Sentries","floor":14,"turns":12},{"damage":4,"enemies":"Slime Boss","floor":16,"turns":11},{"damage":12,"enemies":"Shell Parasite","floor":18,"turns":6},{"damage":2,"enemies":"Chosen","floor":20,"turns":5},{"damage":17,"enemies":"Book of Stabbing","floor":27,"turns":5},{"damage":15,"enemies":"3 Cultists","floor":30,"turns":6},{"damage":24,"enemies":"Champ","floor":33,"turns":12},{"damage":0,"enemies":"3 Shapes","floor":35,"turns":4},{"damage":0,"enemies":"Orb Walker","floor":38,"turns":3},{"damage":6,"enemies":"Maw","floor":39,"turns":8},{"damage":14,"enemies":"4 Shapes","floor":41,"turns":3},{"damage":23,"enemies":"3 Darklings","floor":44,"turns":6},{"damage":0,"enemies":"Spire Growth","floor":47,"turns":3},{"damage":86,"enemies":"Awakened One","floor":50,"turns":14}],"seed_played":"8923918992134532752","potions_obtained":[{"floor":0,"key":"Regen Potion"},{"floor":0,"key":"SkillPotion"},{"floor":0,"key":"SneckoOil"},{"floor":1,"key":"SpeedPotion"},{"floor":8,"key":"GamblersBrew"},{"floor":14,"key":"Block Potion"},{"floor":18,"key":"AttackPotion"},{"floor":28,"key":"CultistPotion"},{"floor":28,"key":"Explosive Potion"},{"floor":28,"key":"LiquidBronze"},{"floor":30,"key":"SkillPotion"},{"floor":33,"key":"Block Potion"},{"floor":37,"key":"LiquidMemories"},{"floor":37,"key":"FearPotion"},{"floor":41,"key":"FearPotion"},{"floor":44,"key":"GamblersBrew"},{"floor":47,"key":"Energy Potion"}],"is_trial":false,"path_per_floor":["M","?","?","M","$","R","M","M","T","M","?","M","$","E","R","B",null,"M","?","M","$","T","R","$","R","T","E","?","R","M","$","R","B",null,"M","T","?","M","M","R","M","$","T","M","R","$","M","$","R","B"],"character_chosen":"SHADE","items_purchased":["Happy Flower","Lee\u0027s Waffle","Shade:ExtraLimbs+1","Shade:FuneraryJewels","Shade:RitualOffering","Bag of Marbles","Bandage Up"],"campfire_rested":4,"item_purchase_floors":[13,21,31,31,42,42,46],"current_hp_per_floor":[65,65,65,65,65,65,65,54,54,64,64,57,57,51,51,54,65,53,53,58,72,72,72,72,72,72,55,55,72,60,60,72,55,72,72,72,72,72,66,66,52,52,52,29,50,50,54,54,72,0,0],"gold":16,"neow_bonus":"THREE_SMALL_POTIONS","is_daily":false,"chose_seed":false,"campfire_upgraded":4,"win_rate":0.0,"timestamp":1608825737,"path_taken":["M","?","?","M","$","R","M","?","T","M","?","M","?","E","R","BOSS","M","?","?","?","?","R","$","R","T","E","?","R","?","?","R","BOSS","M","?","?","M","?","R","M","?","T","M","R","$","M","$","R","BOSS"],"items_purchased_type":["Relic","Relic","Card","Card","Card","Relic","Card"],"build_version":"2020-12-22","purchased_purges":0,"victory":false,"max_hp_per_floor":[65,65,65,65,65,65,65,65,65,65,65,65,65,65,65,65,65,65,65,65,72,72,72,72,72,72,72,72,72,72,72,72,72,72,72,72,72,72,72,72,72,72,72,72,72,72,72,72,72,72,72],"card_choices":[{"not_picked":["Shade:PressTheAttack","Shade:WallOfFlesh"],"picked":"Shade:Excise","floor":1},{"not_picked":["Shade:GraveStillness","Shade:CoffinDance"],"picked":"Shade:StitchTogether","floor":4},{"not_picked":["Shade:ScuttlingHand","Shade:FuneraryArmor"],"picked":"Shade:Premonition","floor":7},{"not_picked":["Shade:Excise","Shade:CoffinDance"],"picked":"Shade:GreyBargain","floor":8},{"not_picked":["Shade:Awaken","Shade:Asphyxiate"],"picked":"Shade:AncientSpear","floor":10},{"not_picked":["Shade:FleshToFlesh","Shade:FeralStrike"],"picked":"Shade:ClawBack","floor":12},{"not_picked":["Shade:CoffinDance","Shade:WallOfFlesh"],"picked":"Shade:TouchOfTheGrave","floor":14},{"not_picked":["Shade:Trample+1","Shade:SpectralStrikes"],"picked":"Shade:GreyBargain","floor":18},{"not_picked":["Shade:FleshToFlesh","Shade:Premonition"],"picked":"Shade:FuneraryArmor","floor":20},{"not_picked":["Shade:LyeBath","Shade:Bonestorm+1"],"picked":"Shade:FleshToFlesh","floor":27},{"not_picked":["Shade:SpontaneousRitual+1","Shade:SkeletonHug+1","Shade:Frenzy+1"],"picked":"SKIP","floor":30},{"not_picked":["Shade:PoundOfFlesh+1","Shade:Frenzy+1"],"picked":"Shade:Brains+1","floor":32},{"not_picked":["Shade:OfferingToTheBeyond","Shade:OneIsEnough+1"],"picked":"Shade:Tombstone+1","floor":33},{"not_picked":["Shade:CloudOfShrapnel+1","Shade:FeralStrike+1","Shade:SkeletonHug+1"],"picked":"SKIP","floor":35},{"not_picked":["Shade:PressTheAttack+1","Shade:Premonition"],"picked":"Shade:ExtraLimbs+1","floor":38},{"not_picked":["Shade:SpectralStrikes","Shade:RavenousHorde"],"picked":"Shade:Brains","floor":39},{"not_picked":["Shade:CoffinDance+1","Shade:AncientSpear+1"],"picked":"Shade:OpenGraves","floor":41},{"not_picked":["Shade:Bonestorm+1","Shade:Awaken+1","Shade:ExtraLimbs+1"],"picked":"SKIP","floor":44},{"not_picked":["Shade:FreshBones+1","Shade:AncientSpear+1"],"picked":"Shade:FuneraryJewels+1","floor":47},{"not_picked":["Shade:Doomsay+1","Shade:Frenzy+1"],"picked":"Shade:Brains+1","floor":49}],"player_experience":1102670,"relics_obtained":[{"floor":9,"key":"Dream Catcher"},{"floor":14,"key":"Tiny Chest"},{"floor":17,"key":"Anchor"},{"floor":17,"key":"Mercury Hourglass"},{"floor":17,"key":"Calipers"},{"floor":26,"key":"Molten Egg 2"},{"floor":27,"key":"Darkstone Periapt"},{"floor":36,"key":"Omamori"},{"floor":43,"key":"Vajra"}],"event_choices":[{"damage_healed":0,"gold_gain":0,"player_choice":"Take Wound","damage_taken":0,"relics_obtained":["Golden Idol"],"max_hp_gain":0,"max_hp_loss":0,"event_name":"Golden Idol","floor":2,"gold_loss":0,"cards_obtained":["Injury"]},{"cards_removed":["Injury"],"damage_healed":0,"gold_gain":0,"player_choice":"Card Removal","damage_taken":0,"max_hp_gain":0,"max_hp_loss":0,"event_name":"Wheel of Change","floor":3,"gold_loss":0},{"damage_healed":0,"gold_gain":0,"cards_transformed":["Shade:Strike_Shade"],"player_choice":"Transformed","damage_taken":0,"max_hp_gain":0,"max_hp_loss":0,"event_name":"Transmorgrifier","floor":11,"gold_loss":0,"cards_obtained":["Shade:Carnophage"]},{"cards_removed":["Shade:Strike_Shade"],"damage_healed":0,"gold_gain":0,"player_choice":"Upgrade and Remove","damage_taken":0,"max_hp_gain":0,"max_hp_loss":0,"event_name":"Designer","floor":19,"gold_loss":90,"cards_upgraded":["Shade:Defend_Shade"]},{"damage_healed":0,"gold_gain":0,"player_choice":"Got Potions","damage_taken":0,"max_hp_gain":0,"max_hp_loss":0,"event_name":"Lab","floor":28,"gold_loss":0},{"damage_healed":0,"gold_gain":0,"player_choice":"Bought 2 Potions","damage_taken":0,"max_hp_gain":0,"max_hp_loss":0,"event_name":"The Woman in Blue","floor":37,"gold_loss":0}],"is_beta":false,"boss_relics":[{"not_picked":["Sozu","Runic Dome"],"picked":"Calling Bell"},{"not_picked":["Pandora\u0027s Box","Philosopher\u0027s Stone"],"picked":"SacredBark"}],"items_purged_floors":[],"is_endless":false,"potions_floor_spawned":[1,8,14,18,30,33,41,44,47],"killed_by":"Awakened One","ascension_level":0}}