{"host":"reretk0dz0kj8f1n","time":1608820765,"event":{"mods":["Arknights The Spire","BaseMod","Colored Map","Minty Spire (QoL Compilation)","StSLib"],"gold_per_floor":[111,111,36,50,50,63,63,84,162,182,182,182],"floor_reached":11,"playtime":283,"items_purged":["Injury"],"score":65,"play_id":"e003a02d-ac35-4093-ab98-24c5244ecb78","local_time":"20201224233925","is_ascension_mode":false,"campfire_choices":[{"data":"ats:Emotion Absorption","floor":7,"key":"SMITH"}],"circlet_count":0,"master_deck":["ats:Strike C","ats:Strike G","ats:Strike S","ats:Strike V","ats:Armor Crushing Shot","ats:Defend","ats:Defend","ats:Defend","ats:Defend","ats:Emotion Absorption+1","Regret","ats:Soul Absorption","ats:Part Time Job"],"relics":["ats:Sanity","NeowsBlessing","Golden Idol","Boot","Pantograph"],"acts_visited":["Exordium"],"potions_floor_usage":[11,11,11],"damage_taken":[{"damage":0,"enemies":"Cultist","floor":1,"turns":1},{"damage":0,"enemies":"2 Louse","floor":4,"turns":2},{"damage":0,"enemies":"Jaw Worm","floor":6,"turns":1},{"damage":19,"enemies":"2 Fungi Beasts","floor":8,"turns":5},{"damage":40,"enemies":"Exordium Wildlife","floor":10,"turns":6},{"damage":22,"enemies":"Lagavulin","floor":11,"turns":5}],"seed_played":"7362987639823065819","potions_obtained":[{"floor":1,"key":"Block Potion"},{"floor":4,"key":"SneckoOil"},{"floor":8,"key":"Dexterity Potion"}],"is_trial":false,"path_per_floor":["M","?","$","M","?","M","R","M","T","M","E"],"character_chosen":"DOCTOR_CLASS","items_purchased":[],"campfire_rested":0,"item_purchase_floors":[],"current_hp_per_floor":[72,72,72,72,72,72,72,53,53,13,0,0],"gold":182,"neow_bonus":"THREE_ENEMY_KILL","is_daily":false,"chose_seed":false,"campfire_upgraded":1,"win_rate":0.0,"timestamp":1608820765,"path_taken":["M","?","$","M","?","?","R","M","T","M","E"],"items_purchased_type":[],"build_version":"2020-12-22","purchased_purges":1,"victory":false,"max_hp_per_floor":[72,72,72,72,72,72,72,72,72,72,72,72],"card_choices":[{"not_picked":["ats:Red Shift","ats:Poison Spread","ats:Cat Scratch"],"picked":"SKIP","floor":1},{"not_picked":["ats:Curse Doll","ats:Magnetic Hammer","ats:Childhood Dance"],"picked":"SKIP","floor":4},{"not_picked":["ats:Childhood Dance","ats:Consecutive Shot Auto"],"picked":"ats:Soul Absorption","floor":6},{"not_picked":["ats:Curse Doll","ats:Healing Drone","ats:Revitalization"],"picked":"SKIP","floor":8},{"not_picked":["ats:Thermite Blade","ats:Revitalization"],"picked":"ats:Part Time Job","floor":10}],"player_experience":233358,"relics_obtained":[{"floor":9,"key":"Pantograph"}],"event_choices":[{"damage_healed":0,"gold_gain":0,"player_choice":"Take Wound","damage_taken":0,"relics_obtained":["Golden Idol"],"max_hp_gain":0,"max_hp_loss":0,"event_name":"Golden Idol","floor":2,"gold_loss":0,"cards_obtained":["Injury"]},{"damage_healed":0,"gold_gain":0,"player_choice":"Box","damage_taken":0,"relics_obtained":["Boot"],"max_hp_gain":0,"max_hp_loss":0,"event_name":"Big Fish","floor":5,"gold_loss":0,"cards_obtained":["Regret"]}],"is_beta":false,"boss_relics":[],"items_purged_floors":[3],"is_endless":false,"potions_floor_spawned":[1,4,8],"killed_by":"Lagavulin","ascension_level":0}}