{"host":"9tzam4717zt8ei1o","time":1608803657,"event":{"mods":["BaseMod","Colored Map","Keyboard Shortcuts","Minty Spire (QoL Compilation)","Quick Restart","StSLib","SuperFastMode"],"gold_per_floor":[111,122,122,141,141,141,161,161,161,194,194,194,36,61,61,61,61],"floor_reached":16,"playtime":347,"items_purged":[],"score":196,"play_id":"f592d11e-b55b-4804-aa2e-41048cb4e6c6","local_time":"20201224185417","is_ascension_mode":true,"campfire_choices":[{"data":"Calculated Gamble","floor":6,"key":"SMITH"},{"data":"Underhanded Strike","floor":8,"key":"SMITH"},{"data":"Choke","floor":12,"key":"SMITH"},{"data":"Neutralize","floor":15,"key":"SMITH"}],"circlet_count":0,"master_deck":["AscendersBane","Strike_G","Strike_G","Strike_G","Strike_G","Defend_G","Defend_G","Defend_G","Defend_G","Defend_G","Survivor+1","Neutralize+1","Underhanded Strike+1","Calculated Gamble+1","Prepared+1","Choke+1"],"relics":["Ring of the Snake","Letter Opener","Meat on the Bone","Bottled Lightning","TheAbacus","Odd Mushroom"],"acts_visited":["Exordium"],"potions_floor_usage":[10],"damage_taken":[{"damage":10,"enemies":"Small Slimes","floor":1,"turns":6},{"damage":0,"enemies":"Cultist","floor":2,"turns":3},{"damage":0,"enemies":"2 Louse","floor":4,"turns":3},{"damage":8,"enemies":"Blue Slaver","floor":7,"turns":4},{"damage":15,"enemies":"3 Sentries","floor":10,"turns":8},{"damage":3,"enemies":"The Mushroom Lair","floor":14,"turns":5},{"damage":32,"enemies":"Hexaghost","floor":16,"turns":11}],"seed_played":"4323512182159808910","potions_obtained":[{"floor":2,"key":"CunningPotion"}],"is_trial":false,"path_per_floor":["M","M","?","M","T","R","M","R","T","E","?","R","$","?","R","B"],"character_chosen":"THE_SILENT","items_purchased":["TheAbacus"],"campfire_rested":0,"item_purchase_floors":[13],"current_hp_per_floor":[49,49,49,49,49,49,41,41,41,38,18,18,18,27,27,0,0],"gold":61,"neow_bonus":"REMOVE_CARD","is_daily":false,"chose_seed":false,"campfire_upgraded":4,"win_rate":0.0,"timestamp":1608803657,"path_taken":["M","M","?","?","?","R","M","R","T","E","?","R","$","?","R","BOSS"],"items_purchased_type":["Relic"],"build_version":"2020-12-22","purchased_purges":0,"victory":false,"max_hp_per_floor":[66,66,66,66,66,66,66,66,66,66,66,66,66,66,66,66,66],"card_choices":[{"not_picked":["Bane","Dagger Throw"],"picked":"Underhanded Strike","floor":1},{"not_picked":["Bane","PiercingWail"],"picked":"Calculated Gamble","floor":2},{"not_picked":["Calculated Gamble","Concentrate","Riddle With Holes"],"picked":"SKIP","floor":4},{"not_picked":["Terror","Leg Sweep"],"picked":"Prepared","floor":7},{"not_picked":["Heel Hook","Noxious Fumes"],"picked":"Choke","floor":10}],"player_experience":103406,"relics_obtained":[{"floor":5,"key":"Letter Opener"},{"floor":9,"key":"Meat on the Bone"},{"floor":10,"key":"Bottled Lightning"},{"floor":14,"key":"Odd Mushroom"}],"event_choices":[{"damage_healed":0,"gold_gain":0,"player_choice":"0 cards matched","damage_taken":0,"max_hp_gain":0,"max_hp_loss":0,"event_name":"Match and Keep!","floor":3,"gold_loss":0,"cards_obtained":[]},{"damage_healed":0,"gold_gain":0,"player_choice":"Entered Light","damage_taken":20,"max_hp_gain":0,"max_hp_loss":0,"event_name":"Shining Light","floor":11,"gold_loss":0,"cards_upgraded":["Survivor","Prepared"]},{"damage_healed":0,"gold_gain":0,"player_choice":"Fought Mushrooms","damage_taken":0,"max_hp_gain":0,"max_hp_loss":0,"event_name":"Mushrooms","floor":14,"gold_loss":0}],"is_beta":false,"boss_relics":[],"items_purged_floors":[],"is_endless":false,"potions_floor_spawned":[2],"killed_by":"Hexaghost","ascension_level":20}}