{"host":"bbld1ic1uj90ldt9","time":1608772885,"event":{"mods":["2.2 Compatiblity","AchievementEnabler","Act Like it!","BaseMod","Better Third Choice","Conspire","Downfall","Emptier Cage","Gensokyo","Hallownest","Hermit","Highlight Path","Hubris","Marisa????????","Minty Spire (QoL Compilation)","Random Character Button","Replay The Spire","StSLib","The Animator","The Bug Knight","The Cursed","The Disciple","The Hierophant","The Jungle","The Runesmith","The Servant 0.9.4"],"gold_per_floor":[112,123,23,58,10,75,75,75,75,2,2,54,54,89,89,230,230,268,310,9,9,9,9,70,104,104,104,159,159,203,503,503,624,624,645,22,57,57,57,61,61],"floor_reached":40,"playtime":4282,"items_purged":[],"score":411,"play_id":"311a790f-fda9-4482-bc25-44e224a27757","local_time":"20201224022125","is_ascension_mode":false,"campfire_choices":[{"floor":7,"key":"REST"},{"floor":11,"key":"RECALL"},{"floor":15,"key":"REST"},{"floor":23,"key":"DIG"},{"floor":27,"key":"REST"},{"floor":32,"key":"REST"}],"circlet_count":0,"master_deck":["hermit:Strike_Hermit","hermit:Strike_Hermit","hermit:Strike_Hermit","hermit:Strike_Hermit","hermit:Defend_Hermit","hermit:Defend_Hermit","hermit:Defend_Hermit","hermit:Defend_Hermit","hermit:Snapshot","hermit:Covet","hermit:Snipe","hermit:Dive","conspire:SpireCoStock","conspire:SpireCoStock","hermit:HeroicBravado","hermit:Dive","hermit:Combo","hermit:Combo","hermit:Glare","hermit:Quickdraw","hermit:BlackWind","hermit:Midnight","hermit:Glare","expansioncontent:DarkVoid","hermit:Malice","hermit:Misfire","Writhe","hermit:Magnum","hermit:ItchyTrigger+1","Metamorphosis","Gensokyo:Taser","Gensokyo:PrivateSquare","Pride"],"relics":["hermit:Momento","hubris:MysteriousPyramids","Kunai","Hallownest:DreamNailRelic","Busted Crown","Shovel","Simple Rune","Quantum Egg","hubris:Towel","ReplayTheSpireMod:DimensionalGlitch","Dead Branch","Dream Catcher"],"acts_visited":["Hallownest:Greenpath","theJungle:Jungle","Gensokyo:Gensokyoest"],"potions_floor_usage":[14,19,28,30,35,40,40],"damage_taken":[{"damage":8,"enemies":"Hallownest:monsterHuskGuard","floor":1,"turns":4},{"damage":0,"enemies":"2_ Uuma","floor":2,"turns":5},{"damage":1,"enemies":"Hallownest:monsterHuskWarrior","floor":4,"turns":4},{"damage":32,"enemies":"Hallownest:eliteCrystalGuardian","floor":6,"turns":15},{"damage":39,"enemies":"Hallownest:1_Baldur_1_Crawlid_1_Warrior","floor":12,"turns":12},{"damage":1,"enemies":"Hallownest:monsterMossCharger","floor":14,"turns":8},{"damage":45,"enemies":"Hallownest:BossBrokenVessel","floor":16,"turns":34},{"damage":2,"enemies":"theJungle:GiantWrat","floor":18,"turns":5},{"damage":5,"enemies":"Shell Parasite","floor":19,"turns":9},{"damage":25,"enemies":"theJungle:Snecko_Cultist_And_Trap","floor":24,"turns":5},{"damage":23,"enemies":"theJungle:SlimyTreeVines","floor":25,"turns":6},{"damage":40,"enemies":"theJungle:2_Flameangoes","floor":28,"turns":9},{"damage":1,"enemies":"theJungle:JungleHuntersEncounter","floor":30,"turns":5},{"damage":32,"enemies":"theJungle:QueenSpyder","floor":33,"turns":15},{"damage":30,"enemies":"Gensokyo:AncientGuardian","floor":35,"turns":8},{"damage":13,"enemies":"Gensokyo:3_Boulders","floor":37,"turns":6},{"damage":45,"enemies":"Gensokyo:Marisa","floor":40,"turns":3}],"seed_played":"2918169868834855922","potions_obtained":[{"floor":2,"key":"hermit:BlackBile"},{"floor":14,"key":"Languid Potion"},{"floor":16,"key":"hermit:Tonic"},{"floor":18,"key":"SkillPotion"},{"floor":33,"key":"Milkshake"},{"floor":35,"key":"FearPotion"},{"floor":37,"key":"LifebloodPotion"}],"is_trial":false,"path_per_floor":["M","M","?","M","$","E","R","T","T","$","R","M","?","M","R","B",null,"M","M","$","?","?","R","M","M","T","R","M","?","M","?","R","B",null,"M","$","M","?","?","E"],"character_chosen":"HERMIT","items_purchased":["hermit:Dive","hermit:Combo","Shovel","Dead Branch","Metamorphosis","Dream Catcher"],"campfire_rested":4,"item_purchase_floors":[5,10,20,36,36,36],"current_hp_per_floor":[74,74,74,73,73,41,65,65,65,65,65,26,26,25,49,4,82,80,75,75,75,75,75,50,33,33,57,17,17,16,16,40,8,82,52,52,39,39,39,0,0],"gold":61,"neow_bonus":"TEN_PERCENT_HP_BONUS","is_daily":false,"chose_seed":false,"campfire_upgraded":0,"win_rate":0.0,"timestamp":1608772885,"path_taken":["M","M","?","M","$","E","R","?","T","?","R","?","?","M","R","BOSS","M","M","$","?","?","R","?","M","T","R","M","?","M","?","R","BOSS","M","$","M","?","?","E"],"items_purchased_type":["Card","Card","Relic","Relic","Card","Relic"],"build_version":"2020-12-22","purchased_purges":0,"victory":false,"max_hp_per_floor":[82,82,82,82,82,82,82,82,82,82,82,82,82,82,82,82,82,82,82,82,82,82,82,82,82,82,82,82,82,82,82,82,82,82,82,82,82,82,82,82,82],"card_choices":[{"not_picked":["hermit:SprayPray","hermit:TrackingShot"],"picked":"hermit:Snipe","floor":1},{"not_picked":["hermit:Vantage","hermit:Maintenance"],"picked":"hermit:Dive","floor":2},{"not_picked":["hermit:TrackingShot","hermit:HoleUp"],"picked":"hermit:HeroicBravado","floor":4},{"not_picked":["hermit:Quickdraw","hermit:Maintenance"],"picked":"hermit:Combo","floor":6},{"not_picked":["hermit:EyeOfTheStorm","hermit:Misfire"],"picked":"hermit:Glare","floor":12},{"not_picked":["hermit:TrackingShot","hermit:Dissolve"],"picked":"hermit:Quickdraw","floor":14},{"not_picked":["hermit:DeadOrAlive","hermit:HighNoon"],"picked":"hermit:BlackWind","floor":16},{"not_picked":[],"picked":"hermit:Midnight","floor":18},{"not_picked":["hermit:Coalescence"],"picked":"SKIP","floor":19},{"not_picked":[],"picked":"hermit:Malice","floor":24},{"not_picked":["hermit:Roulette"],"picked":"SKIP","floor":25},{"not_picked":[],"picked":"hermit:Misfire","floor":28},{"not_picked":["hermit:HoleUp"],"picked":"SKIP","floor":30},{"not_picked":[],"picked":"hermit:Magnum","floor":33},{"not_picked":[],"picked":"hermit:ItchyTrigger+1","floor":35},{"not_picked":["hermit:Ricochet+1"],"picked":"SKIP","floor":37}],"player_experience":2146064,"relics_obtained":[{"floor":6,"key":"hubris:MysteriousPyramids"},{"floor":8,"key":"Kunai"},{"floor":23,"key":"Simple Rune"},{"floor":26,"key":"Quantum Egg"}],"event_choices":[{"damage_healed":0,"gold_gain":0,"player_choice":"Invest 2","damage_taken":0,"max_hp_gain":0,"max_hp_loss":0,"event_name":"conspire:Investor","floor":3,"gold_loss":0},{"damage_healed":0,"gold_gain":0,"player_choice":"2 cards matched","damage_taken":0,"max_hp_gain":0,"max_hp_loss":0,"event_name":"Match and Keep!","floor":22,"gold_loss":0,"cards_obtained":["hermit:Glare","expansioncontent:DarkVoid"]}],"is_beta":false,"boss_relics":[{"not_picked":["hubris:RunicObelisk","Coffee Dripper"],"picked":"Busted Crown"},{"not_picked":["hubris:CrackedHourglass","conspire:RoyalGoblet"],"picked":"ReplayTheSpireMod:DimensionalGlitch"}],"items_purged_floors":[],"is_endless":false,"potions_floor_spawned":[2,14,16,18,33,35,37],"killed_by":"Gensokyo:Marisa","ascension_level":0}}