{"host":"9nt1zhl3k8mtcf72","time":1608806326,"event":{"mods":["Aspiration","BaseMod","BetterRewards","Conjunction","Conspire","Downfall","Energized Spire","Friendly Minions","GifTheSpireLib","Halation","Hubris","Infinite Spire","Jedi Mod","Mimic Mod","Minty Spire (QoL Compilation)","RatMod","Replay The Spire","Spikes Relics","StSLib","Stuff the Spire","Trackpad","Useless Jewels Mod","Wandering Minibosses","vexMod"],"gold_per_floor":[99,99,99,99,99,24,24,24,52,63,80,5,18,30,42,42,42,42],"floor_reached":16,"playtime":452,"items_purged":[],"score":100,"play_id":"ecf9b166-4667-44ff-b511-5bbed557fc5d","local_time":"20201224053846","is_ascension_mode":false,"campfire_choices":[{"floor":1,"key":"RECALL"},{"data":"hexamod:SpectralSpark","floor":6,"key":"SMITH"},{"floor":12,"key":"REST"}],"circlet_count":0,"master_deck":["hexamod:Strike","hexamod:Strike","hexamod:Strike","hexamod:Strike","hexamod:Defend","hexamod:Defend","hexamod:Defend","hexamod:Defend","hexamod:Sear","hexamod:Float","hexamod:SuperheatedStrike+1","hexamod:Firestarter","hexamod:SpectralSpark+1","Regret","hexamod:FlamesFromBeyond","hexamod:RainOfEmbers","hexamod:ThermalTransfer","hexamod:HeatMetal","hexamod:SoulSteal","hexamod:ExtraCrispy+1"],"relics":["hexamod:SpiritBrand","downfall:HeartsMalice","downfall:HeartBlessingRed","Eternal Feather","StuffTheSpire:RedRose","Frozen Egg 2","downfall:HeartBlessingGreen"],"acts_visited":["Exordium"],"potions_floor_usage":[15,16,16],"damage_taken":[{"damage":0,"enemies":"2 Louse","floor":2,"turns":1},{"damage":0,"enemies":"Cultist","floor":4,"turns":1},{"damage":0,"enemies":"Small Slimes","floor":5,"turns":1},{"damage":10,"enemies":"Lagavulin","floor":9,"turns":3},{"damage":2,"enemies":"3 Louse","floor":10,"turns":3},{"damage":10,"enemies":"Exordium Wildlife","floor":11,"turns":3},{"damage":13,"enemies":"Blue Slaver","floor":13,"turns":3},{"damage":10,"enemies":"Gremlin Gang","floor":14,"turns":5},{"damage":12,"enemies":"Lots of Slimes","floor":15,"turns":3},{"damage":39,"enemies":"downfall:Defect","floor":16,"turns":5}],"seed_played":"-1775465072012406242","potions_obtained":[{"floor":9,"key":"Fire Potion"},{"floor":10,"key":"Milkshake"},{"floor":13,"key":"Guardian:BlockOnCardUsePotion"},{"floor":15,"key":"Block Potion"}],"is_trial":false,"path_per_floor":["R","M","?","M","M","R","T","?","E","M","M","R","M","M","M","B"],"character_chosen":"THE_SPIRIT","items_purchased":[],"campfire_rested":1,"item_purchase_floors":[],"current_hp_per_floor":[70,70,70,70,70,70,70,70,60,58,48,70,57,47,35,0,0,0],"gold":42,"neow_bonus":"THREE_ENEMY_KILL","is_daily":false,"chose_seed":false,"campfire_upgraded":1,"win_rate":0.0,"timestamp":1608806326,"path_taken":["R","M","?","?","M","R","T","?","E","M","M","R","M","M","M","BOSS"],"items_purchased_type":[],"build_version":"2020-12-22","purchased_purges":0,"victory":false,"max_hp_per_floor":[70,70,70,70,70,70,70,70,70,70,70,70,70,70,70,70,70,70],"card_choices":[{"not_picked":["hexamod:PhantomCloak","hexamod:Hexaguard"],"picked":"hexamod:SuperheatedStrike","floor":2},{"not_picked":["hexamod:ThermalTransfer","hexamod:BacktrackSmack"],"picked":"hexamod:Firestarter","floor":4},{"not_picked":["hexamod:SpectersWail","hexamod:GhostflameBarrier"],"picked":"hexamod:SpectralSpark","floor":5},{"not_picked":["hexamod:Haunt","hexamod:RetreatToShadows"],"picked":"hexamod:FlamesFromBeyond","floor":9},{"not_picked":["hexamod:CrushingStance","hexamod:BurningTouch"],"picked":"hexamod:RainOfEmbers","floor":10},{"not_picked":["hexamod:ChargedBarrage","hexamod:EtherealExpedition"],"picked":"hexamod:ThermalTransfer","floor":11},{"not_picked":["hexamod:SwordOfDarkness","hexamod:EmpoweredFlame+1"],"picked":"hexamod:HeatMetal","floor":13},{"not_picked":["hexamod:Firestarter","hexamod:InspiringFlames"],"picked":"hexamod:SoulSteal","floor":14},{"not_picked":["hexamod:NecessarySacrifice","hexamod:Firestarter"],"picked":"hexamod:ExtraCrispy+1","floor":15}],"player_experience":467008,"relics_obtained":[{"floor":7,"key":"Eternal Feather"},{"floor":9,"key":"Frozen Egg 2"}],"event_choices":[{"damage_healed":0,"gold_gain":0,"player_choice":"Upgraded","damage_taken":0,"max_hp_gain":0,"max_hp_loss":0,"event_name":"Upgrade Shrine","floor":3,"gold_loss":0,"cards_upgraded":["hexamod:SuperheatedStrike"]}],"is_beta":false,"boss_relics":[],"items_purged_floors":[],"is_endless":false,"potions_floor_spawned":[9,10,13,14,15],"killed_by":"downfall:Defect","ascension_level":0}}