{"host":"s8k08j4eybfen9r6","time":1608824677,"event":{"mods":["Ascension Reborn","Aspiration","BaseMod","Better Altar","Better Match","Better Note","Better Sensory Stone","Better Skull","Better Third Choice","BetterRewards","Downfall","Duelist Mod","Hubris","Minty Spire (QoL Compilation)","MostiFishMod","Rare Cards Sparkle","Shade Mod","Shop Mod","Spicy Shops","StSLib","The Alterego","The Animator"],"gold_per_floor":[121,121,121,3,33,33,85,85,145,197,216,56,79,112,112,255,255,283,283,283,317,242,294,312,353,353,400,423,423,373,415,415,560,560,579,607,507,507,536,585,585,625,690,720,766,650,673,714,714,714,714,714,714,378,427,427],"floor_reached":57,"playtime":1883,"items_purged":["Strike_R+1","Strike_R+1"],"score":2183,"play_id":"afcf2847-974e-4b7b-9926-7ad5f2418d48","local_time":"20201225014437","is_ascension_mode":true,"campfire_choices":[{"data":"Rampage","floor":6,"key":"SMITH"},{"floor":15,"key":"RECALL"},{"data":"MostiFishMod:CullingBlade","floor":29,"key":"SMITH"},{"data":"Inflame","floor":32,"key":"SMITH"},{"data":"Corruption","floor":41,"key":"SMITH"},{"floor":49,"key":"REST"},{"data":"Shockwave","floor":53,"key":"SMITH"}],"circlet_count":0,"master_deck":["Guardian:WalkerClaw+1","Defend_R+1","Defend_R+1","Defend_R+1","Defend_R+1","Bash+1","MostiFishMod:#F4004+1","Rampage+1","Spot Weakness","Entrench+1","Armaments","Shrug It Off","Battle Trance+1","Flex","Rampage","MostiFishMod:CullingBlade+1","Shockwave+1","Necronomicurse","Body Slam+1","Inflame+1","Infernal Blade+1","Impervious+1","MostiFishMod:BrandingRite+1","Corruption+1","Rupture+1","MostiFishMod:ElfcollectionBox+1"],"relics":["Burning Blood","DaveBox","ShadowXiaoBlade","NeowsBlessing","SynthV:TestCard","Golden Idol","Vajra","Smiling Mask","hubris:Towel","Ginger","Pen Nib","Nunchaku","hubris:OldNail","Darkstone Periapt","BionicSphere","ChiXiaoBlade","Ancient Tea Set","Necronomicon","Dream Catcher","hubris:ChampionShield","Toxic Egg 2","InkBottle","hubris:GlazedTorus","Bag of Marbles","DaCapo","hubris:GrandSneckoEye","Toy Ornithopter","Lantern","Bronze Scales","Regal Pillow","hubris:Metronome","hubris:Zylophone","aspiration:SeaSaltIceCream","NeowsBlessing","Dead Branch","Brimstone","DianPoetry","Bag of Preparation","ImprovedEquipment"],"acts_visited":["Exordium","TheCity","TheBeyond","TheEnding"],"potions_floor_usage":[16,33],"damage_taken":[{"damage":0,"enemies":"Cultist","floor":1,"turns":1},{"damage":0,"enemies":"2 Louse","floor":5,"turns":1},{"damage":0,"enemies":"Gremlin Nob","floor":7,"turns":1},{"damage":0,"enemies":"Lagavulin","floor":10,"turns":3},{"damage":0,"enemies":"Jaw Worm","floor":11,"turns":1},{"damage":0,"enemies":"Large Slime","floor":13,"turns":2},{"damage":0,"enemies":"Looter","floor":14,"turns":2},{"damage":24,"enemies":"Hexaghost","floor":16,"turns":4},{"damage":0,"enemies":"Spheric Guardian","floor":18,"turns":1},{"damage":0,"enemies":"2 Thieves","floor":21,"turns":2},{"damage":0,"enemies":"theDuelist:KaibaA2","floor":23,"turns":1},{"damage":0,"enemies":"Snecko","floor":24,"turns":2},{"damage":0,"enemies":"Slavers","floor":25,"turns":2},{"damage":0,"enemies":"theDuelist:KaibaA2","floor":27,"turns":2},{"damage":0,"enemies":"Cultist and Chosen","floor":28,"turns":2},{"damage":0,"enemies":"Slavers","floor":31,"turns":1},{"damage":0,"enemies":"hubris:MusketHawk","floor":33,"turns":1},{"damage":0,"enemies":"3 Shapes","floor":35,"turns":1},{"damage":0,"enemies":"Orb Walker","floor":36,"turns":2},{"damage":0,"enemies":"4 Shapes","floor":39,"turns":2},{"damage":0,"enemies":"Reptomancer","floor":40,"turns":1},{"damage":0,"enemies":"Nemesis","floor":42,"turns":1},{"damage":0,"enemies":"Spire Growth","floor":44,"turns":1},{"damage":0,"enemies":"Reptomancer","floor":45,"turns":1},{"damage":0,"enemies":"Sphere and 2 Shapes","floor":47,"turns":2},{"damage":0,"enemies":"Giant Head","floor":48,"turns":2},{"damage":0,"enemies":"hubris:GrandSnecko","floor":50,"turns":1},{"damage":0,"enemies":"Time Eater","floor":51,"turns":1},{"damage":0,"enemies":"Shield and Spear","floor":55,"turns":1},{"damage":0,"enemies":"The Heart","floor":56,"turns":1}],"seed_played":"-4864030450024597575","potions_obtained":[{"floor":1,"key":"DuplicationPotion"},{"floor":5,"key":"Fire Potion"},{"floor":7,"key":"Weak Potion"},{"floor":11,"key":"BlessingOfTheForge"},{"floor":13,"key":"PowerPotion"},{"floor":16,"key":"Strength Potion"},{"floor":33,"key":"Fruit Juice"},{"floor":35,"key":"Ancient Potion"}],"is_trial":false,"path_per_floor":["M","?","?","$","M","R","E","?","T","E","M","$","M","M","R","B",null,"M","?","?","M","?","E","M","E","T","E","M","R","$","E","R","B",null,"M","M","NS","?","M","E","R","E","T","M","E","$","M","E","R","B","B",null,"R","$","E","B",null],"character_chosen":"IRONCLAD","items_purchased":["Vajra","hubris:OldNail","Brimstone","MostiFishMod:ElfcollectionBox+1","Bag of Preparation"],"campfire_rested":1,"item_purchase_floors":[4,12,46,54,54],"current_hp_per_floor":[85,85,64,64,72,72,80,80,80,85,85,85,85,85,85,69,85,85,85,77,85,85,91,91,91,91,91,91,91,91,91,91,96,96,96,96,96,3,11,19,19,27,27,35,43,43,51,59,96,96,96,96,96,96,96,96],"gold":427,"neow_bonus":"THREE_ENEMY_KILL","is_daily":false,"chose_seed":false,"campfire_upgraded":5,"win_rate":0.0,"timestamp":1608824677,"path_taken":["M","?","?","$","M","R","E","?","T","E","M","?","M","M","R","BOSS","M","?","?","M","?","E","M","E","T","E","M","R","$","E","R","BOSS","M","M","NS","?","M","E","R","E","T","M","E","$","M","E","R","BOSS","BOSS","R","$","E","BOSS"],"items_purchased_type":["Relic","Relic","Relic","Card","Relic"],"build_version":"2020-12-22","purchased_purges":2,"victory":true,"max_hp_per_floor":[85,85,85,85,85,85,85,85,85,85,85,85,85,85,85,85,85,85,85,91,91,91,91,91,91,91,91,91,91,91,91,91,96,96,96,96,96,96,96,96,96,96,96,96,96,96,96,96,96,96,96,96,96,96,96,96],"card_choices":[{"not_picked":["Thunderclap","Hemokinesis"],"picked":"MostiFishMod:#F4004+1","floor":1},{"not_picked":["Pommel Strike","Second Wind","Sword Boomerang","Havoc"],"picked":"Rampage","floor":5},{"not_picked":["Fire Breathing+1","Sever Soul","Impervious","Dropkick"],"picked":"Spot Weakness","floor":7},{"not_picked":["Anger","Body Slam","Clothesline","Combust"],"picked":"Entrench+1","floor":7},{"not_picked":["Headbutt+1","Dual Wield","Flex","Anger"],"picked":"Armaments","floor":10},{"not_picked":["Pommel Strike","Power Through+1","Body Slam","Hemokinesis"],"picked":"Shrug It Off","floor":10},{"not_picked":["Evolve+1","Armaments","Shrug It Off","Sword Boomerang+1"],"picked":"Battle Trance+1","floor":11},{"not_picked":["MostiFishMod:404NotFound","Havoc","Combust","Body Slam"],"picked":"Flex","floor":13},{"not_picked":["Thunderclap","Havoc","Shrug It Off","Perfected Strike+1"],"picked":"Rampage","floor":14},{"not_picked":["Offering","MostiFishMod:NewArrival","MostiFishMod:Chiaki","MostiFishMod:FireWorks"],"picked":"MostiFishMod:CullingBlade","floor":16},{"not_picked":["Dropkick+1","Warcry","Havoc","Iron Wave+1"],"picked":"Shockwave","floor":18},{"not_picked":["Perfected Strike+1","Wild Strike+1","hubris:CleavingFinish+1","Feel No Pain"],"picked":"Body Slam+1","floor":21},{"not_picked":["Reaper","hubris:ReadiedAction","Flex+1","Headbutt+1","MostiFishMod:RainCloud"],"picked":"SKIP","floor":23},{"not_picked":["Sword Boomerang+1","Pommel Strike","Pummel+1","Body Slam+1","Carnage"],"picked":"SKIP","floor":24},{"not_picked":["MostiFishMod:RainCloud","Ghostly Armor","Searing Blow","Perfected Strike+1"],"picked":"Inflame","floor":25},{"not_picked":["Double Tap+1","Rampage+1","MostiFishMod:#F4004+1","MostiFishMod:RainCloud"],"picked":"Infernal Blade+1","floor":27},{"not_picked":["Clothesline+1","Fire Breathing+1","Havoc+1","Twin Strike","Brutality"],"picked":"SKIP","floor":28},{"not_picked":["Whirlwind+1","Searing Blow","Clothesline+1","Reckless Charge","Intimidate+1"],"picked":"SKIP","floor":31},{"not_picked":["hubris:StunningStrike","MostiFishMod:ChineseTea+1","Juggernaut","MostiFishMod:UltimateDefense+1"],"picked":"Impervious+1","floor":33},{"not_picked":["Shrug It Off+1","Headbutt+1","hubris:ReadiedAction+1","hubris:StunningStrike"],"picked":"MostiFishMod:BrandingRite+1","floor":35},{"not_picked":["Heavy Blade+1","Flex+1","Power Through+1","Iron Wave"],"picked":"Corruption","floor":36},{"not_picked":["Body Slam+1","Havoc+1","Searing Blow","Sword Boomerang+1","hubris:CleavingFinish+1"],"picked":"SKIP","floor":39},{"not_picked":["Pommel Strike+1","Clothesline+1","Flex+1","Anger+1","Cleave+1"],"picked":"SKIP","floor":40},{"not_picked":["Dual Wield+1","Fire Breathing","Uppercut+1","Seeing Red+1","Pummel"],"picked":"SKIP","floor":42},{"not_picked":["MostiFishMod:Chiaki+1","Shrug It Off+1","Armaments+1","Flex+1","Fire Breathing"],"picked":"SKIP","floor":44},{"not_picked":["Combust+1","Headbutt+1","Anger","Armaments+1"],"picked":"Rupture+1","floor":45},{"not_picked":["Clash","Intimidate+1","Uppercut+1","Armaments+1","Burning Pact+1"],"picked":"SKIP","floor":47},{"not_picked":["Bludgeon","Ghostly Armor+1","Carnage","Warcry+1","Pommel Strike+1"],"picked":"SKIP","floor":48},{"not_picked":["Rampage+1","Armaments+1","Twin Strike","Dual Wield+1","MostiFishMod:BrandingRite+1"],"picked":"SKIP","floor":55}],"player_experience":369410,"relics_obtained":[{"floor":1,"key":"SynthV:TestCard"},{"floor":7,"key":"Smiling Mask"},{"floor":9,"key":"Ginger"},{"floor":9,"key":"Pen Nib"},{"floor":10,"key":"Nunchaku"},{"floor":13,"key":"Darkstone Periapt"},{"floor":16,"key":"BionicSphere"},{"floor":18,"key":"Ancient Tea Set"},{"floor":20,"key":"Necronomicon"},{"floor":23,"key":"Dream Catcher"},{"floor":25,"key":"hubris:ChampionShield"},{"floor":26,"key":"Toxic Egg 2"},{"floor":26,"key":"InkBottle"},{"floor":27,"key":"hubris:GlazedTorus"},{"floor":31,"key":"Bag of Marbles"},{"floor":33,"key":"DaCapo"},{"floor":40,"key":"hubris:Metronome"},{"floor":42,"key":"hubris:Zylophone"},{"floor":43,"key":"aspiration:SeaSaltIceCream"},{"floor":45,"key":"Dead Branch"},{"floor":48,"key":"DianPoetry"},{"floor":55,"key":"ImprovedEquipment"}],"event_choices":[{"damage_healed":0,"gold_gain":0,"player_choice":"Take Damage","damage_taken":21,"relics_obtained":["Golden Idol"],"max_hp_gain":0,"max_hp_loss":0,"event_name":"Golden Idol","floor":3,"gold_loss":0},{"damage_healed":0,"gold_gain":0,"player_choice":"Ignored","damage_taken":0,"max_hp_gain":0,"max_hp_loss":0,"event_name":"betterNote:BetterNote","floor":19,"gold_loss":0,"cards_obtained":["Echo Form"]},{"damage_healed":0,"gold_gain":0,"player_choice":"Obtained Book","damage_taken":16,"max_hp_gain":0,"max_hp_loss":0,"event_name":"Cursed Tome","floor":20,"gold_loss":0},{"cards_removed":["Strike_R"],"damage_healed":0,"gold_gain":0,"player_choice":"Gave Gold","damage_taken":0,"max_hp_gain":0,"max_hp_loss":0,"event_name":"Beggar","floor":22,"gold_loss":75},{"damage_healed":0,"gold_gain":0,"player_choice":"RE RE RE RE ","damage_taken":101,"relics_obtained":["Toy Ornithopter","Lantern","Bronze Scales","Regal Pillow"],"max_hp_gain":0,"max_hp_loss":0,"event_name":"betterSkull:BetterSkull","floor":38,"gold_loss":0,"cards_upgraded":[]}],"is_beta":false,"boss_relics":[{"not_picked":["aspiration:SecretTechniqueScroll","Philosopher\u0027s Stone"],"picked":"ChiXiaoBlade"},{"not_picked":["Astrolabe","Transparent"],"picked":"hubris:GrandSneckoEye"}],"items_purged_floors":[12,30],"is_endless":false,"potions_floor_spawned":[13,14,16,18,21,25,42,45,47],"ascension_level":0}}