{"host":"sdjng9zhqonqi3uc","time":1608812868,"event":{"mods":["2.2 Compatiblity","AchievementEnabler","BaseMod","BetterRewards","Colored Powertips","Hero for Fun","Minty Spire (QoL Compilation)","Shop Mod","StSLib","Td1madao Mod","The Animator","The Cursed","The Servant 0.9.4"],"gold_per_floor":[122,397,25,53,71,103,103,103,130,130,156,166,66,76,76,176,201,221,243,259,259,269,322,322,332,357,416,416,416,428,25,25,25,25],"floor_reached":33,"playtime":2787,"items_purged":["animator:Defend","Regret"],"score":322,"play_id":"4ff5a548-eb2e-4216-865f-d4a1c39b11ca","local_time":"20201224132747","is_ascension_mode":false,"campfire_choices":[{"data":"animator:Kuroyukihime","floor":7,"key":"SMITH"},{"data":"animator:Kaijin","floor":10,"key":"SMITH"},{"data":"animator:KyokoSakura","floor":15,"key":"SMITH"},{"data":"animator:EmiyaShirou","floor":24,"key":"SMITH"},{"data":"animator:Caster","floor":29,"key":"SMITH"},{"floor":32,"key":"REST"}],"circlet_count":0,"master_deck":["animator:Strike_AccelWorld","animator:Defend_AccelWorld","animator:Defend+1","animator:Kuroyukihime+1","animator:LimeBell+1","animator:Arpeggio","animator:Kaijin+1","animator:NarberalGamma","animator:Arpeggio","animator:Shuna","animator:PandorasActor","animator:KyokoSakura+1","animator:Gilgamesh+4","animator:Caster+1","animator:Assassin","animator:EmiyaShirou+1","animator:Archer","animator:Benimaru","animator:NarberalGamma+1","animator:Gillette","animator:ShinjiMatou","animator:Albedo","animator:Millim+1","animator:Togame+1"],"relics":["animator:LivingPicture","animator:TheMissingPiece","animator:PurgingStone","Lantern","MerchantsRug","Sling","animator:WornHelmet","PreservedInsect","animator:Hoodie","animator:RacePiece","Anchor","Dream Catcher","Ginger","Membership Card","Omamori","Paper Crane"],"acts_visited":["Exordium","TheCity"],"potions_floor_usage":[11,14,16,18,19,22,23,33,33],"damage_taken":[{"damage":0,"enemies":"Jaw Worm","floor":1,"turns":5},{"damage":0,"enemies":"Cultist","floor":4,"turns":5},{"damage":0,"enemies":"2 Louse","floor":5,"turns":2},{"damage":21,"enemies":"Lagavulin","floor":6,"turns":6},{"damage":11,"enemies":"3 Sentries","floor":11,"turns":3},{"damage":0,"enemies":"2 Fungi Beasts","floor":12,"turns":3},{"damage":4,"enemies":"Exordium Wildlife","floor":14,"turns":4},{"damage":20,"enemies":"Slime Boss","floor":16,"turns":6},{"damage":2,"enemies":"3 Byrds","floor":18,"turns":3},{"damage":0,"enemies":"Chosen","floor":19,"turns":8},{"damage":15,"enemies":"Snake Plant","floor":20,"turns":3},{"damage":7,"enemies":"Centurion and Healer","floor":22,"turns":6},{"damage":25,"enemies":"Gremlin Leader","floor":23,"turns":6},{"damage":2,"enemies":"Chosen and Byrds","floor":25,"turns":5},{"damage":0,"enemies":"animator:HornedBat","floor":27,"turns":3},{"damage":27,"enemies":"Shelled Parasite and Fungi","floor":30,"turns":5},{"damage":50,"enemies":"Collector","floor":33,"turns":6}],"seed_played":"3617951250718027910","potions_obtained":[{"floor":1,"key":"SteroidPotion"},{"floor":11,"key":"PowerPotion"},{"floor":14,"key":"LiquidMemories"},{"floor":16,"key":"SpeedPotion"},{"floor":18,"key":"LiquidMemories"},{"floor":20,"key":"Regen Potion"},{"floor":22,"key":"SkillPotion"}],"is_trial":false,"path_per_floor":["M","?","$","M","M","E","R","?","T","R","E","M","$","M","R","B",null,"M","M","M","?","M","E","R","M","T","E","?","R","M","$","R","B"],"character_chosen":"THE_ANIMATOR","items_purchased":["MerchantsRug","Sling","Membership Card","Omamori","Paper Crane","DuplicationPotion","PowerPotion"],"campfire_rested":1,"item_purchase_floors":[3,3,31,31,31,31,31],"current_hp_per_floor":[66,66,66,66,66,45,45,32,32,32,22,25,25,21,21,1,70,68,71,56,56,64,39,39,37,37,40,40,40,14,14,37,0,0],"gold":25,"neow_bonus":"RANDOM_COMMON_RELIC","is_daily":false,"chose_seed":false,"campfire_upgraded":5,"win_rate":0.0,"timestamp":1608812867,"path_taken":["M","?","?","?","M","E","R","?","T","R","E","M","$","M","R","BOSS","M","M","M","?","M","E","R","M","T","E","?","R","M","$","R","BOSS"],"items_purchased_type":["Relic","Relic","Relic","Relic","Relic","Potion","Potion"],"build_version":"2020-12-22","purchased_purges":2,"victory":false,"max_hp_per_floor":[66,66,66,66,66,66,66,66,66,66,67,70,70,70,70,70,70,70,73,73,73,73,73,73,73,73,76,76,76,77,77,77,77,77],"card_choices":[{"not_picked":["animator:Gillette","animator:Guy"],"picked":"animator:Arpeggio","floor":1},{"not_picked":["animator:HighElfArcher","animator:Cocytus"],"picked":"animator:Kaijin","floor":4},{"not_picked":["animator:RoyMustang","animator:Sloth"],"picked":"animator:NarberalGamma","floor":5},{"not_picked":["animator:YaoHaDucy","animator:LeleiLaLalena"],"picked":"animator:Arpeggio","floor":6},{"not_picked":["animator:WinryRockbell","animator:YaoHaDucy"],"picked":"animator:Shuna","floor":11},{"not_picked":["animator:LeleiLaLalena","animator:Arpeggio"],"picked":"animator:PandorasActor","floor":12},{"not_picked":["animator:UneriGinkaku","animator:Pride"],"picked":"animator:KyokoSakura","floor":14},{"not_picked":["animator:ChaikaTrabant","animator:Kyubey"],"picked":"animator:Gilgamesh","floor":16},{"not_picked":["animator:ShinjiMatou","animator:Berserker"],"picked":"animator:Archer","floor":18},{"not_picked":["animator:SayakaMiki","animator:GazelDwargon"],"picked":"animator:Benimaru","floor":19},{"not_picked":["animator:ZankiKiguchi","animator:Demiurge+1"],"picked":"animator:NarberalGamma+1","floor":20},{"not_picked":["animator:Souei","animator:OrikoMikuni"],"picked":"animator:Gillette","floor":22},{"not_picked":["animator:Alexander","animator:Berserker"],"picked":"animator:ShinjiMatou","floor":23},{"not_picked":["animator:ZankiKiguchi","animator:NagisaMomoe+1","animator:Gillette"],"picked":"SKIP","floor":25},{"not_picked":["animator:Souei","animator:Tyuule+1"],"picked":"animator:Albedo","floor":27},{"not_picked":["animator:Demiurge+1","animator:SakuraMatou"],"picked":"animator:Millim+1","floor":30},{"not_picked":["animator:AcuraTooru","animator:AcuraAkari"],"picked":"animator:Togame+1","floor":32}],"player_experience":249172,"relics_obtained":[{"floor":6,"key":"animator:WornHelmet"},{"floor":9,"key":"PreservedInsect"},{"floor":11,"key":"animator:Hoodie"},{"floor":23,"key":"Anchor"},{"floor":26,"key":"Dream Catcher"},{"floor":27,"key":"Ginger"}],"event_choices":[{"damage_healed":0,"gold_gain":275,"player_choice":"Desecrate","damage_taken":0,"max_hp_gain":0,"max_hp_loss":0,"event_name":"Golden Shrine","floor":2,"gold_loss":0,"cards_obtained":["Regret"]},{"damage_healed":0,"gold_gain":0,"player_choice":"Entered Light","damage_taken":13,"max_hp_gain":0,"max_hp_loss":0,"event_name":"Shining Light","floor":8,"gold_loss":0,"cards_upgraded":["animator:Strike","animator:LimeBell"]},{"damage_healed":0,"gold_gain":0,"player_choice":"Ignored","damage_taken":0,"max_hp_gain":0,"max_hp_loss":0,"event_name":"Vampires","floor":21,"gold_loss":0},{"cards_removed":["animator:Strike"],"damage_healed":0,"gold_gain":0,"player_choice":"Elegance","damage_taken":0,"max_hp_gain":0,"max_hp_loss":0,"event_name":"Back to Basics","floor":28,"gold_loss":0}],"is_beta":false,"boss_relics":[{"not_picked":["Empty Cage","Mark of Pain"],"picked":"animator:RacePiece"}],"items_purged_floors":[3,13],"is_endless":false,"potions_floor_spawned":[1,11,14,16,18,20,22],"killed_by":"Collector","ascension_level":0}}