{"host":"f3zc1jx8b75bp9n4","time":1608815987,"event":{"mods":["AchievementEnabler","Act Like it!","AlwaysNeverKeys","BaseMod","Bestiary","Better-Laid Plans","BetterRewards","Block Reminder","Clockwork Mod","Colored Map","Colored Powertips","Conspire","DeckTracker","Downfall","Emptier Cage","Energized Spire","Friendly Minions","GifTheSpireLib","Gold Saver","Grow up Mod","Highlight Path","Hubris","Infinite Spire","Marisa????????","Minty Spire (QoL Compilation)","Permanent Neow","Quick Restart","Rare Cards Sparkle","Relic Stats","Replay The Spire","StSLib","Stuff the Spire","SuperFastMode","Synergy Search","The Animator","The Bladedancer","The Bug Knight","The Construct","The Cursed","The Jungle","The Necromancer","The Poker Player","The Runesmith","The Senshi","The Servant 0.9.4","Transform Curses","Unceasing Turn Reminder","Yuri Mod"],"gold_per_floor":[889,889,889,4,17,45,45,75,75,88,133,153,181,194,194,289,289,306,306,153,3,3,35,35,64,64,81,5,22,53,71,71,171,171,197,230,264,293,203,247,278,325,325,360,397,438,438,492,492,492,492,492,34,64,64],"floor_reached":56,"playtime":4096,"items_purged":["Pain"],"score":1889,"play_id":"e05e706c-6d7d-49b4-b164-c172627bc044","local_time":"20201224151947","is_ascension_mode":true,"campfire_choices":[{"data":"Madness","floor":7.0,"key":"SMITH"},{"data":"hubris:DuctTapeCard","floor":15.0,"key":"SMITH"},{"data":"Ragnarok","floor":24.0,"key":"SMITH"},{"data":"Ragnarok","floor":32.0,"key":"SMITH"},{"floor":47,"key":"REST"},{"data":"Eruption","floor":49,"key":"SMITH"},{"data":"Consecrate","floor":52,"key":"SMITH"}],"circlet_count":0,"master_deck":["Eruption+1","Replay:Battleflow+1","Consecrate+1","Consecrate","Replay:DivineShield","SashWhip","Prostrate","FearNoEvil","JustLucky","Ragnarok+1","Consecrate+1","StuffTheSpire:Vigor","Bite","Bite","Bite","Bite","Bite","Ragnarok+1","EmptyFist+1","FollowUp+1","CutThroughFate","CrushJoints","Prostrate","Conclude","EmptyFist","DevaForm","blademaster:WrongfulFootwork","CutThroughFate","CutThroughFate+1","BowlingBash","BattleHymn","EmptyFist+1","LessonLearned","hubris:DuctTapeCard","BowlingBash+1","FollowUp+1","Prostrate","ReachHeaven","FlurryOfBlows","Eruption+1","CrushJoints","ClearTheMind+1"],"relics":["PureWater","infinitespire:PuzzleCube","War Paint","WarpedTongs","conspire:DeflatedDodgeball","hubris:Metronome","Medical Kit","TungstenRod","StuffTheSpire:SapphireSignet","hubris:DuctTape","Potion Belt","construct:FoamFinger","energizedSpire:CrystalSphere","Nilry\u0027s Codex","hubris:EmptyBottle","Kunai","ReplayFunnel","hubris:ToyBattleship","conspire:Flyswatter","infinitespire:EvilPickle","Kintsugi","Centennial Puzzle","Blue Doll","MealTicket","Oddly Smooth Stone","DollysMirror","conspire:TopHat","Anchor"],"acts_visited":["Exordium","TheCity","TheBeyond","TheEnding"],"potions_floor_usage":[55,55,55,55,55,55,55,55,55],"damage_taken":[{"damage":0.0,"enemies":"2 Louse","floor":1.0,"turns":4.0},{"damage":0.0,"enemies":"Small Slimes","floor":5.0,"turns":2.0},{"damage":0.0,"enemies":"Lagavulin","floor":6.0,"turns":3.0},{"damage":0.0,"enemies":"Gremlin Nob","floor":8.0,"turns":3.0},{"damage":0.0,"enemies":"Cultist","floor":10.0,"turns":2.0},{"damage":0.0,"enemies":"Gremlin Gang","floor":12.0,"turns":1.0},{"damage":0.0,"enemies":"Lagavulin","floor":13.0,"turns":2.0},{"damage":0.0,"enemies":"Exordium Thugs","floor":14.0,"turns":2.0},{"damage":6.0,"enemies":"Fading Forest","floor":16.0,"turns":11.0},{"damage":0.0,"enemies":"Spheric Guardian","floor":18.0,"turns":1.0},{"damage":15.0,"enemies":"Gremlin Leader","floor":23.0,"turns":2.0},{"damage":22.0,"enemies":"Slavers","floor":25.0,"turns":3.0},{"damage":9.0,"enemies":"Shell Parasite","floor":27.0,"turns":2.0},{"damage":11.0,"enemies":"Shelled Parasite and Fungi","floor":29.0,"turns":2.0},{"damage":1.0,"enemies":"Gremlin Leader","floor":30.0,"turns":4.0},{"damage":0.0,"enemies":"Cultist and Chosen","floor":31.0,"turns":2.0},{"damage":19.0,"enemies":"Pondfish","floor":33.0,"turns":6.0},{"damage":22.0,"enemies":"3 Shapes","floor":35.0,"turns":3.0},{"damage":17.0,"enemies":"3 Darklings","floor":36.0,"turns":3.0},{"damage":19.0,"enemies":"Transient","floor":37.0,"turns":5.0},{"damage":21.0,"enemies":"Sphere and 2 Shapes","floor":38.0,"turns":3.0},{"damage":25.0,"enemies":"Reptomancer","floor":40.0,"turns":4.0},{"damage":45.0,"enemies":"3 Darklings","floor":41.0,"turns":2.0},{"damage":44.0,"enemies":"Nemesis","floor":42.0,"turns":3.0},{"damage":12,"enemies":"4 Shapes","floor":44,"turns":1},{"damage":0,"enemies":"Sphere and 2 Shapes","floor":45,"turns":2},{"damage":6,"enemies":"3 Darklings","floor":46,"turns":3},{"damage":0,"enemies":"Reptomancer","floor":48,"turns":4},{"damage":59,"enemies":"hubris:GrandSnecko","floor":50,"turns":12},{"damage":71,"enemies":"Shield and Spear","floor":54,"turns":3},{"damage":92,"enemies":"The Heart","floor":55,"turns":5}],"seed_played":"1569693136899511344","potions_obtained":[{"floor":1.0,"key":"sneckomod:MuddlingPotion"},{"floor":10.0,"key":"PowerPotion"},{"floor":13.0,"key":"Fire Potion"},{"floor":18.0,"key":"FearPotion"},{"floor":27.0,"key":"SteroidPotion"},{"floor":29.0,"key":"SkillPotion"},{"floor":30.0,"key":"GamblersBrew"}],"is_trial":false,"path_per_floor":["M","?","?","$","M","E","R","E","T","M","T","M","E","M","R","B",null,"M","?","?","$","?","E","R","E","T","M","$","M","E","M","R","B",null,"M","M","M","M","?","E","M","E","T","M","M","M","R","E","R","B",null,"R","$","E","B",null],"character_chosen":"WATCHER","items_purchased":["conspire:DeflatedDodgeball","hubris:Metronome","Medical Kit","Madness","Consecrate","hubris:EmptyBottle","CutThroughFate","CrushJoints","DollysMirror","conspire:TopHat","Ambrosia","CrushJoints"],"campfire_rested":1,"item_purchase_floors":[4,4,4,4,4,21,28,28,53,53,53,53],"current_hp_per_floor":[92,77,87,97,107,117,127,137,147,157,167,177,187,197,207,213,252,262,260,270,280,214,213,223,217,227,228,238,239,255,269,279,279,334,324,321,314,310,320,314,279,245,255,258,268,278,424,440,450,418,504,514,524,463,399],"gold":64,"neow_bonus":"RANDOM_COMMON_RELIC","is_daily":false,"chose_seed":false,"campfire_upgraded":6,"win_rate":0.0,"timestamp":1608815987,"path_taken":["M","?","?","$","?","E","R","E","T","?","?","M","E","M","R","BOSS","M","?","?","$","?","E","R","E","T","M","$","M","E","?","R","BOSS","M","M","?","M","?","E","M","E","T","?","M","M","R","E","R","BOSS","R","$","E","BOSS"],"items_purchased_type":["Relic","Relic","Relic","Card","Card","Relic","Card","Card","Relic","Relic","Potion","Card"],"build_version":"2020-12-22","purchased_purges":1,"victory":true,"max_hp_per_floor":[92,102,112,122,132,142,152,162,172,182,192,202,212,222,232,242,252,262,272,282,292,214,224,234,244,254,264,274,284,294,304,314,324,334,344,354,364,374,384,394,404,414,424,434,444,454,464,474,484,494,504,514,524,534,554],"relic_stats":{"Centennial Puzzle":[21],"counters":[31,105],"MealTicket":0,"Kunai":[64],"War Paint":["Defend_P","Defend_P"],"Medical Kit":[5],"obtain_stats":[{"ReplayFunnel":25,"hubris:Metronome":4,"construct:FoamFinger":13,"energizedSpire:CrystalSphere":17,"Nilry\u0027s Codex":19,"Blue Doll":42,"hubris:EmptyBottle":21,"conspire:TopHat":53,"StuffTheSpire:SapphireSignet":8,"Centennial Puzzle":40,"DollysMirror":53,"MealTicket":43,"Kunai":23,"Potion Belt":11,"hubris:DuctTape":9,"Oddly Smooth Stone":48,"War Paint":2,"Medical Kit":4,"WarpedTongs":3,"infinitespire:EvilPickle":33,"Anchor":54,"hubris:ToyBattleship":26,"PureWater":0,"conspire:DeflatedDodgeball":4,"Kintsugi":34,"infinitespire:PuzzleCube":0,"TungstenRod":6,"conspire:Flyswatter":30},{"ReplayFunnel":12,"hubris:Metronome":1,"construct:FoamFinger":7,"energizedSpire:CrystalSphere":9,"Nilry\u0027s Codex":10,"Blue Doll":24,"hubris:EmptyBottle":10,"conspire:TopHat":29,"StuffTheSpire:SapphireSignet":4,"Centennial Puzzle":22,"DollysMirror":29,"MealTicket":24,"Kunai":11,"Potion Belt":5,"hubris:DuctTape":4,"Oddly Smooth Stone":28,"War Paint":1,"Medical Kit":1,"WarpedTongs":1,"infinitespire:EvilPickle":17,"Anchor":30,"hubris:ToyBattleship":12,"PureWater":0,"conspire:DeflatedDodgeball":1,"Kintsugi":17,"infinitespire:PuzzleCube":0,"TungstenRod":3,"conspire:Flyswatter":15},{"ReplayFunnel":36,"hubris:Metronome":4,"construct:FoamFinger":17,"energizedSpire:CrystalSphere":30,"Nilry\u0027s Codex":31,"Blue Doll":75,"hubris:EmptyBottle":31,"conspire:TopHat":97,"StuffTheSpire:SapphireSignet":12,"Centennial Puzzle":70,"DollysMirror":97,"MealTicket":75,"Kunai":33,"Potion Belt":14,"hubris:DuctTape":12,"Oddly Smooth Stone":85,"War Paint":4,"Medical Kit":4,"WarpedTongs":4,"infinitespire:EvilPickle":52,"Anchor":100,"hubris:ToyBattleship":36,"PureWater":0,"conspire:DeflatedDodgeball":4,"Kintsugi":52,"infinitespire:PuzzleCube":0,"TungstenRod":9,"conspire:Flyswatter":44}],"TungstenRod":90,"WarpedTongs":[101]},"card_choices":[{"not_picked":["EmptyFist","Crescendo"],"picked":"Replay:Battleflow","floor":1.0},{"not_picked":["JustLucky","Halt"],"picked":"Consecrate","floor":5.0},{"not_picked":["ReachHeaven","Replay:Anticipation"],"picked":"Replay:DivineShield","floor":6.0},{"not_picked":["EmptyFist","SashWhip"],"picked":"Replay:ManipulateFuture","floor":8.0},{"not_picked":["Replay:BluntJabs","PathToVictory"],"picked":"SashWhip","floor":10.0},{"not_picked":["SpiritShield","Replay:ManipulateFuture"],"picked":"Prostrate","floor":12.0},{"not_picked":["EmptyFist","InnerPeace"],"picked":"FearNoEvil","floor":13.0},{"not_picked":["Fasting2","PathToVictory"],"picked":"JustLucky","floor":14.0},{"not_picked":["Judgement","SpiritShield"],"picked":"Ragnarok","floor":16.0},{"not_picked":["ClearTheMind","MentalFortress"],"picked":"Consecrate+1","floor":18.0},{"not_picked":["Replay:Battleflow+1","FollowUp"],"picked":"Ragnarok","floor":23.0},{"not_picked":["EmptyMind+1","TalkToTheHand"],"picked":"EmptyFist+1","floor":25.0},{"not_picked":["CrushJoints","Replay:ManipulateFuture"],"picked":"FollowUp+1","floor":27.0},{"not_picked":["ThirdEye","Replay:DivineShield"],"picked":"Prostrate","floor":29.0},{"not_picked":["Crescendo+1","Protect"],"picked":"Conclude","floor":30.0},{"not_picked":["Meditate","Vault"],"picked":"EmptyFist","floor":31.0},{"not_picked":["Establishment","Brilliance"],"picked":"DevaForm","floor":33.0},{"not_picked":["BowlingBash+1","Replay:Battleflow"],"picked":"CutThroughFate","floor":35.0},{"not_picked":["Protect+1","ThirdEye"],"picked":"CutThroughFate+1","floor":36.0},{"not_picked":["Wireheading+1","Replay:AtTheReady"],"picked":"BowlingBash","floor":37.0},{"not_picked":["PathToVictory+1","InnerPeace"],"picked":"BattleHymn","floor":38.0},{"not_picked":["CrushJoints+1","CutThroughFate+1"],"picked":"EmptyFist+1","floor":40.0},{"not_picked":["EmptyFist+1","Collect+1"],"picked":"LessonLearned","floor":41.0},{"not_picked":["ThirdEye","DeceiveReality+1"],"picked":"BowlingBash+1","floor":42},{"not_picked":["Wireheading+1","WreathOfFlame"],"picked":"FollowUp+1","floor":44},{"not_picked":["Evaluate+1","Halt"],"picked":"Prostrate","floor":45},{"not_picked":["DevaForm","Fasting2+1"],"picked":"ReachHeaven","floor":46},{"not_picked":["MentalFortress","Halt+1"],"picked":"FlurryOfBlows","floor":48},{"not_picked":["Replay:Anticipation+1","Replay:AtTheReady+1"],"picked":"ClearTheMind+1","floor":54}],"player_experience":236379,"relics_obtained":[{"floor":6.0,"key":"TungstenRod"},{"floor":8.0,"key":"StuffTheSpire:SapphireSignet"},{"floor":9.0,"key":"hubris:DuctTape"},{"floor":11.0,"key":"Potion Belt"},{"floor":13.0,"key":"construct:FoamFinger"},{"floor":19.0,"key":"Nilry\u0027s Codex"},{"floor":23.0,"key":"Kunai"},{"floor":25.0,"key":"ReplayFunnel"},{"floor":26.0,"key":"hubris:ToyBattleship"},{"floor":30.0,"key":"conspire:Flyswatter"},{"floor":40.0,"key":"Centennial Puzzle"},{"floor":42,"key":"Blue Doll"},{"floor":43,"key":"MealTicket"},{"floor":48,"key":"Oddly Smooth Stone"},{"floor":54,"key":"Anchor"}],"event_choices":[{"damage_healed":0.0,"max_hp_gain":0.0,"max_hp_loss":0.0,"gold_gain":0.0,"event_name":"Scrap Ooze","player_choice":"Success","floor":2.0,"gold_loss":0.0,"damage_taken":25.0,"relics_obtained":["War Paint"]},{"damage_healed":0.0,"max_hp_gain":0.0,"max_hp_loss":0.0,"gold_gain":0.0,"event_name":"Accursed Blacksmith","player_choice":"Rummage","floor":3.0,"gold_loss":0.0,"damage_taken":0.0,"relics_obtained":["WarpedTongs"],"cards_obtained":["Pain"]},{"damage_healed":0.0,"max_hp_gain":0.0,"max_hp_loss":0.0,"gold_gain":0.0,"event_name":"Cursed Tome","player_choice":"Obtained Book","floor":19.0,"gold_loss":0.0,"damage_taken":16.0},{"damage_healed":0.0,"max_hp_gain":0.0,"max_hp_loss":88.0,"gold_gain":0.0,"event_name":"Vampires","player_choice":"Became a vampire","floor":22.0,"gold_loss":0.0,"damage_taken":0.0,"cards_obtained":["Bite","Bite","Bite","Bite","Bite"]},{"cards_removed":["animator:Curse_Nutcracker"],"damage_healed":0.0,"max_hp_gain":0.0,"max_hp_loss":0.0,"gold_gain":0.0,"event_name":"Designer","player_choice":"Upgrade and Remove","floor":39.0,"gold_loss":90.0,"damage_taken":0.0,"cards_upgraded":["Replay:Battleflow"]}],"is_beta":false,"boss_relics":[{"not_picked":["StuffTheSpire:ModemDavis","construct:WeddingRing"],"picked":"energizedSpire:CrystalSphere"},{"not_picked":["hubris:CrackedHourglass","hubris:RunicObelisk"],"picked":"Kintsugi"}],"items_purged_floors":[4],"is_endless":false,"potions_floor_spawned":[1,10,13,18,27,29,30,38,40,42,45,48],"ascension_level":1}}