{"host":"vyt5ne9ydo1z9gg1","time":1608790823,"event":{"mods":["BaseMod","Curses Come First","DeckTracker","GifTheSpireLib","Minty Spire (QoL Compilation)","StSLib"],"gold_per_floor":[114,132,132,28,48,48,73,85,149,178,210,222,246,268,280,389,401,433,455,486,498,498],"floor_reached":21,"playtime":839,"items_purged":[],"score":204,"play_id":"39c1d049-cec3-4972-b224-07d4cf34f3c1","local_time":"20201224172023","is_ascension_mode":true,"campfire_choices":[{"data":"Defragment","floor":6,"key":"SMITH"},{"data":"Darkness","floor":8,"key":"SMITH"},{"floor":15,"key":"REST"}],"circlet_count":0,"master_deck":["Strike_B","Strike_B","Strike_B","Defend_B","Defend_B","Defend_B","Defend_B","Zap+1","Dualcast","Ball Lightning","Darkness+1","Defragment+1","Doom and Gloom","Ball Lightning","Ball Lightning","Stack","Core Surge","Redo+1","Capacitor","Defragment"],"relics":["Cracked Core","MawBank","Velvet Choker"],"acts_visited":["Exordium","TheCity"],"potions_floor_usage":[14,16,16],"damage_taken":[{"damage":0,"enemies":"Cultist","floor":1,"turns":3},{"damage":0,"enemies":"2 Louse","floor":2,"turns":2},{"damage":0,"enemies":"Small Slimes","floor":5,"turns":2},{"damage":16,"enemies":"Gremlin Nob","floor":7,"turns":3},{"damage":12,"enemies":"2 Fungi Beasts","floor":10,"turns":2},{"damage":27,"enemies":"Large Slime","floor":11,"turns":4},{"damage":0,"enemies":"Blue Slaver","floor":13,"turns":2},{"damage":5,"enemies":"Red Slaver","floor":14,"turns":2},{"damage":14,"enemies":"Hexaghost","floor":16,"turns":6},{"damage":27,"enemies":"2 Thieves","floor":18,"turns":3},{"damage":0,"enemies":"Spheric Guardian","floor":19,"turns":3},{"damage":26,"enemies":"Snecko","floor":20,"turns":5},{"damage":22,"enemies":"Shelled Parasite and Fungi","floor":21,"turns":2}],"seed_played":"-3346465765042208341","potions_obtained":[{"floor":2,"key":"FearPotion"},{"floor":7,"key":"FocusPotion"},{"floor":10,"key":"Weak Potion"},{"floor":11,"key":"PowerPotion"},{"floor":20,"key":"GamblersBrew"}],"is_trial":false,"path_per_floor":["M","M","?","$","M","R","E","R","T","M","M","?","M","M","R","B",null,"M","M","M","M"],"character_chosen":"DEFECT","items_purchased":["Defragment","Doom and Gloom"],"campfire_rested":1,"item_purchase_floors":[4,4],"current_hp_per_floor":[75,75,68,68,68,68,52,52,52,40,13,13,13,8,30,16,75,48,48,22,0,0],"gold":498,"neow_bonus":"UPGRADE_CARD","is_daily":false,"chose_seed":false,"campfire_upgraded":2,"win_rate":0.0,"timestamp":1608790823,"path_taken":["M","M","?","$","M","R","E","R","T","M","M","?","M","M","R","BOSS","M","M","M","M"],"items_purchased_type":["Card","Card"],"build_version":"2020-12-22","purchased_purges":0,"victory":false,"max_hp_per_floor":[75,75,75,75,75,75,75,75,75,75,75,75,75,75,75,75,75,75,75,75,75,75],"card_choices":[{"not_picked":["Glacier","Stack"],"picked":"Ball Lightning","floor":1},{"not_picked":["Reprogram","Streamline"],"picked":"Darkness","floor":2},{"not_picked":["Barrage","Streamline"],"picked":"Ball Lightning","floor":5},{"not_picked":["Redo","Hologram"],"picked":"Ball Lightning","floor":7},{"not_picked":["Hologram","Sunder","Go for the Eyes"],"picked":"SKIP","floor":10},{"not_picked":["White Noise","Beam Cell"],"picked":"Stack","floor":11},{"not_picked":["FTL","Stack","Fission"],"picked":"SKIP","floor":13},{"not_picked":["Reprogram","Scrape","Compile Driver"],"picked":"SKIP","floor":14},{"not_picked":["Meteor Strike","Hyperbeam"],"picked":"Core Surge","floor":16},{"not_picked":["Rebound","Reprogram"],"picked":"Redo+1","floor":18},{"not_picked":["Coolheaded","BootSequence+1"],"picked":"Capacitor","floor":19},{"not_picked":["Beam Cell","Chill"],"picked":"Defragment","floor":20}],"player_experience":153461,"relics_obtained":[{"floor":7,"key":"MawBank"}],"event_choices":[{"cards_removed":["Strike_B"],"damage_healed":0,"gold_gain":0,"player_choice":"Card Removal","damage_taken":7,"max_hp_gain":0,"max_hp_loss":0,"event_name":"Golden Wing","floor":3,"gold_loss":0},{"damage_healed":0,"gold_gain":0,"player_choice":"Ignored","damage_taken":0,"max_hp_gain":0,"max_hp_loss":0,"event_name":"Shining Light","floor":12,"gold_loss":0}],"is_beta":false,"boss_relics":[{"not_picked":["Astrolabe","Coffee Dripper"],"picked":"Velvet Choker"}],"items_purged_floors":[],"is_endless":false,"potions_floor_spawned":[2,7,10,11,13,20],"killed_by":"Shelled Parasite and Fungi","ascension_level":2}}