{"host":"Guideon","time":1608789838,"event":{"mods":["BaseMod","Colored Map","Colored Powertips","Downfall","Minty Spire (QoL Compilation)","Permanent Neow","RNG Fix","Rare Cards Sparkle","Relic Stats","StSLib"],"gold_per_floor":[99,114,144,109,109,139,139,154,154,154,114,129,114,189,204,304,304,304,319,319,349,364,449,499,499,529,529,544,559,574,574,589,689,739,739,739],"floor_reached":35,"playtime":2466,"items_purged":[],"score":455,"play_id":"d7b61127-6485-4b07-80d7-ccfe136ecc14","local_time":"20201224030358","daily_mods":["downfall:ChampStances","Colorless Cards","downfall:ExchangeController"],"is_ascension_mode":false,"campfire_choices":[{"floor":1.0,"key":"RECALL"},{"data":"Neutralize","floor":5.0,"key":"SMITH"},{"floor":9.0,"key":"REST"},{"data":"A Thousand Cuts","floor":18.0,"key":"SMITH"},{"data":"Slice","floor":20.0,"key":"SMITH"},{"floor":25.0,"key":"REST"},{"floor":27.0,"key":"REST"}],"circlet_count":0,"master_deck":["Strike_G","Strike_G","Strike_G","Strike_G","Strike_G","Defend_G","Defend_G","Defend_G","Defend_G+1","Survivor","Neutralize+1","Outmaneuver","Slice+1","Cloak And Dagger","Flying Knee","Trip","A Thousand Cuts+1","Dagger Throw","Deflect+1","Mayhem","Trip+1","Blade Dance+1","Cloak And Dagger+1","Slice","Sadistic Nature","Setup+1"],"relics":["Ring of the Snake","champ:ChampStancesModRelic","downfall:NeowBlessing_Player","Orichalcum","Blue Candle","WristBlade","Toxic Egg 2","Bag of Preparation","Bottled Tornado","Tiny House"],"acts_visited":["Exordium","TheCity","TheBeyond"],"potions_floor_usage":[],"damage_taken":[{"damage":19.0,"enemies":"Jaw Worm","floor":2.0,"turns":6.0},{"damage":88.0,"enemies":"Gremlin Nob","floor":3.0,"turns":7.0},{"damage":77.0,"enemies":"Lagavulin","floor":6.0,"turns":8.0},{"damage":0.0,"enemies":"Cultist","floor":8.0,"turns":3.0},{"damage":0.0,"enemies":"downfall:FleeingMerchant","floor":11.0,"turns":4.0},{"damage":3.0,"enemies":"2 Louse","floor":12.0,"turns":3.0},{"damage":32.0,"enemies":"downfall:FleeingMerchant","floor":13.0,"turns":4.0},{"damage":6.0,"enemies":"Blue Slaver","floor":15.0,"turns":3.0},{"damage":91.0,"enemies":"Hexaghost","floor":16.0,"turns":9.0},{"damage":36.0,"enemies":"Shell Parasite","floor":19.0,"turns":5.0},{"damage":134.0,"enemies":"Gremlin Leader","floor":21.0,"turns":11.0},{"damage":39.0,"enemies":"Centurion and Healer","floor":22.0,"turns":8.0},{"damage":123.0,"enemies":"Book of Stabbing","floor":26.0,"turns":8.0},{"damage":29.0,"enemies":"Snake Plant","floor":28.0,"turns":3.0},{"damage":35.0,"enemies":"Sentry and Sphere","floor":29.0,"turns":6.0},{"damage":20.0,"enemies":"Shelled Parasite and Fungi","floor":30.0,"turns":5.0},{"damage":4.0,"enemies":"Centurion and Healer","floor":32.0,"turns":5.0},{"damage":16.0,"enemies":"downfall:Defect","floor":33.0,"turns":8.0}],"seed_played":"7329645460642280970","potions_obtained":[{"floor":3.0,"key":"DistilledChaos"},{"floor":12.0,"key":"SmokeBomb"},{"floor":15.0,"key":"Explosive Potion"},{"floor":21.0,"key":"Block Potion"},{"floor":29.0,"key":"Block Potion"},{"floor":30.0,"key":"SpeedPotion"},{"floor":31.0,"key":"CultistPotion"},{"floor":32.0,"key":"SmokeBomb"},{"floor":34.0,"key":"CultistPotion"}],"is_trial":false,"path_per_floor":["R","M","E","?","R","E","T","M","R","?","$","M","$","?","M","B",null,"R","M","R","E","M","?","T","R","E","R","M","M","M","?","M","B",null,"R"],"character_chosen":"THE_SILENT","items_purchased":["Flying Knee"],"campfire_rested":3,"item_purchase_floors":[11],"current_hp_per_floor":[170,154,66,108,108,85,85,85,136,129,129,126,121,110,104,67,270,270,255,255,169,130,122,122,203,80,161,138,103,83,83,79,63,375,375,375],"gold":739,"neow_bonus":"","is_daily":true,"chose_seed":false,"campfire_upgraded":3,"win_rate":0.0,"timestamp":1608789838,"path_taken":["R","M","E","?","R","E","T","M","R","?","$","M","?","?","M","BOSS","R","M","R","E","M","?","T","R","E","R","M","M","M","?","M","BOSS","R"],"items_purchased_type":["Card"],"build_version":"2020-11-17","purchased_purges":0,"victory":false,"max_hp_per_floor":[170,170,170,170,170,170,170,170,170,170,170,170,170,170,170,170,270,270,270,270,270,270,270,270,270,270,270,270,270,270,270,270,270,375,375,375],"relic_stats":{"counters":[18,106],"Blue Candle":[0],"Bag of Preparation":[12],"Orichalcum":[240],"obtain_stats":[{"champ:ChampStancesModRelic":0,"Tiny House":34,"downfall:NeowBlessing_Player":0,"WristBlade":17,"Blue Candle":6,"Bag of Preparation":24,"Orichalcum":3,"Toxic Egg 2":21,"Bottled Tornado":26,"Ring of the Snake":0},{"champ:ChampStancesModRelic":0,"Tiny House":18,"downfall:NeowBlessing_Player":0,"WristBlade":9,"Blue Candle":3,"Bag of Preparation":12,"Orichalcum":2,"Toxic Egg 2":11,"Bottled Tornado":13,"Ring of the Snake":0},{"champ:ChampStancesModRelic":0,"Tiny House":106,"downfall:NeowBlessing_Player":0,"WristBlade":47,"Blue Candle":21,"Bag of Preparation":71,"Orichalcum":13,"Toxic Egg 2":63,"Bottled Tornado":79,"Ring of the Snake":0}],"Ring of the Snake":[36]},"card_choices":[{"not_picked":["expansioncontent:Flail","PiercingWail"],"picked":"Outmaneuver","floor":2.0},{"not_picked":["Acrobatics","Expertise","Deadly Poison"],"picked":"SKIP","floor":3.0},{"not_picked":["Mind Blast","PiercingWail","All Out Attack"],"picked":"SKIP","floor":6.0},{"not_picked":["PiercingWail","Calculated Gamble"],"picked":"Slice","floor":8.0},{"not_picked":["Night Terror","Prepared"],"picked":"Cloak And Dagger","floor":11.0},{"not_picked":["Impatience","Poisoned Stab","Outmaneuver"],"picked":"SKIP","floor":12.0},{"not_picked":["Purity","PiercingWail","The Bomb"],"picked":"SKIP","floor":13.0},{"not_picked":["Dagger Spray","expansioncontent:Collect"],"picked":"Trip","floor":15.0},{"not_picked":["Malaise","Corpse Explosion"],"picked":"A Thousand Cuts","floor":16.0},{"not_picked":["expansioncontent:TimeRipple","Outmaneuver"],"picked":"Dagger Throw","floor":19.0},{"not_picked":["Flying Knee","Deadly Poison+1","Underhanded Strike+1"],"picked":"SKIP","floor":21.0},{"not_picked":["Dagger Spray","Flying Knee"],"picked":"Deflect+1","floor":22.0},{"not_picked":["Slice+1","expansioncontent:CaCaw"],"picked":"Mayhem","floor":26.0},{"not_picked":["Bouncing Flask+1","expansioncontent:DefensiveMode"],"picked":"Trip+1","floor":28.0},{"not_picked":["expansioncontent:Collect","Poisoned Stab"],"picked":"Blade Dance+1","floor":29.0},{"not_picked":["Underhanded Strike","Dodge and Roll+1"],"picked":"Cloak And Dagger+1","floor":30.0},{"not_picked":["Dagger Spray","Backflip+1"],"picked":"Slice","floor":32.0},{"not_picked":["Envenom","Adrenaline+1"],"picked":"Sadistic Nature","floor":33.0},{"not_picked":["Deflect+1","expansioncontent:SuperHexaguard+1"],"picked":"Setup+1","floor":34.0}],"player_experience":6519,"relics_obtained":[{"floor":3.0,"key":"Orichalcum"},{"floor":6.0,"key":"Blue Candle"},{"floor":21.0,"key":"Toxic Egg 2"},{"floor":24.0,"key":"Bag of Preparation"},{"floor":26.0,"key":"Bottled Tornado"}],"event_choices":[{"damage_healed":42.0,"max_hp_gain":0.0,"max_hp_loss":0.0,"gold_gain":0.0,"event_name":"The Cleric","player_choice":"Healed","floor":4.0,"gold_loss":35.0,"damage_taken":0.0},{"cards_removed":["Defend_G"],"damage_healed":0.0,"max_hp_gain":0.0,"max_hp_loss":0.0,"gold_gain":0.0,"event_name":"Golden Wing","player_choice":"Card Removal","floor":10.0,"gold_loss":0.0,"damage_taken":7.0},{"damage_healed":0.0,"max_hp_gain":0.0,"max_hp_loss":0.0,"gold_gain":75.0,"event_name":"World of Goop","player_choice":"Gather Gold","floor":14.0,"gold_loss":0.0,"damage_taken":11.0}],"is_beta":true,"boss_relics":[{"not_picked":["Ring of the Serpent","Calling Bell"],"picked":"WristBlade"},{"not_picked":["SacredBark","Empty Cage"],"picked":"Tiny House"}],"items_purged_floors":[],"is_endless":false,"potions_floor_spawned":[3,12,15,21,29,30,32],"ascension_level":0}}