{"host":"w5c60nchricmn3zb","time":1608787588,"event":{"mods":["BaseMod","Conspire","Downfall","Duelist Mod","Infinite Spire","Minty Spire (QoL Compilation)","Permanent Neow","Random Character Button","Relic Sorter","Replay The Spire","StSLib","The Bug Knight","The Cursed","The Disciple","The Jungle","The Mystic","The Runesmith","The Wild Card"],"gold_per_floor":[109,109,122,42,61,86,86,86,86,11,21,21,21,34,34,139,139,150,150,183,193,193,193,209,209,255,270,62,62,8,8,8,110,110,127,127,127,138,138,138,138,138],"floor_reached":41,"playtime":2736,"items_purged":["theWildCard:BasicDefend","theWildCard:BasicDefend","theWildCard:BasicDefend"],"score":412,"play_id":"82912ae9-d4d6-4284-bd59-5495b3be8f2a","local_time":"20201224002628","is_ascension_mode":false,"campfire_choices":[{"floor":8.0,"key":"REST"},{"floor":13.0,"key":"REST"},{"data":"theWildCard:Metatron","floor":15.0,"key":"SMITH"},{"floor":23,"key":"REST"},{"floor":25,"key":"REST"},{"floor":29,"key":"REST"},{"data":"theWildCard:Odin","floor":32,"key":"SMITH"},{"floor":40,"key":"REST"}],"circlet_count":0,"master_deck":["theWildCard:BasicStrike","theWildCard:BasicStrike","theWildCard:BasicStrike","theWildCard:BasicStrike","theWildCard:CallToAdventure","theWildCard:Arsene+1","theWildCard:PaleRider","theWildCard:Odin+1","theWildCard:Sakuya","theWildCard:Metatron+1","theWildCard:MagicMettle+1","theWildCard:FinalHour+1","theWildCard:Patience+1","theWildCard:UnendingRitual+1","theWildCard:SacrificialStroke+1","theWildCard:MasterPlan+1","theWildCard:Ruination","theWildCard:EnergizedStroke","theWildCard:ArcaneArts","theWildCard:PowerOfTheArcana","theWildCard:StingingStrike","theWildCard:ArchaicAssault","Decay","theWildCard:MagicMettle+1"],"relics":["theDuelist:CardPoolBasicRelic","infinitespire:Cubic Diamond","Iron Hammer","Juzu Bracelet","Astrolabe","theJungle:BirthdayCakeSlice","Ginger","Bag of Preparation","BargainBundle","Black Star","HollowMod:PaleOreRelic"],"acts_visited":["Exordium","Exordium","TheBeyond"],"potions_floor_usage":[20,21],"damage_taken":[{"damage":0.0,"enemies":"Small Slimes","floor":1.0,"turns":2.0},{"damage":6.0,"enemies":"Jaw Worm","floor":3.0,"turns":2.0},{"damage":0.0,"enemies":"2 Louse","floor":5.0,"turns":2.0},{"damage":18.0,"enemies":"Gremlin Nob","floor":6.0,"turns":4.0},{"damage":15.0,"enemies":"Looter","floor":11.0,"turns":2.0},{"damage":0.0,"enemies":"Blue Slaver","floor":14.0,"turns":2.0},{"damage":52.0,"enemies":"Hexaghost","floor":16.0,"turns":8.0},{"damage":20,"enemies":"theJungle:5_Spyders","floor":18,"turns":11},{"damage":41,"enemies":"conspire:MimicChest","floor":20,"turns":9},{"damage":0,"enemies":"Shell Parasite","floor":21,"turns":13},{"damage":21,"enemies":"theJungle:Lyon","floor":24,"turns":5},{"damage":29,"enemies":"theJungle:JungleHuntersEncounter","floor":27,"turns":8},{"damage":37,"enemies":"theJungle:TotemBoss","floor":33,"turns":4},{"damage":15,"enemies":"3 Darklings","floor":35,"turns":2},{"damage":14,"enemies":"3 Shapes","floor":38,"turns":2},{"damage":65,"enemies":"Nemesis","floor":41,"turns":3}],"seed_played":"6995485307095587859","potions_obtained":[{"floor":3.0,"key":"Explosive Potion"},{"floor":11.0,"key":"Milkshake"},{"floor":16.0,"key":"Block Potion"},{"floor":20,"key":"AttackPotion"}],"is_trial":false,"path_per_floor":["M","?","M","$","M","E","?","R","T","$","M","$","R","M","R","B",null,"M","?","?","M","?","R","M","R","T","M","$","R","$","AVR","R","B",null,"M","?","?","M","AVR","R","E"],"character_chosen":"THE_WILD_CARD","items_purchased":["theWildCard:Odin","BargainBundle","theWildCard:EnergizedStroke","theWildCard:ArcaneArts","theWildCard:PowerOfTheArcana","theWildCard:StingingStrike"],"campfire_rested":6,"item_purchase_floors":[4,28,28,28,28,30],"current_hp_per_floor":[60,60,54,54,54,36,36,54,54,54,39,39,57,60,60,18,60,40,45,4,4,4,23,2,21,21,36,36,55,55,55,55,18,65,50,50,50,36,36,55,0,0],"gold":138,"neow_bonus":"UPGRADE_CARD","is_daily":false,"chose_seed":false,"campfire_upgraded":2,"win_rate":0.0,"timestamp":1608787588,"path_taken":["M","?","M","$","M","E","?","R","T","$","M","?","R","M","R","BOSS","M","?","?","M","?","R","M","R","T","M","$","R","?","AVR","R","BOSS","M","?","?","M","AVR","R","E"],"items_purchased_type":["Card","Relic","Card","Card","Card","Card"],"build_version":"2020-12-22","purchased_purges":3,"victory":false,"max_hp_per_floor":[60,60,60,60,60,60,60,60,60,60,60,60,60,60,60,60,60,60,65,65,65,65,65,65,65,65,65,65,65,65,65,65,65,65,65,65,65,65,65,65,65,65],"card_choices":[{"not_picked":["theWildCard:Unburden","theWildCard:StalwartBlade"],"picked":"theWildCard:ArcaneArts","floor":1.0},{"not_picked":["theWildCard:Scathach","theWildCard:MaskChange"],"picked":"theWildCard:PaleRider","floor":3.0},{"not_picked":["theWildCard:Loki","theWildCard:Polydeuces"],"picked":"theWildCard:SeveringSlash","floor":5.0},{"not_picked":["theWildCard:MasterPlan","theWildCard:IdentityTheft"],"picked":"theWildCard:StingingStrike","floor":6.0},{"not_picked":["theWildCard:Proficiency","theWildCard:PaleRider"],"picked":"theWildCard:Sakuya","floor":11.0},{"not_picked":["theWildCard:StingingStrike","theWildCard:EnergizedStroke"],"picked":"theWildCard:Metatron","floor":14.0},{"not_picked":["theWildCard:ArcanaArtistry","theWildCard:ArcaneArts","theWildCard:TheGreatSeal"],"picked":"SKIP","floor":18},{"not_picked":["theWildCard:PaleRider","theWildCard:MaskChange"],"picked":"theWildCard:UnendingRitual+1","floor":20},{"not_picked":["theWildCard:Patience+1","theWildCard:Deicide"],"picked":"theWildCard:SacrificialStroke+1","floor":21},{"not_picked":["theWildCard:ArcaneArts","theWildCard:ArchaicAssault"],"picked":"theWildCard:MasterPlan+1","floor":24},{"not_picked":["theWildCard:SacrificialStroke","theWildCard:StingingStrike"],"picked":"theWildCard:Ruination","floor":27},{"not_picked":["theWildCard:StingingStrike+1","theWildCard:EnergizedStroke"],"picked":"theWildCard:ArchaicAssault","floor":35},{"not_picked":["theWildCard:Attunement","theWildCard:ArcaneArts+1"],"picked":"theWildCard:MagicMettle+1","floor":38}],"player_experience":154888,"relics_obtained":[{"floor":6.0,"key":"Iron Hammer"},{"floor":9.0,"key":"Juzu Bracelet"},{"floor":20,"key":"Ginger"},{"floor":26,"key":"Bag of Preparation"}],"event_choices":[{"damage_healed":0,"gold_gain":0,"player_choice":"Leave","damage_taken":0,"max_hp_gain":0,"max_hp_loss":0,"event_name":"conspire:Investor","floor":36,"gold_loss":0},{"damage_healed":0,"gold_gain":0,"player_choice":"Cursed","damage_taken":0,"max_hp_gain":0,"max_hp_loss":0,"event_name":"Wheel of Change","floor":37,"gold_loss":0,"cards_obtained":["Decay"]}],"is_beta":false,"boss_relics":[{"not_picked":["ReplayTheSpireMod:SealedPack","Replay:Fungal Core"],"picked":"Astrolabe"},{"not_picked":["Kintsugi","infinitespire:Cupcake"],"picked":"Black Star"}],"items_purged_floors":[10,28,31],"is_endless":false,"potions_floor_spawned":[3,11,16,20,24,33],"killed_by":"Nemesis","ascension_level":0}}