{"host":"qc1sjgtdjonvdsd8","time":1608818029,"event":{"mods":["BaseMod","Colored Map","Colored Powertips","Minty Spire (QoL Compilation)","Replay The Spire","StSLib","The Disciple"],"gold_per_floor":[110,124,124,142,142,142,154,214,239,256,266,266,283,296,296,400,400,410,410,80,92,104,104,121,21,48,60,60,60,80,80,80,184,184,197,72,72,86,102,102],"floor_reached":39,"playtime":3196,"items_purged":["Strike_G","Defend_G","Defend_G"],"score":429,"play_id":"5656bc39-22ea-4606-92b7-cce4bebd1be9","local_time":"20201224055349","is_ascension_mode":false,"campfire_choices":[{"data":"Backflip","floor":6,"key":"SMITH"},{"floor":15,"key":"REST"},{"data":"Night Terror","floor":23,"key":"SMITH"},{"floor":28,"key":"REST"},{"floor":32,"key":"REST"}],"circlet_count":0,"master_deck":["Strike_G","Strike_G","Defend_G","Survivor","Neutralize","Blade Dance","Slice","Backflip+1","Finisher","Backstab","Noxious Fumes","Slice","Night Terror+1","Deadly Poison+1","Cloak And Dagger","Escape Plan","Cloak And Dagger","Crippling Poison+1","Shame","Deadly Poison","Atom Bomb","Dash","Poison Darts","Backflip","Choke+1"],"relics":["Ring of the Snake","NeowsBlessing","Pondfish Scales","Pocketwatch","Honey Jar","Mummified Hand","Replay:Ringing Soul","Orichalcum","Snake Skull","WristBlade"],"acts_visited":["Exordium","TheCity","TheBeyond"],"potions_floor_usage":[8,8,16,16,22,33],"damage_taken":[{"damage":0,"enemies":"2 Louse","floor":1,"turns":2},{"damage":0,"enemies":"Jaw Worm","floor":2,"turns":1},{"damage":0,"enemies":"Cultist","floor":4,"turns":1},{"damage":0,"enemies":"2 Fungi Beasts","floor":7,"turns":4},{"damage":20,"enemies":"Lagavulin Event","floor":8,"turns":6},{"damage":0,"enemies":"Looter","floor":10,"turns":1},{"damage":0,"enemies":"Red Slaver","floor":11,"turns":2},{"damage":6,"enemies":"Exordium Thugs","floor":13,"turns":3},{"damage":0,"enemies":"Blue Slaver","floor":14,"turns":1},{"damage":2,"enemies":"Hexaghost","floor":16,"turns":10},{"damage":12,"enemies":"2 Thieves","floor":18,"turns":3},{"damage":1,"enemies":"Shell Parasite","floor":21,"turns":4},{"damage":4,"enemies":"3 Cultists","floor":22,"turns":5},{"damage":19,"enemies":"Centurion and Healer","floor":24,"turns":4},{"damage":16,"enemies":"Sentry and Sphere","floor":27,"turns":5},{"damage":4,"enemies":"3 Cultists","floor":30,"turns":5},{"damage":77,"enemies":"Collector","floor":33,"turns":10},{"damage":27,"enemies":"3 Darklings","floor":35,"turns":3},{"damage":0,"enemies":"Orb Walker","floor":38,"turns":2},{"damage":30,"enemies":"Maw","floor":39,"turns":7}],"seed_played":"4998058866088233209","potions_obtained":[{"floor":1,"key":"Poison Potion"},{"floor":4,"key":"Poison Potion"},{"floor":8,"key":"GhostInAJar"},{"floor":11,"key":"Block Potion"},{"floor":13,"key":"BlessingOfTheForge"},{"floor":22,"key":"Explosive Potion"},{"floor":27,"key":"Poison Potion"},{"floor":35,"key":"FearPotion"}],"is_trial":false,"path_per_floor":["M","M","?","M","T","R","M","?","T","M","M","?","M","M","R","B",null,"M","T","$","M","M","R","M","$","T","M","R","?","M","?","R","B",null,"M","$","?","M","M"],"character_chosen":"THE_SILENT","items_purchased":["Replay:Ringing Soul"],"campfire_rested":3,"item_purchase_floors":[20],"current_hp_per_floor":[70,70,63,63,63,63,63,43,43,43,43,43,37,37,58,56,70,58,58,58,60,59,59,43,43,43,30,54,57,56,59,86,12,94,70,70,70,73,43,43],"gold":102,"neow_bonus":"THREE_ENEMY_KILL","is_daily":false,"chose_seed":false,"campfire_upgraded":2,"win_rate":0.0,"timestamp":1608818029,"path_taken":["M","M","?","M","?","R","?","?","T","M","M","?","M","M","R","BOSS","M","?","$","M","M","R","M","?","T","?","R","?","M","?","R","BOSS","M","$","?","M","?"],"items_purchased_type":["Relic"],"build_version":"2020-12-22","purchased_purges":3,"victory":false,"max_hp_per_floor":[70,70,70,70,70,70,70,70,70,70,70,70,70,70,70,70,70,70,70,70,73,76,76,79,79,79,82,82,85,88,91,91,94,94,97,97,97,100,100,100],"card_choices":[{"not_picked":["Leg Sweep","Bane"],"picked":"Blade Dance","floor":1},{"not_picked":["Sucker Punch","Bane"],"picked":"Slice","floor":2},{"not_picked":["Backstab","Underhanded Strike"],"picked":"Backflip","floor":4},{"not_picked":["Quick Slash","All Out Attack"],"picked":"Finisher","floor":7},{"not_picked":["ReplayTheSpireMod:Exploit Weakness","Toxin Wave"],"picked":"Backstab","floor":8},{"not_picked":["Dodge and Roll","Flechettes"],"picked":"Noxious Fumes","floor":10},{"not_picked":["Outmaneuver","Corpse Explosion","Skewer"],"picked":"SKIP","floor":11},{"not_picked":["Underhanded Strike","Dagger Spray","Deflect"],"picked":"SKIP","floor":13},{"not_picked":["PiercingWail","Catalyst"],"picked":"Slice","floor":14},{"not_picked":["Phantasmal Killer","Doppelganger"],"picked":"Night Terror","floor":16},{"not_picked":["Deflect","Outmaneuver","Riddle With Holes+1"],"picked":"Deadly Poison+1","floor":18},{"not_picked":["Dodge and Roll+1","Poison Darts","Underhanded Strike"],"picked":"Cloak And Dagger","floor":21},{"not_picked":["Bane","All Out Attack","Quick Slash"],"picked":"Escape Plan","floor":22},{"not_picked":["Backflip","Quick Slash+1","Underhanded Strike+1"],"picked":"Cloak And Dagger","floor":24},{"not_picked":["Underhanded Strike+1","PiercingWail+1","Well Laid Plans"],"picked":"Crippling Poison+1","floor":27},{"not_picked":["Bane","Acrobatics","Doppelganger"],"picked":"Deadly Poison","floor":30},{"not_picked":["ReplayTheSpireMod:From All Sides","Die Die Die","Doppelganger"],"picked":"Poison Darts","floor":33},{"not_picked":["Dodge and Roll","ReplayTheSpireMod:Tripwire+1","Outmaneuver"],"picked":"Backflip","floor":35},{"not_picked":["Underhanded Strike+1","Slice","Dodge and Roll+1"],"picked":"Choke+1","floor":38}],"player_experience":155101,"relics_obtained":[{"floor":5,"key":"Pondfish Scales"},{"floor":8,"key":"Pocketwatch"},{"floor":19,"key":"Mummified Hand"},{"floor":26,"key":"Orichalcum"}],"event_choices":[{"cards_removed":["Defend_G"],"damage_healed":0,"gold_gain":0,"player_choice":"Card Removal","damage_taken":7,"max_hp_gain":0,"max_hp_loss":0,"event_name":"Golden Wing","floor":3,"gold_loss":0},{"damage_healed":0,"gold_gain":0,"player_choice":"Searched \u00271\u0027 times","damage_taken":0,"max_hp_gain":0,"max_hp_loss":0,"event_name":"Dead Adventurer","floor":8,"gold_loss":0},{"cards_removed":["Strike_G"],"damage_healed":0,"gold_gain":0,"player_choice":"Purged","damage_taken":0,"max_hp_gain":0,"max_hp_loss":0,"event_name":"Purifier","floor":12,"gold_loss":0},{"damage_healed":0,"gold_gain":0,"player_choice":"Stole Relic","damage_taken":0,"relics_obtained":["Snake Skull"],"max_hp_gain":0,"max_hp_loss":0,"event_name":"Addict","floor":29,"gold_loss":0,"cards_obtained":["Shame"]},{"damage_healed":0,"gold_gain":0,"cards_transformed":["Defend_G","Strike_G"],"player_choice":"Became Test Subject","damage_taken":0,"max_hp_gain":0,"max_hp_loss":0,"event_name":"Drug Dealer","floor":31,"gold_loss":0,"cards_obtained":["Atom Bomb","Dash"]},{"damage_healed":0,"gold_gain":0,"player_choice":"Ignored","damage_taken":0,"max_hp_gain":0,"max_hp_loss":0,"event_name":"SecretPortal","floor":37,"gold_loss":0}],"is_beta":false,"boss_relics":[{"not_picked":["Snecko Scales","Replay:Drink Me"],"picked":"Honey Jar"},{"not_picked":["Velvet Choker","SacredBark"],"picked":"WristBlade"}],"items_purged_floors":[20,25,36],"is_endless":false,"potions_floor_spawned":[1,4,8,11,13,22,27,35],"killed_by":"Maw","ascension_level":0}}