{"host":"7khtwbkyze7y134w","time":1608841341,"event":{"mods":["AchievementEnabler","BaseMod","Bestiary","Colored Map","Colored Powertips","Highlight Path","Minty Spire (QoL Compilation)","Quick Restart","Relic Stats","Slay-I","StSLib","SuperFastMode"],"gold_per_floor":[112,112,131,147,70,95,95,109,109,109,109],"floor_reached":10,"playtime":6773,"items_purged":[],"score":68,"play_id":"b49806b0-d65f-4c8f-8c35-ceac2ad1bd71","local_time":"20201224202221","is_ascension_mode":false,"campfire_choices":[],"circlet_count":0,"master_deck":["Strike_P","Strike_P","Strike_P","Defend_P","Defend_P","Defend_P","Eruption+1","Vigilance","ClearTheMind","MentalFortress","Halt","Indignation","EmptyBody"],"relics":["PureWater","Tiny Chest","InkBottle"],"acts_visited":["Exordium"],"potions_floor_usage":[10],"damage_taken":[{"damage":2,"enemies":"Small Slimes","floor":1,"turns":3},{"damage":7,"enemies":"Cultist","floor":3,"turns":3},{"damage":1,"enemies":"2 Louse","floor":4,"turns":3},{"damage":19,"enemies":"Gremlin Nob","floor":6,"turns":5},{"damage":10,"enemies":"2 Fungi Beasts","floor":8,"turns":5},{"damage":18,"enemies":"3 Sentries","floor":10,"turns":6}],"seed_played":"-9160481215123380327","potions_obtained":[{"floor":3,"key":"FearPotion"},{"floor":8,"key":"Strength Potion"}],"is_trial":false,"path_per_floor":["M","?","M","M","$","E","?","M","T","E"],"character_chosen":"WATCHER","items_purchased":["Indignation"],"campfire_rested":0,"item_purchase_floors":[5],"current_hp_per_floor":[70,63,56,55,55,36,36,26,26,8,8],"gold":109,"neow_bonus":"UPGRADE_CARD","is_daily":false,"chose_seed":false,"campfire_upgraded":0,"win_rate":0.0,"timestamp":1608841341,"path_taken":["M","?","M","M","$","E","?","?","T","E"],"items_purchased_type":["Card"],"build_version":"2020-12-22","purchased_purges":0,"victory":false,"max_hp_per_floor":[72,72,72,72,72,72,72,72,72,72,72],"relic_stats":{"counters":[6,25],"Tiny Chest":0,"obtain_stats":[{"Tiny Chest":6,"PureWater":0,"InkBottle":9},{"Tiny Chest":4,"PureWater":0,"InkBottle":5},{"Tiny Chest":14,"PureWater":0,"InkBottle":19}],"InkBottle":[1]},"card_choices":[{"not_picked":["CutThroughFate","ThirdEye"],"picked":"ClearTheMind","floor":1},{"not_picked":["ThirdEye","Crescendo"],"picked":"MentalFortress","floor":3},{"not_picked":["Sanctity","BowlingBash"],"picked":"Halt","floor":4},{"not_picked":["Vengeance","Sanctity","Study"],"picked":"SKIP","floor":6},{"not_picked":["Weave","SignatureMove"],"picked":"EmptyBody","floor":8}],"player_experience":45867,"relics_obtained":[{"floor":6,"key":"Tiny Chest"},{"floor":9,"key":"InkBottle"}],"event_choices":[{"cards_removed":["Defend_P"],"damage_healed":0,"gold_gain":0,"player_choice":"Card Removal","damage_taken":7,"max_hp_gain":0,"max_hp_loss":0,"event_name":"Golden Wing","floor":2,"gold_loss":0},{"cards_removed":["Strike_P"],"damage_healed":0,"gold_gain":0,"player_choice":"Purged","damage_taken":0,"max_hp_gain":0,"max_hp_loss":0,"event_name":"Purifier","floor":7,"gold_loss":0}],"is_beta":false,"boss_relics":[],"items_purged_floors":[],"is_endless":false,"potions_floor_spawned":[3,8],"killed_by":"3 Sentries","ascension_level":0}}