{"host":"mjau5a91be6b66g4","time":1608814938,"event":{"mods":["BaseMod","Minty Spire (QoL Compilation)","StSLib","The Animator","The Bug Knight","The Jungle"],"gold_per_floor":[113,288,141,141,151,151,166,195,195,195,195,210,127,145,145,145,145],"floor_reached":16,"playtime":584,"items_purged":["Doubt"],"score":100,"play_id":"6afbf96d-ae84-45a7-8b15-e52c1c66d73f","local_time":"20201224210218","is_ascension_mode":false,"campfire_choices":[{"data":"HollowMod:FocusHealStart","floor":6,"key":"SMITH"},{"floor":10,"key":"REST"},{"floor":15,"key":"REST"}],"circlet_count":0,"master_deck":["HollowMod:NailStrikeStart","HollowMod:NailStrikeStart","HollowMod:NailStrikeStart","HollowMod:NailStrikeStart","HollowMod:QuickDashStart","HollowMod:QuickDashStart","HollowMod:QuickDashStart","HollowMod:QuickDashStart","HollowMod:FocusHealStart+1","HollowMod:PogoStrike","Dark Shackles","HollowMod:HowlingWraiths","HollowMod:PureVessel","HollowMod:NewLittleFool","HollowMod:SharpenedNail","HollowMod:ChannelNail","HollowMod:CloakDash","Bandage Up","HollowMod:CrystalDash"],"relics":["HollowMod:VesselMask","Girya","Question Card","Bag of Marbles"],"acts_visited":["Exordium"],"potions_floor_usage":[16],"damage_taken":[{"damage":1,"enemies":"2 Louse","floor":1,"turns":2},{"damage":8,"enemies":"Jaw Worm","floor":5,"turns":4},{"damage":0,"enemies":"Cultist","floor":7,"turns":3},{"damage":39,"enemies":"3 Sentries","floor":8,"turns":6},{"damage":12,"enemies":"3 Louse","floor":12,"turns":3},{"damage":12,"enemies":"Exordium Wildlife","floor":14,"turns":4},{"damage":79,"enemies":"Slime Boss","floor":16,"turns":11}],"seed_played":"-4761943399738728086","potions_obtained":[{"floor":1,"key":"SmokeBomb"},{"floor":5,"key":"Weak Potion"}],"is_trial":false,"path_per_floor":["M","?","$","?","M","R","M","E","T","R","?","M","$","M","R","B"],"character_chosen":"THE_BUGKNIGHT","items_purchased":["HollowMod:PureVessel","Bandage Up"],"campfire_rested":2,"item_purchase_floors":[3,13],"current_hp_per_floor":[75,75,75,68,60,60,66,37,37,59,47,41,41,39,61,0,0],"gold":145,"neow_bonus":"RANDOM_COLORLESS","is_daily":false,"chose_seed":false,"campfire_upgraded":1,"win_rate":0.0,"timestamp":1608814938,"path_taken":["M","?","$","?","?","R","M","E","T","R","?","M","$","M","R","BOSS"],"items_purchased_type":["Card","Card"],"build_version":"2020-12-22","purchased_purges":1,"victory":false,"max_hp_per_floor":[75,75,75,75,75,75,75,75,75,75,75,75,75,75,75,75,75],"card_choices":[{"not_picked":["Purity","Trip"],"picked":"Dark Shackles","floor":0},{"not_picked":["HollowMod:DoubleDash","HollowMod:NewJinnsSoul"],"picked":"HollowMod:HowlingWraiths","floor":1},{"not_picked":["HollowMod:CoiledNail","HollowMod:VengefulSpirit"],"picked":"HollowMod:NewLittleFool","floor":5},{"not_picked":["HollowMod:BrokenVessel","HollowMod:InfectionAssault"],"picked":"HollowMod:SharpenedNail","floor":7},{"not_picked":["HollowMod:SiblingsSouls","HollowMod:ShadowDash"],"picked":"HollowMod:ChannelNail","floor":8},{"not_picked":["HollowMod:DesolateDive","HollowMod:ChannelNail","HollowMod:SoulSplash"],"picked":"HollowMod:CloakDash","floor":12},{"not_picked":["HollowMod:CornifersMapStart","HollowMod:SiblingsSouls","HollowMod:CloakDash"],"picked":"HollowMod:CrystalDash","floor":14}],"player_experience":219976,"relics_obtained":[{"floor":8,"key":"Girya"},{"floor":9,"key":"Question Card"}],"event_choices":[{"damage_healed":0,"gold_gain":175,"player_choice":"AGREE","damage_taken":0,"max_hp_gain":0,"max_hp_loss":0,"event_name":"Liars Game","floor":2,"gold_loss":0,"cards_obtained":["Doubt"]},{"damage_healed":0,"gold_gain":0,"player_choice":"Damaged","damage_taken":7,"max_hp_gain":0,"max_hp_loss":0,"event_name":"Wheel of Change","floor":4,"gold_loss":0},{"damage_healed":0,"gold_gain":0,"player_choice":"Success","damage_taken":12,"relics_obtained":["Bag of Marbles"],"max_hp_gain":0,"max_hp_loss":0,"event_name":"Scrap Ooze","floor":11,"gold_loss":0}],"is_beta":false,"boss_relics":[],"items_purged_floors":[3],"is_endless":false,"potions_floor_spawned":[1,5],"killed_by":"Slime Boss","ascension_level":0}}