{"host":"28bpuzdckreop5i0","time":1608797775,"event":{"mods":["Act Like it!","BaseMod","BetterRewards","Challenge The Spire","Conspire","Defuse TimeMaze Blight","Downfall","Energized Spire","Googly Eyes","Hubris","Infinite Spire","Lobotomy","Mimic Mod","Minty Spire (QoL Compilation)","Relic Stats","Spicy Shops","StSLib","The Awakened One except there are too many feathers","The Cursed","The Hierophant","The IronCluck","The Jungle","Thieving Mod","Transform Curses","Wandering Minibosses","slay the spire mod where everything is the same but ironclad has a cowboy hat"],"gold_per_floor":[117,117,132,232,246,263,263,278,311,53,73,73,92,46,46,141,191,208,181,181,199,209,209,227,227,227],"floor_reached":25,"playtime":1491,"items_purged":[],"score":197,"play_id":"dc8760a9-db51-464a-b6d7-e7b38c0938ab","local_time":"20201224021615","is_ascension_mode":false,"campfire_choices":[{"data":"Fiend Fire","floor":12,"key":"SMITH"},{"data":"Clash","floor":15,"key":"SMITH"},{"floor":23,"key":"REST"}],"circlet_count":0,"master_deck":["Strike_R","Strike_R","Strike_R","Strike_R","Defend_R+1","Defend_R","Defend_R","Intimidate","Fiend Fire+1","True Grit","Thunderclap","Power Through","Feel No Pain","conspire:Charge","Clash+1","Second Wind","Twin Strike","Exhume","Twin Strike","hubris:ReadiedAction","Warcry","Sever Soul","Carnage+1","Second Wind"],"relics":["Burning Blood","Pantograph","Potion Belt","conspire:DeflatedDodgeball","Tiny House"],"acts_visited":["Exordium","Exordium"],"potions_floor_usage":[16,25],"damage_taken":[{"damage":0,"enemies":"Cultist","floor":1,"turns":3},{"damage":0,"enemies":"Small Slimes","floor":3,"turns":3},{"damage":6,"enemies":"Jaw Worm","floor":5,"turns":4},{"damage":9,"enemies":"Exordium Wildlife","floor":6,"turns":4},{"damage":15,"enemies":"conspire:2 RoseBushes","floor":8,"turns":6},{"damage":5,"enemies":"Blue Slaver","floor":9,"turns":8},{"damage":9,"enemies":"Blue Slaver","floor":11,"turns":5},{"damage":10,"enemies":"Lots of Slimes","floor":13,"turns":5},{"damage":16,"enemies":"Slime Boss","floor":16,"turns":12},{"damage":15,"enemies":"theJungle:MUSHROOMGANG","floor":18,"turns":4},{"damage":22,"enemies":"theJungle:GiantWrat","floor":21,"turns":7},{"damage":31,"enemies":"theJungle:2_Snecko_Cultists","floor":22,"turns":5},{"damage":16,"enemies":"Snake Plant","floor":24,"turns":4},{"damage":47,"enemies":"theJungle:Cassacara","floor":25,"turns":8}],"seed_played":"193648305210522824","potions_obtained":[{"floor":5,"key":"champ:CounterPotion"},{"floor":13,"key":"sneckomod:MuddlingPotion"},{"floor":16,"key":"AttackPotion"},{"floor":17,"key":"ColorlessPotion"},{"floor":20,"key":"Strength Potion"},{"floor":20,"key":"EssenceOfSteel"}],"is_trial":false,"path_per_floor":["M","?","M","?","M","M","T","M","MIM","$","M","R","M","$","R","B",null,"M","$","?","M","M","R","M","E"],"character_chosen":"IRONCLAD","items_purchased":["conspire:DeflatedDodgeball","Twin Strike","Warcry"],"campfire_rested":1,"item_purchase_floors":[10,14,19],"current_hp_per_floor":[72,72,72,72,72,69,69,60,61,61,58,58,54,54,54,62,77,68,68,68,52,27,50,40,0,0],"gold":227,"neow_bonus":"TRANSFORM_TWO_CARDS","is_daily":false,"chose_seed":false,"campfire_upgraded":2,"win_rate":0.0,"timestamp":1608797775,"path_taken":["M","?","?","?","?","M","?","M","MIM","$","M","R","M","?","R","BOSS","M","$","?","?","M","R","M","E"],"items_purchased_type":["Relic","Card","Card"],"build_version":"2020-12-22","purchased_purges":0,"victory":false,"max_hp_per_floor":[72,72,72,72,72,72,72,72,72,72,72,72,72,72,72,72,77,77,77,77,77,77,77,77,77,77],"relic_stats":{"counters":[14,78],"Pantograph":18,"obtain_stats":[{"Potion Belt":9,"Tiny House":17,"Pantograph":7,"conspire:DeflatedDodgeball":10,"Burning Blood":0},{"Potion Belt":6,"Tiny House":9,"Pantograph":4,"conspire:DeflatedDodgeball":6,"Burning Blood":0},{"Potion Belt":28,"Tiny House":50,"Pantograph":14,"conspire:DeflatedDodgeball":28,"Burning Blood":0}],"Burning Blood":66},"card_choices":[{"not_picked":["Wild Strike","Shockwave"],"picked":"True Grit","floor":1},{"not_picked":["Evolve","Headbutt"],"picked":"Thunderclap","floor":3},{"not_picked":["Armaments","Infernal Blade"],"picked":"Power Through","floor":5},{"not_picked":["True Grit","Clash"],"picked":"Feel No Pain","floor":6},{"not_picked":["Offering","Fire Breathing"],"picked":"conspire:Charge","floor":8},{"not_picked":["Heavy Blade","Rampage"],"picked":"Clash","floor":11},{"not_picked":["Cleave","True Grit"],"picked":"Second Wind","floor":13},{"not_picked":["hubris:StunningStrike","Brutality"],"picked":"Exhume","floor":16},{"not_picked":["Flex","Infernal Blade"],"picked":"Twin Strike","floor":17},{"not_picked":["Thunderclap","Infernal Blade"],"picked":"hubris:ReadiedAction","floor":18},{"not_picked":["Clash+1","Pommel Strike"],"picked":"Sever Soul","floor":21},{"not_picked":["hubris:SharpeningStone","Armaments"],"picked":"Carnage+1","floor":22},{"not_picked":["hubris:ReadiedAction","Combust"],"picked":"Second Wind","floor":24}],"player_experience":887338,"relics_obtained":[{"floor":7,"key":"Pantograph"},{"floor":9,"key":"Potion Belt"}],"event_choices":[{"cards_removed":["Defend_R"],"damage_healed":0,"gold_gain":0,"player_choice":"Purged","damage_taken":0,"max_hp_gain":0,"max_hp_loss":0,"event_name":"Purifier","floor":2,"gold_loss":0},{"damage_healed":0,"gold_gain":100,"player_choice":"Pray","damage_taken":0,"max_hp_gain":0,"max_hp_loss":0,"event_name":"Golden Shrine","floor":4,"gold_loss":0},{"damage_healed":0,"gold_gain":0,"player_choice":"Got Potions","damage_taken":0,"max_hp_gain":0,"max_hp_loss":0,"event_name":"Lab","floor":20,"gold_loss":0}],"is_beta":false,"boss_relics":[{"not_picked":["Black Blood","Cursed Key"],"picked":"Tiny House"}],"items_purged_floors":[],"is_endless":false,"potions_floor_spawned":[5,13,16,21,24],"killed_by":"theJungle:Cassacara","ascension_level":0}}