{"host":"4k3z1vmw52e7hl04","time":1608801571,"event":{"mods":["AchievementEnabler","Aspiration","BaseMod","Best Route Mod","Better Altar","Better Match","Better Note","Better Third Choice","Block Reminder","Colored Powertips","GifTheSpireLib","Hermit","HexUI Lib","Highlight Path","Hubris","Infinite Spire","Minty Spire (QoL Compilation)","Rare Cards Sparkle","Replay The Spire","Shop Mod","Spicy Shops","StSLib","Stuff the Spire","SuperFastMode","Synergy Search","The Animator","The Bug Knight","The Runesmith","everything is the same but u backflip on backflip"],"gold_per_floor":[116,116,116,116,129,129,161,9,9,9,9,43,43,43,43,144,144,158,177,87,8,28,28,28,28,97,114,114,114,114,147,147,147,147],"floor_reached":33,"playtime":1674,"items_purged":[],"score":292,"play_id":"18250610-b54c-436d-bfee-874f4809d937","local_time":"20201224011931","is_ascension_mode":false,"campfire_choices":[{"data":"Alpha","floor":6,"key":"SMITH"},{"floor":13,"key":"REST"},{"floor":15,"key":"REST"},{"floor":23,"key":"REST"},{"floor":30,"key":"REST"},{"floor":32,"key":"REST"}],"circlet_count":0,"master_deck":["Strike_P","Strike_P","Strike_P","Strike_P","Defend_P","Defend_P","Defend_P","Eruption","Vigilance","animator:Defend_AccelWorld+1","Alpha+1","Replay:Anticipation","EmptyMind","Vengeance","Establishment","Crescendo","JustLucky","WindmillStrike","Replay:LoomingThreat","FlyingSleeves","LikeWater","Protect","Prostrate","Meditate","Pray","Devotion"],"relics":["PureWater","aspiration:ChemicalBlood","Dream Catcher","Juzu Bracelet","Smiling Mask","infinitespire:Bottled Soul","StuffTheSpire:DarkSteelAnvil","Replay:Bronze Core","Nloth\u0027s Gift","ReplayTheSpireMod:Shallot","Potion Belt","Art of War"],"acts_visited":["Exordium","TheCity"],"potions_floor_usage":[18,18,18,33,33,33],"damage_taken":[{"damage":6,"enemies":"Jaw Worm","floor":1,"turns":5},{"damage":0,"enemies":"Small Slimes","floor":5,"turns":3},{"damage":18,"enemies":"Replay:BlueRogue","floor":7,"turns":5},{"damage":7,"enemies":"HollowMod:MossKnight","floor":12,"turns":4},{"damage":17,"enemies":"Fading Forest","floor":16,"turns":11},{"damage":17,"enemies":"2 Thieves","floor":18,"turns":3},{"damage":14,"enemies":"Spheric Guardian","floor":19,"turns":4},{"damage":20,"enemies":"Centurion and Healer","floor":22,"turns":4},{"damage":21,"enemies":"Snake Plant","floor":27,"turns":6},{"damage":13,"enemies":"Book of Stabbing","floor":31,"turns":5},{"damage":34,"enemies":"Collector","floor":33,"turns":5}],"seed_played":"-8129895566954652182","potions_obtained":[{"floor":5,"key":"SneckoOil"},{"floor":16,"key":"ColorlessPotion"},{"floor":18,"key":"Weak Potion"},{"floor":18,"key":"Elixir"},{"floor":27,"key":"AttackPotion"},{"floor":31,"key":"AttackPotion"}],"is_trial":false,"path_per_floor":["M","?","?","?","M","R","E","$","T","?","$","E","R","T","R","B",null,"M","M","?","$","M","R","?","$","T","M","?","AVR","R","E","R","B"],"character_chosen":"WATCHER","items_purchased":["Juzu Bracelet","LikeWater"],"campfire_rested":5,"item_purchase_floors":[8,21],"current_hp_per_floor":[66,58,58,58,58,58,40,40,40,40,40,33,54,54,72,72,72,55,41,41,41,21,42,42,42,42,21,15,15,36,23,44,10,10],"gold":147,"neow_bonus":"THREE_RARE_CARDS","is_daily":false,"chose_seed":false,"campfire_upgraded":1,"win_rate":0.0,"timestamp":1608801571,"path_taken":["M","?","?","?","?","R","E","$","T","?","$","E","R","?","R","BOSS","M","M","?","?","M","R","?","?","T","M","?","AVR","R","E","R","BOSS"],"items_purchased_type":["Relic","Card"],"build_version":"2020-12-22","purchased_purges":0,"victory":false,"max_hp_per_floor":[72,72,72,72,72,72,72,72,72,72,72,72,72,72,72,72,72,72,72,72,72,72,72,72,72,72,72,72,72,72,72,72,72,72],"card_choices":[{"not_picked":["Blasphemy","Ragnarok"],"picked":"Alpha","floor":0},{"not_picked":["ClearTheMind","FollowUp"],"picked":"Replay:Anticipation","floor":1},{"not_picked":["Replay:AtTheReady","CrushJoints"],"picked":"Vengeance","floor":5},{"not_picked":["CrushJoints","WreathOfFlame"],"picked":"Establishment","floor":7},{"not_picked":["WaveOfTheHand","ThirdEye"],"picked":"Crescendo","floor":12},{"not_picked":["CrushJoints","FollowUp"],"picked":"JustLucky","floor":13},{"not_picked":["ForeignInfluence","Halt"],"picked":"WindmillStrike","floor":15},{"not_picked":["Omniscience","Scrawl"],"picked":"Replay:LoomingThreat","floor":16},{"not_picked":["EmptyMind","Vengeance"],"picked":"FlyingSleeves","floor":18},{"not_picked":["Halt","Nirvana","FollowUp"],"picked":"SKIP","floor":19},{"not_picked":["Study+1","Replay:ManipulateFuture"],"picked":"Protect","floor":22},{"not_picked":["EmptyMind","Vengeance+1"],"picked":"Prostrate","floor":23},{"not_picked":["EmptyBody+1","Collect+1"],"picked":"Meditate","floor":27},{"not_picked":["Crescendo+1","Replay:Hum"],"picked":"Pray","floor":30},{"not_picked":["DeusExMachina","ReachHeaven"],"picked":"Devotion","floor":31}],"player_experience":270593,"relics_obtained":[{"floor":7,"key":"Dream Catcher"},{"floor":9,"key":"Smiling Mask"},{"floor":10,"key":"infinitespire:Bottled Soul"},{"floor":12,"key":"StuffTheSpire:DarkSteelAnvil"},{"floor":14,"key":"aspiration:FrozenJewel"},{"floor":26,"key":"ReplayTheSpireMod:Shallot"},{"floor":31,"key":"Art of War"}],"event_choices":[{"damage_healed":0,"gold_gain":0,"player_choice":"Relic ","damage_taken":8,"max_hp_gain":0,"max_hp_loss":0,"event_name":"betterThird:BetterScrap","floor":2,"gold_loss":0,"cards_obtained":["Tempest"]},{"damage_healed":0,"gold_gain":0,"player_choice":"Leave","damage_taken":0,"max_hp_gain":0,"max_hp_loss":0,"event_name":"The Cleric","floor":3,"gold_loss":0},{"damage_healed":0,"gold_gain":0,"cards_transformed":["Defend_P"],"player_choice":"Transformed","damage_taken":0,"max_hp_gain":0,"max_hp_loss":0,"event_name":"Transmorgrifier","floor":4,"gold_loss":0,"cards_obtained":["EmptyMind"]},{"cards_removed":["animator:Strike"],"damage_healed":0,"gold_gain":0,"player_choice":"Upgrade and Remove","damage_taken":0,"max_hp_gain":0,"max_hp_loss":0,"event_name":"Designer","floor":20,"gold_loss":90,"cards_upgraded":["animator:Defend_AccelWorld"]},{"damage_healed":0,"gold_gain":0,"player_choice":"Traded Relic","damage_taken":0,"relics_obtained":["Nloth\u0027s Gift"],"max_hp_gain":0,"max_hp_loss":0,"event_name":"N\u0027loth","floor":24,"relics_lost":["aspiration:FrozenJewel"],"gold_loss":0},{"damage_healed":0,"gold_gain":0,"player_choice":"","damage_taken":6,"max_hp_gain":0,"max_hp_loss":0,"event_name":"Knowing Skull","floor":28,"potions_obtained":[],"gold_loss":0,"cards_obtained":[]}],"is_beta":false,"boss_relics":[{"not_picked":["aspiration:RunicSpoon","HolyWater"],"picked":"Replay:Bronze Core"}],"items_purged_floors":[],"is_endless":false,"potions_floor_spawned":[5,16,18,27,31],"killed_by":"Collector","ascension_level":0}}