{"host":"k0kjm4m87pwj4phr","time":1608808448,"event":{"mods":["ATMod(°¢èªMod)","BaseMod","Colored Map","Colored Powertips","Minty Spire (QoL Compilation)","Permanent Neow","Quick Restart","Relic Stats","Replay The Spire","StSLib","The Dragon Tamer"],"gold_per_floor":[118,129,54,73,73,73,85,85,85,85,99,115,115,115,115],"floor_reached":14,"playtime":484,"items_purged":["Strike_R"],"score":164,"play_id":"b0da5350-b05d-4ed8-b1d7-2318059cd777","local_time":"20201224191408","is_ascension_mode":true,"campfire_choices":[{"data":"AT_FamilyPortrait","floor":6,"key":"SMITH"},{"data":"Power Through","floor":6,"key":"SMITH"},{"data":"Heavy Blade","floor":8,"key":"SMITH"},{"data":"Inflame","floor":8,"key":"SMITH"},{"data":"Bash","floor":10,"key":"SMITH"},{"data":"Defend_R","floor":10,"key":"SMITH"}],"circlet_count":0,"master_deck":["AscendersBane","Strike_R","Strike_R","Strike_R","Strike_R","Defend_R","Defend_R","Defend_R+1","Bash+1","CurseOfTheBell","AT_FamilyPortrait+1","Power Through+1","Inflame+1","Heavy Blade+1","Spot Weakness","Body Slam"],"relics":["AT_ATBox","Calling Bell","Replay:Arrowhead","Gremlin Horn","PreservedInsect"],"acts_visited":["Exordium"],"potions_floor_usage":[14],"damage_taken":[{"damage":11,"enemies":"Cultist","floor":1,"turns":4},{"damage":7,"enemies":"Jaw Worm","floor":2,"turns":2},{"damage":1,"enemies":"2 Louse","floor":4,"turns":3},{"damage":17,"enemies":"Large Slime","floor":7,"turns":6},{"damage":13,"enemies":"Blue Slaver","floor":11,"turns":3},{"damage":8,"enemies":"Looter","floor":12,"turns":3},{"damage":15,"enemies":"Lagavulin","floor":14,"turns":3}],"seed_played":"-5021985855756991298","potions_obtained":[{"floor":1,"key":"Ancient Potion"},{"floor":2,"key":"HeartOfIron"}],"is_trial":false,"path_per_floor":["M","M","$","M","?","R","M","R","T","R","M","M","?","E"],"character_chosen":"IRONCLAD","items_purchased":[],"campfire_rested":0,"item_purchase_floors":[],"current_hp_per_floor":[57,50,50,49,49,49,32,32,32,32,19,11,11,0,0],"gold":115,"neow_bonus":"BOSS_RELIC","is_daily":false,"chose_seed":false,"campfire_upgraded":6,"win_rate":0.0,"timestamp":1608808448,"path_taken":["M","?","$","M","?","R","M","R","T","R","M","M","?","E"],"items_purchased_type":[],"build_version":"2020-12-22","purchased_purges":1,"victory":false,"max_hp_per_floor":[75,75,75,75,75,75,75,75,75,75,75,75,75,75,75],"relic_stats":{"Gremlin Horn":[2,2],"counters":[7,24],"PreservedInsect":28,"obtain_stats":[{"Calling Bell":0,"AT_ATBox":0,"Gremlin Horn":0,"PreservedInsect":0,"Burning Blood":0,"Replay:Arrowhead":0},{"Calling Bell":0,"AT_ATBox":0,"Gremlin Horn":0,"PreservedInsect":0,"Burning Blood":0,"Replay:Arrowhead":0},{"Calling Bell":0,"AT_ATBox":0,"Gremlin Horn":0,"PreservedInsect":0,"Burning Blood":0,"Replay:Arrowhead":0}]},"card_choices":[{"not_picked":["Clothesline","Clash"],"picked":"Power Through","floor":1},{"not_picked":["Blood for Blood","Ghostly Armor"],"picked":"Inflame","floor":2},{"not_picked":["Bludgeon","Rage","Clash"],"picked":"SKIP","floor":4},{"not_picked":["AT_DiedThrough","Perfected Strike"],"picked":"Heavy Blade","floor":7},{"not_picked":["AT_ManFootWork","Armaments"],"picked":"Spot Weakness","floor":11},{"not_picked":["Evolve","Sever Soul"],"picked":"Body Slam","floor":12}],"player_experience":428226,"relics_obtained":[{"floor":0,"key":"Replay:Arrowhead"},{"floor":0,"key":"Gremlin Horn"},{"floor":0,"key":"PreservedInsect"}],"event_choices":[{"damage_healed":0,"gold_gain":0,"player_choice":"Ignored","damage_taken":0,"max_hp_gain":0,"max_hp_loss":0,"event_name":"Liars Game","floor":13,"gold_loss":0}],"is_beta":false,"boss_relics":[],"items_purged_floors":[3],"is_endless":false,"potions_floor_spawned":[1,2,7],"killed_by":"Lagavulin","ascension_level":20}}