{"host":"soyfmymeou4emntr","time":1608839751,"event":{"mods":["BaseMod","Minty Spire (QoL Compilation)","Relic Sorter","Relic Stats","StSLib"],"gold_per_floor":[116,133,153,153,153,178,194,220,220,220,239,256,289,303,303,377,377,390,401,401,401],"floor_reached":20,"playtime":1656,"items_purged":[],"score":376,"play_id":"4b47046f-d8c0-48ee-bf8a-bee29ba47d17","local_time":"20201224125551","is_ascension_mode":true,"campfire_choices":[{"floor":10.0,"key":"REST"},{"data":"Demon Form","floor":15.0,"key":"SMITH"}],"circlet_count":0,"master_deck":["AscendersBane","Strike_R","Strike_R","Strike_R","Strike_R","Strike_R","Defend_R","Defend_R+1","Defend_R","Defend_R","Bash","Uppercut","Reckless Charge+1","Whirlwind","Hemokinesis","Carnage","Shockwave","Demon Form+1","Immolate","Entrench+1"],"relics":["Black Blood","Bronze Scales","Anchor","Orichalcum","Omamori","Kunai","Turnip"],"acts_visited":["Exordium","TheCity"],"potions_floor_usage":[20],"damage_taken":[{"damage":7.0,"enemies":"Cultist","floor":1.0,"turns":4.0},{"damage":1.0,"enemies":"Small Slimes","floor":2.0,"turns":3.0},{"damage":1.0,"enemies":"2 Louse","floor":3.0,"turns":2.0},{"damage":16.0,"enemies":"Gremlin Nob","floor":6.0,"turns":4.0},{"damage":9.0,"enemies":"Blue Slaver","floor":7.0,"turns":3.0},{"damage":0.0,"enemies":"Exordium Wildlife","floor":11.0,"turns":2.0},{"damage":6.0,"enemies":"Large Slime","floor":12.0,"turns":6.0},{"damage":12.0,"enemies":"Lagavulin","floor":13.0,"turns":5.0},{"damage":4.0,"enemies":"Blue Slaver","floor":14.0,"turns":3.0},{"damage":22.0,"enemies":"The Guardian","floor":16.0,"turns":7.0},{"damage":23.0,"enemies":"Spheric Guardian","floor":18.0,"turns":3.0},{"damage":21.0,"enemies":"3 Byrds","floor":19.0,"turns":4.0},{"damage":52,"enemies":"Cultist and Chosen","floor":20,"turns":5}],"seed_played":"2291462578178206451","potions_obtained":[{"floor":1.0,"key":"SpeedPotion"},{"floor":3.0,"key":"SneckoOil"},{"floor":7.0,"key":"ElixirPotion"},{"floor":11.0,"key":"Explosive Potion"},{"floor":12.0,"key":"DuplicationPotion"},{"floor":19.0,"key":"FearPotion"}],"is_trial":false,"path_per_floor":["M","M","M","?","?","E","M","T","T","R","M","M","E","M","R","B",null,"M","M","M"],"character_chosen":"IRONCLAD","items_purchased":[],"campfire_rested":1,"item_purchase_floors":[],"current_hp_per_floor":[67,72,75,57,34,24,21,21,21,43,49,49,43,45,45,29,64,53,44,0,0],"gold":401,"neow_bonus":"RANDOM_COMMON_RELIC","is_daily":false,"chose_seed":false,"campfire_upgraded":1,"win_rate":0.0,"timestamp":1608839751,"path_taken":["M","M","?","?","?","E","M","?","T","R","?","M","E","M","R","BOSS","M","M","M"],"items_purchased_type":[],"build_version":"2020-12-22","purchased_purges":0,"victory":false,"max_hp_per_floor":[75,75,75,75,75,75,75,75,75,75,75,75,75,75,75,75,75,75,75,75,75],"relic_stats":{"counters":[13,51],"Bronze Scales":[121],"Black Blood":82,"Turnip":[5],"Kunai":[10],"Orichalcum":[84],"obtain_stats":[{"Anchor":4,"Bronze Scales":0,"Black Blood":17,"Turnip":13,"Omamori":8,"Kunai":9,"Orichalcum":6,"Burning Blood":0},{"Anchor":3,"Bronze Scales":0,"Black Blood":10,"Turnip":8,"Omamori":5,"Kunai":5,"Orichalcum":4,"Burning Blood":0},{"Anchor":9,"Bronze Scales":0,"Black Blood":39,"Turnip":29,"Omamori":16,"Kunai":16,"Orichalcum":13,"Burning Blood":0}]},"card_choices":[{"not_picked":["Inflame","Whirlwind"],"picked":"Uppercut","floor":1.0},{"not_picked":["Clash","Armaments"],"picked":"Reckless Charge","floor":2.0},{"not_picked":["Second Wind","Havoc"],"picked":"Whirlwind","floor":3.0},{"not_picked":["Heavy Blade","Evolve"],"picked":"Hemokinesis","floor":6.0},{"not_picked":["Body Slam","Seeing Red","Perfected Strike"],"picked":"SKIP","floor":7.0},{"not_picked":["Body Slam","Flex","Infernal Blade"],"picked":"SKIP","floor":11.0},{"not_picked":["Flex","Havoc"],"picked":"Carnage","floor":12.0},{"not_picked":["Burning Pact","Armaments"],"picked":"Shockwave","floor":13.0},{"not_picked":["Carnage","Whirlwind"],"picked":"Demon Form","floor":14.0},{"not_picked":["Juggernaut","Fiend Fire"],"picked":"Immolate","floor":16.0},{"not_picked":["Anger","Pommel Strike","Wild Strike"],"picked":"SKIP","floor":18.0},{"not_picked":["Sword Boomerang","Spot Weakness"],"picked":"Entrench+1","floor":19.0}],"player_experience":2621755,"relics_obtained":[{"floor":6.0,"key":"Orichalcum"},{"floor":8.0,"key":"Omamori"},{"floor":9.0,"key":"Kunai"},{"floor":13.0,"key":"Turnip"}],"event_choices":[{"damage_healed":0.0,"max_hp_gain":0.0,"max_hp_loss":0.0,"gold_gain":0.0,"event_name":"Scrap Ooze","player_choice":"Success","floor":4.0,"gold_loss":0.0,"damage_taken":18.0,"relics_obtained":["Anchor"]},{"damage_healed":0.0,"max_hp_gain":0.0,"max_hp_loss":0.0,"gold_gain":0.0,"event_name":"Shining Light","player_choice":"Entered Light","floor":5.0,"gold_loss":0.0,"damage_taken":23.0,"cards_upgraded":["Defend_R","Reckless Charge"]}],"is_beta":false,"boss_relics":[{"not_picked":["Pandora\u0027s Box","Runic Dome"],"picked":"Black Blood"}],"items_purged_floors":[],"is_endless":false,"potions_floor_spawned":[1,3,7,11,12,19],"killed_by":"Cultist and Chosen","ascension_level":20}}