{"host":"fhq3k2nq5elnbks3","time":1608845991,"event":{"mods":["2.2 Compatiblity","AchievementEnabler","Act Like it!","AlwaysNeverKeys","Aspiration","Astrologer","Bard","BaseMod","Better Altar","Better Vampires","Better-Laid Plans","Block Reminder","CCEM","CapriCore","Card Filter","Colored Powertips","Conspire","Displayed Cursed Tome","Downfall","Ekko","Energized Spire","Fireblade Mod","Friendly Minions","FutureSeer","GifTheSpireLib","Gremlin Mod","Gremlin Skip","Hermit","HololiveMod","Hunter ??","Infinite Spire","Ironclad Rager","Jorbs\u0027s Wanderer Trilogy","Koishi","Mad Scientist","Magitek Elite","Marisa????????","Mathemortician","Minty Spire (QoL Compilation)","Onozuka Komachi Mod","Pale of the Ancients","Permanent Neow","Prisma Mod","Quick Restart","Reimu??????","Relic Filter","Replay The Spire","Robot Space Explorer","Shop Mod","Somnambulant","Spikes Relics","StSLib","Stuff the Spire","SuperFastMode","The Blackbeard","The Cursed","The Death Knight","The Druid","The Exordian Avenger","The Gatherer","The Hierophant","The Marked","The Necromancer","The Runesmith","The Servant 0.9.4","The Trickster","The Valiant","The Wild Card","TheBandit","Trackpad","Transform Curses","Uncapped","Unknown Chances","Wandering Minibosses","thorton","vexMod"],"gold_per_floor":[99,117,136,121,134,59,129,155,155,5,33,33,33,18,34,133,133,133,73,73,73],"floor_reached":19,"playtime":1181,"items_purged":[],"score":198,"play_id":"d0cd1bfd-c83c-4514-bb01-dc7251f6b983","local_time":"20201224153951","is_ascension_mode":false,"campfire_choices":[{"data":"Slimebound:Split","floor":1,"key":"SMITH"},{"data":"Slimebound:CorrosiveSpit","floor":6,"key":"SMITH"},{"data":"Slimebound:LevelUp","floor":10,"key":"SMITH"},{"floor":12,"key":"REST"},{"data":"Slimebound:Defend_Slimebound","floor":18,"key":"SMITH"}],"circlet_count":0,"master_deck":["Slimebound:Strike_Slimebound","Slimebound:Strike_Slimebound","Slimebound:Strike_Slimebound","Slimebound:Tackle","Slimebound:Defend_Slimebound","Slimebound:Defend_Slimebound","Slimebound:Defend_Slimebound","Slimebound:Defend_Slimebound+1","Slimebound:Split+1","Slimebound:CorrosiveSpit+1","Slimebound:LevelUp+1","Slimebound:Gluttony","Slimebound:LeechEnergy","Slimebound:MinionMaster"],"relics":["Slimebound:AbsorbEndCombat","Angel_Ring","downfall:HeartBlessingRed","CCEMRelics:OverlyComfyChair","Art of War","downfall:HeartBlessingGreen","downfall:HeartBlessingBlue","Blood Vial","energizedSpire:NeverEndingSparkler"],"acts_visited":["Exordium","TheCity"],"potions_floor_usage":[],"damage_taken":[{"damage":8,"enemies":"conspire:RoseBush","floor":2,"turns":3},{"damage":30,"enemies":"infinitespire:Voidling","floor":3,"turns":5},{"damage":8,"enemies":"downfall:FleeingMerchant","floor":4,"turns":4},{"damage":8,"enemies":"Small Slimes","floor":5,"turns":4},{"damage":45,"enemies":"3 Sentries","floor":8,"turns":5},{"damage":8,"enemies":"Gremlin Nob","floor":11,"turns":3},{"damage":13,"enemies":"downfall:FleeingMerchant","floor":14,"turns":4},{"damage":7,"enemies":"Red Slaver","floor":15,"turns":3},{"damage":53,"enemies":"downfall:Watcher","floor":16,"turns":7},{"damage":76,"enemies":"Spheric Guardian","floor":19,"turns":7}],"seed_played":"5157312736328409200","potions_obtained":[{"floor":3,"key":"DistilledChaos"},{"floor":8,"key":"Toxic Potion"},{"floor":11,"key":"LiquidBronze"}],"is_trial":false,"path_per_floor":["R","M","M","$","M","R","T","E","?","R","E","R","?","$","M","B",null,"R","M"],"character_chosen":"SLIMEBOUND","items_purchased":[],"campfire_rested":1,"item_purchase_floors":[],"current_hp_per_floor":[60,60,50,60,60,60,60,35,35,45,57,70,70,70,70,65,70,70,0,0,0],"gold":73,"neow_bonus":"RANDOM_COMMON_RELIC","is_daily":false,"chose_seed":false,"campfire_upgraded":4,"win_rate":0.0,"timestamp":1608845991,"path_taken":["R","M","M","$","M","R","T","E","?","R","E","R","?","$","M","BOSS","R","M"],"items_purchased_type":[],"build_version":"2020-12-22","purchased_purges":0,"victory":false,"max_hp_per_floor":[60,60,60,60,60,60,60,60,60,70,70,70,70,70,70,70,70,70,70,70,70],"card_choices":[{"not_picked":["Slimebound:Equalize","Slimebound:SplitBruiser"],"picked":"Slimebound:LevelUp","floor":2},{"not_picked":["Slimebound:SplitAcid","Slimebound:PressTheAttack","Slimebound:Prepare"],"picked":"SKIP","floor":3},{"not_picked":["Slimebound:ViciousTackle","Slimebound:LeechingTouch"],"picked":"Slimebound:Gluttony","floor":4},{"not_picked":["Slimebound:ComboTackle","Slimebound:ForwardTackle"],"picked":"Slimebound:LeechEnergy","floor":5},{"not_picked":["Slimebound:FinishingTackle","Slimebound:ViciousTackle","Slimebound:MassFeed"],"picked":"SKIP","floor":8},{"not_picked":["Slimebound:Nibble","Slimebound:GrowthPunch","Slimebound:FinishingTackle"],"picked":"SKIP","floor":11},{"not_picked":["Slimebound:SplitLeeching","Slimebound:RollThrough","Slimebound:ProtectTheBoss"],"picked":"SKIP","floor":14},{"not_picked":["Slimebound:ViciousTackle","Slimebound:Schlurp","Slimebound:ComboTackle"],"picked":"SKIP","floor":15}],"player_experience":470610,"relics_obtained":[{"floor":7,"key":"CCEMRelics:OverlyComfyChair"},{"floor":8,"key":"Art of War"},{"floor":11,"key":"Blood Vial"}],"event_choices":[],"is_beta":false,"boss_relics":[{"not_picked":["thethorton:BottledFunds","conspire:RoyalGoblet"],"picked":"energizedSpire:NeverEndingSparkler"}],"items_purged_floors":[],"is_endless":false,"potions_floor_spawned":[3,8,11,15,16],"killed_by":"Spheric Guardian","ascension_level":0}}