{"host":"i09pxcjttd31eh4q","time":1608778363,"event":{"mods":["AchievementEnabler","BaseMod","Colored Map","Keyboard Shortcuts","Minty Spire (QoL Compilation)","StSLib","SuperFastMode"],"gold_per_floor":[114,39,39,39,55,82,82,95,95,95,105,53,64,82,82,153,153,110,129,146,146,146,146,173,173,198,210,227,227,246,20,20,98,98,111,126,141,152,152,152],"floor_reached":39,"playtime":1359,"items_purged":["Defend_G"],"score":824,"play_id":"26517c82-6f6c-4ada-a6d6-a40199844095","local_time":"20201224115243","is_ascension_mode":true,"campfire_choices":[{"data":"Strike_G","floor":7.0,"key":"PURGE"},{"data":"Tactician","floor":10.0,"key":"SMITH"},{"data":"Deadly Poison","floor":15.0,"key":"SMITH"},{"data":"Strike_G","floor":23.0,"key":"PURGE"},{"floor":25.0,"key":"REST"},{"data":"Strike_G","floor":29.0,"key":"PURGE"},{"floor":32,"key":"REST"}],"circlet_count":0,"master_deck":["AscendersBane","Defend_G","Defend_G","Defend_G","Defend_G","Survivor","Neutralize","Tactician+1","Blade Dance","Dagger Throw","Escape Plan","Prepared","Acrobatics","Deadly Poison+1","PiercingWail+1","Acrobatics","Deadly Poison+1","Grand Finale","Deflect"],"relics":["Ring of the Snake","NeowsBlessing","Peace Pipe","Ice Cream","Ginger","Runic Pyramid","Red Mask","Art of War","SacredBark"],"acts_visited":["Exordium","TheCity","TheBeyond"],"potions_floor_usage":[30,39],"damage_taken":[{"damage":0.0,"enemies":"2 Louse","floor":1.0,"turns":1.0},{"damage":0.0,"enemies":"Small Slimes","floor":5.0,"turns":1.0},{"damage":0.0,"enemies":"Gremlin Nob","floor":6.0,"turns":1.0},{"damage":0.0,"enemies":"Jaw Worm","floor":8.0,"turns":3.0},{"damage":0.0,"enemies":"Exordium Wildlife","floor":11.0,"turns":6.0},{"damage":0.0,"enemies":"Blue Slaver","floor":13.0,"turns":4.0},{"damage":0.0,"enemies":"3 Louse","floor":14.0,"turns":3.0},{"damage":25.0,"enemies":"Hexaghost","floor":16.0,"turns":11.0},{"damage":13.0,"enemies":"2 Thieves","floor":18.0,"turns":5.0},{"damage":0.0,"enemies":"Chosen","floor":19.0,"turns":4.0},{"damage":8.0,"enemies":"Snake Plant","floor":20.0,"turns":6.0},{"damage":26.0,"enemies":"Masked Bandits","floor":24.0,"turns":7.0},{"damage":11.0,"enemies":"3 Cultists","floor":27.0,"turns":7.0},{"damage":4.0,"enemies":"Sentry and Sphere","floor":28.0,"turns":4.0},{"damage":10,"enemies":"Snecko","floor":30,"turns":5},{"damage":23,"enemies":"Automaton","floor":33,"turns":8},{"damage":3,"enemies":"3 Shapes","floor":35,"turns":6},{"damage":0,"enemies":"3 Darklings","floor":36,"turns":3},{"damage":3,"enemies":"Sphere and 2 Shapes","floor":37,"turns":3},{"damage":12,"enemies":"Spire Growth","floor":38,"turns":4},{"damage":39,"enemies":"Transient","floor":39,"turns":5}],"seed_played":"663631805961573950","potions_obtained":[{"floor":1.0,"key":"Ancient Potion"},{"floor":8.0,"key":"BlessingOfTheForge"},{"floor":11.0,"key":"GhostInAJar"},{"floor":16.0,"key":"Energy Potion"},{"floor":19.0,"key":"Block Potion"},{"floor":27.0,"key":"Strength Potion"},{"floor":37,"key":"GamblersBrew"},{"floor":38,"key":"Fire Potion"}],"is_trial":false,"path_per_floor":["M","?","?","?","M","E","R","M","T","R","M","$","M","M","R","B",null,"M","M","M","?","?","R","?","R","T","M","M","R","M","$","R","B",null,"M","M","M","M","M"],"character_chosen":"THE_SILENT","items_purchased":["Prepared","Grand Finale"],"campfire_rested":2,"item_purchase_floors":[12,31],"current_hp_per_floor":[59,59,64,38,38,38,38,38,38,38,38,38,38,38,38,13,57,44,44,36,36,36,36,10,31,31,20,16,16,6,6,27,4,54,51,51,48,36,0,0],"gold":152,"neow_bonus":"THREE_ENEMY_KILL","is_daily":false,"chose_seed":false,"campfire_upgraded":2,"win_rate":0.0,"timestamp":1608778363,"path_taken":["M","?","?","?","M","E","R","M","T","R","?","$","M","M","R","BOSS","M","M","M","?","?","R","?","R","T","M","M","R","M","$","R","BOSS","M","M","M","M","M"],"items_purchased_type":["Card","Card"],"build_version":"2020-12-22","purchased_purges":1,"victory":false,"max_hp_per_floor":[66,66,71,71,71,71,71,71,71,71,71,71,71,71,71,71,71,71,71,71,71,71,71,71,71,71,71,71,71,71,71,71,71,71,71,71,71,71,71,71],"card_choices":[{"not_picked":["Heel Hook","Underhanded Strike"],"picked":"Tactician","floor":1.0},{"not_picked":["Sucker Punch","Finisher"],"picked":"Blade Dance","floor":5.0},{"not_picked":["Slice","Leg Sweep"],"picked":"Dagger Throw","floor":6.0},{"not_picked":["Dash","Crippling Poison","PiercingWail"],"picked":"SKIP","floor":8.0},{"not_picked":["Dagger Throw","Flying Knee"],"picked":"Escape Plan","floor":11.0},{"not_picked":["Dagger Spray","Reflex"],"picked":"Acrobatics","floor":13.0},{"not_picked":["Quick Slash","PiercingWail"],"picked":"Deadly Poison","floor":14.0},{"not_picked":["Predator","Distraction","Setup"],"picked":"SKIP","floor":18.0},{"not_picked":["Crippling Poison","Outmaneuver"],"picked":"PiercingWail+1","floor":19.0},{"not_picked":["Underhanded Strike","Crippling Poison","Deadly Poison"],"picked":"SKIP","floor":20.0},{"not_picked":["Dagger Throw","Deadly Poison","Finisher"],"picked":"SKIP","floor":27.0},{"not_picked":["Deflect","Accuracy"],"picked":"Acrobatics","floor":28.0},{"not_picked":["Outmaneuver","Dagger Spray"],"picked":"Deadly Poison+1","floor":30},{"not_picked":["Blade Dance","Flying Knee","Dodge and Roll"],"picked":"SKIP","floor":35},{"not_picked":["Caltrops","Dodge and Roll","Catalyst+1"],"picked":"SKIP","floor":36},{"not_picked":["Dash+1","Eviscerate","Burst"],"picked":"SKIP","floor":37},{"not_picked":["Cloak And Dagger+1","Bouncing Flask"],"picked":"Deflect","floor":38}],"player_experience":765225,"relics_obtained":[{"floor":6.0,"key":"Ice Cream"},{"floor":9.0,"key":"Ginger"},{"floor":24.0,"key":"Red Mask"},{"floor":26.0,"key":"Art of War"}],"event_choices":[{"cards_removed":["Strike_G"],"damage_healed":0.0,"max_hp_gain":0.0,"max_hp_loss":0.0,"gold_gain":0.0,"event_name":"The Cleric","player_choice":"Card Removal","floor":2.0,"gold_loss":75.0,"damage_taken":0.0},{"damage_healed":0.0,"max_hp_gain":5.0,"max_hp_loss":0.0,"gold_gain":0.0,"event_name":"Big Fish","player_choice":"Donut","floor":3.0,"gold_loss":0.0,"damage_taken":0.0},{"damage_healed":0.0,"max_hp_gain":0.0,"max_hp_loss":0.0,"gold_gain":0.0,"event_name":"Scrap Ooze","player_choice":"Success","floor":4.0,"gold_loss":0.0,"damage_taken":26.0,"relics_obtained":["Peace Pipe"]},{"damage_healed":0.0,"max_hp_gain":0.0,"max_hp_loss":0.0,"gold_gain":0.0,"event_name":"Vampires","player_choice":"Ignored","floor":21.0,"gold_loss":0.0,"damage_taken":0.0},{"cards_removed":["Strike_G"],"damage_healed":0.0,"max_hp_gain":0.0,"max_hp_loss":0.0,"gold_gain":0.0,"event_name":"Back to Basics","player_choice":"Elegance","floor":22.0,"gold_loss":0.0,"damage_taken":0.0},{"damage_healed":0.0,"max_hp_gain":0.0,"max_hp_loss":0.0,"gold_gain":0.0,"event_name":"Masked Bandits","player_choice":"Fought Bandits","floor":24.0,"gold_loss":0.0,"damage_taken":0.0}],"is_beta":false,"boss_relics":[{"not_picked":["SlaversCollar","Empty Cage"],"picked":"Runic Pyramid"},{"not_picked":["Sozu","Velvet Choker"],"picked":"SacredBark"}],"items_purged_floors":[31],"is_endless":false,"potions_floor_spawned":[1,8,11,14,16,19,27,37,38],"killed_by":"Transient","ascension_level":20}}