{"host":"f6tqpspb2ou2a4h5","time":1608803908,"event":{"mods":["2.2 Compatiblity","Ascension Unlocker","BaseMod","Colored Map","DeckTracker","Hermit","Highlight Path","KOR Keyword Fix","Keyboard Shortcuts","Minty Spire (QoL Compilation)","Permanent Neow","Quick Restart","Random Character Button","StSLib","SuperFastMode","The Poker Player","everything is the same but u backflip on backflip"],"gold_per_floor":[33,63,122,201,22,94,94,150,150,215,215,255,255,289,289,413,413,431,431,475,58,1,1,14,43,43,43,96,133,48,48,48,125,125,144,52,52,52,72,72,102,102,102,133,152,0,0,38,38,38,38,38],"floor_reached":51,"playtime":5281,"items_purged":["Decay"],"score":1497,"play_id":"d5634ae7-e8b0-467c-a8aa-65ba6b3d13dc","local_time":"20201224185828","is_ascension_mode":true,"campfire_choices":[{"data":"HandOfGreed","floor":7.0,"key":"SMITH"},{"data":"Neutralize","floor":11.0,"key":"SMITH"},{"floor":13.0,"key":"REST"},{"data":"Leg Sweep","floor":15.0,"key":"SMITH"},{"data":"Envenom","floor":23.0,"key":"SMITH"},{"data":"Footwork","floor":27.0,"key":"SMITH"},{"floor":32.0,"key":"REST"},{"data":"Blade Dance","floor":40.0,"key":"SMITH"},{"data":"Predator","floor":47.0,"key":"SMITH"},{"floor":49.0,"key":"REST"}],"circlet_count":0,"master_deck":["AscendersBane","Survivor","Neutralize+1","HandOfGreed+1","Predator+1","Blade Dance+1","Die Die Die+1","Dark Shackles","Masterful Stab+1","Flying Knee+1","Footwork+1","Leg Sweep+1","Prepared+1","Burst+1","Backstab+1","Envenom+1","Die Die Die+1","Night Terror+1","Cloak And Dagger+1","Glass Knife+1","Flechettes+1","Distraction+1","All Out Attack+1","Backflip+1","Terror+1","Violence+1","Deflect+1","Dash+1","Envenom+1","Sucker Punch+1","Purity+1","Pain","Outmaneuver+1","Backstab+1"],"relics":["Ring of the Snake","Molten Egg 2","MealTicket","WingedGreaves","Paper Crane","Toxic Egg 2","Pandora\u0027s Box","Sundial","HornCleat","Frozen Egg 2","Ornamental Fan","Cursed Key","Mercury Hourglass","Bottled Tornado","Snake Skull","Red Mask"],"acts_visited":["Exordium","TheCity","TheBeyond"],"potions_floor_usage":[50,50],"damage_taken":[{"damage":8.0,"enemies":"Cultist","floor":1.0,"turns":6.0},{"damage":0.0,"enemies":"Jaw Worm","floor":2.0,"turns":3.0},{"damage":0.0,"enemies":"2 Louse","floor":3.0,"turns":4.0},{"damage":5.0,"enemies":"3 Sentries","floor":6.0,"turns":8.0},{"damage":18.0,"enemies":"Lagavulin","floor":8.0,"turns":5.0},{"damage":1.0,"enemies":"2 Fungi Beasts","floor":10.0,"turns":6.0},{"damage":4.0,"enemies":"Large Slime","floor":12.0,"turns":7.0},{"damage":2.0,"enemies":"Gremlin Nob","floor":14.0,"turns":3.0},{"damage":18.0,"enemies":"Slime Boss","floor":16.0,"turns":16.0},{"damage":12.0,"enemies":"Shell Parasite","floor":18.0,"turns":2.0},{"damage":20.0,"enemies":"3 Byrds","floor":20.0,"turns":3.0},{"damage":7.0,"enemies":"Centurion and Healer","floor":24.0,"turns":3.0},{"damage":16.0,"enemies":"Gremlin Leader","floor":25.0,"turns":7.0},{"damage":11.0,"enemies":"Slavers","floor":28.0,"turns":5.0},{"damage":8.0,"enemies":"Snake Plant","floor":29.0,"turns":2.0},{"damage":22.0,"enemies":"Automaton","floor":33.0,"turns":12.0},{"damage":0.0,"enemies":"Orb Walker","floor":35.0,"turns":2.0},{"damage":0.0,"enemies":"3 Darklings","floor":39.0,"turns":5.0},{"damage":0.0,"enemies":"Giant Head","floor":41.0,"turns":5.0},{"damage":13.0,"enemies":"Nemesis","floor":44.0,"turns":7.0},{"damage":2.0,"enemies":"Transient","floor":45.0,"turns":6.0},{"damage":0.0,"enemies":"Sphere and 2 Shapes","floor":48.0,"turns":3.0},{"damage":32,"enemies":"Donu and Deca","floor":50,"turns":7},{"damage":39,"enemies":"Time Eater","floor":51,"turns":5}],"seed_played":"1932489404350525977","potions_obtained":[{"floor":1.0,"key":"Ancient Potion"},{"floor":3.0,"key":"Explosive Potion"},{"floor":6.0,"key":"Fire Potion"},{"floor":12.0,"key":"CultistPotion"},{"floor":18.0,"key":"SpeedPotion"},{"floor":24.0,"key":"SteroidPotion"},{"floor":41.0,"key":"Poison Potion"},{"floor":44.0,"key":"CunningPotion"},{"floor":45.0,"key":"Energy Potion"},{"floor":48.0,"key":"CultistPotion"}],"is_trial":false,"path_per_floor":["M","M","M","T","$","E","R","E","T","M","R","M","R","E","R","B",null,"M","?","M","$","$","R","M","E","T","R","E","M","?","$","R","B",null,"M","$","?","?","M","R","E","?","T","E","M","?","R","M","R","B","B"],"character_chosen":"THE_SILENT","items_purchased":["Die Die Die+1","Dark Shackles","Terror+1","Explosive Potion","Violence+1","Deflect+1","Purity+1"],"campfire_rested":3,"item_purchase_floors":[5,5,21,21,21,22,36],"current_hp_per_floor":[51,51,51,51,51,46,46,28,28,27,27,23,42,40,40,22,55,43,43,23,38,53,53,46,30,30,30,19,11,11,26,45,23,55,55,66,66,63,63,63,63,63,63,50,48,48,48,48,63,31,0,0],"gold":38,"neow_bonus":"RANDOM_COLORLESS_2","is_daily":false,"chose_seed":false,"campfire_upgraded":7,"win_rate":0.0,"timestamp":1608803908,"path_taken":["M","M","M","?","$","E","R","E","T","?","R","?","R","E","R","BOSS","M","?","M","?","$","R","M","E","T","R","E","M","?","$","R","BOSS","M","$","?","?","M","R","E","?","T","E","?","?","R","M","R","BOSS","BOSS"],"items_purchased_type":["Card","Card","Card","Potion","Card","Card","Card"],"build_version":"2020-12-22","purchased_purges":1,"victory":false,"max_hp_per_floor":[66,66,66,66,66,66,66,66,66,66,66,66,66,66,66,66,66,66,66,66,66,66,66,66,66,66,66,66,66,66,66,66,66,66,66,66,66,63,63,63,63,63,63,63,63,63,63,63,63,63,63,63],"card_choices":[{"not_picked":["Secret Technique","Thinking Ahead"],"picked":"HandOfGreed","floor":0.0},{"not_picked":["Acrobatics","Bouncing Flask","Bane"],"picked":"SKIP","floor":1.0},{"not_picked":["Eviscerate","Cloak And Dagger"],"picked":"Predator","floor":2.0},{"not_picked":["Escape Plan","Backflip"],"picked":"Blade Dance","floor":3.0},{"not_picked":["Night Terror","Dagger Throw+1"],"picked":"Masterful Stab+1","floor":6.0},{"not_picked":["Riddle With Holes+1","Underhanded Strike+1"],"picked":"Flying Knee+1","floor":8.0},{"not_picked":["Dagger Spray+1","Underhanded Strike+1"],"picked":"Footwork","floor":10.0},{"not_picked":["Eviscerate+1","Poisoned Stab+1"],"picked":"Leg Sweep","floor":12.0},{"not_picked":["Blade Dance+1","Bane+1"],"picked":"Prepared+1","floor":14.0},{"not_picked":["Doppelganger+1","Grand Finale+1"],"picked":"Burst+1","floor":16.0},{"not_picked":["Dagger Spray+1","PiercingWail+1","Endless Agony+1"],"picked":"SKIP","floor":18.0},{"not_picked":["Calculated Gamble+1","PiercingWail+1"],"picked":"Backflip+1","floor":20.0},{"not_picked":["Deadly Poison+1","Underhanded Strike+1","Deflect+1"],"picked":"SKIP","floor":24.0},{"not_picked":["Terror+1","Infinite Blades","PiercingWail+1"],"picked":"SKIP","floor":25.0},{"not_picked":["Bouncing Flask+1","Grand Finale+1"],"picked":"Dash+1","floor":28.0},{"not_picked":["Predator+1","Dagger Throw+1","Bane+1"],"picked":"SKIP","floor":29.0},{"not_picked":["Night Terror+1","A Thousand Cuts+1"],"picked":"Envenom+1","floor":33.0},{"not_picked":["Skewer+1","PiercingWail+1"],"picked":"Sucker Punch+1","floor":35.0},{"not_picked":["Dagger Throw+1","Noxious Fumes+1","Blur+1"],"picked":"SKIP","floor":39.0},{"not_picked":["Riddle With Holes+1","Leg Sweep+1","Choke+1"],"picked":"SKIP","floor":41.0},{"not_picked":["Dagger Throw+1","Blade Dance+1"],"picked":"Outmaneuver+1","floor":44.0},{"not_picked":["Blade Dance+1","PiercingWail+1"],"picked":"Backstab+1","floor":45.0},{"not_picked":["Prepared+1","Doppelganger+1","PiercingWail+1"],"picked":"SKIP","floor":48.0}],"player_experience":36946,"relics_obtained":[{"floor":4.0,"key":"Molten Egg 2"},{"floor":6.0,"key":"MealTicket"},{"floor":8.0,"key":"WingedGreaves"},{"floor":9.0,"key":"Paper Crane"},{"floor":14.0,"key":"Toxic Egg 2"},{"floor":25.0,"key":"Sundial"},{"floor":26.0,"key":"HornCleat"},{"floor":28.0,"key":"Frozen Egg 2"},{"floor":41.0,"key":"Mercury Hourglass"},{"floor":43.0,"key":"Bottled Tornado"},{"floor":44.0,"key":"Snake Skull"}],"event_choices":[{"damage_healed":0.0,"max_hp_gain":0.0,"max_hp_loss":0.0,"gold_gain":0.0,"event_name":"Forgotten Altar","player_choice":"Smashed Altar","floor":19.0,"gold_loss":0.0,"damage_taken":0.0,"cards_obtained":["Decay"]},{"damage_healed":0.0,"max_hp_gain":0.0,"max_hp_loss":0.0,"gold_gain":0.0,"event_name":"Addict","player_choice":"Obtained Relic","floor":30.0,"gold_loss":85.0,"damage_taken":0.0,"relics_obtained":["Ornamental Fan"]},{"damage_healed":0.0,"max_hp_gain":0.0,"max_hp_loss":0.0,"gold_gain":0.0,"event_name":"SensoryStone","player_choice":"Memory 1","floor":37.0,"gold_loss":0.0,"damage_taken":0.0},{"damage_healed":0.0,"max_hp_gain":0.0,"max_hp_loss":3.0,"gold_gain":0.0,"event_name":"Winding Halls","player_choice":"Max HP","floor":38.0,"gold_loss":0.0,"damage_taken":0.0},{"cards_removed":["Prepared"],"damage_healed":0.0,"max_hp_gain":0.0,"max_hp_loss":0.0,"gold_gain":0.0,"event_name":"Falling","player_choice":"Removed Skill","floor":42.0,"gold_loss":0.0,"damage_taken":0.0},{"damage_healed":0.0,"max_hp_gain":0.0,"max_hp_loss":0.0,"gold_gain":0.0,"event_name":"Tomb of Lord Red Mask","player_choice":"Paid","floor":46.0,"gold_loss":152.0,"damage_taken":0.0,"relics_obtained":["Red Mask"]}],"is_beta":false,"boss_relics":[{"not_picked":["HoveringKite","Calling Bell"],"picked":"Pandora\u0027s Box"},{"not_picked":["Tiny House","Busted Crown"],"picked":"Cursed Key"}],"items_purged_floors":[21],"is_endless":false,"potions_floor_spawned":[1,3,6,12,18,24,41,44,45,48],"killed_by":"Time Eater","ascension_level":20}}