{"host":"0vobf7lgf552vogm","time":1608773234,"event":{"mods":["AchievementEnabler","Act Like it!","BaseMod","Better Sensory Stone","Colored Map","DeckTracker","Minty Spire (QoL Compilation)","Pale of the Ancients","Rare Cards Sparkle","Relic Stats","StSLib","Synergy Search","Unceasing Turn Reminder","Wandering Minibosses"],"gold_per_floor":[115,115,135,145,145,145,145,119,119,140,140,140],"floor_reached":11,"playtime":347,"items_purged":[],"score":107,"play_id":"9e430c69-3ce5-4413-9c34-ea7b2be7e070","local_time":"20201224022714","is_ascension_mode":true,"campfire_choices":[{"floor":6,"key":"REST"}],"circlet_count":0,"master_deck":["AscendersBane","Strike_B","Strike_B","Strike_B","Strike_B","Defend_B","Defend_B","Defend_B","Defend_B","Zap","Dualcast","Good Instincts","Darkness","Melter","Recycle","White Noise"],"relics":["Cracked Core","Golden Idol","Singing Bowl","Regal Pillow"],"acts_visited":["Exordium"],"potions_floor_usage":[],"damage_taken":[{"damage":0,"enemies":"2 Louse","floor":1,"turns":3},{"damage":2,"enemies":"Small Slimes","floor":3,"turns":5},{"damage":2,"enemies":"Jaw Worm","floor":4,"turns":3},{"damage":30,"enemies":"Exordium Thugs","floor":8,"turns":5},{"damage":13,"enemies":"Large Slime","floor":10,"turns":5},{"damage":40,"enemies":"Gremlin Nob","floor":11,"turns":3}],"seed_played":"-3567398493092057108","potions_obtained":[{"floor":8,"key":"Ancient Potion"}],"is_trial":false,"path_per_floor":["M","?","M","M","?","R","T","M","T","M","E"],"character_chosen":"DEFECT","items_purchased":[],"campfire_rested":1,"item_purchase_floors":[],"current_hp_per_floor":[68,73,71,69,49,73,73,43,43,32,0,0],"gold":140,"neow_bonus":"RANDOM_COLORLESS","is_daily":false,"chose_seed":false,"campfire_upgraded":0,"win_rate":0.0,"timestamp":1608773234,"path_taken":["M","?","M","M","?","R","?","M","T","M","E"],"items_purchased_type":[],"build_version":"2020-12-22","purchased_purges":0,"victory":false,"max_hp_per_floor":[75,80,80,80,80,80,80,80,80,82,82,82],"relic_stats":{"Regal Pillow":0,"Singing Bowl":2,"counters":[6,24],"Golden Idol":8,"obtain_stats":[{"Regal Pillow":9,"Singing Bowl":7,"Golden Idol":5,"Cracked Core":0},{"Regal Pillow":4,"Singing Bowl":3,"Golden Idol":3,"Cracked Core":0},{"Regal Pillow":16,"Singing Bowl":11,"Golden Idol":11,"Cracked Core":0}]},"card_choices":[{"not_picked":["Panacea","Dark Shackles"],"picked":"Good Instincts","floor":0},{"not_picked":["Steam","Coolheaded"],"picked":"Darkness","floor":1},{"not_picked":["Coolheaded","Skim"],"picked":"Melter","floor":3},{"not_picked":["Core Surge","Redo"],"picked":"Recycle","floor":4},{"not_picked":["Sunder","Rebound"],"picked":"White Noise","floor":8},{"not_picked":["Scrape","Hologram","Fusion"],"picked":"Singing Bowl","floor":10}],"player_experience":788755,"relics_obtained":[{"floor":7,"key":"Singing Bowl"},{"floor":9,"key":"Regal Pillow"}],"event_choices":[{"damage_healed":0,"gold_gain":0,"player_choice":"Donut","damage_taken":0,"max_hp_gain":5,"max_hp_loss":0,"event_name":"Big Fish","floor":2,"gold_loss":0},{"damage_healed":0,"gold_gain":0,"player_choice":"Take Damage","damage_taken":20,"relics_obtained":["Golden Idol"],"max_hp_gain":0,"max_hp_loss":0,"event_name":"Golden Idol","floor":5,"gold_loss":0}],"is_beta":false,"boss_relics":[],"items_purged_floors":[],"is_endless":false,"potions_floor_spawned":[8],"killed_by":"Gremlin Nob","ascension_level":13}}