{"host":"qc1sjgtdjonvdsd8","time":1608820447,"event":{"mods":["BaseMod","Colored Map","Colored Powertips","Minty Spire (QoL Compilation)","Replay The Spire","StSLib","The Disciple"],"gold_per_floor":[114,127,302,314,365,365,57,57,57,77,5,17,17,32,32,127,127,146,161,180,198,198,198,217,217,263,112,202,202,219,159,159,159,159],"floor_reached":33,"playtime":2379,"items_purged":["ReplayTheSpireMod:Restless Dread"],"score":264,"play_id":"54b021fe-6687-4741-9393-237e606b98ae","local_time":"20201224063407","is_ascension_mode":false,"campfire_choices":[{"floor":6,"key":"REST"},{"data":"Neutralize","floor":8,"key":"SMITH"},{"floor":15,"key":"REST"},{"floor":23,"key":"REST"},{"data":"Distraction","floor":25,"key":"SMITH"},{"data":"Blade Dance","floor":29,"key":"SMITH"},{"floor":32,"key":"RECALL"}],"circlet_count":0,"master_deck":["Strike_G","Strike_G","Defend_G","Defend_G","Defend_G","Survivor","Neutralize+1","Blade Dance","Doubt","Blade Dance","Finisher","Footwork","Blur","Backflip","Night Terror+1","Parasite","Cloak And Dagger","Blade Dance+1","Blade Dance+1","Distraction+1","Accuracy","PiercingWail"],"relics":["Ring of the Snake","NeowsBlessing","Mirror","Kunai","Eternal Feather","Du-Vu Doll","Kintsugi"],"acts_visited":["Exordium","TheCity"],"potions_floor_usage":[12,16,16,20,21],"damage_taken":[{"damage":0,"enemies":"Jaw Worm","floor":1,"turns":1},{"damage":0,"enemies":"2 Louse","floor":2,"turns":1},{"damage":0,"enemies":"Cultist","floor":4,"turns":1},{"damage":0,"enemies":"Blue Slaver","floor":10,"turns":3},{"damage":0,"enemies":"Red Slaver","floor":12,"turns":1},{"damage":0,"enemies":"3 Louse","floor":14,"turns":2},{"damage":4,"enemies":"Slime Boss","floor":16,"turns":21},{"damage":7,"enemies":"Shell Parasite","floor":18,"turns":8},{"damage":0,"enemies":"Spheric Guardian","floor":19,"turns":4},{"damage":26,"enemies":"Centurion and Healer","floor":20,"turns":9},{"damage":4,"enemies":"3 Cultists","floor":21,"turns":5},{"damage":0,"enemies":"Snake Plant","floor":24,"turns":1},{"damage":0,"enemies":"Snecko","floor":30,"turns":3},{"damage":25,"enemies":"Automaton","floor":33,"turns":6}],"seed_played":"-8500344377009496857","potions_obtained":[{"floor":2,"key":"SpeedPotion"},{"floor":5,"key":"Explosive Potion"},{"floor":10,"key":"SkillPotion"},{"floor":12,"key":"Weak Potion"},{"floor":14,"key":"GhostInAJar"},{"floor":18,"key":"GamblersBrew"},{"floor":20,"key":"SteroidPotion"},{"floor":30,"key":"SpeedPotion"}],"is_trial":false,"path_per_floor":["M","M","?","M","?","R","$","R","T","M","$","M","?","M","R","B",null,"M","M","M","M","?","R","M","R","T","$","?","R","M","?","R","B"],"character_chosen":"THE_SILENT","items_purchased":["Kunai","Footwork","Blur","Accuracy"],"campfire_rested":3,"item_purchase_floors":[7,7,11,27],"current_hp_per_floor":[70,70,70,70,42,63,63,63,63,63,63,63,38,38,68,64,70,63,63,37,33,33,66,66,70,70,70,58,70,70,70,70,45,45],"gold":159,"neow_bonus":"THREE_ENEMY_KILL","is_daily":false,"chose_seed":false,"campfire_upgraded":3,"win_rate":0.0,"timestamp":1608820447,"path_taken":["M","M","?","M","?","R","$","R","T","M","?","?","?","M","R","BOSS","M","M","M","M","?","R","?","R","T","$","?","R","?","?","R","BOSS"],"items_purchased_type":["Relic","Card","Card","Card"],"build_version":"2020-12-22","purchased_purges":1,"victory":false,"max_hp_per_floor":[70,70,70,70,70,70,70,70,70,70,70,70,70,70,70,70,70,70,70,70,70,70,70,70,70,70,70,70,70,70,70,70,70,70],"card_choices":[{"not_picked":["Bane","PiercingWail"],"picked":"Blade Dance","floor":1},{"not_picked":["Backstab","Quick Slash","Deflect"],"picked":"SKIP","floor":2},{"not_picked":["Deadly Poison","Outmaneuver"],"picked":"Blade Dance","floor":4},{"not_picked":["Dagger Spray","Poisoned Stab"],"picked":"Finisher","floor":5},{"not_picked":["Dagger Spray","Bane","Underhanded Strike"],"picked":"SKIP","floor":10},{"not_picked":["Quick Slash","Dash","Poison Darts"],"picked":"SKIP","floor":12},{"not_picked":["Prepared","Acrobatics"],"picked":"Backflip","floor":14},{"not_picked":["Atom Bomb","Wraith Form v2"],"picked":"Night Terror","floor":16},{"not_picked":["Endless Agony","PiercingWail"],"picked":"Cloak And Dagger","floor":18},{"not_picked":["Hidden Blade","Outmaneuver"],"picked":"Blade Dance","floor":19},{"not_picked":["ReplayTheSpireMod:Speed Training+1","Well Laid Plans"],"picked":"Blade Dance+1","floor":20},{"not_picked":["Poisoned Stab+1","Replay:Poison Smokescreen"],"picked":"Distraction","floor":21},{"not_picked":["Dagger Spray","ReplayTheSpireMod:Tripwire","Acrobatics+1"],"picked":"SKIP","floor":24},{"not_picked":["Slice","Deflect"],"picked":"PiercingWail","floor":30}],"player_experience":158310,"relics_obtained":[{"floor":5,"key":"Mirror"},{"floor":9,"key":"Eternal Feather"}],"event_choices":[{"damage_healed":0,"gold_gain":175,"player_choice":"AGREE","damage_taken":0,"max_hp_gain":0,"max_hp_loss":0,"event_name":"Liars Game","floor":3,"gold_loss":0,"cards_obtained":["Doubt"]},{"damage_healed":0,"gold_gain":0,"player_choice":"Success","damage_taken":25,"relics_obtained":["Du-Vu Doll"],"max_hp_gain":0,"max_hp_loss":0,"event_name":"Scrap Ooze","floor":13,"gold_loss":0},{"damage_healed":0,"gold_gain":0,"player_choice":"Forge","damage_taken":0,"max_hp_gain":0,"max_hp_loss":0,"event_name":"Accursed Blacksmith","floor":22,"gold_loss":0,"cards_upgraded":["Night Terror"]},{"damage_healed":0,"gold_gain":90,"player_choice":"GOLD ","damage_taken":12,"max_hp_gain":0,"max_hp_loss":0,"event_name":"Knowing Skull","floor":28,"potions_obtained":[],"gold_loss":0,"cards_obtained":[]}],"is_beta":false,"boss_relics":[{"not_picked":["Painkiller Herb","Velvet Choker"],"picked":"Kintsugi"}],"items_purged_floors":[27],"is_endless":false,"potions_floor_spawned":[2,10,12,14,18,20,30],"killed_by":"Automaton","ascension_level":0}}