{"host":"w0w6jcqjdtkzk2bw","time":1608786746,"event":{"mods":["2.2 Compatiblity","AchievementEnabler","Aspiration","BaseMod","BetterRewards","Colored Map","Colored Powertips","Conspire","DeckTracker","Downfall","Energized Spire","Friendly Minions","Hermit","Highlight Path","Hubris","Infinite Spire","Marisa????????","Minty Spire (QoL Compilation)","Permanent Neow","Quick Restart","Replay The Spire","Shade Mod","StSLib","Synergy Search","Td1madao Mod","The Administrix","The Bug Knight","The Construct","The Disciple","The Druid","The Gatherer","The Runesmith","The Spell Scribe","TheFirefly","TheSwordswoman"],"gold_per_floor":[14,114,22,40,50,50,70,89,112,112,112,112,146,172,172,275,275,275],"floor_reached":17,"playtime":1137,"items_purged":[],"score":155,"play_id":"82631ddb-afe7-4083-ac17-00893f239807","local_time":"20201224001226","is_ascension_mode":false,"campfire_choices":[{"data":"ReplayTheSpireMod:Brewmster","floor":6,"key":"SMITH"},{"floor":11,"key":"REST"},{"floor":15,"key":"REST"}],"circlet_count":0,"master_deck":["construct:Strike_Gold","construct:Strike_Gold","construct:Strike_Gold","construct:Strike_Gold","construct:Strike_Gold","construct:Defend_Gold","construct:Defend_Gold","construct:Defend_Gold","construct:Defend_Gold","construct:AttackMode","construct:DefenseMode","ReplayTheSpireMod:Brewmster+1","construct:Autoturret","Replay:SS_hec_1","construct:ClusterMines+1","construct:SweepLaser","construct:Reinforce","construct:Isolate","construct:ShiftGuard","construct:Forcefield","construct:Bunker"],"relics":["construct:Cogwheel","Whetstone","Lantern","Du-Vu Doll","Simple Rune","Fusion Hammer"],"acts_visited":["Exordium","TheCity"],"potions_floor_usage":[4,5,7,7,7,8,13,13,16,16,16,16,16,16,16,16,16,16],"damage_taken":[{"damage":6,"enemies":"Cultist","floor":1,"turns":4},{"damage":0,"enemies":"Small Slimes","floor":4,"turns":4},{"damage":14,"enemies":"Jaw Worm","floor":5,"turns":4},{"damage":0,"enemies":"Blue Slaver","floor":7,"turns":4},{"damage":10,"enemies":"Looter","floor":8,"turns":2},{"damage":52,"enemies":"Gremlin Nob","floor":13,"turns":6},{"damage":41,"enemies":"Fading Forest","floor":16,"turns":11}],"seed_played":"-7924973775493225511","potions_obtained":[{"floor":1,"key":"SpeedPotion"},{"floor":13,"key":"Energy Potion"},{"floor":16,"key":"FairyPotion"}],"is_trial":false,"path_per_floor":["M","?","$","M","M","R","M","M","T","?","R","?","E","T","R","B",null],"character_chosen":"THE_CONSTRUCT_MOD","items_purchased":["Replay:SS_hec_1"],"campfire_rested":2,"item_purchase_floors":[3],"current_hp_per_floor":[79,79,79,79,65,65,65,55,55,55,80,80,28,28,53,36,85,85],"gold":275,"neow_bonus":"RANDOM_COLORLESS_2","is_daily":false,"chose_seed":false,"campfire_upgraded":1,"win_rate":0.0,"timestamp":1608786746,"path_taken":["M","?","$","?","M","R","M","M","T","?","R","?","E","?","R","BOSS"],"items_purchased_type":["Card"],"build_version":"2020-12-22","purchased_purges":0,"victory":false,"max_hp_per_floor":[85,85,85,85,85,85,85,85,85,85,85,85,85,85,85,85,85,85],"card_choices":[{"not_picked":["hubris:EnhanceAbility","Chrysalis"],"picked":"ReplayTheSpireMod:Brewmster","floor":0},{"not_picked":["construct:Impenetrable","construct:Versatility"],"picked":"construct:Autoturret","floor":1},{"not_picked":["construct:Analyze","construct:Anticipate"],"picked":"construct:ClusterMines","floor":4},{"not_picked":["construct:FlakBarrage","construct:UnbalancingBlast"],"picked":"construct:SweepLaser","floor":5},{"not_picked":["construct:Versatility","construct:ElectricArmor"],"picked":"construct:Reinforce","floor":7},{"not_picked":["construct:Antimatter","construct:SweepLaser"],"picked":"construct:Isolate","floor":8},{"not_picked":["construct:Impenetrable","construct:Reinforce"],"picked":"construct:Forcefield","floor":13},{"not_picked":["construct:MemoryTap","construct:HyperBeam"],"picked":"construct:Bunker","floor":16}],"player_experience":409156,"relics_obtained":[{"floor":9,"key":"Whetstone"},{"floor":10,"key":"Lantern"},{"floor":13,"key":"Du-Vu Doll"},{"floor":14,"key":"Simple Rune"}],"event_choices":[{"damage_healed":0,"gold_gain":100,"player_choice":"Pray","damage_taken":0,"max_hp_gain":0,"max_hp_loss":0,"event_name":"Golden Shrine","floor":2,"gold_loss":0},{"damage_healed":0,"gold_gain":0,"cards_transformed":["construct:Defend_Gold"],"player_choice":"Change","damage_taken":0,"max_hp_gain":0,"max_hp_loss":0,"event_name":"Living Wall","floor":12,"gold_loss":0,"cards_obtained":["construct:ShiftGuard"]}],"is_beta":false,"boss_relics":[{"not_picked":["aspiration:WatcherSkillbook","aspiration:PoetsPen_weak"],"picked":"Fusion Hammer"}],"items_purged_floors":[],"is_endless":false,"potions_floor_spawned":[1,5,13,16],"ascension_level":0}}