{"host":"yp47u74hk6n79vj1","time":1608773972,"event":{"mods":["BaseMod","Minty Spire (QoL Compilation)"],"gold_per_floor":[117,136,136,13,31,60,60,95,141,156,168,168,168],"floor_reached":12,"playtime":288,"items_purged":["Defend_B"],"score":95,"play_id":"acbbfc1b-9ed7-4970-8384-e619a7dadd42","local_time":"20201223203932","is_ascension_mode":true,"campfire_choices":[{"data":"Leap","floor":7,"key":"SMITH"}],"circlet_count":0,"master_deck":["Strike_B","Strike_B","Strike_B","Strike_B+1","Defend_B","Defend_B","Defend_B","Zap","Dualcast","Dramatic Entrance+1","Steam","Streamline","Leap+1","Capacitor","Echo Form"],"relics":["Cracked Core","Symbiotic Virus","Whetstone","Art of War"],"acts_visited":["Exordium"],"potions_floor_usage":[6,12,12],"damage_taken":[{"damage":0,"enemies":"Small Slimes","floor":1,"turns":2},{"damage":0,"enemies":"2 Louse","floor":2,"turns":2},{"damage":2,"enemies":"Jaw Worm","floor":5,"turns":3},{"damage":47,"enemies":"Gremlin Nob","floor":6,"turns":5},{"damage":12,"enemies":"3 Sentries","floor":8,"turns":7},{"damage":0,"enemies":"3 Louse","floor":10,"turns":1},{"damage":7,"enemies":"Exordium Wildlife","floor":11,"turns":3},{"damage":13,"enemies":"Lagavulin","floor":12,"turns":3}],"seed_played":"-8337711207820908989","potions_obtained":[{"floor":5,"key":"Strength Potion"},{"floor":10,"key":"FearPotion"},{"floor":11,"key":"DuplicationPotion"}],"is_trial":false,"path_per_floor":["M","M","?","$","M","E","R","E","T","M","M","E"],"character_chosen":"DEFECT","items_purchased":["Leap"],"campfire_rested":0,"item_purchase_floors":[4],"current_hp_per_floor":[75,75,80,80,78,31,31,19,19,19,12,0,0],"gold":168,"neow_bonus":"RANDOM_COLORLESS","is_daily":false,"chose_seed":false,"campfire_upgraded":1,"win_rate":0.0,"timestamp":1608773972,"path_taken":["M","M","?","$","M","E","R","E","T","M","M","E"],"items_purchased_type":["Card"],"build_version":"2020-12-22","purchased_purges":1,"victory":false,"max_hp_per_floor":[75,75,80,80,80,80,80,80,80,80,80,80,80],"card_choices":[{"not_picked":["Purity","PanicButton"],"picked":"Dramatic Entrance","floor":0},{"not_picked":["Compile Driver","Stack"],"picked":"Steam","floor":1},{"not_picked":["Compile Driver","Go for the Eyes"],"picked":"Streamline","floor":2},{"not_picked":["Aggregate","Steam Power","Recycle"],"picked":"SKIP","floor":5},{"not_picked":["Aggregate","Streamline"],"picked":"Capacitor","floor":6},{"not_picked":["Thunder Strike","Barrage"],"picked":"Echo Form","floor":8},{"not_picked":["Streamline","Cold Snap","Reinforced Body"],"picked":"SKIP","floor":10},{"not_picked":["Melter","Stack","Streamline"],"picked":"SKIP","floor":11}],"player_experience":499113,"relics_obtained":[{"floor":6,"key":"Symbiotic Virus"},{"floor":8,"key":"Whetstone"},{"floor":9,"key":"Art of War"}],"event_choices":[{"damage_healed":0,"gold_gain":0,"player_choice":"Donut","damage_taken":0,"max_hp_gain":5,"max_hp_loss":0,"event_name":"Big Fish","floor":3,"gold_loss":0}],"is_beta":false,"boss_relics":[],"items_purged_floors":[4],"is_endless":false,"potions_floor_spawned":[5,10,11],"killed_by":"Lagavulin","ascension_level":1}}