{"host":"jjz4szgmev061tnm","time":1608805114,"event":{"mods":["Act Like it!","BaseMod","Gensokyo","KinomotoSakuraMod(ƒæ÷Æ±æ”£)","Marisa£®ÏF”Í°°ƒß¿Ì…≥£©","Minty Spire (QoL Compilation)","Shop Mod","StSLib","WarShipGirlsR/’ΩΩ¢…Ÿ≈ÆR mod","Youmu£®ªÍ∆«—˝√Œ£©"],"gold_per_floor":[118,3000,2410,2420,2440,2474,2487,2500,2500,2500,2500,2500,2525,2537,2549,2666,2678,2706,2718,2747,2774,1952,1952,1952,1987,2014,2040,1614,1632,1632,1732,1732,1827,1827,1842,1160,1160,1179,1193,1221,1232,1232,1232,1264,1277,1309,1325,1325,1325,1325],"floor_reached":51,"playtime":3175,"items_purged":["Defend_YM","Strike_YM","Strike_YM","Defend_YM"],"score":987,"play_id":"2b31d780-6a37-4593-9fbb-baa90b9ad1c0","local_time":"20201224181834","is_ascension_mode":false,"campfire_choices":[{"data":"SlashOfDelusionalInnerEye","floor":11,"key":"SMITH"},{"floor":15,"key":"RECALL"},{"data":"FastingOfTheYoungPreta","floor":23,"key":"SMITH"},{"data":"HumanGodSword","floor":30,"key":"SMITH"},{"floor":32,"key":"REST"},{"data":"StrangeHalfBody","floor":49,"key":"SMITH"}],"circlet_count":0,"master_deck":["Strike_YM","SlashOfPresentWorld","WheelOfPainOfLivingAndDead","SwordExtraction","HellFireSword","PhosphoricSlash","SlashOfDelusionalInnerEye+1","SlashOfDepartureFromHesitation","HeavenGodSword+1","Injury","FastingOfTheYoungPreta+1","DoubleWheelOfPain+1","SpiritCuttingSword+1","BloodOfAsura+1","SpiritCuttingSword","LowerRealmReflectionSlash+1","ThreeKonsSevenHakus","CherryBlossomFlashing+1","HeavenSword","HiganSword","SuddenPhantomFormationSlashOfKarmicWind","HumanGodSword+1","TransmigrationSlash+1","EchoesOfTheInclemencyOfAllBeings","TurningAngelCut+1","HeartExcerptSlash+1","StrangeHalfBody+1","LotusPostureSlash+1","HeartExcerptSlash+1","CherryBlossomFlashing+1","GhostSword","SwordOfBindingDesires","Gensokyo:PrivateSquare","Pride","SlashOfDelusionalInnerEye+1","CherryBlossomFlashing+1"],"relics":["HalfPhantom","NeowsBlessing","FossilizedHelix","HandDrill","Happy Flower","Molten Egg 2","Gensokyo:Mercy","Gensokyo:OccultBall","MawBank","Du-Vu Doll","Astrolabe","HornCleat","InkBottle","Gensokyo:ChorusOfJoy","Vajra","Dream Catcher","MealTicket","Toy Ornithopter","WingedGreaves","Torii","Philosopher\u0027s Stone","Thread and Needle","Bronze Scales","Nunchaku","Mummified Hand","Lantern","Bottled Flame","Roukanken"],"acts_visited":["Exordium","Gensokyo:Gensokyo","Gensokyo:Gensokyoer"],"potions_floor_usage":[6,16,16,31,33],"damage_taken":[{"damage":0,"enemies":"Gensokyo:2_Kodama","floor":1,"turns":1},{"damage":0,"enemies":"Gensokyo:Python","floor":2,"turns":1},{"damage":0,"enemies":"Gensokyo:3_Fairies","floor":4,"turns":2},{"damage":5,"enemies":"Gensokyo:2_Rabbits","floor":5,"turns":5},{"damage":13,"enemies":"Gensokyo:Aya","floor":6,"turns":6},{"damage":0,"enemies":"Gensokyo:Kitsune","floor":7,"turns":4},{"damage":4,"enemies":"Gensokyo:Python_and_Kodama","floor":8,"turns":4},{"damage":0,"enemies":"Gensokyo:Mamizou","floor":13,"turns":7},{"damage":7,"enemies":"Gensokyo:Reimu","floor":16,"turns":7},{"damage":10,"enemies":"Gensokyo:AngelMirror","floor":18,"turns":3},{"damage":1,"enemies":"Gensokyo:3_Dogs","floor":20,"turns":4},{"damage":11,"enemies":"Gensokyo:Slime_Group","floor":21,"turns":4},{"damage":12,"enemies":"Gensokyo:Koishi","floor":25,"turns":5},{"damage":22,"enemies":"Gensokyo:Tenshi","floor":27,"turns":3},{"damage":0,"enemies":"Gensokyo:Swordslinger","floor":29,"turns":4},{"damage":14,"enemies":"Gensokyo:Swordslinger","floor":31,"turns":6},{"damage":3,"enemies":"Gensokyo:Eternal_Rivals","floor":33,"turns":7},{"damage":1,"enemies":"Gensokyo:AncientGuardian","floor":35,"turns":3},{"damage":0,"enemies":"Gensokyo:3_Bats","floor":38,"turns":1},{"damage":0,"enemies":"Gensokyo:Dusk_and_Dawn","floor":39,"turns":3},{"damage":0,"enemies":"Gensokyo:Kasen","floor":40,"turns":3},{"damage":0,"enemies":"Gensokyo:3_Boulders","floor":41,"turns":4},{"damage":0,"enemies":"Gensokyo:Doremy","floor":44,"turns":5},{"damage":0,"enemies":"Gensokyo:AtlasGolem","floor":45,"turns":4},{"damage":8,"enemies":"Gensokyo:Kasen","floor":46,"turns":4},{"damage":0,"enemies":"Gensokyo:SeedOfUnknown","floor":47,"turns":2},{"damage":29,"enemies":"Gensokyo:Shinki","floor":50,"turns":8}],"seed_played":"4645887068651460016","potions_obtained":[{"floor":1,"key":"FairyPotion"},{"floor":5,"key":"Fire Potion"},{"floor":8,"key":"EntropicBrew"},{"floor":16,"key":"FearPotion"},{"floor":20,"key":"AttackPotion"},{"floor":33,"key":"Block Potion"},{"floor":38,"key":"Block Potion"},{"floor":39,"key":"Regen Potion"}],"is_trial":false,"path_per_floor":["M","M","$","M","M","E","M","M","T","?","R","?","E","?","R","B",null,"M","?","M","M","$","R","?","E","T","E","$","M","R","?","R","B",null,"M","$","?","M","M","E","M","?","T","E","M","E","M","?","R","B",null],"character_chosen":"YOUMU","items_purchased":["HellFireSword","FossilizedHelix","HandDrill","HornCleat","InkBottle","CherryBlossomFlashing+1","HeavenSword","Toy Ornithopter","HumanGodSword","TransmigrationSlash+1","Thread and Needle","Bronze Scales","HeartExcerptSlash+1"],"campfire_rested":1,"item_purchase_floors":[3,3,3,22,22,22,22,28,28,28,36,36,36],"current_hp_per_floor":[75,75,75,75,70,57,57,53,53,53,53,53,53,53,53,46,75,65,65,64,53,53,53,53,41,41,19,34,34,34,44,66,68,75,74,75,64,64,75,75,75,75,75,75,75,75,75,75,75,46],"gold":1325,"neow_bonus":"THREE_ENEMY_KILL","is_daily":false,"chose_seed":false,"campfire_upgraded":4,"win_rate":0.0,"timestamp":1608805114,"path_taken":["M","M","$","M","M","E","M","M","T","?","R","?","E","?","R","BOSS","M","?","M","M","$","R","?","E","T","E","?","?","R","?","R","BOSS","M","$","?","M","M","E","?","?","T","E","M","E","?","?","R","BOSS"],"items_purchased_type":["Card","Relic","Relic","Relic","Relic","Card","Card","Relic","Card","Card","Relic","Relic","Card"],"build_version":"2020-12-22","purchased_purges":4,"victory":true,"max_hp_per_floor":[75,75,75,75,75,75,75,75,75,75,75,75,75,75,75,75,75,75,75,75,75,75,75,75,75,75,75,75,75,75,75,75,75,75,75,75,75,75,75,75,75,75,75,75,75,75,75,75,75,75],"card_choices":[{"not_picked":["SlashClearingTheSixSenses","HumanKnowledgeSword"],"picked":"SwordExtraction","floor":1},{"not_picked":["FlashingScatteredFlowers","HesitationCuttingSword"],"picked":"SpiderLilyBurial","floor":2},{"not_picked":["ConstancyOfTheConventionalTruth","GhostSword"],"picked":"CherryBlossomFlashing","floor":4},{"not_picked":["LifeCuttingSword","ConstancyOfTheConventionalTruth"],"picked":"PhosphoricSlash","floor":5},{"not_picked":["ThoughtCuttingSword","AsuraSword"],"picked":"SlashOfDelusionalInnerEye","floor":6},{"not_picked":["FantasyOfEnteringEnlightenment","LightFlashOfTheNetherworld","DispleasureOfTheSevenHakus"],"picked":"SKIP","floor":7},{"not_picked":["SwordOfBindingDesires","LowerRealmReflectionSlash"],"picked":"SlashOfDepartureFromHesitation","floor":8},{"not_picked":["SpiritMediumsBind","DoubleWheelOfPain"],"picked":"HeavenGodSword+1","floor":13},{"not_picked":["IrresoluteSoul","CelestialStarSword"],"picked":"FastingOfTheYoungPreta","floor":16},{"not_picked":["ObsessionSword","TwoHundredYojanaInOneSlash+1"],"picked":"SpiritCuttingSword","floor":18},{"not_picked":["DispleasureOfTheSevenHakus","PreachingAvici+1"],"picked":"LowerRealmReflectionSlash+1","floor":20},{"not_picked":["TwoHundredYojanaInOneSlash+1","CrescentMoonSlash+1"],"picked":"ThreeKonsSevenHakus","floor":21},{"not_picked":["DispleasureOfTheSevenHakus","SpiritCuttingSword+1"],"picked":"HiganSword","floor":25},{"not_picked":["FourBirthsSword","FlashingScatteredFlowers+1"],"picked":"SuddenPhantomFormationSlashOfKarmicWind","floor":27},{"not_picked":["ConstancyOfTheConventionalTruth","PhosphoricSlash+1"],"picked":"EchoesOfTheInclemencyOfAllBeings","floor":29},{"not_picked":["SanzenSekai+1","ObsessionWithThePresentWorld"],"picked":"TurningAngelCut+1","floor":31},{"not_picked":["SanzenSekai+1","FlashingScatteredFlowers+1"],"picked":"HeartExcerptSlash+1","floor":32},{"not_picked":["DeadlyForm","HeavenGodSword+1"],"picked":"StrangeHalfBody","floor":33},{"not_picked":["TwoHundredYojanaInOneSlash+1","DoubleWheelOfPain"],"picked":"LotusPostureSlash+1","floor":35},{"not_picked":["HeartExcerptSlash+1","SlashOfMeditation+1","TenKingsRetributionOnThePreta+1"],"picked":"SKIP","floor":38},{"not_picked":["SlashOfDepartureFromHesitation+1","CrescentMoonSlash+1"],"picked":"CherryBlossomFlashing+1","floor":39},{"not_picked":["TenKingsRetributionOnThePreta+1","SpiritCuttingSword+1"],"picked":"GhostSword","floor":40},{"not_picked":["RapidSlash+1","CrescentMoonSlash+1"],"picked":"SwordOfBindingDesires","floor":41},{"not_picked":["LotusPostureSlash+1","TransmigrationSlash+1"],"picked":"SlashOfDelusionalInnerEye+1","floor":44},{"not_picked":["CrescentMoonSlash+1","SwordOfBindingDesires+1","BloodOfAsura"],"picked":"SKIP","floor":45},{"not_picked":["SpiritMediumsBind","ThreeKonsSevenHakus+1","PreachingAvici+1"],"picked":"SKIP","floor":46},{"not_picked":["BizarrenessOfSixRealms","SuddenPhantomFormationSlashOfKarmicWind+1"],"picked":"CherryBlossomFlashing+1","floor":47}],"player_experience":217361,"relics_obtained":[{"floor":6,"key":"Happy Flower"},{"floor":9,"key":"Molten Egg 2"},{"floor":13,"key":"MawBank"},{"floor":16,"key":"Gensokyo:OccultBall"},{"floor":25,"key":"Vajra"},{"floor":26,"key":"Dream Catcher"},{"floor":27,"key":"MealTicket"},{"floor":29,"key":"Gensokyo:OccultBall"},{"floor":31,"key":"WingedGreaves"},{"floor":31,"key":"Torii"},{"floor":33,"key":"Gensokyo:OccultBall"},{"floor":38,"key":"Gensokyo:OccultBall"},{"floor":40,"key":"Nunchaku"},{"floor":43,"key":"Mummified Hand"},{"floor":44,"key":"Lantern"},{"floor":46,"key":"Bottled Flame"}],"event_choices":[],"is_beta":false,"boss_relics":[{"not_picked":["Ectoplasm","SacredBark"],"picked":"Astrolabe"},{"not_picked":["Coffee Dripper","Pandora\u0027s Box"],"picked":"Philosopher\u0027s Stone"}],"items_purged_floors":[3,22,28,36],"is_endless":false,"potions_floor_spawned":[1,5,8,16,18,20,25,29,33,38,39,44,45,46],"ascension_level":0}}