{"host":"reretk0dz0kj8f1n","time":1608821622,"event":{"mods":["Arknights The Spire","BaseMod","Colored Map","Minty Spire (QoL Compilation)","StSLib"],"gold_per_floor":[114,129,304,320,320,352,49,79,79,99,111,111,123,35,35,135,135,152,179,190,15,26,26,26,26],"floor_reached":24,"playtime":848,"items_purged":["Doubt","Regret","ats:Defend"],"score":206,"play_id":"0bfca742-082b-4b4a-bf0a-6d4b558fa20d","local_time":"20201224235342","is_ascension_mode":false,"campfire_choices":[{"data":"ats:Burning Ground","floor":13,"key":"SMITH"},{"floor":15,"key":"REST"},{"floor":23,"key":"REST"}],"circlet_count":0,"master_deck":["ats:Strike C","ats:Strike V+1","ats:Armor Crushing Shot","ats:Defend+1","ats:Defend","ats:Defend","ats:Emotion Absorption+1","ats:Flame Of Heaven+1","ats:Burning Ground+1","ats:Mental Burst","ats:Ignite","ats:Volcano","ats:Echo Reverb","ats:Ignite"],"relics":["ats:Sanity","NeowsBlessing","ats:Originium","War Paint","ats:MaxSp4","ats:Originium","White Beast Statue","Letter Opener","MawBank","Empty Cage","Red Mask"],"acts_visited":["Exordium","TheCity"],"potions_floor_usage":[6,6,16,16,20,22,24,24],"damage_taken":[{"damage":0,"enemies":"Small Slimes","floor":1,"turns":1},{"damage":0,"enemies":"2 Louse","floor":2,"turns":1},{"damage":0,"enemies":"Jaw Worm","floor":4,"turns":1},{"damage":33,"enemies":"3 Sentries","floor":6,"turns":10},{"damage":6,"enemies":"Gremlin Nob","floor":8,"turns":3},{"damage":0,"enemies":"Exordium Wildlife","floor":10,"turns":2},{"damage":12,"enemies":"Blue Slaver","floor":11,"turns":2},{"damage":25,"enemies":"The Guardian","floor":16,"turns":6},{"damage":8,"enemies":"3 Byrds","floor":18,"turns":3},{"damage":10,"enemies":"Masked Bandits","floor":19,"turns":2},{"damage":12,"enemies":"Shell Parasite","floor":20,"turns":3},{"damage":36,"enemies":"Snake Plant","floor":22,"turns":3},{"damage":27,"enemies":"Gremlin Leader","floor":24,"turns":2}],"seed_played":"1893047044791628607","potions_obtained":[{"floor":1,"key":"DistilledChaos"},{"floor":2,"key":"BlessingOfTheForge"},{"floor":10,"key":"Energy Potion"},{"floor":11,"key":"FearPotion"},{"floor":16,"key":"Swift Potion"},{"floor":18,"key":"ats:Top Emergency Sanity Potion"},{"floor":19,"key":"Strength Potion"},{"floor":20,"key":"SpeedPotion"},{"floor":22,"key":"LiquidBronze"}],"is_trial":false,"path_per_floor":["M","M","?","M","?","E","$","E","T","M","M","?","R","$","R","B",null,"M","?","M","$","M","R","E"],"character_chosen":"DOCTOR_CLASS","items_purchased":["ats:Mental Burst","ats:MaxSp4","ats:Ignite"],"campfire_rested":2,"item_purchase_floors":[7,7,21],"current_hp_per_floor":[72,72,72,72,58,25,25,19,19,19,7,7,7,7,28,3,72,64,54,42,42,6,27,0,0],"gold":26,"neow_bonus":"THREE_ENEMY_KILL","is_daily":false,"chose_seed":false,"campfire_upgraded":1,"win_rate":0.0,"timestamp":1608821622,"path_taken":["M","M","?","M","?","E","$","E","T","M","M","?","R","$","R","BOSS","M","?","M","$","M","R","E"],"items_purchased_type":["Card","Relic","Card"],"build_version":"2020-12-22","purchased_purges":3,"victory":false,"max_hp_per_floor":[72,72,72,72,72,72,72,72,72,72,72,72,72,72,72,72,72,72,72,72,72,72,72,72,72],"card_choices":[{"not_picked":["ats:Apocalypse","ats:Song Of Battle","ats:Sword Rain"],"picked":"SKIP","floor":1},{"not_picked":["ats:Explosion Area Strengthen","ats:Leaping Hammer","ats:Flexible Camouflage"],"picked":"SKIP","floor":2},{"not_picked":["ats:Powerful Strike","ats:Poison Spread"],"picked":"ats:Flame Of Heaven","floor":4},{"not_picked":["ats:Sword Rain","ats:Shadow Raid"],"picked":"ats:Burning Ground","floor":6},{"not_picked":["ats:Steam Pump","ats:Soul Absorption","ats:Automatic Cover"],"picked":"SKIP","floor":8},{"not_picked":["ats:Thorns","ats:Hammer On"],"picked":"ats:Ignite","floor":10},{"not_picked":["ats:Flexible Camouflage","ats:Beaten Up","ats:Curse Doll"],"picked":"SKIP","floor":11},{"not_picked":["ats:Ambush","ats:Soul Rend"],"picked":"ats:Volcano","floor":16},{"not_picked":["ats:Powerful Strike","ats:Poison Spread","ats:Revitalization"],"picked":"SKIP","floor":18},{"not_picked":["ats:Poison Spread","ats:Cat Scratch"],"picked":"ats:Echo Reverb","floor":19},{"not_picked":["ats:Childhood Dance+1","ats:Cat Scratch","ats:Flexible Camouflage"],"picked":"SKIP","floor":20},{"not_picked":["ats:Consecutive Shot Auto+1","ats:Beaten Up+1","ats:Explosion Area Strengthen"],"picked":"SKIP","floor":22}],"player_experience":233641,"relics_obtained":[{"floor":6,"key":"ats:Originium"},{"floor":6,"key":"War Paint"},{"floor":8,"key":"ats:Originium"},{"floor":8,"key":"White Beast Statue"},{"floor":9,"key":"Letter Opener"},{"floor":19,"key":"Red Mask"}],"event_choices":[{"damage_healed":0,"gold_gain":175,"player_choice":"AGREE","damage_taken":0,"max_hp_gain":0,"max_hp_loss":0,"event_name":"Liars Game","floor":3,"gold_loss":0,"cards_obtained":["Doubt"]},{"damage_healed":0,"gold_gain":0,"player_choice":"Entered Light","damage_taken":14,"max_hp_gain":0,"max_hp_loss":0,"event_name":"Shining Light","floor":5,"gold_loss":0,"cards_upgraded":["ats:Emotion Absorption","ats:Strike V"]},{"damage_healed":0,"gold_gain":0,"player_choice":"Box","damage_taken":0,"relics_obtained":["MawBank"],"max_hp_gain":0,"max_hp_loss":0,"event_name":"Big Fish","floor":12,"gold_loss":0,"cards_obtained":["Regret"]},{"damage_healed":0,"gold_gain":0,"player_choice":"Fought Bandits","damage_taken":0,"max_hp_gain":0,"max_hp_loss":0,"event_name":"Masked Bandits","floor":19,"gold_loss":0}],"is_beta":false,"boss_relics":[{"not_picked":["Pandora\u0027s Box","Runic Pyramid"],"picked":"Empty Cage"}],"items_purged_floors":[7,14,21],"is_endless":false,"potions_floor_spawned":[1,2,10,11,16,18,19,20,22],"killed_by":"Gremlin Leader","ascension_level":0}}