{"host":"iphsb0ccnjx0pfn6","time":1608773521,"event":{"mods":["2.2 Compatiblity","AchievementEnabler","BaseMod","Colored Map","DeckTracker","Keyboard Shortcuts","Minty Spire (QoL Compilation)","Permanent Neow","Quick Restart","Relic Stats","StSLib","SuperFastMode","Uncapped","everything is the same but u backflip on backflip"],"gold_per_floor":[118,118,138,155,168,198,198,208,208,222,257,271,196,196,216,216,294,294,308,325,341,256,156,156,156],"floor_reached":24,"playtime":597,"items_purged":["Pain","Strike_R"],"score":424,"play_id":"336c3aac-b669-4b86-bb99-b44d18987a67","local_time":"20201224103201","is_ascension_mode":true,"campfire_choices":[{"data":"Immolate","floor":7,"key":"SMITH"},{"data":"Bash","floor":16,"key":"SMITH"}],"circlet_count":0,"master_deck":["AscendersBane","Strike_R","Strike_R","Strike_R","Strike_R","Defend_R+1","Defend_R","Defend_R","Defend_R","Bash+1","Immolate+1","Shrug It Off+1","Evolve","Impervious","Body Slam","Searing Blow"],"relics":["Burning Blood","WarpedTongs","Orichalcum","Bronze Scales","War Paint","SacredBark","Paper Frog"],"acts_visited":["Exordium","TheCity"],"potions_floor_usage":[17,21,24],"damage_taken":[{"damage":2.0,"enemies":"2 Louse","floor":1.0,"turns":2.0},{"damage":5.0,"enemies":"Cultist","floor":3.0,"turns":4.0},{"damage":11.0,"enemies":"Jaw Worm","floor":4.0,"turns":4.0},{"damage":3,"enemies":"Gremlin Gang","floor":5,"turns":3},{"damage":42,"enemies":"Lagavulin","floor":6,"turns":8},{"damage":2,"enemies":"3 Louse","floor":8,"turns":3},{"damage":3,"enemies":"Large Slime","floor":10,"turns":4},{"damage":16,"enemies":"3 Sentries","floor":11,"turns":6},{"damage":1,"enemies":"Gremlin Gang","floor":12,"turns":1},{"damage":5,"enemies":"Looter","floor":15,"turns":2},{"damage":27,"enemies":"The Guardian","floor":17,"turns":12},{"damage":21,"enemies":"2 Thieves","floor":19,"turns":3},{"damage":14,"enemies":"3 Byrds","floor":20,"turns":5},{"damage":47,"enemies":"Centurion and Healer","floor":21,"turns":13},{"damage":31,"enemies":"Shelled Parasite and Fungi","floor":24,"turns":3}],"seed_played":"-3538920710201188049","potions_obtained":[{"floor":3.0,"key":"PowerPotion"},{"floor":5,"key":"Dexterity Potion"},{"floor":10,"key":"Explosive Potion"},{"floor":12,"key":"HeartOfIron"},{"floor":19,"key":"BloodPotion"},{"floor":21,"key":"SneckoOil"}],"is_trial":false,"path_per_floor":["M","?","M","M","M","E","R","M","T","M","E","M","$","$","M","R","B",null,"M","M","M","?","$","M"],"character_chosen":"IRONCLAD","items_purchased":[],"campfire_rested":0,"item_purchase_floors":[],"current_hp_per_floor":[72,72,73,68,71,35,35,39,39,42,32,37,37,37,38,38,17,61,46,38,27,27,27,0,0],"gold":156,"neow_bonus":"ONE_RANDOM_RARE_CARD","is_daily":false,"chose_seed":false,"campfire_upgraded":2,"win_rate":0.0,"timestamp":1608773521,"path_taken":["M","?","M","M","M","E","R","M","T","M","E","M","$","$","M","R","BOSS","M","?","M","?","?","?"],"items_purchased_type":[],"build_version":"2020-12-22","purchased_purges":2,"victory":false,"max_hp_per_floor":[75,75,75,75,75,75,75,75,75,75,75,75,75,75,75,75,75,75,75,75,75,75,75,75,75],"relic_stats":{"counters":[15,73],"Bronze Scales":[162],"Orichalcum":[84],"War Paint":["Defend_R","Shrug It Off"],"obtain_stats":[{"Bronze Scales":9,"SacredBark":18,"Orichalcum":6,"War Paint":11,"Burning Blood":0,"WarpedTongs":2,"Paper Frog":22},{"Bronze Scales":6,"SacredBark":11,"Orichalcum":5,"War Paint":8,"Burning Blood":0,"WarpedTongs":1,"Paper Frog":14},{"Bronze Scales":24,"SacredBark":49,"Orichalcum":21,"War Paint":34,"Burning Blood":0,"WarpedTongs":2,"Paper Frog":70}],"Burning Blood":84,"WarpedTongs":[63]},"card_choices":[{"not_picked":["Iron Wave","Clash"],"picked":"Shrug It Off","floor":1.0},{"not_picked":["Heavy Blade","Rupture","Sword Boomerang"],"picked":"SKIP","floor":3.0},{"not_picked":["True Grit","Metallicize","Intimidate"],"picked":"SKIP","floor":4.0},{"not_picked":["Pommel Strike","Twin Strike"],"picked":"Evolve","floor":5},{"not_picked":["Headbutt","Sentinel","Twin Strike"],"picked":"SKIP","floor":6},{"not_picked":["Headbutt","Warcry","Feel No Pain"],"picked":"SKIP","floor":8},{"not_picked":["Iron Wave","Cleave","Corruption"],"picked":"SKIP","floor":10},{"not_picked":["Anger","Pommel Strike","Dark Embrace"],"picked":"SKIP","floor":11},{"not_picked":["Rupture","Clash","Iron Wave"],"picked":"SKIP","floor":12},{"not_picked":["Cleave","Anger","Spot Weakness"],"picked":"SKIP","floor":15},{"not_picked":["Reaper","Limit Break"],"picked":"Impervious","floor":17},{"not_picked":["Warcry","Infernal Blade","Sword Boomerang"],"picked":"SKIP","floor":19},{"not_picked":["Wild Strike","Pommel Strike"],"picked":"Body Slam","floor":20},{"not_picked":["Searing Blow","Heavy Blade+1","Armaments"],"picked":"SKIP","floor":21},{"not_picked":["Heavy Blade+1","Armaments"],"picked":"Searing Blow","floor":21}],"player_experience":1255403,"relics_obtained":[{"floor":6,"key":"Orichalcum"},{"floor":9,"key":"Bronze Scales"},{"floor":11,"key":"War Paint"}],"event_choices":[{"damage_healed":0.0,"max_hp_gain":0.0,"max_hp_loss":0.0,"gold_gain":0.0,"event_name":"Accursed Blacksmith","player_choice":"Rummage","floor":2.0,"gold_loss":0.0,"damage_taken":0.0,"relics_obtained":["WarpedTongs"],"cards_obtained":["Pain"]},{"damage_healed":0,"gold_gain":0,"player_choice":"Obtained Relic","damage_taken":0,"relics_obtained":["Paper Frog"],"max_hp_gain":0,"max_hp_loss":0,"event_name":"Addict","floor":22,"gold_loss":85}],"is_beta":false,"boss_relics":[{"not_picked":["Empty Cage","Black Star"],"picked":"SacredBark"}],"items_purged_floors":[13,23],"is_endless":false,"potions_floor_spawned":[3,5,10,12,19,21],"killed_by":"Shelled Parasite and Fungi","ascension_level":20}}