{"host":"3rixevx6n8b56xaj","time":1608835552,"event":{"mods":["2.2 Compatiblity","AchievementEnabler","Arknights The Spire","BaseMod","Colored Map","DeckTracker","Friendly Minions","Minty Spire (QoL Compilation)","StSLib","SuperFastMode"],"gold_per_floor":[16,27,46,46,46,46,46,66,91,105,116,116,141,159,159,261,261,278,294,69,69,85,85,111,122,122,122,134,59,93,104,104,208,208,222,241,241,256,274,302,49,49,49,49,60,110,35,68,68,68,68,68,68,94,94],"floor_reached":56,"playtime":2138,"items_purged":["Strike_P","Strike_P"],"score":1451,"play_id":"1a1a4a56-24af-4ef7-85e7-33dcb0610ef8","local_time":"20201225034552","is_ascension_mode":false,"campfire_choices":[{"data":"Eruption","floor":6.0,"key":"SMITH"},{"data":"CrushJoints","floor":12.0,"key":"SMITH"},{"data":"BowlingBash","floor":15.0,"key":"SMITH"},{"data":"MentalFortress","floor":23.0,"key":"SMITH"},{"data":"TalkToTheHand","floor":32.0,"key":"SMITH"},{"data":"Scrawl","floor":44,"key":"SMITH"},{"floor":49,"key":"RECALL"},{"data":"Adaptation","floor":52,"key":"SMITH"}],"circlet_count":0,"master_deck":["Strike_P+1","Defend_P+1","Defend_P+1","Defend_P+1","Eruption+1","Vigilance+1","EmptyMind+1","TalkToTheHand+1","Scrawl+1","CrushJoints+1","Collect","FollowUp","DevaForm","Sanctity+1","MentalFortress+1","Meditate+1","EmptyFist","Tantrum+1","InnerPeace+1","Vault+1","Evaluate+1","Vault+1","Adaptation+1"],"relics":["HolyWater","TeardropLocket","Juzu Bracelet","ats:Originium","Bag of Marbles","Coffee Dripper","ats:Originium","Strawberry","ats:Originium","Pen Nib","ats:Originium","Bottled Tornado","DollysMirror","Blue Candle","CloakClasp","Turnip","Orichalcum"],"acts_visited":["Exordium","TheCity","TheBeyond","TheEnding"],"potions_floor_usage":[33,54,55],"damage_taken":[{"damage":0.0,"enemies":"Cultist","floor":1.0,"turns":3.0},{"damage":0.0,"enemies":"Jaw Worm","floor":2.0,"turns":3.0},{"damage":0.0,"enemies":"2 Louse","floor":3.0,"turns":2.0},{"damage":0.0,"enemies":"Blue Slaver","floor":8.0,"turns":3.0},{"damage":0.0,"enemies":"3 Louse","floor":10.0,"turns":2.0},{"damage":0.0,"enemies":"Exordium Thugs","floor":11.0,"turns":3.0},{"damage":0.0,"enemies":"Gremlin Nob","floor":13.0,"turns":2.0},{"damage":0.0,"enemies":"2 Fungi Beasts","floor":14.0,"turns":1.0},{"damage":0.0,"enemies":"Slime Boss","floor":16.0,"turns":4.0},{"damage":0.0,"enemies":"Spheric Guardian","floor":18.0,"turns":3.0},{"damage":2.0,"enemies":"Chosen","floor":19.0,"turns":2.0},{"damage":5.0,"enemies":"Shelled Parasite and Fungi","floor":22.0,"turns":6.0},{"damage":11.0,"enemies":"Book of Stabbing","floor":24.0,"turns":6.0},{"damage":28.0,"enemies":"Cultist and Chosen","floor":25.0,"turns":6.0},{"damage":18.0,"enemies":"Snake Plant","floor":28.0,"turns":3.0},{"damage":0.0,"enemies":"Slavers","floor":30.0,"turns":3.0},{"damage":0.0,"enemies":"Centurion and Healer","floor":31.0,"turns":4.0},{"damage":2,"enemies":"Automaton","floor":33,"turns":6},{"damage":0,"enemies":"3 Shapes","floor":35,"turns":1},{"damage":0,"enemies":"3 Darklings","floor":36,"turns":2},{"damage":11,"enemies":"Sphere and 2 Shapes","floor":38,"turns":4},{"damage":0,"enemies":"Spire Growth","floor":39,"turns":4},{"damage":0,"enemies":"Giant Head","floor":40,"turns":5},{"damage":0,"enemies":"4 Shapes","floor":45,"turns":3},{"damage":14,"enemies":"Mind Bloom Boss Battle","floor":46,"turns":7},{"damage":4,"enemies":"Nemesis","floor":48,"turns":5},{"damage":0,"enemies":"Donu and Deca","floor":50,"turns":8},{"damage":16,"enemies":"Shield and Spear","floor":54,"turns":8},{"damage":76,"enemies":"The Heart","floor":55,"turns":8}],"seed_played":"-3176426267911587524","potions_obtained":[{"floor":8.0,"key":"Block Potion"},{"floor":10.0,"key":"EssenceOfSteel"},{"floor":11.0,"key":"Explosive Potion"},{"floor":16.0,"key":"SkillPotion"},{"floor":22.0,"key":"Strength Potion"},{"floor":30.0,"key":"SmokeBomb"},{"floor":31.0,"key":"DistilledChaos"},{"floor":33,"key":"SmokeBomb"},{"floor":38,"key":"StancePotion"},{"floor":45,"key":"ColorlessPotion"},{"floor":48,"key":"FairyPotion"}],"is_trial":false,"path_per_floor":["M","M","M","T","?","R","?","M","T","M","M","R","E","M","R","B",null,"M","M","$","?","M","R","E","M","T","?","M","$","E","M","R","B",null,"M","M","?","M","M","E","$","?","T","R","M","?","$","E","R","B",null,"R","$","E","B",null],"character_chosen":"WATCHER","items_purchased":["LessonLearned","MentalFortress","DollysMirror","Adaptation"],"campfire_rested":0,"item_purchase_floors":[20,20,41,47],"current_hp_per_floor":[72,72,72,72,72,72,77,77,77,77,77,77,77,77,77,77,77,77,75,75,75,70,70,66,38,38,22,4,4,4,4,4,2,89,89,89,89,78,78,78,78,99,99,99,99,85,85,81,81,81,99,99,99,83,7],"gold":94,"neow_bonus":"TRANSFORM_TWO_CARDS","is_daily":false,"chose_seed":false,"campfire_upgraded":7,"win_rate":0.0,"timestamp":1608835552,"path_taken":["M","M","M","?","?","R","?","M","T","M","M","R","E","M","R","BOSS","M","M","$","?","M","R","E","M","T","?","M","$","E","M","R","BOSS","M","M","?","M","M","E","$","?","T","R","M","?","$","E","R","BOSS","R","$","E","BOSS"],"items_purchased_type":["Card","Card","Relic","Card"],"build_version":"2020-12-22","purchased_purges":2,"victory":true,"max_hp_per_floor":[72,72,72,72,72,72,77,77,77,77,77,77,77,77,77,77,77,77,77,77,77,77,77,84,84,84,89,89,89,89,89,89,89,89,89,89,89,89,89,89,89,99,99,99,99,99,99,99,99,99,99,99,99,99,99],"card_choices":[{"not_picked":["ClearTheMind","Prostrate","SashWhip"],"picked":"SKIP","floor":1.0},{"not_picked":["Consecrate","ClearTheMind"],"picked":"Scrawl","floor":2.0},{"not_picked":["Halt","SashWhip","FlyingSleeves"],"picked":"SKIP","floor":3.0},{"not_picked":["EmptyFist","Sanctity"],"picked":"BowlingBash","floor":8.0},{"not_picked":["SashWhip","Crescendo"],"picked":"CrushJoints","floor":10.0},{"not_picked":["Fasting2","SandsOfTime"],"picked":"Collect","floor":11.0},{"not_picked":["Crescendo","PathToVictory","Alpha"],"picked":"SKIP","floor":13.0},{"not_picked":["Evaluate","Wallop"],"picked":"FollowUp","floor":14.0},{"not_picked":["Omniscience","Scrawl"],"picked":"DevaForm","floor":16.0},{"not_picked":["ReachHeaven","JustLucky+1","WreathOfFlame+1"],"picked":"SKIP","floor":18.0},{"not_picked":["Collect","CarveReality"],"picked":"Sanctity+1","floor":19.0},{"not_picked":["CutThroughFate+1","Halt+1"],"picked":"Meditate+1","floor":22.0},{"not_picked":["Pray+1","JustLucky+1"],"picked":"EmptyFist","floor":24.0},{"not_picked":["WreathOfFlame","CrushJoints","Wireheading+1"],"picked":"SKIP","floor":25.0},{"not_picked":["Study+1","FlyingSleeves+1","EmptyFist+1"],"picked":"SKIP","floor":28.0},{"not_picked":["Evaluate","LessonLearned"],"picked":"Tantrum+1","floor":30.0},{"not_picked":["Protect","SashWhip"],"picked":"InnerPeace","floor":31.0},{"not_picked":["Establishment","Ragnarok"],"picked":"Vault","floor":33},{"not_picked":["Prostrate","PathToVictory","ReachHeaven"],"picked":"SKIP","floor":35},{"not_picked":["CutThroughFate","JustLucky+1","ClearTheMind+1"],"picked":"SKIP","floor":36},{"not_picked":["JustLucky","PathToVictory","EmptyMind"],"picked":"SKIP","floor":38},{"not_picked":["SashWhip+1","ForeignInfluence","Halt"],"picked":"SKIP","floor":39},{"not_picked":["Perseverance","Judgement"],"picked":"Evaluate+1","floor":40},{"not_picked":["CrushJoints+1","Nirvana+1","FlyingSleeves+1"],"picked":"SKIP","floor":45},{"not_picked":["Evaluate","ClearTheMind","Indignation"],"picked":"SKIP","floor":48},{"not_picked":["CutThroughFate+1","Indignation","SandsOfTime"],"picked":"SKIP","floor":54}],"player_experience":554002,"relics_obtained":[{"floor":4.0,"key":"TeardropLocket"},{"floor":9.0,"key":"Juzu Bracelet"},{"floor":13.0,"key":"ats:Originium"},{"floor":13.0,"key":"Bag of Marbles"},{"floor":24.0,"key":"ats:Originium"},{"floor":24.0,"key":"Strawberry"},{"floor":30.0,"key":"ats:Originium"},{"floor":30.0,"key":"Pen Nib"},{"floor":40,"key":"ats:Originium"},{"floor":40,"key":"Bottled Tornado"},{"floor":43,"key":"Blue Candle"},{"floor":46,"key":"CloakClasp"},{"floor":48,"key":"Turnip"},{"floor":54,"key":"Orichalcum"}],"event_choices":[{"damage_healed":0.0,"max_hp_gain":0.0,"max_hp_loss":0.0,"gold_gain":0.0,"event_name":"The Cleric","player_choice":"Leave","floor":5.0,"gold_loss":0.0,"damage_taken":0.0},{"damage_healed":0.0,"max_hp_gain":5.0,"max_hp_loss":0.0,"gold_gain":0.0,"event_name":"Big Fish","player_choice":"Donut","floor":7.0,"gold_loss":0.0,"damage_taken":0.0},{"damage_healed":0.0,"max_hp_gain":0.0,"max_hp_loss":0.0,"gold_gain":0.0,"event_name":"Vampires","player_choice":"Ignored","floor":21.0,"gold_loss":0.0,"damage_taken":0.0},{"damage_healed":0.0,"max_hp_gain":5.0,"max_hp_loss":0.0,"gold_gain":0.0,"event_name":"Forgotten Altar","player_choice":"Shed Blood","floor":27.0,"gold_loss":0.0,"damage_taken":21.0},{"cards_removed":["BowlingBash"],"damage_healed":0,"gold_gain":0,"player_choice":"Removed Attack","damage_taken":0,"max_hp_gain":0,"max_hp_loss":0,"event_name":"Falling","floor":37,"gold_loss":0},{"cards_removed":["LessonLearned"],"damage_healed":11,"gold_gain":0,"player_choice":"Offered Rare","damage_taken":0,"max_hp_gain":10,"max_hp_loss":0,"event_name":"Bonfire Elementals","floor":42,"gold_loss":0},{"damage_healed":0,"gold_gain":0,"player_choice":"Fight","damage_taken":0,"max_hp_gain":0,"max_hp_loss":0,"event_name":"MindBloom","floor":46,"gold_loss":0}],"is_beta":false,"boss_relics":[{"not_picked":["Philosopher\u0027s Stone","Astrolabe"],"picked":"Coffee Dripper"},{"not_picked":["Snecko Eye","Busted Crown"],"picked":"HolyWater"}],"items_purged_floors":[29,41],"is_endless":false,"potions_floor_spawned":[8,10,11,16,22,30,31,33,38,45,46,48],"ascension_level":0}}