{"host":"3rixevx6n8b56xaj","time":1608833285,"event":{"mods":["2.2 Compatiblity","AchievementEnabler","Arknights The Spire","BaseMod","Colored Map","DeckTracker","Friendly Minions","Minty Spire (QoL Compilation)","StSLib","SuperFastMode"],"gold_per_floor":[216,236,236,14,26,26,43,56,80,80,97,108,108,126,126,223,223,234,246,246,246],"floor_reached":20,"playtime":707,"items_purged":["Decay"],"score":170,"play_id":"0800badf-4449-4617-85bf-16b3e3306f41","local_time":"20201225030805","is_ascension_mode":false,"campfire_choices":[{"data":"ats:Burning Ground","floor":6,"key":"SMITH"},{"data":"ats:Thorns","floor":10,"key":"SMITH"},{"data":"ats:Emotion Absorption","floor":13,"key":"SMITH"},{"data":"ats:Leaping Hammer","floor":15,"key":"SMITH"}],"circlet_count":0,"master_deck":["ats:Armor Crushing Shot","ats:Emotion Absorption+1","ats:Burning Ground+1","ats:Sword Rain","ats:Apocalypse","ats:Leaping Hammer+1","ats:Thorns+1","ats:Defend Order","ats:Calcification","ats:Mental Burst","ats:Blood Oath","ats:Thermite Blade","ats:Neurotoxin","ats:Collapsing Strike","ats:Echo Reverb","ats:Composite Medical Shells","ats:Shell Defense","ats:Ignite"],"relics":["ats:Sanity","ats:Arts","ats:MaxSp2","Pandora\u0027s Box"],"acts_visited":["Exordium","TheCity"],"potions_floor_usage":[11,16,20],"damage_taken":[{"damage":0,"enemies":"2 Louse","floor":1,"turns":3},{"damage":1,"enemies":"Cultist","floor":2,"turns":3},{"damage":0,"enemies":"Small Slimes","floor":5,"turns":3},{"damage":9,"enemies":"2 Fungi Beasts","floor":7,"turns":3},{"damage":18,"enemies":"Exordium Thugs","floor":8,"turns":3},{"damage":4,"enemies":"Lots of Slimes","floor":11,"turns":2},{"damage":9,"enemies":"3 Louse","floor":12,"turns":2},{"damage":7,"enemies":"Red Slaver","floor":14,"turns":5},{"damage":31,"enemies":"Hexaghost","floor":16,"turns":11},{"damage":24,"enemies":"Shell Parasite","floor":18,"turns":5},{"damage":28,"enemies":"3 Byrds","floor":19,"turns":4},{"damage":69,"enemies":"Cultist and Chosen","floor":20,"turns":4}],"seed_played":"7837248067393184720","potions_obtained":[{"floor":1,"key":"Explosive Potion"},{"floor":2,"key":"SpeedPotion"},{"floor":5,"key":"Block Potion"},{"floor":19,"key":"ColorlessPotion"}],"is_trial":false,"path_per_floor":["M","M","?","$","M","R","M","M","T","R","M","M","R","M","R","B",null,"M","M","M"],"character_chosen":"DOCTOR_CLASS","items_purchased":["ats:Arts"],"campfire_rested":0,"item_purchase_floors":[4],"current_hp_per_floor":[72,71,71,71,71,71,64,48,48,48,46,37,37,32,32,9,72,52,37,0,0],"gold":246,"neow_bonus":"HUNDRED_GOLD","is_daily":false,"chose_seed":false,"campfire_upgraded":4,"win_rate":0.0,"timestamp":1608833285,"path_taken":["M","M","?","$","M","R","M","M","T","R","M","M","R","?","R","BOSS","M","M","M"],"items_purchased_type":["Relic"],"build_version":"2020-12-22","purchased_purges":1,"victory":false,"max_hp_per_floor":[72,72,72,72,72,72,72,72,72,72,72,72,72,72,72,72,72,72,72,72,72],"card_choices":[{"not_picked":["ats:Leaping Hammer","ats:Healing Strengthening"],"picked":"ats:Burning Ground","floor":1},{"not_picked":["ats:Explosion Area Strengthen","ats:Consecutive Shot Auto"],"picked":"ats:Sword Rain","floor":2},{"not_picked":["ats:Flexible Camouflage","ats:Directed Diagnosis"],"picked":"ats:Apocalypse","floor":5},{"not_picked":["ats:Beaten Up","ats:Encircling Forest"],"picked":"ats:Leaping Hammer","floor":7},{"not_picked":["ats:Curse Doll","ats:Volcano"],"picked":"ats:Thorns","floor":8},{"not_picked":["ats:Curse Doll","ats:Powerful Strike","ats:Shadow Raid"],"picked":"SKIP","floor":11},{"not_picked":["ats:Leaping Hammer","ats:Poison Spread"],"picked":"ats:Defend Order","floor":12},{"not_picked":["ats:Poison Spread","ats:Childhood Dance","ats:Flexible Camouflage"],"picked":"SKIP","floor":14},{"not_picked":["ats:Wolf Pack","ats:Volcano"],"picked":"ats:Calcification","floor":16},{"not_picked":["ats:Powerful Strike","ats:Explosion Area Strengthen","ats:Consecutive Shot Auto+1"],"picked":"SKIP","floor":18},{"not_picked":["ats:Explosion Area Strengthen","ats:Guardian Obelisk"],"picked":"ats:Ignite","floor":19}],"player_experience":553295,"relics_obtained":[{"floor":9,"key":"ats:MaxSp2"}],"event_choices":[{"damage_healed":0,"gold_gain":0,"player_choice":"Cursed","damage_taken":0,"max_hp_gain":0,"max_hp_loss":0,"event_name":"Wheel of Change","floor":3,"gold_loss":0,"cards_obtained":["Decay"]}],"is_beta":false,"boss_relics":[{"not_picked":["Ectoplasm","Sozu"],"picked":"Pandora\u0027s Box"}],"items_purged_floors":[4],"is_endless":false,"potions_floor_spawned":[1,2,5,19],"killed_by":"Cultist and Chosen","ascension_level":0}}