{"host":"qjr2x8lg4bxz99yh","time":1608768910,"event":{"mods":["Act Like it!","BaseMod","Colored Powertips","Downfall","Friendly Minions","Hallownest","Hermit","Minty Spire (QoL Compilation)","Replay The Spire","StSLib","The Bug Knight","The Cursed","The Disciple","The Hierophant","The Jungle","The Necromancer","The Runesmith","everything is the same but u backflip on backflip"],"gold_per_floor":[113,113,113,129,129,53,87,98,98,115,127,127,127,169,169,294,294,384,439,439,524,439,439,435,435],"floor_reached":24,"playtime":1509,"items_purged":[],"score":148,"play_id":"f33d9116-e994-461c-baa7-b397579bc9e2","local_time":"20201223181510","is_ascension_mode":false,"campfire_choices":[{"floor":12,"key":"REST"},{"floor":15,"key":"REST"},{"floor":23,"key":"REST"}],"circlet_count":0,"master_deck":["hierophant:Strike_Hierophant","hierophant:Strike_Hierophant","hierophant:Strike_Hierophant","hierophant:Strike_Hierophant","hierophant:Punish+1","hierophant:Defend_Hierophant","hierophant:Defend_Hierophant","hierophant:Defend_Hierophant","hierophant:Defend_Hierophant","hierophant:MorningPrayer","hierophant:PristineSoul","hierophant:Upheaval","hierophant:Smite","hierophant:Sermon","hierophant:Repentance","hierophant:RustyCrate","hierophant:Doubloon","hierophant:Doubloon","hierophant:Smite","hierophant:BulkyChest","hierophant:FaithHealing","hierophant:MirrorShield","hierophant:ArchangelShield"],"relics":["hierophant:PropheticMaskRelic","Ring of Hypnosis","Ring of Fury","Mercury Hourglass","Pen Nib","Replay:Arrowhead","Runesmith:Nanobots","Black Star","Gambling Chip"],"acts_visited":["Exordium","TheCity"],"potions_floor_usage":[24,24,24],"damage_taken":[{"damage":0,"enemies":"2 Louse","floor":1,"turns":1},{"damage":0,"enemies":"Jaw Worm","floor":4,"turns":2},{"damage":51,"enemies":"Gremlin Nob","floor":7,"turns":6},{"damage":0,"enemies":"Small Slimes","floor":8,"turns":1},{"damage":2,"enemies":"Blue Slaver","floor":10,"turns":4},{"damage":8,"enemies":"Exordium Wildlife","floor":11,"turns":3},{"damage":0,"enemies":"Exordium Thugs","floor":14,"turns":3},{"damage":35,"enemies":"Slime Boss","floor":16,"turns":8},{"damage":24,"enemies":"3 Byrds","floor":18,"turns":3},{"damage":10,"enemies":"2 Thieves","floor":19,"turns":2},{"damage":9,"enemies":"Sentry and Sphere","floor":21,"turns":3},{"damage":63,"enemies":"Book of Stabbing","floor":24,"turns":5}],"seed_played":"-1210941030140340796","potions_obtained":[{"floor":7,"key":"AttackPotion"},{"floor":8,"key":"GamblersBrew"},{"floor":10,"key":"SpeedPotion"}],"is_trial":false,"path_per_floor":["M","?","T","M","?","$","E","M","T","M","M","R","T","M","R","B",null,"M","M","?","M","?","R","E"],"character_chosen":"HIEROPHANT","items_purchased":["hierophant:Upheaval"],"campfire_rested":3,"item_purchase_floors":[6],"current_hp_per_floor":[82,82,82,82,82,82,31,31,31,29,21,45,45,45,69,34,82,58,48,48,39,39,63,0,0],"gold":435,"neow_bonus":"TEN_PERCENT_HP_BONUS","is_daily":false,"chose_seed":false,"campfire_upgraded":0,"win_rate":0.0,"timestamp":1608768910,"path_taken":["M","?","?","M","?","$","E","M","T","M","M","R","?","?","R","BOSS","M","M","?","?","?","R","E"],"items_purchased_type":["Card"],"build_version":"2020-12-22","purchased_purges":0,"victory":false,"max_hp_per_floor":[82,82,82,82,82,82,82,82,82,82,82,82,82,82,82,82,82,82,82,82,82,82,82,82,82],"card_choices":[{"not_picked":["hierophant:Zeal","hierophant:Sermon"],"picked":"hierophant:MorningPrayer","floor":1},{"not_picked":["hierophant:SealAway","hierophant:DisplayOfPower"],"picked":"hierophant:PristineSoul","floor":4},{"not_picked":["hierophant:Anathema","hierophant:Upheaval"],"picked":"hierophant:Smite","floor":7},{"not_picked":["hierophant:HolyVerse","hierophant:CoinFling"],"picked":"hierophant:Sermon","floor":8},{"not_picked":["hierophant:SealAway","hierophant:Dazzle"],"picked":"hierophant:Repentance","floor":10},{"not_picked":["hierophant:Exaltation","hierophant:OrnateBuckler"],"picked":"hierophant:RustyCrate","floor":11},{"not_picked":["hierophant:FlamingChariot","hierophant:SolarFlare"],"picked":"hierophant:Smite","floor":14},{"not_picked":["hierophant:Generosity","hierophant:DeathKnell"],"picked":"hierophant:BulkyChest","floor":16},{"not_picked":["hierophant:Remorse","hierophant:SealAway"],"picked":"hierophant:FaithHealing","floor":18},{"not_picked":["hierophant:HammerAndAnvil","hierophant:MorningPrayer+1"],"picked":"hierophant:MirrorShield","floor":19},{"not_picked":["hierophant:RepressedViolence","hierophant:DeathKnell"],"picked":"hierophant:ArchangelShield","floor":21}],"player_experience":13099,"relics_obtained":[{"floor":2,"key":"Ring of Hypnosis"},{"floor":2,"key":"Ring of Fury"},{"floor":3,"key":"Mercury Hourglass"},{"floor":7,"key":"Pen Nib"},{"floor":9,"key":"Replay:Arrowhead"},{"floor":13,"key":"Runesmith:Nanobots"}],"event_choices":[{"damage_healed":0,"gold_gain":0,"player_choice":"Grow","damage_taken":0,"max_hp_gain":0,"max_hp_loss":0,"event_name":"Living Wall","floor":5,"gold_loss":0,"cards_upgraded":["hierophant:Punish"]},{"cards_removed":["hierophant:ChurchCoffers"],"damage_healed":0,"gold_gain":0,"player_choice":"Offered Basic","damage_taken":0,"max_hp_gain":0,"max_hp_loss":0,"event_name":"Bonfire Elementals","floor":20,"gold_loss":0},{"damage_healed":0,"gold_gain":0,"player_choice":"Obtained Relic","damage_taken":0,"relics_obtained":["Gambling Chip"],"max_hp_gain":0,"max_hp_loss":0,"event_name":"Addict","floor":22,"gold_loss":85}],"is_beta":false,"boss_relics":[{"not_picked":["Fusion Hammer","Ring of Chaos"],"picked":"Black Star"}],"items_purged_floors":[],"is_endless":false,"potions_floor_spawned":[7,8,10,19],"killed_by":"Book of Stabbing","ascension_level":0}}