{"host":"cc187","time":1608847446,"event":{"mods":["AchievementEnabler","BaseMod","Bestiary","Colored Map","Colored Powertips","Highlight Path","Keyboard Shortcuts","Minty Spire (QoL Compilation)","Quick Restart","Rare Cards Sparkle","Relic Stats","StSLib","SuperFastMode","Synergy Search","ojb\u0027s Info Mod"],"gold_per_floor":[112,123,140,100,80,80,105,105,105,131,147,147,190,210,210,210,210],"floor_reached":16,"playtime":662,"items_purged":[],"score":234,"play_id":"2cbdec35-f42f-4684-8742-5d281f444d43","local_time":"20201224220406","is_ascension_mode":true,"campfire_choices":[{"data":"Dash","floor":6.0,"key":"SMITH"},{"floor":8.0,"key":"REST"},{"floor":12.0,"key":"REST"},{"floor":15,"key":"REST"}],"circlet_count":0,"master_deck":["AscendersBane","Strike_G","Strike_G","Strike_G","Strike_G","Strike_G","Defend_G","Defend_G","Defend_G","Defend_G","Defend_G","Survivor","Neutralize","Dash+1","Blade Dance","Backflip","Die Die Die","Choke","Underhanded Strike"],"relics":["Ring of the Snake","Question Card","CeramicFish","Tingsha","Ancient Tea Set"],"acts_visited":["Exordium"],"potions_floor_usage":[13,13,14,16],"damage_taken":[{"damage":0.0,"enemies":"2 Louse","floor":1.0,"turns":4.0},{"damage":0.0,"enemies":"Cultist","floor":2.0,"turns":4.0},{"damage":0.0,"enemies":"Jaw Worm","floor":3.0,"turns":4.0},{"damage":2.0,"enemies":"Looter","floor":4.0,"turns":4.0},{"damage":37.0,"enemies":"Lagavulin","floor":7.0,"turns":8.0},{"damage":16.0,"enemies":"Gremlin Nob","floor":10.0,"turns":4.0},{"damage":4.0,"enemies":"Exordium Thugs","floor":11.0,"turns":3.0},{"damage":43,"enemies":"Lagavulin","floor":13,"turns":9},{"damage":3,"enemies":"3 Louse","floor":14,"turns":3},{"damage":39,"enemies":"The Guardian","floor":16,"turns":15}],"seed_played":"8666152585775907991","potions_obtained":[{"floor":3.0,"key":"CunningPotion"},{"floor":5.0,"key":"Ancient Potion"},{"floor":7.0,"key":"Ancient Potion"},{"floor":10.0,"key":"SpeedPotion"},{"floor":13,"key":"PowerPotion"},{"floor":14,"key":"LiquidMemories"}],"is_trial":false,"path_per_floor":["M","M","M","M","?","R","E","R","T","E","M","R","E","M","R","B"],"character_chosen":"THE_SILENT","items_purchased":[],"campfire_rested":3,"item_purchase_floors":[],"current_hp_per_floor":[65,65,65,63,63,63,26,47,47,31,27,48,5,2,23,0,0],"gold":210,"neow_bonus":"TEN_PERCENT_HP_BONUS","is_daily":false,"chose_seed":false,"campfire_upgraded":1,"win_rate":0.0,"timestamp":1608847446,"path_taken":["M","M","M","M","?","R","E","R","T","E","M","R","E","?","R","BOSS"],"items_purchased_type":[],"build_version":"2020-12-18","purchased_purges":0,"victory":false,"max_hp_per_floor":[72,72,72,72,72,72,72,72,72,72,72,72,72,72,72,72,72],"relic_stats":{"counters":[10,58],"CeramicFish":18,"Tingsha":[12],"Question Card":4,"obtain_stats":[{"CeramicFish":9,"Tingsha":10,"Question Card":7,"Ancient Tea Set":13,"Ring of the Snake":0},{"CeramicFish":5,"Tingsha":6,"Question Card":5,"Ancient Tea Set":8,"Ring of the Snake":0},{"CeramicFish":24,"Tingsha":28,"Question Card":24,"Ancient Tea Set":40,"Ring of the Snake":0}],"Ring of the Snake":[20]},"card_choices":[{"not_picked":["Deadly Poison","Sucker Punch"],"picked":"Dash","floor":1.0},{"not_picked":["Terror","Prepared"],"picked":"Blade Dance","floor":2.0},{"not_picked":["Quick Slash","Concentrate"],"picked":"Backflip","floor":3.0},{"not_picked":["Quick Slash","Dagger Throw","Dodge and Roll"],"picked":"SKIP","floor":4.0},{"not_picked":["Heel Hook","Prepared"],"picked":"Die Die Die","floor":7.0},{"not_picked":["Flying Knee","PiercingWail","Acrobatics","Flechettes"],"picked":"SKIP","floor":10.0},{"not_picked":["Flying Knee","Predator","PiercingWail","Bane"],"picked":"SKIP","floor":11.0},{"not_picked":["Calculated Gamble","Crippling Poison","Setup"],"picked":"Choke","floor":13},{"not_picked":["Backflip","PiercingWail","Flying Knee"],"picked":"Underhanded Strike","floor":14}],"player_experience":844317,"relics_obtained":[{"floor":7.0,"key":"Question Card"},{"floor":9.0,"key":"CeramicFish"},{"floor":10.0,"key":"Tingsha"},{"floor":13,"key":"Ancient Tea Set"}],"event_choices":[{"damage_healed":0.0,"max_hp_gain":0.0,"max_hp_loss":0.0,"gold_gain":0.0,"event_name":"The Woman in Blue","player_choice":"Bought 1 Potion","floor":5.0,"gold_loss":0.0,"damage_taken":0.0}],"is_beta":true,"boss_relics":[],"items_purged_floors":[],"is_endless":false,"potions_floor_spawned":[3,7,10,13,14],"killed_by":"The Guardian","ascension_level":19}}