{"host":"2461dio7vetlq1z3","time":1608794417,"event":{"mods":["2.2 Compatiblity","AchievementEnabler","Aspiration","BaseMod","Better Third Choice","Hermit","Marisa????????","Minty Spire (QoL Compilation)","Relic Stats","Spicy Shops","StSLib","The Runesmith","Waifu the Spire"],"gold_per_floor":[116,116,131,30,43,43,61,86,86,86,86,118,138,10,10,112,112,127,127,127,42,42,74,86,98,98],"floor_reached":25,"playtime":844,"items_purged":["Runesmith:Strike_RS"],"score":261,"play_id":"e4e7b303-afc8-4eba-9840-551d9284fce4","local_time":"20201224082017","is_ascension_mode":true,"campfire_choices":[{"data":"aspiration:UnbridledHammer","floor":6,"key":"SMITH"},{"data":"Runesmith:FrozenChisel","floor":10,"key":"SMITH"},{"data":"Runesmith:HammerThrow","floor":15,"key":"SMITH"},{"data":"Runesmith:FieryHammer","floor":24,"key":"SMITH"}],"circlet_count":0,"master_deck":["Runesmith:Strike_RS+1","Runesmith:Strike_RS+1","Runesmith:Strike_RS+1","Runesmith:Defend_RS+1","Runesmith:Defend_RS+1","Runesmith:Defend_RS+1","Runesmith:Defend_RS+1","Runesmith:CraftFirestone","Runesmith:Fortify+1","Runesmith:GoWithTheFlow","aspiration:UnbridledHammer+1","Runesmith:FrozenChisel+1","Runesmith:RuneHurl","Runesmith:MakeshiftArmor","Runesmith:ElementalConversion","Runesmith:FieryHammer+1","Runesmith:ChiselStab","Runesmith:HammerThrow+1","Runesmith:GrandSlam","Runesmith:RuneHurl"],"relics":["aspiration:PoetsPen_weak","HornCleat","Darkstone Periapt","Bronze Scales","Black Star","aspiration:RitualStick","CeramicFish","Regal Pillow","Bag of Marbles","MawBank"],"acts_visited":["Exordium","TheCity"],"potions_floor_usage":[8],"damage_taken":[{"damage":2,"enemies":"2 Louse","floor":1,"turns":3},{"damage":1,"enemies":"Cultist","floor":3,"turns":3},{"damage":4,"enemies":"Jaw Worm","floor":5,"turns":2},{"damage":0,"enemies":"Red Slaver","floor":7,"turns":4},{"damage":15,"enemies":"3 Sentries","floor":8,"turns":8},{"damage":9,"enemies":"Lagavulin","floor":12,"turns":5},{"damage":0,"enemies":"Large Slime","floor":13,"turns":3},{"damage":18,"enemies":"The Guardian","floor":16,"turns":6},{"damage":5,"enemies":"Shell Parasite","floor":18,"turns":4},{"damage":27,"enemies":"Slavers","floor":23,"turns":4},{"damage":25,"enemies":"Gremlin Leader","floor":25,"turns":3}],"seed_played":"-4937166161645886905","potions_obtained":[{"floor":1,"key":"Fire Potion"},{"floor":3,"key":"BlessingOfTheForge"},{"floor":8,"key":"BlessingOfTheForge"},{"floor":11,"key":"PowerPotion"},{"floor":16,"key":"EntropicBrew"},{"floor":23,"key":"BlessingOfTheForge"}],"is_trial":false,"path_per_floor":["M","?","M","$","M","R","M","E","T","R","?","E","M","$","R","B",null,"M","?","?","?","?","E","R","E"],"character_chosen":"RUNESMITH_CLASS","items_purchased":["Runesmith:FrozenChisel","Runesmith:RuneHurl","Runesmith:HammerThrow"],"campfire_rested":0,"item_purchase_floors":[4,4,14],"current_hp_per_floor":[68,68,67,67,63,63,63,48,48,48,48,39,39,39,39,21,70,65,65,51,51,51,24,24,0,0],"gold":98,"neow_bonus":"BOSS_RELIC","is_daily":false,"chose_seed":false,"campfire_upgraded":4,"win_rate":0.0,"timestamp":1608794417,"path_taken":["M","?","M","?","?","R","M","E","T","R","?","E","?","$","R","BOSS","M","?","?","?","?","E","R","E"],"items_purchased_type":["Card","Card","Card"],"build_version":"2020-12-22","purchased_purges":1,"victory":false,"max_hp_per_floor":[70,70,70,70,70,70,70,70,70,70,70,70,70,70,70,70,70,70,70,70,70,70,70,70,70,70],"relic_stats":{"Darkstone Periapt":0,"Regal Pillow":0,"counters":[11,45],"Bronze Scales":[77],"CeramicFish":0,"Black Star":1,"MawBank":24,"obtain_stats":[{"Darkstone Periapt":9,"Runesmith:BrokenRuby":0,"Regal Pillow":22,"HornCleat":8,"Bronze Scales":12,"CeramicFish":21,"aspiration:PoetsPen_weak":0,"Black Star":17,"Bag of Marbles":23,"MawBank":23,"aspiration:RitualStick":20},{"Darkstone Periapt":5,"Runesmith:BrokenRuby":0,"Regal Pillow":9,"HornCleat":5,"Bronze Scales":6,"CeramicFish":9,"aspiration:PoetsPen_weak":0,"Black Star":8,"Bag of Marbles":10,"MawBank":10,"aspiration:RitualStick":9},{"Darkstone Periapt":20,"Runesmith:BrokenRuby":0,"Regal Pillow":38,"HornCleat":20,"Bronze Scales":25,"CeramicFish":38,"aspiration:PoetsPen_weak":0,"Black Star":34,"Bag of Marbles":42,"MawBank":42,"aspiration:RitualStick":38}],"aspiration:RitualStick":[0]},"card_choices":[{"not_picked":["Runesmith:DoubleUp","Runesmith:Firestorm"],"picked":"Runesmith:GoWithTheFlow","floor":1},{"not_picked":["Runesmith:HeatedChisel","Runesmith:UnstableHammer"],"picked":"aspiration:UnbridledHammer","floor":3},{"not_picked":["Runesmith:NanitesCloud","Runesmith:Repurpose"],"picked":"Runesmith:MakeshiftArmor","floor":5},{"not_picked":["Runesmith:ShiftingStrike","Runesmith:HeatedChisel"],"picked":"Runesmith:ElementalConversion","floor":7},{"not_picked":["Runesmith:OneForEveryone","Runesmith:Retool","Runesmith:Attraction"],"picked":"SKIP","floor":8},{"not_picked":["Runesmith:Refine","Runesmith:CraftProtectio"],"picked":"Runesmith:FieryHammer","floor":12},{"not_picked":["Runesmith:Permafrost","Runesmith:NanitesCloud"],"picked":"Runesmith:ChiselStab","floor":13},{"not_picked":["Runesmith:FissionHammer","Runesmith:CraftIndustria"],"picked":"Runesmith:GrandSlam","floor":16},{"not_picked":["Runesmith:Augment+1","Runesmith:HeatedChisel+1"],"picked":"Runesmith:RuneHurl","floor":18},{"not_picked":["Runesmith:Terraform","Runesmith:ShiftingStrike+1","Runesmith:Repurpose"],"picked":"SKIP","floor":23}],"player_experience":1001794,"relics_obtained":[{"floor":8,"key":"HornCleat"},{"floor":9,"key":"Darkstone Periapt"},{"floor":12,"key":"Bronze Scales"},{"floor":23,"key":"Bag of Marbles"},{"floor":23,"key":"MawBank"}],"event_choices":[{"damage_healed":0,"gold_gain":0,"player_choice":"Upgraded","damage_taken":0,"max_hp_gain":0,"max_hp_loss":0,"event_name":"Upgrade Shrine","floor":2,"gold_loss":0,"cards_upgraded":["Runesmith:Fortify"]},{"damage_healed":0,"gold_gain":0,"player_choice":"Got Potions","damage_taken":0,"max_hp_gain":0,"max_hp_loss":0,"event_name":"Lab","floor":11,"gold_loss":0},{"damage_healed":0,"gold_gain":0,"player_choice":"Simplicity","damage_taken":0,"max_hp_gain":0,"max_hp_loss":7,"event_name":"betterThird:BetterWriting","floor":19,"gold_loss":0},{"damage_healed":0,"gold_gain":0,"player_choice":"Obtained Relic","damage_taken":0,"relics_obtained":["CeramicFish"],"max_hp_gain":0,"max_hp_loss":0,"event_name":"Addict","floor":21,"gold_loss":85},{"damage_healed":0,"gold_gain":0,"player_choice":"Gave Potion","damage_taken":0,"relics_obtained":["Regal Pillow"],"max_hp_gain":0,"max_hp_loss":0,"event_name":"WeMeetAgain","floor":22,"gold_loss":0}],"is_beta":false,"boss_relics":[{"not_picked":["Fusion Hammer","Ectoplasm"],"picked":"Black Star"}],"items_purged_floors":[14],"is_endless":false,"potions_floor_spawned":[1,3,8,12,16,23],"killed_by":"Gremlin Leader","ascension_level":3}}