{"host":"h7xtspmc2x3i8s2i","time":1608848716,"event":{"mods":["2.2 Compatiblity","AchievementEnabler","Act Like it!","AlwaysNeverKeys","Aspiration","Astrologer","BaseMod","Beaked The Cultist","Bestiary","Better Match","Better Sensory Stone","Better Third Choice","Better Vampires","BetterRewards","Challenge The Spire","Colored Map","Colored Powertips","Colorless Booster Pack","Curses Come First","Defuse TimeMaze Blight","Dio Mod","Downfall","Duelist Mod","EXCEPTION","Energized Spire","Friendly Minions","GifTheSpireLib","Gold Saver","Gremlin Skip","Halation","Hubris","Jedi Mod","Key Reminder","Marked Mod","Minty Spire (QoL Compilation)","Permanent Neow","Random Character Button","Random Character Mod","Rare Cards Sparkle","Relic Filter","Relic Stats","Replay The Spire","SacredBarkPlus","Shop Mod","Somnambulant","Spicy Shops","Spikes Relics","Spire Birthday Party","StSLib","Steal the Spire","Stuff the Spire","SuperFastMode","The Awakened One except there are too many feathers","The Blue Laboratory","The Cursed","The Death Knight","The Dragon Tamer","The Edgeheg","The Hierophant","The Problem Sleuth","The Wild Card","Transform Curses","Unceasing Turn Reminder","everything is the same but u backflip on backflip","slay the spire mod where everything is the same but ironclad has a cowboy hat","vexMod"],"gold_per_floor":[1398,1410,1429,150,209,134,134,144,220,220,240,252,290,290,313,397,397,322,341,361,361,46,103,103,28,48,85,85,85,125,152,180,256,256,256,292,323,353,253,253,253,253,253,297,55,55,55,89,118,118,118,157,35,35,35],"floor_reached":56,"playtime":3970,"items_purged":["theDuelist:OjamaYellow","theDuelist:OjamaYellow"],"score":2697,"play_id":"25fef4b9-e3d3-4d0c-a58f-f7df990ab3f9","local_time":"20201224172516","is_ascension_mode":true,"campfire_choices":[{"floor":1.0,"key":"RECALL"},{"floor":6.0,"key":"REST"},{"data":"theDuelist:SlotMachine","floor":18.0,"key":"SMITH"},{"data":"theDuelist:OjamaTrio","floor":25.0,"key":"SMITH"},{"data":"theDuelist:OjamaGreen","floor":25.0,"key":"SMITH"},{"floor":28.0,"key":"REST"},{"data":"theDuelist:PotGreed","floor":35.0,"key":"SMITH"},{"data":"theDuelist:BlueBloodedOni","floor":35.0,"key":"SMITH"},{"data":"ReplayTheSpireMod:Brewmster","floor":40.0,"key":"SMITH"},{"data":"theDuelist:Ojamuscle","floor":40.0,"key":"SMITH"},{"data":"theDuelist:OjamaGreen","floor":43.0,"key":"SMITH"},{"data":"theDuelist:RedHeadedOni","floor":54,"key":"SMITH"},{"data":"theDuelist:StatueAnguishPattern","floor":54,"key":"SMITH"}],"circlet_count":0,"master_deck":["theDuelist:OjamaTrio+1","theDuelist:StrayLambs","theDuelist:StatueAnguishPattern+1","theDuelist:IrisEarthMother+1","theDuelist:OjamaKnight+1","theDuelist:ClearKuriboh","Deep Breath","theDuelist:OverpoweringEye","theDuelist:WhiteHowling+1","theDuelist:RelinquishedFusion+1","theDuelist:OverpoweringEye","theDuelist:IrisEarthMother","theDuelist:OjamaEmperor","theDuelist:OjamaBlue","theDuelist:OjamaGreen+1","theDuelist:OjamaKnight","theDuelist:PotGreed+1","theDuelist:OjamaBlack","theDuelist:Polymerization+1","theDuelist:SlotMachine+1","theDuelist:ZombieCorpse","AscendersBane","theDuelist:VampireKingdom","theDuelist:OjamaCountry","ReplayTheSpireMod:Brewmster+1","theDuelist:RedHeadedOni+1","theDuelist:OjamaBlack","theDuelist:VampireLady","theDuelist:Dakki","theDuelist:Ojamuscle+1","theDuelist:OjamaGreen+1","Finesse","theDuelist:RainbowDragon","theDuelist:OjamaCountry","theDuelist:OjamaCountry","theDuelist:EndlessDecay","theDuelist:MonsterReborn+1","theDuelist:OjamaCountry"],"relics":["theDuelist:MillenniumPuzzle","theDuelist:ChallengePuzzle","StuffTheSpire:OccultApparatus","theDuelist:CardPoolBasicRelic","theDuelist:BoosterPackPoolRelic","theDuelist:CardPoolAddRelic","theDuelist:CardPoolMinusRelic","theDuelist:CardPoolSaveRelic","theDuelist:CardPoolOptionsRelic","CeramicFish","halation:LostSnail","hubris:OldNail","Melange","Omamori","Dead Branch","MerchantsRug","downfall:HeartBlessingRed","ZombieTooth","theDuelist:BoosterBetterBoostersRelic","theDuelist:MillenniumRing","Runic Cube","downfall:HeartBlessingGreen","Blood Vial","Vampiric Spirits","Prayer Wheel","halation:PenCase","downfall:HeartBlessingBlue","SpikesRelics:DaevaFist","theSleuth:AffinityCrow","theDuelist:MetronomeRelicD","Centennial Puzzle","Medical Kit","Replay:Rubber Ducky","hubris:SphereOfDissonance","BlackRope","Pen Nib"],"acts_visited":["Exordium","TheCity","TheBeyond","TheEnding"],"potions_floor_usage":[55],"damage_taken":[{"damage":0.0,"enemies":"Jaw Worm","floor":2.0,"turns":1.0},{"damage":11.0,"enemies":"Cultist","floor":3.0,"turns":4.0},{"damage":0.0,"enemies":"downfall:FleeingMerchant","floor":4.0,"turns":4.0},{"damage":5.0,"enemies":"Small Slimes","floor":5.0,"turns":4.0},{"damage":0.0,"enemies":"Gremlin Gang","floor":8.0,"turns":1.0},{"damage":15.0,"enemies":"3 Sentries","floor":9.0,"turns":3.0},{"damage":0.0,"enemies":"Lots of Slimes","floor":11.0,"turns":2.0},{"damage":1.0,"enemies":"3 Louse","floor":12.0,"turns":3.0},{"damage":11.0,"enemies":"Replay:BlueRogue","floor":13.0,"turns":2.0},{"damage":0.0,"enemies":"Exordium Wildlife","floor":15.0,"turns":3.0},{"damage":0.0,"enemies":"downfall:Ironclad","floor":16.0,"turns":5.0},{"damage":1.0,"enemies":"3 Byrds","floor":19.0,"turns":2.0},{"damage":4.0,"enemies":"Shell Parasite","floor":20.0,"turns":2.0},{"damage":3.0,"enemies":"downfall:FleeingMerchant","floor":22.0,"turns":4.0},{"damage":0.0,"enemies":"downfall:FleeingMerchant","floor":23.0,"turns":6.0},{"damage":0.0,"enemies":"Cultist and Chosen","floor":26.0,"turns":4.0},{"damage":27.0,"enemies":"Snecko","floor":27.0,"turns":5.0},{"damage":0.0,"enemies":"theDuelist:KaibaA2","floor":30.0,"turns":2.0},{"damage":0.0,"enemies":"Shelled Parasite and Fungi","floor":31.0,"turns":3.0},{"damage":0.0,"enemies":"Centurion and Healer","floor":32.0,"turns":2.0},{"damage":15.0,"enemies":"downfall:Defect","floor":33.0,"turns":7.0},{"damage":0.0,"enemies":"Orb Walker","floor":36.0,"turns":4.0},{"damage":0.0,"enemies":"3 Darklings","floor":37.0,"turns":3.0},{"damage":3.0,"enemies":"Maw","floor":38.0,"turns":6.0},{"damage":15.0,"enemies":"R_Hoarder","floor":44.0,"turns":7.0},{"damage":3.0,"enemies":"Transient","floor":48.0,"turns":6.0},{"damage":0.0,"enemies":"Spire Growth","floor":49.0,"turns":2.0},{"damage":0,"enemies":"downfall:Silent","floor":50,"turns":4},{"damage":8,"enemies":"downfall:CharBossMerchant","floor":52,"turns":6},{"damage":0,"enemies":"downfall:NeowBoss","floor":55,"turns":19}],"seed_played":"329339860061971640","potions_obtained":[{"floor":0.0,"key":"theDuelist:FlamingBottle"},{"floor":0.0,"key":"Toxic Potion"},{"floor":8.0,"key":"PowerPotion"},{"floor":10.0,"key":"jedi:StrikingPotion"},{"floor":12.0,"key":"sneckomod:MuddlingPotion"},{"floor":13.0,"key":"blueLaboratory:BottleOfVodka"},{"floor":16.0,"key":"theDuelist:CoolBottle"},{"floor":19.0,"key":"DistilledChaos"},{"floor":27.0,"key":"theDuelist:LavaBottle"},{"floor":31.0,"key":"hexamod:EctoCoolerPotion"},{"floor":33.0,"key":"sneckomod:MuddlingPotion"},{"floor":38.0,"key":"blueLaboratory:FruitPunch"},{"floor":48.0,"key":"Energy Potion"}],"is_trial":false,"path_per_floor":["R_BF","M","M","$","M","R","T","M","E","?","M","M","E","?","M","B",null,"R","M","M","?","$","?","T","R","M","M","R","?","E","M","M","B",null,"R","M","M","M","NS","R","T","?","R","E","$","?","T","M","M","B",null,"E","$","R","B",null],"character_chosen":"THE_DUELIST","items_purchased":["theDuelist:SlotMachine","theDuelist:StrayLambs","CeramicFish","halation:LostSnail","hubris:OldNail","Melange","Omamori","Dead Branch","MerchantsRug","ReplayTheSpireMod:Brewmster","Finesse","Blood Vial","Medical Kit","Replay:Rubber Ducky","Pen Nib","theDuelist:OjamaCountry"],"campfire_rested":2,"item_purchase_floors":[4,4,4,4,4,4,4,4,4,22,22,22,45,45,53,53],"current_hp_per_floor":[63,63,52,52,47,68,68,68,53,53,53,52,41,64,64,64,69,69,68,64,64,61,63,63,73,80,53,77,77,80,80,80,65,76,76,80,80,77,77,77,77,77,77,67,67,67,67,66,82,82,82,82,82,82,82],"gold":35,"neow_bonus":"THREE_SMALL_POTIONS","is_daily":false,"chose_seed":false,"campfire_upgraded":10,"win_rate":0.0,"timestamp":1608848716,"path_taken":["R_BF","M","M","$","M","R","T","M","E","?","?","M","E","?","M","BOSS","R","M","M","?","?","?","T","R","M","?","R","?","E","M","M","BOSS","R","M","M","?","NS","R","T","?","R","E","$","?","?","?","M","BOSS","E","$","R","BOSS"],"items_purchased_type":["Card","Card","Relic","Relic","Relic","Relic","Relic","Relic","Relic","Card","Card","Relic","Relic","Relic","Relic","Card"],"build_version":"2020-12-22","purchased_purges":2,"victory":true,"max_hp_per_floor":[70,70,70,70,70,70,70,70,70,70,70,70,70,70,70,70,70,70,70,70,70,70,70,70,80,80,80,80,80,80,80,80,80,80,80,80,80,80,80,80,80,80,80,82,82,82,82,82,82,82,82,82,82,82,82],"relic_stats":{"Blood Vial":14,"Centennial Puzzle":[6],"counters":[30,126],"CeramicFish":270,"Dead Branch":[335],"Melange":[107],"Prayer Wheel":9,"Pen Nib":[3],"Medical Kit":[1],"obtain_stats":[{"Vampiric Spirits":23,"CeramicFish":4,"Melange":4,"downfall:HeartBlessingGreen":18,"theDuelist:MillenniumPuzzle":0,"theDuelist:BoosterBetterBoostersRelic":9,"Replay:Rubber Ducky":45,"Blood Vial":22,"StuffTheSpire:OccultApparatus":42,"theDuelist:BoosterPackPoolRelic":0,"ZombieTooth":7,"Centennial Puzzle":44,"downfall:HeartBlessingBlue":25,"theSleuth:AffinityCrow":34,"Prayer Wheel":23,"theDuelist:CardPoolAddRelic":0,"theDuelist:MetronomeRelicD":41,"theDuelist:CardPoolOptionsRelic":0,"theDuelist:CardPoolRelic":0,"Runic Cube":17,"MerchantsRug":4,"downfall:HeartBlessingRed":6,"Dead Branch":4,"hubris:SphereOfDissonance":47,"Pen Nib":53,"Omamori":4,"theDuelist:CardPoolSaveRelic":0,"BlackRope":52,"Medical Kit":45,"theDuelist:ChallengePuzzle":0,"keyreminder:keyreminder":1,"theDuelist:MillenniumRing":13,"theDuelist:CardPoolMinusRelic":0,"theDuelist:CardPoolBasicRelic":0,"halation:PenCase":23,"SpikesRelics:DaevaFist":30,"halation:LostSnail":4,"hubris:OldNail":4},{"Vampiric Spirits":15,"CeramicFish":3,"Melange":3,"downfall:HeartBlessingGreen":11,"theDuelist:MillenniumPuzzle":0,"theDuelist:BoosterBetterBoostersRelic":6,"Replay:Rubber Ducky":25,"Blood Vial":14,"StuffTheSpire:OccultApparatus":24,"theDuelist:BoosterPackPoolRelic":0,"ZombieTooth":4,"Centennial Puzzle":25,"downfall:HeartBlessingBlue":15,"theSleuth:AffinityCrow":21,"Prayer Wheel":15,"theDuelist:CardPoolAddRelic":0,"theDuelist:MetronomeRelicD":24,"theDuelist:CardPoolOptionsRelic":0,"theDuelist:CardPoolRelic":0,"Runic Cube":11,"MerchantsRug":3,"downfall:HeartBlessingRed":4,"Dead Branch":3,"hubris:SphereOfDissonance":25,"Pen Nib":29,"Omamori":3,"theDuelist:CardPoolSaveRelic":0,"BlackRope":29,"Medical Kit":25,"theDuelist:ChallengePuzzle":0,"keyreminder:keyreminder":0,"theDuelist:MillenniumRing":9,"theDuelist:CardPoolMinusRelic":0,"theDuelist:CardPoolBasicRelic":0,"halation:PenCase":15,"SpikesRelics:DaevaFist":18,"halation:LostSnail":3,"hubris:OldNail":3},{"Vampiric Spirits":46,"CeramicFish":9,"Melange":9,"downfall:HeartBlessingGreen":32,"theDuelist:MillenniumPuzzle":0,"theDuelist:BoosterBetterBoostersRelic":17,"Replay:Rubber Ducky":89,"Blood Vial":40,"StuffTheSpire:OccultApparatus":82,"theDuelist:BoosterPackPoolRelic":0,"ZombieTooth":13,"Centennial Puzzle":89,"downfall:HeartBlessingBlue":46,"theSleuth:AffinityCrow":69,"Prayer Wheel":46,"theDuelist:CardPoolAddRelic":0,"theDuelist:MetronomeRelicD":82,"theDuelist:CardPoolOptionsRelic":0,"theDuelist:CardPoolRelic":0,"Runic Cube":32,"MerchantsRug":9,"downfall:HeartBlessingRed":13,"Dead Branch":9,"hubris:SphereOfDissonance":89,"Pen Nib":107,"Omamori":9,"theDuelist:CardPoolSaveRelic":0,"BlackRope":107,"Medical Kit":89,"theDuelist:ChallengePuzzle":0,"keyreminder:keyreminder":0,"theDuelist:MillenniumRing":24,"theDuelist:CardPoolMinusRelic":0,"theDuelist:CardPoolBasicRelic":0,"halation:PenCase":46,"SpikesRelics:DaevaFist":57,"halation:LostSnail":9,"hubris:OldNail":9}],"Runic Cube":[16]},"card_choices":[{"not_picked":["theDuelist:GishkiZielgigas","theDuelist:GishkiMollusk","theDuelist:GishkiAriel","theDuelist:GishkiShadow","theDuelist:GishkiBeast"],"picked":"SKIP","floor":2.0},{"not_picked":["theDuelist:LightningRodLord","theDuelist:BigEye","theDuelist:StrayLambs","theDuelist:FlameTiger"],"picked":"theDuelist:RedHeadedOni","floor":3.0},{"not_picked":["theDuelist:EagleShark","theDuelist:KoakiMeiruIce","theDuelist:RageDeepSea","theDuelist:FishSwaps","theDuelist:CallAtlanteans"],"picked":"SKIP","floor":4.0},{"not_picked":["theDuelist:AttackTheMoon","theDuelist:BigFire","theDuelist:GaiaMidNightSun","theDuelist:BattleOx"],"picked":"theDuelist:ClearKuriboh","floor":5.0},{"not_picked":["theDuelist:MermaidKnight","theDuelist:BoulderTortoise","theDuelist:AbyssWarrior","theDuelist:KingYami","theDuelist:NightmarePenguin"],"picked":"SKIP","floor":8.0},{"not_picked":["theDuelist:Hyosube","theDuelist:GoldenFlyingFish","theDuelist:BoulderTortoise","theDuelist:Dorover","theDuelist:AmphibiousBugroth"],"picked":"SKIP","floor":9.0},{"not_picked":["theDuelist:DiamondDust","theDuelist:SpiralSpearStrike","theDuelist:ColdWave","theDuelist:TributeDoomed"],"picked":"theDuelist:SeaLordAmulet","floor":11.0},{"not_picked":["theDuelist:HydraViper","theDuelist:GraydleEagle","theDuelist:GishkiAvance","theDuelist:EagleShark","theDuelist:Dewdark"],"picked":"SKIP","floor":12.0},{"not_picked":["Enlightenment","PanicButton","The Bomb"],"picked":"Deep Breath","floor":13.0},{"not_picked":["theDuelist:Ojamuscle","theDuelist:PotDichotomy","theDuelist:YamiForm","theDuelist:DarkHorizon"],"picked":"theDuelist:OjamaCountry","floor":15.0},{"not_picked":["theDuelist:SeaLordAmulet","theDuelist:GishkiPsychelone","theDuelist:EvigishkiSoulOgre","theDuelist:Tierra"],"picked":"theDuelist:OjamaEmperor","floor":16.0},{"not_picked":["theDuelist:UltraPolymerization","theDuelist:MonsterReborn+1","theDuelist:MayakashiWinter","theDuelist:SangaWater"],"picked":"theDuelist:OjamaBlue","floor":19.0},{"not_picked":["theDuelist:BattleguardKing+1","theDuelist:DummyGolem","theDuelist:ElectromagneticShield","theDuelist:ChangeHeart+1"],"picked":"theDuelist:BlueBloodedOni","floor":20.0},{"not_picked":["theDuelist:MechMoleZombie","theDuelist:VampireFraulein","theDuelist:RainbowNeos","theDuelist:GiantOrc+1","theDuelist:RedEyesZombie"],"picked":"SKIP","floor":22.0},{"not_picked":["theDuelist:RainbowOverdragon","theDuelist:GaiaMidNightSun","theDuelist:Electrowhip","theDuelist:BattleguardKing"],"picked":"theDuelist:RedHeadedOni","floor":23.0},{"not_picked":["theDuelist:RainbowOverdragon","theDuelist:LightningRodLord","theDuelist:LightningVortex","theDuelist:FuryFire"],"picked":"theDuelist:PotGreed","floor":26.0},{"not_picked":["theDuelist:DarkMagician","theDuelist:Illusionist","theDuelist:SkullConductor","theDuelist:VampireDesire","theDuelist:Zombyra"],"picked":"SKIP","floor":26.0},{"not_picked":["theDuelist:RainbowFlower+1","theDuelist:RainbowNeos","theDuelist:RainbowDragon","theDuelist:KamionTimelord"],"picked":"theDuelist:IrisEarthMother+1","floor":27.0},{"not_picked":["theDuelist:NecroworldBanshee","theDuelist:Mezuki","theDuelist:DarkDustSpirit","theDuelist:Wightprincess"],"picked":"theDuelist:Polymerization+1","floor":27.0},{"not_picked":["theDuelist:GhostrickJackfrost","theDuelist:AshBlossom","theDuelist:Pumpking","theDuelist:VampireFamiliar"],"picked":"theDuelist:VampireLady","floor":30.0},{"not_picked":["theDuelist:ZombieMaster","theDuelist:VendreadDaybreak"],"picked":"theDuelist:OverpoweringEye","floor":31.0},{"not_picked":["theDuelist:Hinotama+1","theDuelist:LabyrinthWall","theDuelist:GauntletWarrior","theDuelist:RockSunrise","theDuelist:LightningRodLord+1"],"picked":"SKIP","floor":31.0},{"not_picked":["theDuelist:GhostrickMummy","theDuelist:VendreadRevolution","theDuelist:IlBlud+1","theDuelist:PhantomGhost+1"],"picked":"theDuelist:Dakki","floor":32.0},{"not_picked":["theDuelist:VampireFamiliar","theDuelist:GhostrickMummy","theDuelist:Pumpking","theDuelist:VendreadHoundhorde"],"picked":"theDuelist:RainbowDragon","floor":32.0},{"not_picked":["theDuelist:VampireFamiliar","theDuelist:KingYami","theDuelist:ParallelWorldFusion","theDuelist:DunamesDarkWitch"],"picked":"theDuelist:Dakki+1","floor":36.0},{"not_picked":["theDuelist:FossilSkullknight+1","theDuelist:KingYami","theDuelist:VampireDesire","theDuelist:Yoko"],"picked":"theDuelist:OjamaKnight+1","floor":36.0},{"not_picked":["theDuelist:VendreadReunion+1","theDuelist:SoulAbsorbingBone+1","theDuelist:OniGamiCombo+1","theDuelist:ZombiePowerStruggle+1"],"picked":"theDuelist:WhiteHowling+1","floor":37.0},{"not_picked":["theDuelist:PyramidWonders+1","theDuelist:ZombieNecronize","theDuelist:OnslaughtFireKings+1","theDuelist:WorldTree"],"picked":"theDuelist:OverpoweringEye","floor":37.0},{"not_picked":["theDuelist:FuryFire","theDuelist:LightningRodLord","theDuelist:BlockGolem","theDuelist:RainbowLife"],"picked":"theDuelist:CastleDarkIllusions+1","floor":38.0},{"not_picked":["theDuelist:UnderworldCannon","theDuelist:RevendreadEvolution+1","theDuelist:DimensionFusion","theDuelist:DimensionBurial"],"picked":"theDuelist:VampireKingdom","floor":38.0},{"not_picked":["theDuelist:VendreadReunion","theDuelist:PyramidWonders","theDuelist:AntiFusionDevice"],"picked":"theDuelist:StatueAnguishPattern","floor":44.0},{"not_picked":["theDuelist:GhostrickMummy","theDuelist:Wightprincess","theDuelist:WhiteMagicalHat","theDuelist:FusionTag"],"picked":"theDuelist:OjamaKnight","floor":48.0},{"not_picked":["theDuelist:Wasteland","theDuelist:PyramidWonders","theDuelist:Mausoleum"],"picked":"theDuelist:EndlessDecay","floor":48.0},{"not_picked":["theDuelist:VendreadCharge","theDuelist:FearFromDark","theDuelist:GhostrickBreak+1","theDuelist:RevendreadExecutor+1"],"picked":"theDuelist:RelinquishedFusion+1","floor":49.0},{"not_picked":["theDuelist:RainbowFlower","theDuelist:RainbowNeos","theDuelist:DunamesDarkWitch","theDuelist:RainbowDragon"],"picked":"theDuelist:IrisEarthMother","floor":49.0},{"not_picked":["theDuelist:Wightmare+1","theDuelist:PoisonMummy+1","theDuelist:SangaWater+1","theDuelist:SwordsConcealing+1"],"picked":"theDuelist:MonsterReborn+1","floor":52}],"player_experience":563095,"relics_obtained":[{"floor":7.0,"key":"ZombieTooth"},{"floor":9.0,"key":"theDuelist:BoosterBetterBoostersRelic"},{"floor":13.0,"key":"theDuelist:MillenniumRing"},{"floor":23.0,"key":"Vampiric Spirits"},{"floor":23.0,"key":"Prayer Wheel"},{"floor":23.0,"key":"halation:PenCase"},{"floor":30.0,"key":"SpikesRelics:DaevaFist"},{"floor":41.0,"key":"theDuelist:MetronomeRelicD"},{"floor":44.0,"key":"Centennial Puzzle"},{"floor":47.0,"key":"hubris:SphereOfDissonance"},{"floor":52,"key":"BlackRope"}],"event_choices":[{"damage_healed":0.0,"max_hp_gain":0.0,"max_hp_loss":0.0,"gold_gain":0.0,"event_name":"Lab","player_choice":"Got Potions","floor":10.0,"gold_loss":0.0,"damage_taken":0.0},{"damage_healed":23.0,"max_hp_gain":0.0,"max_hp_loss":0.0,"gold_gain":0.0,"event_name":"Big Fish","player_choice":"Banana","floor":14.0,"gold_loss":0.0,"damage_taken":0.0},{"damage_healed":0.0,"max_hp_gain":0.0,"max_hp_loss":0.0,"gold_gain":0.0,"event_name":"Battle City","player_choice":"Fight","duelist":true,"floor":23.0,"gold_loss":0.0,"damage_taken":0.0},{"damage_healed":0.0,"max_hp_gain":0.0,"max_hp_loss":0.0,"gold_gain":0.0,"event_name":"Egyptian Village","player_choice":"Leave","duelist":true,"floor":46.0,"gold_loss":0.0,"damage_taken":0.0}],"is_beta":false,"boss_relics":[{"not_picked":["Replay:Bronze Core","vexMod:CursedCompass"],"picked":"Runic Cube"},{"not_picked":["HoveringKite","hubris:Backtick"],"picked":"theSleuth:AffinityCrow"}],"items_purged_floors":[22,22],"is_endless":false,"potions_floor_spawned":[5,8,12,13,16,19,27,31,32,33,38,48],"ascension_level":20}}