{"host":"avjwtc49fhlk6kym","time":1608836414,"event":{"mods":["AchievementEnabler","BaseMod","Better Match","Better Note","Better Third Choice","Colored Map","Colored Powertips","Displayed Cursed Tome","Highlight Path","Minty Spire (QoL Compilation)","Permanent Neow","Quick Restart","StSLib"],"gold_per_floor":[111,126,226,242,252,279,7,7,7,23,55,80,113,113,113,215,215,226,226,257,4,4,4,22,22,100,134,151,162,162,37,37,37,37],"floor_reached":33,"playtime":1354,"items_purged":["Strike_P","Defend_P"],"score":311,"play_id":"f0a1058d-7175-45e5-8c16-6649b24a2f2a","local_time":"20201224140014","is_ascension_mode":true,"campfire_choices":[{"floor":8.0,"key":"REST"},{"floor":15.0,"key":"REST"},{"floor":23,"key":"REST"},{"floor":25,"key":"REST"},{"floor":32,"key":"REST"}],"circlet_count":0,"master_deck":["Strike_P+1","Defend_P","Eruption","Vigilance","Trip","CrushJoints","Evaluate","BowlingBash+1","FollowUp","Establishment","FollowUp","Halt","Crescendo","LikeWater","DevaForm","Perseverance+1","WheelKick+1","Sanctity+1","PathToVictory+1","SashWhip","ReachHeaven","BattleHymn+1","Wireheading+1","ClearTheMind","Study","LikeWater","ThirdEye"],"relics":["PureWater","Potion Belt","Toolbox","Omamori","Mummified Hand","Whetstone","Darkstone Periapt","Astrolabe","Necronomicon","Red Mask","Blood Vial","Pocketwatch","MutagenicStrength"],"acts_visited":["Exordium","TheCity"],"potions_floor_usage":[20],"damage_taken":[{"damage":0.0,"enemies":"Jaw Worm","floor":1.0,"turns":3.0},{"damage":1.0,"enemies":"Cultist","floor":2.0,"turns":3.0},{"damage":7.0,"enemies":"Small Slimes","floor":4.0,"turns":3.0},{"damage":10.0,"enemies":"2 Fungi Beasts","floor":5.0,"turns":4.0},{"damage":31.0,"enemies":"Lagavulin","floor":6.0,"turns":5.0},{"damage":0.0,"enemies":"Large Slime","floor":10.0,"turns":2.0},{"damage":14.0,"enemies":"3 Sentries","floor":11.0,"turns":6.0},{"damage":28.0,"enemies":"Lagavulin","floor":13.0,"turns":5.0},{"damage":25.0,"enemies":"The Guardian","floor":16.0,"turns":12.0},{"damage":19,"enemies":"2 Thieves","floor":18,"turns":4},{"damage":17,"enemies":"Masked Bandits","floor":20,"turns":5},{"damage":0,"enemies":"Chosen","floor":24,"turns":3},{"damage":13,"enemies":"Slavers","floor":27,"turns":4},{"damage":21,"enemies":"Centurion and Healer","floor":28,"turns":4},{"damage":4,"enemies":"Cultist and Chosen","floor":29,"turns":4},{"damage":60,"enemies":"Collector","floor":33,"turns":5}],"seed_played":"7033150681020259684","potions_obtained":[{"floor":4.0,"key":"Regen Potion"},{"floor":6.0,"key":"GamblersBrew"},{"floor":10.0,"key":"SteroidPotion"},{"floor":13.0,"key":"EssenceOfSteel"},{"floor":18,"key":"Fire Potion"},{"floor":28,"key":"SpeedPotion"}],"is_trial":false,"path_per_floor":["M","M","?","M","M","E","$","R","T","M","E","T","E","?","R","B",null,"M","?","?","$","?","R","M","R","T","E","M","M","?","$","R","B"],"character_chosen":"WATCHER","items_purchased":["Toolbox","FollowUp","Blood Vial","LikeWater","ThirdEye"],"campfire_rested":5,"item_purchase_floors":[7,7,21,31,31],"current_hp_per_floor":[72,71,71,64,66,35,35,56,56,56,42,42,14,32,53,28,72,53,37,20,20,20,41,43,64,64,53,34,32,32,32,53,0,0],"gold":37,"neow_bonus":"RANDOM_COLORLESS","is_daily":false,"chose_seed":false,"campfire_upgraded":0,"win_rate":0.0,"timestamp":1608836414,"path_taken":["M","M","?","M","M","E","$","R","T","?","E","?","E","?","R","BOSS","M","?","?","$","?","R","M","R","T","E","?","?","?","$","R","BOSS"],"items_purchased_type":["Relic","Card","Relic","Card","Card"],"build_version":"2020-12-22","purchased_purges":2,"victory":false,"max_hp_per_floor":[72,72,72,72,72,72,72,72,72,72,72,72,72,72,72,72,72,72,72,72,72,72,72,72,72,72,72,72,72,72,72,72,72,72],"card_choices":[{"not_picked":["Dramatic Entrance","Flash of Steel"],"picked":"Trip","floor":0.0},{"not_picked":["FlyingSleeves","Indignation"],"picked":"CrushJoints","floor":1.0},{"not_picked":["WreathOfFlame","Indignation"],"picked":"Evaluate","floor":2.0},{"not_picked":["EmptyFist","Pray"],"picked":"BowlingBash","floor":4.0},{"not_picked":["Prostrate","EmptyFist"],"picked":"FollowUp","floor":5.0},{"not_picked":["FearNoEvil","CutThroughFate"],"picked":"Establishment","floor":6.0},{"not_picked":["FlyingSleeves","SignatureMove"],"picked":"Halt","floor":10.0},{"not_picked":["WreathOfFlame","EmptyFist"],"picked":"Crescendo","floor":11.0},{"not_picked":["Nirvana","ClearTheMind"],"picked":"LikeWater","floor":13.0},{"not_picked":["Ragnarok","SpiritShield"],"picked":"DevaForm","floor":16.0},{"not_picked":["FlurryOfBlows+1","Sanctity+1"],"picked":"PathToVictory+1","floor":18},{"not_picked":["CutThroughFate","Wireheading"],"picked":"SashWhip","floor":20},{"not_picked":["SashWhip","Wallop+1"],"picked":"BattleHymn+1","floor":24},{"not_picked":["PathToVictory+1","Adaptation"],"picked":"Wireheading+1","floor":27},{"not_picked":["SashWhip+1","FlyingSleeves+1"],"picked":"ClearTheMind","floor":28},{"not_picked":["CutThroughFate","Sanctity"],"picked":"Study","floor":29}],"player_experience":363535,"relics_obtained":[{"floor":6.0,"key":"Potion Belt"},{"floor":9.0,"key":"Omamori"},{"floor":11.0,"key":"Mummified Hand"},{"floor":12.0,"key":"Whetstone"},{"floor":13.0,"key":"Darkstone Periapt"},{"floor":20,"key":"Red Mask"},{"floor":27,"key":"Pocketwatch"}],"event_choices":[{"damage_healed":0.0,"max_hp_gain":0.0,"max_hp_loss":0.0,"gold_gain":100.0,"event_name":"Golden Shrine","player_choice":"Pray","floor":3.0,"gold_loss":0.0,"damage_taken":0.0},{"damage_healed":18.0,"max_hp_gain":0.0,"max_hp_loss":0.0,"gold_gain":0.0,"event_name":"Mushrooms","player_choice":"Healed and dodged fight","floor":14.0,"gold_loss":0.0,"damage_taken":0.0,"cards_obtained":["Parasite"]},{"damage_healed":0,"gold_gain":0,"player_choice":"Obtained Book","damage_taken":16,"max_hp_gain":0,"max_hp_loss":0,"event_name":"Cursed Tome","floor":19,"gold_loss":0},{"damage_healed":0,"gold_gain":0,"player_choice":"Fought Bandits","damage_taken":0,"max_hp_gain":0,"max_hp_loss":0,"event_name":"Masked Bandits","floor":20,"gold_loss":0},{"damage_healed":0,"gold_gain":0,"cards_transformed":["Strike_P"],"player_choice":"Transformed","damage_taken":0,"max_hp_gain":0,"max_hp_loss":0,"event_name":"Transmorgrifier","floor":22,"gold_loss":0,"cards_obtained":["ReachHeaven"]},{"damage_healed":0,"gold_gain":0,"player_choice":"Inject Mutagens","damage_taken":0,"relics_obtained":["MutagenicStrength"],"max_hp_gain":0,"max_hp_loss":0,"event_name":"Drug Dealer","floor":30,"gold_loss":0}],"is_beta":false,"boss_relics":[{"not_picked":["Coffee Dripper","Snecko Eye"],"picked":"Astrolabe"}],"items_purged_floors":[7,21],"is_endless":false,"potions_floor_spawned":[4,6,10,13,18,28],"killed_by":"Collector","ascension_level":2}}