{"host":"o5hcpxouyak38pnq","time":1608827178,"event":{"mods":["BaseMod","DeckTracker","Downfall","Hermit","Hubris","Minty Spire (QoL Compilation)","Replay The Spire","StSLib","The Construct","The Cursed","The Poker Player"],"gold_per_floor":[349,363,377,377,391,391,417,417,436,173,185,217,229,229,240,344,344,344,355,43,43,53,78,133,159,84,97,97,117,42,52,65,170,170,170,187,199,209,267,279,359,376,411,425,455,380,414,427,437,437,437,468,253,253,253],"floor_reached":56,"playtime":6536,"items_purged":["Slimebound:Strike_Slimebound","Slimebound:Strike_Slimebound","Slimebound:Defend_Slimebound","Slimebound:Defend_Slimebound"],"score":1387,"play_id":"77dee80f-ea46-4297-aaa8-0f4ae85fe952","local_time":"20201224112618","is_ascension_mode":false,"campfire_choices":[{"data":"Slimebound:CorrosiveSpit","floor":1.0,"key":"SMITH"},{"data":"Slimebound:TongueLash","floor":6.0,"key":"SMITH"},{"floor":8.0,"key":"REST"},{"data":"Slimebound:DouseInSlime","floor":18.0,"key":"SMITH"},{"data":"Apotheosis","floor":26.0,"key":"SMITH"},{"floor":28.0,"key":"RECALL"},{"data":"Slimebound:Gluttony","floor":30.0,"key":"SMITH"},{"data":"Slimebound:GoopSpray","floor":35.0,"key":"SMITH"},{"data":"Slimebound:MegaLick","floor":46,"key":"SMITH"},{"floor":54,"key":"REST"}],"circlet_count":0,"master_deck":["Slimebound:Tackle","Slimebound:Defend_Slimebound","Slimebound:Defend_Slimebound","Slimebound:Split","Slimebound:CorrosiveSpit+1","Slimebound:ViciousTackle","Slimebound:TongueLash+1","Slimebound:MegaLick","Slimebound:SamplingLick","Slimebound:RollThrough","Slimebound:RejuvenatingLick","Slimebound:LeechingTouch","Slimebound:LeechingTouch","Slimebound:RainOfGoop","Slimebound:SamplingLick","Slimebound:GoopSpray+1","Slimebound:LeechLife","Slimebound:DouseInSlime+1","Slimebound:RainOfGoop","Slimebound:RollThrough+1","Apotheosis+1","Slimebound:MassFeed","Slimebound:GrowthPunch","Slimebound:SamplingLick+1","Slimebound:RejuvenatingLick+1","Slimebound:Gluttony+1","Slimebound:MegaLick+1","Slimebound:HauntingLick","Slimebound:LeechLife","Slimebound:HauntingLick+1","Slimebound:TongueLash+1","Slimebound:ViciousTackle+1","Slimebound:HauntingLick","Slimebound:MegaLick+1","Slimebound:MegaLick+1","Slimebound:Dissolve+1","Slimebound:DouseInSlime","Slimebound:MegaLick","Slimebound:MegaLick","Slimebound:SamplingLick"],"relics":["Slimebound:AbsorbEndCombat","Pear","Blue Doll","hubris:TinFlute","Runic Pyramid","Mirror","Ancient Tea Set","downfall:HeartBlessingBlue","downfall:HeartBlessingRed","construct:WeddingRing","Art of War","Meat on the Bone","The Courier","hubris:PeanutButter","downfall:HeartBlessingGreen","Sundial","ReplayTheSpireMod:Lightbulb","BargainBundle"],"acts_visited":["Exordium","TheCity","TheBeyond","TheEnding"],"potions_floor_usage":[50,52,55,55],"damage_taken":[{"damage":9.0,"enemies":"Small Slimes","floor":2.0,"turns":4.0},{"damage":7.0,"enemies":"Cultist","floor":3.0,"turns":3.0},{"damage":0.0,"enemies":"2 Louse","floor":5.0,"turns":2.0},{"damage":9.0,"enemies":"Exordium Thugs","floor":9.0,"turns":3.0},{"damage":7.0,"enemies":"downfall:FleeingMerchant","floor":10.0,"turns":4.0},{"damage":6.0,"enemies":"2 Fungi Beasts","floor":11.0,"turns":2.0},{"damage":16.0,"enemies":"3 Sentries","floor":12.0,"turns":5.0},{"damage":18.0,"enemies":"Large Slime","floor":13.0,"turns":4.0},{"damage":11.0,"enemies":"2 Fungi Beasts","floor":15.0,"turns":3.0},{"damage":54.0,"enemies":"downfall:Defect","floor":16.0,"turns":6.0},{"damage":5.0,"enemies":"Shell Parasite","floor":19.0,"turns":2.0},{"damage":0.0,"enemies":"downfall:FleeingMerchant","floor":20.0,"turns":4.0},{"damage":29.0,"enemies":"3 Byrds","floor":22.0,"turns":5.0},{"damage":33.0,"enemies":"Gremlin Leader","floor":23.0,"turns":5.0},{"damage":10.0,"enemies":"Replay:Snechameleon","floor":25.0,"turns":6.0},{"damage":24.0,"enemies":"Centurion and Healer","floor":27.0,"turns":5.0},{"damage":12.0,"enemies":"Sentry and Sphere","floor":29.0,"turns":4.0},{"damage":27.0,"enemies":"Snake Plant","floor":31.0,"turns":3.0},{"damage":16.0,"enemies":"Shelled Parasite and Fungi","floor":32.0,"turns":4.0},{"damage":74.0,"enemies":"downfall:Silent","floor":33.0,"turns":7.0},{"damage":16.0,"enemies":"Orb Walker","floor":36.0,"turns":3.0},{"damage":21.0,"enemies":"3 Darklings","floor":37.0,"turns":5.0},{"damage":31.0,"enemies":"Jaw Worm Horde","floor":38.0,"turns":3.0},{"damage":6.0,"enemies":"downfall:FleeingMerchant","floor":39.0,"turns":3.0},{"damage":29,"enemies":"4 Shapes","floor":40,"turns":3},{"damage":0,"enemies":"3 Darklings","floor":42,"turns":4},{"damage":12,"enemies":"Giant Head","floor":43,"turns":6},{"damage":13,"enemies":"Writhing Mass","floor":44,"turns":3},{"damage":28,"enemies":"Nemesis","floor":45,"turns":3},{"damage":21,"enemies":"Reptomancer","floor":47,"turns":4},{"damage":18,"enemies":"Transient","floor":48,"turns":5},{"damage":20,"enemies":"4 Shapes","floor":49,"turns":3},{"damage":9,"enemies":"downfall:Watcher","floor":50,"turns":5},{"damage":124,"enemies":"downfall:CharBossMerchant","floor":52,"turns":8},{"damage":112,"enemies":"downfall:NeowBoss","floor":55,"turns":18}],"seed_played":"-8322920680708294326","potions_obtained":[{"floor":9.0,"key":"champ:CounterPotion"},{"floor":11.0,"key":"EssenceOfSteel"},{"floor":12.0,"key":"Fire Potion"},{"floor":13.0,"key":"ColorlessPotion"},{"floor":22.0,"key":"Energy Potion"},{"floor":27.0,"key":"Death Potion"},{"floor":36.0,"key":"Slimebound:ThreeZeroPotion"},{"floor":47,"key":"DuplicationPotion"},{"floor":52,"key":"CultistPotion"}],"is_trial":false,"path_per_floor":["R","M","M","?","M","R","T","R","M","$","M","E","M","?","M","B",null,"R","M","$","?","M","E","T","E","R","M","R","M","R","M","M","B",null,"R","M","M","M","$","M","T","M","E","M","E","R","E","M","M","B",null,"E","$","R","B",null],"character_chosen":"SLIMEBOUND","items_purchased":["Slimebound:RejuvenatingLick","Slimebound:LeechingTouch","Slimebound:RainOfGoop","Apotheosis","Art of War","BargainBundle","Slimebound:MegaLick","Slimebound:SamplingLick"],"campfire_rested":2,"item_purchase_floors":[10,10,10,20,39,53,53,53],"current_hp_per_floor":[42,45,46,38,42,42,42,63,70,70,70,70,70,70,69,29,70,70,70,70,70,74,74,74,74,84,84,84,87,87,87,87,81,91,91,91,91,91,91,82,82,103,107,98,107,107,94,107,105,111,111,63,63,96,93],"gold":253,"neow_bonus":"TWO_FIFTY_GOLD","is_daily":false,"chose_seed":false,"campfire_upgraded":7,"win_rate":0.0,"timestamp":1608827178,"path_taken":["R","M","M","?","M","R","T","R","M","$","M","E","M","?","M","BOSS","R","M","$","?","?","E","T","E","R","M","R","M","R","M","M","BOSS","R","M","M","M","$","M","T","M","E","M","E","R","E","?","M","BOSS","E","$","R","BOSS"],"items_purchased_type":["Card","Card","Card","Card","Relic","Relic","Card","Card"],"build_version":"2020-12-22","purchased_purges":4,"victory":true,"max_hp_per_floor":[60,60,60,70,70,70,70,70,70,70,70,70,70,70,70,70,70,70,70,70,70,74,74,74,74,84,84,84,87,87,87,87,91,91,91,91,91,91,91,103,103,103,107,107,107,107,107,107,107,111,111,111,111,111,111],"card_choices":[{"not_picked":["Slimebound:PressTheAttack","Slimebound:SplitBruiser"],"picked":"Slimebound:ViciousTackle","floor":2.0},{"not_picked":["Slimebound:FormOfPuddle","Slimebound:SamplingLick"],"picked":"Slimebound:TongueLash","floor":3.0},{"not_picked":["Slimebound:Chomp","Slimebound:GoopSpray"],"picked":"Slimebound:MegaLick","floor":5.0},{"not_picked":["Slimebound:Recollect","Slimebound:PressTheAttack"],"picked":"Slimebound:SamplingLick","floor":9.0},{"not_picked":["Slimebound:DivideAndConquer","Slimebound:TagTeam"],"picked":"Slimebound:RollThrough","floor":10.0},{"not_picked":["Slimebound:SplitBruiser","Slimebound:Schlurp","Slimebound:Repurpose"],"picked":"SKIP","floor":11.0},{"not_picked":["Slimebound:SplitLeeching","Slimebound:LivingWall"],"picked":"Slimebound:SamplingLick","floor":12.0},{"not_picked":["Slimebound:Recollect","Slimebound:FlameTackle"],"picked":"Slimebound:GoopSpray","floor":13.0},{"not_picked":["Slimebound:RainOfGoop","Slimebound:MegaLick"],"picked":"Slimebound:LeechLife","floor":15.0},{"not_picked":["Slimebound:SlimeSlap","Slimebound:RallyTheTroops"],"picked":"Slimebound:DouseInSlime","floor":16.0},{"not_picked":["Slimebound:LeechEnergy","Slimebound:SlimeSpikes"],"picked":"Slimebound:RainOfGoop","floor":19.0},{"not_picked":["Slimebound:SplitLeeching","Slimebound:RejuvenatingLick"],"picked":"Slimebound:RollThrough+1","floor":20.0},{"not_picked":["Slimebound:Chomp","Slimebound:BestDefense","Slimebound:RollThrough"],"picked":"SKIP","floor":22.0},{"not_picked":["Slimebound:GoopSpray","Slimebound:RollThrough"],"picked":"Slimebound:GrowthPunch","floor":23.0},{"not_picked":["Slimebound:SplitMire+1","Slimebound:ComboTackle"],"picked":"Slimebound:SamplingLick+1","floor":25.0},{"not_picked":["Slimebound:FinishingTackle+1","Slimebound:GoopSpray"],"picked":"Slimebound:RejuvenatingLick+1","floor":27.0},{"not_picked":["Slimebound:ProtectTheBoss","Slimebound:PressTheAttack+1"],"picked":"Slimebound:Gluttony","floor":29.0},{"not_picked":["Slimebound:Schlurp+1","Slimebound:Chomp"],"picked":"Slimebound:MegaLick","floor":31.0},{"not_picked":["Slimebound:PressTheAttack","Slimebound:FinishingTackle"],"picked":"Slimebound:HauntingLick","floor":32.0},{"not_picked":["Slimebound:TagTeam","Slimebound:DuplicatedForm"],"picked":"Slimebound:LeechLife","floor":33.0},{"not_picked":["Slimebound:LeechEnergy","Slimebound:RollThrough"],"picked":"Slimebound:HauntingLick+1","floor":36.0},{"not_picked":["Slimebound:GrowthPunch+1","Slimebound:Equalize"],"picked":"Slimebound:TongueLash+1","floor":37.0},{"not_picked":["Slimebound:FlameTackle","Slimebound:Grow"],"picked":"Slimebound:ViciousTackle+1","floor":38.0},{"not_picked":["Slimebound:DivideAndConquer","Slimebound:SlimeBarrage"],"picked":"Slimebound:HauntingLick","floor":40},{"not_picked":["Slimebound:LeechingTouch+1","Slimebound:MassRepurpose","Slimebound:RollThrough"],"picked":"SKIP","floor":42},{"not_picked":["Slimebound:RollThrough+1","Slimebound:HungryTackle","Slimebound:LeechingTouch"],"picked":"SKIP","floor":43},{"not_picked":["Slimebound:LeechEnergy+1","Slimebound:FinishingTackle+1","Slimebound:GrowthPunch"],"picked":"SKIP","floor":44},{"not_picked":["Slimebound:Prepare","Slimebound:SplitMire","Slimebound:FinishingTackle"],"picked":"SKIP","floor":45},{"not_picked":["Slimebound:PressTheAttack","Slimebound:LeechEnergy"],"picked":"Slimebound:MegaLick+1","floor":47},{"not_picked":["Slimebound:SplitBruiser","Slimebound:Grow+1"],"picked":"Slimebound:MegaLick+1","floor":48},{"not_picked":["Slimebound:SlimeBrawl","Slimebound:ComboTackle"],"picked":"Slimebound:Dissolve+1","floor":49},{"not_picked":["Slimebound:FormOfPuddle","Slimebound:Nibble"],"picked":"Slimebound:DouseInSlime","floor":52}],"player_experience":531072,"relics_obtained":[{"floor":7.0,"key":"Blue Doll"},{"floor":12.0,"key":"hubris:TinFlute"},{"floor":23.0,"key":"Mirror"},{"floor":25.0,"key":"Ancient Tea Set"},{"floor":41,"key":"Meat on the Bone"},{"floor":43,"key":"The Courier"},{"floor":45,"key":"hubris:PeanutButter"},{"floor":47,"key":"Sundial"},{"floor":52,"key":"ReplayTheSpireMod:Lightbulb"}],"event_choices":[{"damage_healed":0.0,"max_hp_gain":0.0,"max_hp_loss":0.0,"gold_gain":0.0,"event_name":"Scrap Ooze","player_choice":"Success","floor":4.0,"gold_loss":0.0,"damage_taken":18.0,"relics_obtained":["Pear"]},{"damage_healed":0.0,"max_hp_gain":0.0,"max_hp_loss":0.0,"gold_gain":0.0,"cards_transformed":["Slimebound:Strike_Slimebound"],"event_name":"Transmorgrifier","player_choice":"Transformed","floor":21.0,"gold_loss":0.0,"damage_taken":0.0,"cards_obtained":["Slimebound:MassFeed"]}],"is_beta":false,"boss_relics":[{"not_picked":["Empty Cage","Cursed Key"],"picked":"Runic Pyramid"},{"not_picked":["SacredBark","ChewingGum"],"picked":"construct:WeddingRing"}],"items_purged_floors":[10,20,39,53],"is_endless":false,"potions_floor_spawned":[9,11,12,13,15,19,22,27,31,33,36,38,42,45,47,49,52],"ascension_level":0}}