{"host":"9d83omykrosjn1d3","time":1608820955,"event":{"mods":["AchievementEnabler","BaseMod","BetterRewards","Card Forge","Downfall","Hubris","MarisaÅiñ∂âJÅ@ñÇóùçπÅj","Minty Spire (QoL Compilation)","Permanent Neow","Shop Mod","StSLib","SuperFastMode","The Hierophant","The Mystic","The Runesmith"],"gold_per_floor":[399,399,399,399,499,530,557,592,622,653,688,698,724,756,771,771,771],"floor_reached":16,"playtime":1102,"items_purged":[],"score":229,"play_id":"d57fd2ea-68cf-4299-b5af-3f7d4ce5548a","local_time":"20201224234235","daily_mods":["SealedDeck","Heirloom","Flight","downfall:Lament","DeadlyEvents","Elite Swarm"],"is_ascension_mode":false,"campfire_choices":[{"data":"Runesmith:BackupBattery","floor":1,"key":"SMITH"}],"circlet_count":0,"master_deck":["Runesmith:Accelerate","Runesmith:PerfectChisel","Runesmith:BackupBattery+4","Runesmith:CraftMagma","Runesmith:Grindstone","Runesmith:LithiumIon+1","Runesmith:Duplicate","Runesmith:CraftIndustria","Runesmith:GrandSlam","Runesmith:UnlimitedPower","Runesmith:FissionHammer","Runesmith:Repurpose","Runesmith:DuctTape","Runesmith:Permafrost"],"relics":["Runesmith:BrokenRuby","Hammer of Thor","Seething Fire","Anvil of the Gods","NeowsBlessing","Old Coin","hubris:Reverence","hubris:Icosahedron","Ornamental Fan","Potion Belt","Incense Burner","StrikeDummy","MealTicket","Dream Catcher","White Beast Statue","Oddly Smooth Stone"],"acts_visited":["Exordium"],"potions_floor_usage":[14],"damage_taken":[{"damage":0,"enemies":"Gremlin Nob","floor":6,"turns":1},{"damage":0,"enemies":"3 Sentries","floor":8,"turns":2},{"damage":0,"enemies":"Lagavulin","floor":9,"turns":2},{"damage":13,"enemies":"3 Sentries","floor":10,"turns":7},{"damage":4,"enemies":"Gremlin Nob","floor":11,"turns":5},{"damage":0,"enemies":"Jaw Worm","floor":12,"turns":2},{"damage":13,"enemies":"Lagavulin","floor":13,"turns":6},{"damage":18,"enemies":"3 Sentries","floor":14,"turns":5},{"damage":6,"enemies":"Small Slimes","floor":15,"turns":3},{"damage":11,"enemies":"downfall:Defect","floor":16,"turns":3}],"seed_played":"6681777938698096675","potions_obtained":[{"floor":8,"key":"FearPotion"},{"floor":12,"key":"hexamod:EctoCoolerPotion"},{"floor":13,"key":"Explosive Potion"},{"floor":14,"key":"Fruit Juice"},{"floor":15,"key":"Block Potion"}],"is_trial":true,"path_per_floor":["R","?","?","?","?","E","T","E","E","E","E","M","E","E","M","B"],"character_chosen":"RUNESMITH_CLASS","items_purchased":[],"campfire_rested":0,"item_purchase_floors":[],"current_hp_per_floor":[70,58,58,58,58,58,58,58,58,45,41,41,28,15,9,0,0],"gold":771,"neow_bonus":"","is_daily":false,"chose_seed":false,"campfire_upgraded":1,"win_rate":0.0,"timestamp":1608820955,"path_taken":["R","?","?","?","?","E","T","E","E","E","E","?","E","E","M","BOSS"],"items_purchased_type":[],"build_version":"2020-12-22","purchased_purges":0,"victory":false,"max_hp_per_floor":[70,70,70,70,70,70,70,70,70,70,70,70,70,75,75,75,75],"card_choices":[{"not_picked":["Runesmith:UnlimitedPower","Runesmith:MetallurgicalResearch"],"picked":"Runesmith:Duplicate","floor":6},{"not_picked":["Runesmith:MetallurgicalResearch","Runesmith:LastStand"],"picked":"Runesmith:CraftIndustria","floor":8},{"not_picked":["Runesmith:ReplicatingBarrier","Runesmith:CraftMedicinae"],"picked":"Runesmith:GrandSlam","floor":9},{"not_picked":["Runesmith:Duplicate","Runesmith:CraftIndustria"],"picked":"Runesmith:UnlimitedPower","floor":10},{"not_picked":["Runesmith:Supernova","Runesmith:CraftPrismatica"],"picked":"Runesmith:FissionHammer","floor":11},{"not_picked":["Runesmith:EarthShield","Runesmith:ShiftingStrike"],"picked":"Runesmith:Repurpose","floor":12},{"not_picked":["Runesmith:ArcReactor","Runesmith:FissionHammer"],"picked":"Runesmith:DuctTape","floor":13},{"not_picked":["Runesmith:LightningRod","Runesmith:LastStand","Runesmith:GrandSlam"],"picked":"SKIP","floor":14},{"not_picked":["Runesmith:EnergizedChisel","Runesmith:StaticCage"],"picked":"Runesmith:Permafrost","floor":15}],"player_experience":703542,"relics_obtained":[{"floor":6,"key":"Ornamental Fan"},{"floor":7,"key":"Potion Belt"},{"floor":8,"key":"Incense Burner"},{"floor":9,"key":"StrikeDummy"},{"floor":10,"key":"MealTicket"},{"floor":11,"key":"Dream Catcher"},{"floor":13,"key":"White Beast Statue"},{"floor":14,"key":"Oddly Smooth Stone"}],"event_choices":[{"damage_healed":0,"gold_gain":0,"player_choice":"Success","damage_taken":12,"relics_obtained":["hubris:Reverence"],"max_hp_gain":0,"max_hp_loss":0,"event_name":"Scrap Ooze","floor":2,"gold_loss":0}],"is_beta":false,"boss_relics":[],"items_purged_floors":[],"is_endless":false,"potions_floor_spawned":[8,12,13,14,15],"killed_by":"downfall:Defect","ascension_level":0}}