{"host":"xko5sdb82mf02c09","time":1608831266,"event":{"mods":["AchievementEnabler","BaseMod","Colored Map","Minty Spire (QoL Compilation)","Quick Restart","StSLib","everything is the same but u backflip on backflip"],"gold_per_floor":[116,116,116,191,191,191,46,46,46,46,77,97,113,139,139,238,238,257,267,192,192,209,209,59,69,95,12,37,60,85,106,106,216,216,235,135,156,174,194,194,214,273,273,291,291,291],"floor_reached":45,"playtime":1316,"items_purged":["Strike_B+1","Strike_B+1"],"score":448,"play_id":"ca64f707-9c89-4120-bfe4-6d913f3ea84f","local_time":"20201225023426","is_ascension_mode":false,"campfire_choices":[{"data":"Zap","floor":6,"key":"SMITH"},{"data":"Dualcast","floor":8,"key":"SMITH"},{"floor":10,"key":"RECALL"},{"data":"Defend_B","floor":15,"key":"SMITH"},{"data":"Electrodynamics","floor":23,"key":"SMITH"},{"data":"Defragment","floor":32,"key":"SMITH"},{"data":"Creative AI","floor":40,"key":"SMITH"}],"circlet_count":0,"master_deck":["Strike_B+1","Defend_B+1","Defend_B+1","Defend_B+1","Defend_B+1","Zap+1","Dualcast+1","Gash","Reinforced Body+1","Ball Lightning+1","Coolheaded+1","Reboot+1","Electrodynamics+1","Compile Driver+1","Reinforced Body+1","Coolheaded+1","White Noise+1","Discovery+1","Machine Learning","Defragment+1","Consume+1","Creative AI+1","Cold Snap+1","Defragment","Madness+1","Madness+1","Aggregate+1","Reinforced Body+1","Steam Power+1","Doubt","Turbo+1"],"relics":["Cracked Core","NeowsBlessing","Strawberry","Cables","Runic Capacitor","Toxic Egg 2","Molten Egg 2","MealTicket","Black Star","CeramicFish","Vajra","Coffee Dripper","Peace Pipe","Symbiotic Virus"],"acts_visited":["Exordium","TheCity","TheBeyond"],"potions_floor_usage":[14,18,37,41],"damage_taken":[{"damage":0,"enemies":"2 Louse","floor":1,"turns":1},{"damage":0,"enemies":"Gremlin Nob","floor":11,"turns":1},{"damage":0,"enemies":"Small Slimes","floor":12,"turns":1},{"damage":1,"enemies":"Jaw Worm","floor":13,"turns":3},{"damage":12,"enemies":"3 Sentries","floor":14,"turns":4},{"damage":23,"enemies":"The Guardian","floor":16,"turns":9},{"damage":10,"enemies":"2 Thieves","floor":18,"turns":2},{"damage":5,"enemies":"3 Byrds","floor":19,"turns":2},{"damage":10,"enemies":"Centurion and Healer","floor":22,"turns":5},{"damage":0,"enemies":"Snecko","floor":25,"turns":5},{"damage":13,"enemies":"Sentry and Sphere","floor":28,"turns":4},{"damage":2,"enemies":"Cultist and Chosen","floor":30,"turns":4},{"damage":0,"enemies":"Chosen and Byrds","floor":31,"turns":4},{"damage":14,"enemies":"Champ","floor":33,"turns":6},{"damage":6,"enemies":"Orb Walker","floor":35,"turns":3},{"damage":28,"enemies":"3 Darklings","floor":37,"turns":3},{"damage":11,"enemies":"Maw","floor":39,"turns":7},{"damage":11,"enemies":"Writhing Mass","floor":41,"turns":5},{"damage":0,"enemies":"Mind Bloom Boss Battle","floor":42,"turns":7},{"damage":36,"enemies":"4 Shapes","floor":45,"turns":2}],"seed_played":"-7974922644671565335","potions_obtained":[{"floor":12,"key":"GamblersBrew"},{"floor":13,"key":"Explosive Potion"},{"floor":14,"key":"FearPotion"},{"floor":16,"key":"Fruit Juice"},{"floor":18,"key":"Energy Potion"},{"floor":35,"key":"DuplicationPotion"},{"floor":37,"key":"Weak Potion"},{"floor":42,"key":"Strength Potion"}],"is_trial":false,"path_per_floor":["M","?","?","?","T","R","$","R","T","R","E","M","M","E","R","B",null,"M","M","?","?","M","R","$","M","T","$","M","T","M","M","R","B",null,"M","$","M","?","M","R","M","?","T","?","M"],"character_chosen":"DEFECT","items_purchased":["Runic Capacitor","White Noise+1","Discovery+1"],"campfire_rested":0,"item_purchase_floors":[7,24,27],"current_hp_per_floor":[75,75,79,68,68,68,68,68,68,68,68,68,67,55,55,32,82,77,72,72,72,62,62,77,77,77,87,74,74,72,72,72,58,87,81,87,59,48,37,37,26,26,26,26,0,0],"gold":291,"neow_bonus":"THREE_ENEMY_KILL","is_daily":false,"chose_seed":false,"campfire_upgraded":6,"win_rate":0.0,"timestamp":1608831266,"path_taken":["M","?","?","?","?","R","$","R","T","R","E","M","?","E","R","BOSS","M","M","?","?","M","R","$","M","T","?","M","?","M","M","R","BOSS","M","$","M","?","M","R","M","?","T","?","M"],"items_purchased_type":["Relic","Card","Card"],"build_version":"2020-12-22","purchased_purges":2,"victory":false,"max_hp_per_floor":[75,75,82,82,82,82,82,82,82,82,82,82,82,82,82,82,82,87,87,87,87,87,87,87,87,87,87,87,87,87,87,87,87,87,87,87,87,87,87,87,87,87,87,87,87,87],"card_choices":[{"not_picked":["Compile Driver","Go for the Eyes"],"picked":"Gash","floor":1},{"not_picked":["Reboot+1","Beam Cell+1"],"picked":"Reinforced Body+1","floor":11},{"not_picked":["Gash+1","Beam Cell+1"],"picked":"Ball Lightning+1","floor":12},{"not_picked":["Go for the Eyes+1","Streamline+1"],"picked":"Coolheaded+1","floor":13},{"not_picked":["Sunder+1","Melter+1"],"picked":"Reboot+1","floor":14},{"not_picked":["Biased Cognition","Core Surge+1"],"picked":"Electrodynamics","floor":16},{"not_picked":["Ball Lightning+1","Cold Snap+1"],"picked":"Compile Driver+1","floor":18},{"not_picked":["Streamline+1","Compile Driver+1"],"picked":"Reinforced Body+1","floor":19},{"not_picked":["Beam Cell+1","Compile Driver+1"],"picked":"Coolheaded+1","floor":22},{"not_picked":["Compile Driver+1","Conserve Battery+1","Blizzard+1"],"picked":"SKIP","floor":25},{"not_picked":["Aggregate+1","Beam Cell+1"],"picked":"Machine Learning","floor":28},{"not_picked":["Go for the Eyes+1","Tempest+1"],"picked":"Defragment","floor":30},{"not_picked":["Sunder+1","Doom and Gloom+1"],"picked":"Consume+1","floor":31},{"not_picked":["Buffer","All For One+1"],"picked":"Creative AI","floor":33},{"not_picked":["Gash+1","Streamline+1"],"picked":"Cold Snap+1","floor":35},{"not_picked":["Conserve Battery+1","Redo+1"],"picked":"Defragment","floor":37},{"not_picked":["Redo+1","Hologram+1"],"picked":"Aggregate+1","floor":39},{"not_picked":["FTL+1","Static Discharge"],"picked":"Reinforced Body+1","floor":41},{"not_picked":["Barrage+1","Force Field+1"],"picked":"Steam Power+1","floor":42}],"player_experience":459637,"relics_obtained":[{"floor":5,"key":"Cables"},{"floor":9,"key":"Toxic Egg 2"},{"floor":11,"key":"Molten Egg 2"},{"floor":14,"key":"MealTicket"},{"floor":26,"key":"CeramicFish"},{"floor":29,"key":"Vajra"},{"floor":42,"key":"Peace Pipe"},{"floor":43,"key":"Symbiotic Virus"}],"event_choices":[{"damage_healed":0,"gold_gain":0,"player_choice":"Ignored","damage_taken":0,"max_hp_gain":0,"max_hp_loss":0,"event_name":"Liars Game","floor":2,"gold_loss":0},{"damage_healed":0,"gold_gain":0,"player_choice":"Success","damage_taken":3,"relics_obtained":["Strawberry"],"max_hp_gain":0,"max_hp_loss":0,"event_name":"Scrap Ooze","floor":3,"gold_loss":0},{"damage_healed":0,"gold_gain":75,"player_choice":"Gather Gold","damage_taken":11,"max_hp_gain":0,"max_hp_loss":0,"event_name":"World of Goop","floor":4,"gold_loss":0},{"cards_removed":["Strike_B"],"damage_healed":0,"gold_gain":0,"player_choice":"Gave Gold","damage_taken":0,"max_hp_gain":0,"max_hp_loss":0,"event_name":"Beggar","floor":20,"gold_loss":75},{"damage_healed":0,"gold_gain":0,"player_choice":"Simplicity","damage_taken":0,"max_hp_gain":0,"max_hp_loss":0,"event_name":"Back to Basics","floor":21,"gold_loss":0,"cards_upgraded":["Strike_B","Strike_B","Strike_B","Defend_B","Defend_B","Defend_B"]},{"damage_healed":0,"gold_gain":0,"player_choice":"Embrace Madness","damage_taken":11,"max_hp_gain":0,"max_hp_loss":0,"event_name":"Winding Halls","floor":38,"gold_loss":0,"cards_obtained":["Madness","Madness"]},{"damage_healed":0,"gold_gain":0,"player_choice":"Fight","damage_taken":0,"max_hp_gain":0,"max_hp_loss":0,"event_name":"MindBloom","floor":42,"gold_loss":0},{"damage_healed":0,"gold_gain":0,"player_choice":"2 cards matched","damage_taken":0,"max_hp_gain":0,"max_hp_loss":0,"event_name":"Match and Keep!","floor":44,"gold_loss":0,"cards_obtained":["Doubt","Turbo"]}],"is_beta":false,"boss_relics":[{"not_picked":["Ectoplasm","SacredBark"],"picked":"Black Star"},{"not_picked":["Sozu","Snecko Eye"],"picked":"Coffee Dripper"}],"items_purged_floors":[24,36],"is_endless":false,"potions_floor_spawned":[12,13,14,16,18,25,28,35,37,42],"killed_by":"4 Shapes","ascension_level":0}}