{"host":"tjcejm7olouw38z7","time":1608776424,"event":{"mods":["BaseMod","BetterRewards","Colored Powertips","Downfall","GifTheSpireLib","Minty Spire (QoL Compilation)","Shop Mod","StSLib"],"gold_per_floor":[99,114,132,148,163,163,209,243,259,34,54,204,70,81,100,200,200,200,212,204,114,141,26,26,26,38,38,38,38],"floor_reached":27,"playtime":2147,"items_purged":["Slimebound:Icky","hexamod:Hexaguard"],"score":242,"play_id":"ebb5688e-25e0-4d8b-83f1-6d47e4734f5d","local_time":"20201223212024","is_ascension_mode":false,"campfire_choices":[{"floor":1,"key":"RECALL"},{"floor":10,"key":"REST"},{"data":"hexamod:EtherealExpedition","floor":18,"key":"SMITH"}],"circlet_count":0,"master_deck":["hexamod:Sear","hexamod:Float","hexamod:StepThrough","hexamod:ThermalTransfer","hexamod:PhantomFireball","hexamod:ThermalTransfer","hexamod:EtherealExpedition+1","hexamod:CatchUp","hexamod:InspiringFlames+1","hexamod:ThirdSeal","hexamod:EmpoweredFlame","hexamod:Firestarter","hexamod:GhostLash","hexamod:SearingWound","hexamod:BurningTouch","hexamod:TimeWarp","hexamod:SixthSeal","hexamod:HauntingEcho","hexamod:DynamicBlow+1","hexamod:DynamicBlow","hexamod:RetreatToShadows+1","hexamod:GhostShield","hexamod:SpectersWail","hexamod:EmpoweringStance","hexamod:GhostShield+1","hexamod:RecurringNightmare","hexamod:SecondSeal","hexamod:VolcanoVisage","hexamod:FastForward+1","hexamod:ChargedBarrage+1","hexamod:HauntingEcho"],"relics":["hexamod:SpiritBrand","Boot","downfall:HeartBlessingRed","downfall:HeartBlessingGreen","downfall:HeartBlessingBlue","Pandora\u0027s Box","The Courier","Nilry\u0027s Codex"],"acts_visited":["Exordium","TheCity"],"potions_floor_usage":[8,11,16,16,21],"damage_taken":[{"damage":2,"enemies":"2 Louse","floor":2,"turns":3},{"damage":0,"enemies":"Small Slimes","floor":3,"turns":4},{"damage":7,"enemies":"Jaw Worm","floor":4,"turns":4},{"damage":8,"enemies":"Exordium Thugs","floor":5,"turns":4},{"damage":24,"enemies":"3 Sentries","floor":8,"turns":12},{"damage":5,"enemies":"Large Slime","floor":9,"turns":4},{"damage":0,"enemies":"Lots of Slimes","floor":11,"turns":4},{"damage":4,"enemies":"downfall:FleeingMerchant","floor":13,"turns":4},{"damage":4,"enemies":"2 Fungi Beasts","floor":14,"turns":4},{"damage":7,"enemies":"Red Slaver","floor":15,"turns":2},{"damage":35,"enemies":"downfall:Silent","floor":16,"turns":10},{"damage":3,"enemies":"Spheric Guardian","floor":19,"turns":5},{"damage":0,"enemies":"downfall:FleeingMerchant","floor":21,"turns":4},{"damage":32,"enemies":"Cultist and Chosen","floor":22,"turns":7},{"damage":3,"enemies":"downfall:FleeingMerchant","floor":23,"turns":4},{"damage":24,"enemies":"Centurion and Healer","floor":26,"turns":7},{"damage":12,"enemies":"Snake Plant","floor":27,"turns":1}],"seed_played":"-8288016121667802208","potions_obtained":[{"floor":2,"key":"SkillPotion"},{"floor":3,"key":"SmokeBomb"},{"floor":8,"key":"Strength Potion"},{"floor":9,"key":"Block Potion"},{"floor":11,"key":"Explosive Potion"},{"floor":19,"key":"Fire Potion"},{"floor":26,"key":"AttackPotion"}],"is_trial":false,"path_per_floor":["R","M","M","M","M","?","T","E","M","R","M","?","$","M","M","B",null,"R","M","?","$","M","$","T","?","M","M"],"character_chosen":"THE_SPIRIT","items_purchased":["hexamod:EmpoweredFlame","hexamod:Firestarter"],"campfire_rested":1,"item_purchase_floors":[13,13],"current_hp_per_floor":[77,75,75,68,60,60,60,36,31,67,67,67,63,59,52,17,87,87,84,84,84,52,49,49,33,9,0,0,0],"gold":38,"neow_bonus":"TEN_PERCENT_HP_BONUS","is_daily":false,"chose_seed":false,"campfire_upgraded":1,"win_rate":0.0,"timestamp":1608776424,"path_taken":["R","M","M","M","M","?","T","E","M","R","M","?","?","M","M","BOSS","R","M","?","$","M","$","T","?","?","M"],"items_purchased_type":["Card","Card"],"build_version":"2020-12-22","purchased_purges":2,"victory":false,"max_hp_per_floor":[77,77,77,77,77,77,77,77,77,87,87,87,87,87,87,87,87,87,87,87,87,87,87,87,87,87,87,87,87],"card_choices":[{"not_picked":["hexamod:NightmareGuise","hexamod:FastForward"],"picked":"hexamod:StepThrough","floor":2},{"not_picked":["hexamod:ShieldOfDarkness","hexamod:SpectralAdrenaline"],"picked":"hexamod:ThermalTransfer","floor":3},{"not_picked":["hexamod:ThirdSeal","hexamod:BurningTouch"],"picked":"hexamod:PhantomFireball","floor":4},{"not_picked":["hexamod:GhostLash","hexamod:NightmareStrike"],"picked":"hexamod:ThermalTransfer","floor":5},{"not_picked":["hexamod:Again","hexamod:GhostLash"],"picked":"hexamod:EtherealExpedition","floor":8},{"not_picked":["hexamod:PhantomFireball","hexamod:NightmareGuise"],"picked":"hexamod:CatchUp","floor":9},{"not_picked":["hexamod:NightmareStrike","hexamod:GhostShield"],"picked":"hexamod:InspiringFlames","floor":11},{"not_picked":["hexamod:BurningTouch","hexamod:Incineration"],"picked":"hexamod:ThirdSeal","floor":13},{"not_picked":["hexamod:SpectralAdrenaline","hexamod:NightmareStrike"],"picked":"hexamod:GhostLash","floor":14},{"not_picked":["hexamod:BacktrackSmack","hexamod:Incineration"],"picked":"hexamod:SearingWound","floor":14},{"not_picked":["hexamod:Hexaguard","hexamod:NightmareStrike"],"picked":"hexamod:BurningTouch","floor":15},{"not_picked":["hexamod:UnleashSpirits","hexamod:TurnItUp"],"picked":"hexamod:TimeWarp","floor":16},{"not_picked":["hexamod:TimeWarp","hexamod:UnleashSpirits"],"picked":"hexamod:SixthSeal","floor":16},{"not_picked":["hexamod:InspiringFlames","hexamod:SpectersWail"],"picked":"hexamod:GhostShield+1","floor":19},{"not_picked":["hexamod:StepThrough","hexamod:GhostLash"],"picked":"hexamod:RecurringNightmare","floor":19},{"not_picked":["hexamod:Incineration","hexamod:SecondSeal"],"picked":"hexamod:VolcanoVisage","floor":21},{"not_picked":["hexamod:DynamicBlow","hexamod:Again","hexamod:NightmareStrike+1"],"picked":"SKIP","floor":21},{"not_picked":["hexamod:BacktrackSmack+1","hexamod:InspiringFlames"],"picked":"hexamod:FastForward+1","floor":22},{"not_picked":["hexamod:Firestarter","hexamod:NightmareGuise+1"],"picked":"hexamod:ChargedBarrage+1","floor":22},{"not_picked":["hexamod:FastForward+1","hexamod:PhantomCloak+1","hexamod:TurnItUp"],"picked":"SKIP","floor":23},{"not_picked":["hexamod:Hexaguard","hexamod:SwordOfDarkness"],"picked":"hexamod:HauntingEcho","floor":26}],"player_experience":433723,"relics_obtained":[{"floor":8,"key":"Boot"},{"floor":24,"key":"The Courier"},{"floor":25,"key":"Nilry\u0027s Codex"}],"event_choices":[],"is_beta":false,"boss_relics":[{"not_picked":["Snecko Eye","Astrolabe"],"picked":"Pandora\u0027s Box"}],"items_purged_floors":[21,23],"is_endless":false,"potions_floor_spawned":[2,3,8,9,11,15,19,26],"killed_by":"Snake Plant","ascension_level":0}}