{"host":"6qo42zgaknezulyg","time":1608791520,"event":{"mods":["2.2 Compatiblity","BaseMod","Colored Map","Downfall","Highlight Path","Keyboard Shortcuts","Minty Spire (QoL Compilation)","Permanent Neow","Quick Restart","StSLib","SuperFastMode"],"gold_per_floor":[0,15,27,37,187,220,247,266,191,203,203,203,216,242,262,366,366,366,380,126,142,159,193,193,293,322,335,335,335,335,351,361,459,459,459,477,1476,1221,1240,419,493,507,507,507,520,520,187,199,212,212],"floor_reached":51,"playtime":4277,"items_purged":["champ:Strike","champ:FalseCounter+1","Secret Weapon"],"score":768,"play_id":"65b1da44-5aff-41d0-bae9-751fb6076f04","local_time":"20201224153200","is_ascension_mode":false,"campfire_choices":[{"data":"champ:Taunt","floor":1.0,"key":"SMITH"},{"data":"champ:RisingSlash","floor":9.0,"key":"SMITH"},{"data":"champ:BringItOn","floor":12.0,"key":"SMITH"},{"data":"champ:Devastate","floor":18.0,"key":"SMITH"},{"data":"champ:PerfectForm","floor":35.0,"key":"SMITH"},{"data":"champ:HoldFirm","floor":44.0,"key":"SMITH"},{"data":"champ:ShieldWall","floor":46,"key":"SMITH"}],"circlet_count":0,"master_deck":["champ:Defend","champ:Defend","champ:Defend","champ:Defend","champ:Taunt+1","champ:ArenaPreparation","champ:FaceSlap","champ:RisingSlash+1","champ:BringItOn+1","champ:BerserkerStyle","champ:ArenaPreparation","champ:CrookedStrike","champ:Devastate+1","champ:ShieldWall+1","champ:HoldFirm+1","champ:TornadoPunch+1","champ:Backstep+1","champ:ViciousMockery+1","champ:PerfectForm+1","champ:GladiatorsShout+1","champ:FaceSlap","champ:FocusedGladiator","champ:RapidStrikes+1"],"relics":["champ:ChampionCrown","Omamori","Akabeko","downfall:HeartBlessingGreen","Bag of Marbles","Velvet Choker","Darkstone Periapt","Ancient Tea Set","champ:BlackKnightHelmet","InkBottle","Oddly Smooth Stone","Nilry\u0027s Codex","Sozu","champ:FightingForDummies","Potion Belt","Lizard Tail","Blood Vial","TheAbacus","Question Card"],"acts_visited":["Exordium","TheCity","TheBeyond"],"potions_floor_usage":[50,50],"damage_taken":[{"damage":5.0,"enemies":"Small Slimes","floor":2.0,"turns":3.0},{"damage":22.0,"enemies":"Jaw Worm","floor":3.0,"turns":6.0},{"damage":14.0,"enemies":"2 Louse","floor":4.0,"turns":1.0},{"damage":38.0,"enemies":"3 Sentries","floor":6.0,"turns":6.0},{"damage":12.0,"enemies":"Blue Slaver","floor":8.0,"turns":3.0},{"damage":14.0,"enemies":"Large Slime","floor":10.0,"turns":5.0},{"damage":18.0,"enemies":"Gremlin Gang","floor":13.0,"turns":4.0},{"damage":0.0,"enemies":"Exordium Wildlife","floor":15.0,"turns":1.0},{"damage":42.0,"enemies":"downfall:Ironclad","floor":16.0,"turns":6.0},{"damage":11.0,"enemies":"Shell Parasite","floor":19.0,"turns":3.0},{"damage":25.0,"enemies":"downfall:FleeingMerchant","floor":20.0,"turns":4.0},{"damage":17.0,"enemies":"Centurion and Healer","floor":21.0,"turns":5.0},{"damage":5.0,"enemies":"Snake Plant","floor":22.0,"turns":2.0},{"damage":22.0,"enemies":"Slavers","floor":23.0,"turns":4.0},{"damage":34.0,"enemies":"Slavers","floor":25.0,"turns":6.0},{"damage":31.0,"enemies":"Book of Stabbing","floor":26.0,"turns":4.0},{"damage":24.0,"enemies":"Shelled Parasite and Fungi","floor":27.0,"turns":4.0},{"damage":10.0,"enemies":"Shelled Parasite and Fungi","floor":28.0,"turns":4.0},{"damage":30.0,"enemies":"Centurion and Healer","floor":31.0,"turns":5.0},{"damage":0.0,"enemies":"Snecko","floor":32.0,"turns":2.0},{"damage":87.0,"enemies":"downfall:Silent","floor":33.0,"turns":8.0},{"damage":22.0,"enemies":"3 Shapes","floor":36.0,"turns":4.0},{"damage":59.0,"enemies":"downfall:FleeingMerchant","floor":38.0,"turns":5.0},{"damage":0.0,"enemies":"Orb Walker","floor":39.0,"turns":1.0},{"damage":19.0,"enemies":"3 Darklings","floor":42.0,"turns":3.0},{"damage":31,"enemies":"Sphere and 2 Shapes","floor":45,"turns":3},{"damage":52,"enemies":"Writhing Mass","floor":48,"turns":3},{"damage":17,"enemies":"Jaw Worm Horde","floor":49,"turns":4},{"damage":15,"enemies":"downfall:Defect","floor":50,"turns":6}],"seed_played":"366434075912519109","potions_obtained":[{"floor":2.0,"key":"PowerPotion"},{"floor":4.0,"key":"BlessingOfTheForge"},{"floor":6.0,"key":"PowerPotion"},{"floor":16.0,"key":"sneckomod:MuddlingPotion"},{"floor":19.0,"key":"PowerPotion"},{"floor":23.0,"key":"champ:CounterPotion"},{"floor":29.0,"key":"CultistPotion"},{"floor":32.0,"key":"Dexterity Potion"},{"floor":33.0,"key":"BlessingOfTheForge"}],"is_trial":false,"path_per_floor":["R","M","M","M","?","E","T","M","R","M","?","R","M","T","M","B",null,"R","M","$","M","M","E","T","?","E","M","?","?","?","M","M","B",null,"R","M","?","$","M","$","T","M","?","R","M","R","?","M","M","B",null],"character_chosen":"THE_CHAMP","items_purchased":["champ:HoldFirm","champ:FightingForDummies","Potion Belt","Secret Weapon","Lizard Tail","Blood Vial","TheAbacus","champ:FaceSlap"],"campfire_rested":0,"item_purchase_floors":[20,38,38,38,40,40,40,40],"current_hp_per_floor":[90,90,90,90,90,67,67,65,65,61,61,61,61,61,61,37,90,90,89,89,83,83,76,76,73,69,66,66,66,50,50,50,31,90,90,90,90,90,90,90,90,90,90,90,90,90,101,92,94,96],"gold":212,"neow_bonus":"REMOVE_TWO","is_daily":false,"chose_seed":false,"campfire_upgraded":7,"win_rate":0.0,"timestamp":1608791520,"path_taken":["R","M","M","M","?","E","T","M","R","M","?","R","M","?","M","BOSS","R","M","$","M","M","E","T","?","E","M","?","?","?","?","M","BOSS","R","M","?","$","M","$","T","M","?","R","?","R","?","M","M","BOSS"],"items_purchased_type":["Card","Relic","Relic","Card","Relic","Relic","Relic","Card"],"build_version":"2020-12-22","purchased_purges":3,"victory":true,"max_hp_per_floor":[90,90,90,90,90,90,90,90,90,90,90,90,90,90,90,90,90,90,90,90,90,90,90,90,90,90,90,90,90,90,90,90,90,90,90,90,90,90,90,90,90,90,90,90,90,90,101,101,101,101],"card_choices":[{"not_picked":["champ:StanceDance","champ:FanOfKnives"],"picked":"champ:ArenaPreparation","floor":2.0},{"not_picked":["champ:FanOfKnives","champ:BringItOn"],"picked":"champ:FaceSlap","floor":3.0},{"not_picked":["champ:FocusedDefense","champ:FanOfKnives"],"picked":"champ:RisingSlash","floor":4.0},{"not_picked":["champ:Haymaker","champ:BerserkersShout"],"picked":"champ:BringItOn","floor":6.0},{"not_picked":["champ:CalledShot","champ:EnragedBash"],"picked":"champ:BerserkerStyle","floor":8.0},{"not_picked":["champ:GutPunch","champ:FightOn","champ:FaceSlap"],"picked":"SKIP","floor":10.0},{"not_picked":["champ:GutPunch","champ:BladeFlurry"],"picked":"champ:ArenaPreparation","floor":13.0},{"not_picked":["champ:DefensiveShout","champ:BladeFlurry"],"picked":"champ:CrookedStrike","floor":15.0},{"not_picked":["champ:VampiricStrike","champ:MurderStrike"],"picked":"champ:Devastate","floor":16.0},{"not_picked":["champ:TornadoPunch","champ:PerfectedStrike"],"picked":"champ:FalseCounter+1","floor":19.0},{"not_picked":["champ:GladiatorsShout+1","champ:Shatter"],"picked":"champ:ShieldWall","floor":20.0},{"not_picked":["champ:PerfectedStrike","champ:GutPunch"],"picked":"champ:TornadoPunch+1","floor":21.0},{"not_picked":["champ:GutPunch","champ:DeathBlow","champ:StanceDance"],"picked":"SKIP","floor":22.0},{"not_picked":["champ:Backstep","champ:FalseCounter+1"],"picked":"champ:Shatter","floor":23.0},{"not_picked":["champ:ShieldWall","champ:EndlessRage+1"],"picked":"champ:Backstep+1","floor":26.0},{"not_picked":["champ:FanOfKnives","champ:StanceDance","champ:TornadoPunch"],"picked":"SKIP","floor":27.0},{"not_picked":["champ:MurderStrike","champ:StanceDance","champ:Riposte"],"picked":"SKIP","floor":31.0},{"not_picked":["champ:TornadoPunch","champ:Circumvent"],"picked":"champ:ViciousMockery+1","floor":32.0},{"not_picked":["champ:HeavySlash","champ:ShieldSlam"],"picked":"champ:PerfectForm","floor":33.0},{"not_picked":["champ:FaceSlap","champ:EnragedBash+1","champ:PerfectedStrike+1"],"picked":"SKIP","floor":36.0},{"not_picked":["champ:Encircle+1","champ:EndlessRage","champ:FanOfKnives+1"],"picked":"SKIP","floor":38.0},{"not_picked":["champ:FlashCut","champ:DefensiveShout+1"],"picked":"champ:GladiatorsShout+1","floor":39.0},{"not_picked":["champ:FlashCut","champ:FanOfKnives","champ:Circumvent+1"],"picked":"champ:FocusedGladiator","floor":42.0},{"not_picked":["champ:FanOfKnives+1","champ:GladiatorsShout+1","champ:AdrenalArmor+1","champ:FaceSlap"],"picked":"SKIP","floor":45},{"not_picked":["champ:BerserkersShout","champ:FanOfKnives+1","champ:AdrenalArmor"],"picked":"champ:RapidStrikes+1","floor":48},{"not_picked":["champ:Circumvent+1","champ:AdrenalArmor+1","champ:CrookedStrike","champ:Backstep"],"picked":"SKIP","floor":49}],"player_experience":1027224,"relics_obtained":[{"floor":6.0,"key":"Omamori"},{"floor":7.0,"key":"Akabeko"},{"floor":14.0,"key":"Bag of Marbles"},{"floor":23.0,"key":"Darkstone Periapt"},{"floor":24.0,"key":"Ancient Tea Set"},{"floor":25.0,"key":"champ:BlackKnightHelmet"},{"floor":25.0,"key":"InkBottle"},{"floor":26.0,"key":"Oddly Smooth Stone"},{"floor":30.0,"key":"Nilry\u0027s Codex"},{"floor":41.0,"key":"Question Card"}],"event_choices":[{"cards_removed":["Slimebound:Icky"],"damage_healed":0.0,"max_hp_gain":0.0,"max_hp_loss":0.0,"gold_gain":0.0,"event_name":"The Cleric","player_choice":"Card Removal","floor":11.0,"gold_loss":0.0,"damage_taken":0.0},{"cards_removed":["champ:Execute"],"damage_healed":0.0,"max_hp_gain":0.0,"max_hp_loss":0.0,"gold_gain":0.0,"event_name":"Wheel of Change","player_choice":"Card Removal","floor":43.0,"gold_loss":0.0,"damage_taken":0.0}],"is_beta":false,"boss_relics":[{"not_picked":["Empty Cage","Cursed Key"],"picked":"Velvet Choker"},{"not_picked":["expansioncontent:StudyCardRelic","Fusion Hammer"],"picked":"Sozu"}],"items_purged_floors":[20,38,40],"is_endless":false,"potions_floor_spawned":[2,4,6,8,16,19,21,23,28,32,33,36,39,42,49],"ascension_level":0}}