{"host":"cjhtzh7tp54jdfyv","time":1608832135,"event":{"mods":["AchievementEnabler","BaseMod","Colored Map","Colored Powertips","Curses Come First","DeckTracker","Filter the Spire","Minty Spire (QoL Compilation)","RNG Fix","Relic Sorter","Relic Stats","StSLib","The Cursed","Waifu the Spire","ojb\u0027s Better Paths Mod","ojb\u0027s Info Mod"],"gold_per_floor":[99,99,99,99,39,39,39,39,39,39,39,39,39,39,39,39,39],"floor_reached":16,"playtime":1046,"items_purged":[],"score":228,"play_id":"2db85fff-6c24-4c26-a167-2bef0c794f07","local_time":"20201224124855","is_ascension_mode":true,"campfire_choices":[{"floor":7,"key":"REST"},{"data":"TheCursedMod:ReleasedKnowledge","floor":15,"key":"SMITH"}],"circlet_count":0,"master_deck":["AscendersBane","TheCursedMod:Strike_TheCursed","TheCursedMod:Strike_TheCursed","TheCursedMod:Strike_TheCursed","TheCursedMod:Defend_TheCursed","TheCursedMod:Defend_TheCursed","TheCursedMod:Defend_TheCursed","TheCursedMod:Defend_TheCursed","TheCursedMod:CursedWand","TheCursedMod:CleanUpWorkshop","TheCursedMod:Dregs","TheCursedMod:SurpriseAttack","TheCursedMod:DemonicPact","TheCursedMod:SoulCrush","TheCursedMod:ReleasedKnowledge+1","TheCursedMod:LuckyCharm","TheCursedMod:CursedShiv","TheCursedMod:SoulReap","Writhe","TheCursedMod:Obscuration"],"relics":["Ectoplasm","Art of War","Boot","The Courier"],"acts_visited":["Exordium"],"potions_floor_usage":[8,16,16],"damage_taken":[{"damage":0,"enemies":"Small Slimes","floor":1,"turns":4},{"damage":2,"enemies":"Jaw Worm","floor":2,"turns":5},{"damage":0,"enemies":"2 Louse","floor":3,"turns":3},{"damage":10,"enemies":"Lots of Slimes","floor":4,"turns":4},{"damage":9,"enemies":"Looter","floor":5,"turns":4},{"damage":32,"enemies":"3 Sentries","floor":6,"turns":10},{"damage":27,"enemies":"Gremlin Nob","floor":8,"turns":4},{"damage":3,"enemies":"Blue Slaver","floor":11,"turns":3},{"damage":16,"enemies":"Exordium Thugs","floor":13,"turns":6},{"damage":58,"enemies":"Hexaghost","floor":16,"turns":15}],"seed_played":"-5726589687384408042","potions_obtained":[{"floor":4,"key":"SteroidPotion"},{"floor":5,"key":"SpeedPotion"},{"floor":11,"key":"Dexterity Potion"}],"is_trial":false,"path_per_floor":["M","M","M","M","M","E","R","E","T","?","M","?","M","?","R","B"],"character_chosen":"THE_CURSED","items_purchased":[],"campfire_rested":1,"item_purchase_floors":[],"current_hp_per_floor":[64,62,62,52,43,11,32,5,5,5,7,71,60,53,53,0,0],"gold":39,"neow_bonus":"BOSS_RELIC","is_daily":false,"chose_seed":false,"campfire_upgraded":1,"win_rate":0.0,"timestamp":1608832135,"path_taken":["M","M","M","M","M","E","R","E","T","?","?","?","M","?","R","BOSS"],"items_purchased_type":[],"build_version":"2020-12-22","purchased_purges":0,"victory":false,"max_hp_per_floor":[71,71,71,71,71,71,71,71,71,71,71,71,71,71,71,71,71],"relic_stats":{"counters":[10,58],"Ectoplasm":227,"Art of War":[2],"Boot":[9],"obtain_stats":[{"TheCursedMod:BlackMagic101":0,"Ectoplasm":0,"The Courier":9,"Art of War":6,"Boot":8},{"TheCursedMod:BlackMagic101":0,"Ectoplasm":0,"The Courier":7,"Art of War":6,"Boot":7},{"TheCursedMod:BlackMagic101":0,"Ectoplasm":0,"The Courier":34,"Art of War":30,"Boot":34}]},"card_choices":[{"not_picked":["TheCursedMod:SpitefulStrike","TheCursedMod:CircleOfFlame"],"picked":"TheCursedMod:SurpriseAttack","floor":1},{"not_picked":["TheCursedMod:VitalStrike","TheCursedMod:CursedShiv"],"picked":"TheCursedMod:DemonicPact","floor":2},{"not_picked":["TheCursedMod:RapidMovement","TheCursedMod:CursedMace"],"picked":"TheCursedMod:SoulCrush","floor":3},{"not_picked":["TheCursedMod:VitalStrike","TheCursedMod:SpitefulStrike"],"picked":"TheCursedMod:ReleasedKnowledge","floor":4},{"not_picked":["TheCursedMod:RavingStaff","TheCursedMod:CircleOfFlame"],"picked":"TheCursedMod:LuckyCharm","floor":5},{"not_picked":["TheCursedMod:SoulCrush","TheCursedMod:SurpriseAttack"],"picked":"TheCursedMod:CursedShiv","floor":6},{"not_picked":["TheCursedMod:AbyssShockwave","TheCursedMod:Stretching"],"picked":"TheCursedMod:SoulReap","floor":8},{"not_picked":["TheCursedMod:VitalStrike","TheCursedMod:Stigma","TheCursedMod:SoulCrush"],"picked":"SKIP","floor":11},{"not_picked":["TheCursedMod:DoubleShield","TheCursedMod:VitalStrike"],"picked":"TheCursedMod:Obscuration","floor":13}],"player_experience":4395660,"relics_obtained":[{"floor":6,"key":"Art of War"},{"floor":8,"key":"Boot"},{"floor":9,"key":"The Courier"}],"event_choices":[{"damage_healed":0,"gold_gain":0,"player_choice":"1 cards matched","damage_taken":0,"max_hp_gain":0,"max_hp_loss":0,"event_name":"Match and Keep!","floor":10,"gold_loss":0,"cards_obtained":["Writhe"]},{"damage_healed":64,"gold_gain":0,"player_choice":"Full Heal","damage_taken":0,"max_hp_gain":0,"max_hp_loss":0,"event_name":"Wheel of Change","floor":12,"gold_loss":0},{"cards_removed":["TheCursedMod:Strike_TheCursed"],"damage_healed":0,"gold_gain":0,"player_choice":"Card Removal","damage_taken":7,"max_hp_gain":0,"max_hp_loss":0,"event_name":"Golden Wing","floor":14,"gold_loss":0}],"is_beta":false,"boss_relics":[],"items_purged_floors":[],"is_endless":false,"potions_floor_spawned":[4,5,6,11],"killed_by":"Hexaghost","ascension_level":20}}