{"host":"6999i8eg5ewbhdiq","time":1608821980,"event":{"mods":["AchievementEnabler","BaseMod","Colored Map","Colored Powertips","Highlight Path","Minty Spire (QoL Compilation)"],"gold_per_floor":[111,111,123,140,159,159,173,199,249,277,277,292,325,325,325,325,325],"floor_reached":16,"playtime":914,"items_purged":[],"score":140,"play_id":"4b854d64-8a99-4fba-83cd-99c7447c3640","local_time":"20201224155940","is_ascension_mode":true,"campfire_choices":[{"data":"Chill","floor":6.0,"key":"SMITH"},{"floor":11.0,"key":"REST"},{"floor":15.0,"key":"REST"}],"circlet_count":0,"master_deck":["Strike_B","Strike_B","Strike_B","Strike_B","Defend_B","Defend_B","Defend_B","Defend_B","Zap","Dualcast","Chill+1","Steam","Cold Snap","Hologram","Rip and Tear","Genetic Algorithm","Defragment","Aggregate"],"relics":["Cracked Core","Potion Belt","Art of War","Lantern","Letter Opener","MealTicket"],"acts_visited":["Exordium"],"potions_floor_usage":[],"damage_taken":[{"damage":8.0,"enemies":"Jaw Worm","floor":1.0,"turns":4.0},{"damage":4.0,"enemies":"Small Slimes","floor":3.0,"turns":5.0},{"damage":0.0,"enemies":"Cultist","floor":4.0,"turns":3.0},{"damage":2.0,"enemies":"Red Slaver","floor":5.0,"turns":4.0},{"damage":4.0,"enemies":"Looter","floor":7.0,"turns":3.0},{"damage":13.0,"enemies":"Lagavulin","floor":8.0,"turns":7.0},{"damage":24.0,"enemies":"Gremlin Nob","floor":10.0,"turns":4.0},{"damage":0.0,"enemies":"Exordium Wildlife","floor":12.0,"turns":3.0},{"damage":8.0,"enemies":"Lagavulin","floor":13.0,"turns":5.0},{"damage":66,"enemies":"Slime Boss","floor":16,"turns":10}],"seed_played":"-3277313872380093445","potions_obtained":[{"floor":3.0,"key":"ColorlessPotion"},{"floor":4.0,"key":"LiquidMemories"},{"floor":7.0,"key":"PowerPotion"},{"floor":10.0,"key":"SteroidPotion"},{"floor":12.0,"key":"PowerPotion"}],"is_trial":false,"path_per_floor":["M","?","M","M","M","R","M","E","T","E","R","M","E","?","R","B"],"character_chosen":"DEFECT","items_purchased":[],"campfire_rested":2,"item_purchase_floors":[],"current_hp_per_floor":[67,72,68,68,66,66,62,49,49,25,49,49,41,41,65,0,0],"gold":325,"neow_bonus":"RANDOM_COMMON_RELIC","is_daily":false,"chose_seed":false,"campfire_upgraded":1,"win_rate":0.0,"timestamp":1608821980,"path_taken":["M","?","M","M","M","R","M","E","T","E","R","M","E","?","R","BOSS"],"items_purchased_type":[],"build_version":"2020-12-22","purchased_purges":0,"victory":false,"max_hp_per_floor":[75,80,80,80,80,80,80,80,80,80,80,80,80,80,80,80,80],"card_choices":[{"not_picked":["Coolheaded","Storm"],"picked":"Chill","floor":1.0},{"not_picked":["Compile Driver","Fusion"],"picked":"Steam","floor":3.0},{"not_picked":["Ball Lightning","Auto Shields"],"picked":"Cold Snap","floor":4.0},{"not_picked":["Go for the Eyes","Melter"],"picked":"Hologram","floor":5.0},{"not_picked":["Sweeping Beam","Doom and Gloom","Reprogram"],"picked":"SKIP","floor":7.0},{"not_picked":["Beam Cell","Ball Lightning"],"picked":"Rip and Tear","floor":8.0},{"not_picked":["Coolheaded","Steam Power"],"picked":"Genetic Algorithm","floor":10.0},{"not_picked":["Streamline","Cold Snap"],"picked":"Defragment","floor":12.0},{"not_picked":["Static Discharge","Rainbow"],"picked":"Aggregate","floor":13.0}],"player_experience":107429,"relics_obtained":[{"floor":8.0,"key":"Art of War"},{"floor":9.0,"key":"Lantern"},{"floor":10.0,"key":"Letter Opener"},{"floor":13.0,"key":"MealTicket"}],"event_choices":[{"damage_healed":0.0,"max_hp_gain":5.0,"max_hp_loss":0.0,"gold_gain":0.0,"event_name":"Big Fish","player_choice":"Donut","floor":2.0,"gold_loss":0.0,"damage_taken":0.0},{"damage_healed":0.0,"max_hp_gain":0.0,"max_hp_loss":0.0,"gold_gain":0.0,"event_name":"Golden Idol","player_choice":"Ignored","floor":14.0,"gold_loss":0.0,"damage_taken":0.0}],"is_beta":false,"boss_relics":[],"items_purged_floors":[],"is_endless":false,"potions_floor_spawned":[3,4,7,10,12],"killed_by":"Slime Boss","ascension_level":3}}