{"host":"873t0y8ybyo38pfq","time":1608824886,"event":{"mods":["BaseMod","Colored Map","Highlight Path","Minty Spire (QoL Compilation)","Rare Cards Sparkle","StSLib"],"gold_per_floor":[112,37,37,37,37,70,14,14,38,72,96,55,74,98,98,187,187,210,210,210,210,223,223,223],"floor_reached":23,"playtime":374,"items_purged":[],"score":494,"play_id":"f900f78c-40ce-4ca1-b322-1d4666e609d4","local_time":"20201224104806","is_ascension_mode":true,"campfire_choices":[{"data":"Skewer","floor":8,"key":"SMITH"},{"floor":15,"key":"REST"}],"circlet_count":0,"master_deck":["AscendersBane","Strike_G","Strike_G","Strike_G","Strike_G","Defend_G","Defend_G","Defend_G","Defend_G","Defend_G","Survivor","Neutralize+1","Quick Slash","Skewer+1","Riddle With Holes","Footwork","Dagger Spray","Noxious Fumes+1","Corpse Explosion","Concentrate"],"relics":["Ring of the Snake","NeowsBlessing","Golden Idol","Oddly Smooth Stone","Akabeko","Tough Bandages","Cursed Key"],"acts_visited":["Exordium","TheCity"],"potions_floor_usage":[16,16,23],"damage_taken":[{"damage":0,"enemies":"Jaw Worm","floor":1,"turns":1},{"damage":0,"enemies":"Gremlin Nob","floor":6,"turns":1},{"damage":0,"enemies":"Lagavulin","floor":10,"turns":1},{"damage":0,"enemies":"2 Louse","floor":11,"turns":1},{"damage":0,"enemies":"Small Slimes","floor":13,"turns":2},{"damage":11,"enemies":"Exordium Thugs","floor":14,"turns":2},{"damage":16,"enemies":"The Guardian","floor":16,"turns":12},{"damage":42,"enemies":"Chosen","floor":18,"turns":6},{"damage":0,"enemies":"Spheric Guardian","floor":22,"turns":1},{"damage":24,"enemies":"Gremlin Leader","floor":23,"turns":6}],"seed_played":"-2336612928905075304","potions_obtained":[{"floor":6,"key":"AttackPotion"},{"floor":11,"key":"PowerPotion"},{"floor":16,"key":"FairyPotion"},{"floor":22,"key":"LiquidMemories"}],"is_trial":false,"path_per_floor":["M","?","?","?","?","E","$","R","T","E","M","$","M","M","R","B",null,"M","?","?","?","M","E"],"character_chosen":"THE_SILENT","items_purchased":["FearPotion","Footwork"],"campfire_rested":1,"item_purchase_floors":[7,12],"current_hp_per_floor":[59,59,59,59,24,24,24,24,24,24,24,24,24,13,31,15,49,7,19,19,19,19,0,0],"gold":223,"neow_bonus":"THREE_ENEMY_KILL","is_daily":false,"chose_seed":false,"campfire_upgraded":1,"win_rate":0.0,"timestamp":1608824886,"path_taken":["M","?","?","?","?","E","$","R","T","E","?","$","M","M","R","BOSS","M","?","?","?","?","E"],"items_purchased_type":["Potion","Card"],"build_version":"2020-12-22","purchased_purges":0,"victory":false,"max_hp_per_floor":[66,66,60,60,60,60,60,60,60,60,60,60,60,60,60,60,60,60,65,65,65,65,65,65],"card_choices":[{"not_picked":["Calculated Gamble","Escape Plan"],"picked":"Quick Slash","floor":1},{"not_picked":["Escape Plan","Leg Sweep"],"picked":"Skewer","floor":6},{"not_picked":["Night Terror","Distraction"],"picked":"Riddle With Holes","floor":10},{"not_picked":["Outmaneuver","Distraction","Underhanded Strike"],"picked":"SKIP","floor":11},{"not_picked":["Finisher","Bouncing Flask"],"picked":"Dagger Spray","floor":13},{"not_picked":["Blade Dance","Cloak And Dagger"],"picked":"Noxious Fumes","floor":14},{"not_picked":["Die Die Die","Tools of the Trade"],"picked":"Corpse Explosion","floor":16},{"not_picked":["Flying Knee","Dagger Spray","Sucker Punch"],"picked":"SKIP","floor":18},{"not_picked":["Prepared","Underhanded Strike+1"],"picked":"Concentrate","floor":22}],"player_experience":1345379,"relics_obtained":[{"floor":6,"key":"Akabeko"},{"floor":10,"key":"Tough Bandages"}],"event_choices":[{"cards_removed":["Strike_G"],"damage_healed":0,"gold_gain":0,"player_choice":"Card Removal","damage_taken":0,"max_hp_gain":0,"max_hp_loss":0,"event_name":"The Cleric","floor":2,"gold_loss":75},{"damage_healed":0,"gold_gain":0,"player_choice":"Lose Max HP","damage_taken":0,"relics_obtained":["Golden Idol"],"max_hp_gain":0,"max_hp_loss":6,"event_name":"Golden Idol","floor":3,"gold_loss":0},{"damage_healed":0,"gold_gain":0,"player_choice":"Grow","damage_taken":0,"max_hp_gain":0,"max_hp_loss":0,"event_name":"Living Wall","floor":4,"gold_loss":0,"cards_upgraded":["Neutralize"]},{"damage_healed":0,"gold_gain":0,"player_choice":"Success","damage_taken":35,"relics_obtained":["Oddly Smooth Stone"],"max_hp_gain":0,"max_hp_loss":0,"event_name":"Scrap Ooze","floor":5,"gold_loss":0},{"damage_healed":0,"gold_gain":0,"player_choice":"Shed Blood","damage_taken":21,"max_hp_gain":5,"max_hp_loss":0,"event_name":"Forgotten Altar","floor":19,"gold_loss":0},{"damage_healed":0,"gold_gain":0,"player_choice":"Ignored","damage_taken":0,"max_hp_gain":0,"max_hp_loss":0,"event_name":"The Mausoleum","floor":20,"gold_loss":0},{"damage_healed":0,"gold_gain":0,"player_choice":"Forge","damage_taken":0,"max_hp_gain":0,"max_hp_loss":0,"event_name":"Accursed Blacksmith","floor":21,"gold_loss":0,"cards_upgraded":["Noxious Fumes"]}],"is_beta":false,"boss_relics":[{"not_picked":["Snecko Eye","Empty Cage"],"picked":"Cursed Key"}],"items_purged_floors":[],"is_endless":false,"potions_floor_spawned":[6,10,11,16,22],"killed_by":"Gremlin Leader","ascension_level":20}}