{"host":"5bdt6s51dmpd4l3v","time":1608778481,"event":{"mods":["AchievementEnabler","BaseMod","Colored Map","Colored Powertips","Highlight Path","Minty Spire (QoL Compilation)","Quick Restart","Rare Cards Sparkle","StSLib"],"gold_per_floor":[112,23,23,34,34,63,73,73,73,73,122,197,197,241,241,337,337,350,375,375,390,413,413,413],"floor_reached":23,"playtime":475,"items_purged":[],"score":436,"play_id":"1974bc54-6bce-4ae0-8d50-7d53dd88a541","local_time":"20201224105441","is_ascension_mode":true,"campfire_choices":[{"data":"Inflame","floor":8,"key":"SMITH"},{"data":"Sword Boomerang","floor":10,"key":"SMITH"},{"data":"Shockwave","floor":15,"key":"SMITH"},{"floor":23,"key":"REST"}],"circlet_count":0,"master_deck":["AscendersBane","Strike_R","Strike_R","Strike_R","Strike_R","Strike_R","Defend_R","Defend_R+1","Defend_R+1","Bash","Twin Strike","Inflame+1","Sword Boomerang+1","Clash","Hemokinesis","Shockwave+1","Offering+1","Headbutt+1"],"relics":["Burning Blood","NeowsBlessing","The Courier","Bag of Preparation","PreservedInsect","Golden Idol","Shuriken","Fusion Hammer"],"acts_visited":["Exordium","TheCity"],"potions_floor_usage":[14,16,18,19],"damage_taken":[{"damage":0,"enemies":"Small Slimes","floor":1,"turns":1},{"damage":0,"enemies":"2 Louse","floor":4,"turns":1},{"damage":0,"enemies":"3 Sentries","floor":6,"turns":2},{"damage":0,"enemies":"Jaw Worm","floor":7,"turns":3},{"damage":0,"enemies":"Lagavulin","floor":14,"turns":2},{"damage":11,"enemies":"Slime Boss","floor":16,"turns":7},{"damage":22,"enemies":"2 Thieves","floor":18,"turns":2},{"damage":8,"enemies":"3 Byrds","floor":19,"turns":3},{"damage":16,"enemies":"Cultist and Chosen","floor":21,"turns":3},{"damage":35,"enemies":"Sentry and Sphere","floor":22,"turns":4}],"seed_played":"5103296362406186304","potions_obtained":[{"floor":4,"key":"GamblersBrew"},{"floor":7,"key":"LiquidMemories"},{"floor":14,"key":"HeartOfIron"},{"floor":16,"key":"ElixirPotion"},{"floor":18,"key":"Dexterity Potion"}],"is_trial":false,"path_per_floor":["M","$","?","M","?","E","M","R","T","R","T","?","?","E","R","B",null,"M","M","?","M","M","R"],"character_chosen":"IRONCLAD","items_purchased":["Inflame","Sword Boomerang"],"campfire_rested":1,"item_purchase_floors":[2,2],"current_hp_per_floor":[74,74,67,73,50,56,62,62,62,62,62,51,51,57,57,52,64,48,46,46,36,7,27,27],"gold":413,"neow_bonus":"THREE_ENEMY_KILL","is_daily":false,"chose_seed":false,"campfire_upgraded":3,"win_rate":0.0,"timestamp":1608778481,"path_taken":["M","$","?","M","?","E","M","R","T","R","?","?","?","E","R","BOSS","M","M","?","?","M","R"],"items_purchased_type":["Card","Card"],"build_version":"2020-12-22","purchased_purges":0,"victory":false,"max_hp_per_floor":[75,75,75,75,75,75,75,75,75,75,75,75,68,68,68,68,68,68,68,68,68,68,68,68],"card_choices":[{"not_picked":["Havoc","Wild Strike"],"picked":"Twin Strike","floor":1},{"not_picked":["Body Slam","Anger"],"picked":"Clash","floor":4},{"not_picked":["Carnage","Disarm"],"picked":"Hemokinesis","floor":6},{"not_picked":["Iron Wave","Clothesline","Second Wind"],"picked":"SKIP","floor":7},{"not_picked":["Thunderclap","Clothesline"],"picked":"Shockwave","floor":14},{"not_picked":["Barricade","Demon Form"],"picked":"Offering","floor":16},{"not_picked":["Uppercut","Flex","Thunderclap"],"picked":"SKIP","floor":18},{"not_picked":["Clothesline","Heavy Blade","Fire Breathing"],"picked":"SKIP","floor":19},{"not_picked":["Anger+1","Perfected Strike+1","Body Slam"],"picked":"SKIP","floor":21},{"not_picked":["Evolve","Wild Strike"],"picked":"Headbutt+1","floor":22}],"player_experience":210866,"relics_obtained":[{"floor":6,"key":"The Courier"},{"floor":9,"key":"Bag of Preparation"},{"floor":11,"key":"PreservedInsect"},{"floor":14,"key":"Shuriken"}],"event_choices":[{"cards_removed":["Defend_R"],"damage_healed":0,"gold_gain":0,"player_choice":"Card Removal","damage_taken":7,"max_hp_gain":0,"max_hp_loss":0,"event_name":"Golden Wing","floor":3,"gold_loss":0},{"damage_healed":0,"gold_gain":0,"player_choice":"Entered Light","damage_taken":23,"max_hp_gain":0,"max_hp_loss":0,"event_name":"Shining Light","floor":5,"gold_loss":0,"cards_upgraded":["Defend_R","Defend_R"]},{"damage_healed":0,"gold_gain":75,"player_choice":"Gather Gold","damage_taken":11,"max_hp_gain":0,"max_hp_loss":0,"event_name":"World of Goop","floor":12,"gold_loss":0},{"damage_healed":0,"gold_gain":0,"player_choice":"Lose Max HP","damage_taken":0,"relics_obtained":["Golden Idol"],"max_hp_gain":0,"max_hp_loss":7,"event_name":"Golden Idol","floor":13,"gold_loss":0},{"damage_healed":0,"gold_gain":0,"player_choice":"Forge","damage_taken":0,"max_hp_gain":0,"max_hp_loss":0,"event_name":"Accursed Blacksmith","floor":20,"gold_loss":0,"cards_upgraded":["Offering"]}],"is_beta":false,"boss_relics":[{"not_picked":["Astrolabe","Black Blood"],"picked":"Fusion Hammer"}],"items_purged_floors":[],"is_endless":false,"potions_floor_spawned":[4,7,14,16,18],"ascension_level":15}}