{"host":"ky7z67tg8zpdk0g7","time":1608800676,"event":{"mods":["BaseMod","Beaked The Cultist","Better Third Choice","CapriCore","Displayed Cursed Tome","Energized Spire","Fireblade Mod","Hubris","Lobotomy","LobotomyExtend","Minty Spire (QoL Compilation)","Replay The Spire","SOS???????","Shop Mod","StSLib","Td1madao Mod","The Dragon Tamer","The Hayseed","The Hierophant","The Immortal","The Marked","The Necromancer","TheBandit","TheWitcher"],"gold_per_floor":[115,115,132,132,148,179,179,208,208,236,236,250,277,287,287,386,386,401,401,35,35,35,64,64,99,125,139,156,156,187,214,214,319,319,333,333,333,353,365,365,398,418,442,457,457,477,509,530,530,530,530,530,530,57,83,83],"floor_reached":57,"playtime":2278,"items_purged":["SlowAim","hubris:Greed"],"score":2195,"play_id":"71eb507e-8c1c-4b03-976f-13c70b073348","local_time":"20201224160436","is_ascension_mode":true,"campfire_choices":[{"data":"theMarked:EternalStudent","floor":15.0,"key":"SMITH"},{"floor":24.0,"key":"REST"},{"floor":29.0,"key":"RECALL"},{"data":"theMarked:EternalStudent","floor":40,"key":"SMITH"},{"floor":45,"key":"REST"},{"floor":49,"key":"REST"},{"floor":53,"key":"REST"}],"circlet_count":0,"master_deck":["theMarked:Strike","theMarked:Strike","theMarked:Strike","theMarked:Defend","theMarked:Defend+1","theMarked:Defend+1","theMarked:Defend","theMarked:SoldierOfQuellstein","MokouMod:Strike+1","theMarked:HeightenedSenses+1","theMarked:SwordAndMagic","theMarked:ComboAttacks","theMarked:EternalStudent+1","theMarked:EmpowerWeapon","Apotheosis+1","theMarked:WardOff","theMarked:Challenge+1","theMarked:EternalStudent+1","theMarked:WardOff","theMarked:Overcharge","theMarked:KeepCalmAndFightOn+1","theMarked:EmpowerWeapon+1","theMarked:Challenge","theMarked:WardOff+1","theMarked:TwofoldDefense+1","theMarked:Improvise+1","theMarked:SelfDefenseTraining+1","theMarked:RepellingDischarge+1","theMarked:MysticalArsenal","theMarked:WardOff"],"relics":["theMarked:ArtifactOfAir","Lizard Tail","LetterFromLob","Gremlin Food","hubris:Towel","Blood Vial","Garlic","theMarked:KettuFlask","ReplayTheSpireMod:TigerMarble","hubris:TerracottaHorce","hubris:Icosahedron","Nunchaku","hubris:TenFootPole","Enchiridion","Replay:Baseball","Red Mask","Vajra","Mummified Hand","RedMistMask","Replay:Mystery Machine","Cursed Key","Gaze_r","Strawberry","Omamori","Anchor","Mercury Hourglass"],"acts_visited":["Exordium","TheCity","TheBeyond","TheEnding"],"potions_floor_usage":[47,47,50,55,56,56,56,56,56],"damage_taken":[{"damage":1.0,"enemies":"2 Louse","floor":1.0,"turns":3.0},{"damage":1.0,"enemies":"Cultist","floor":3.0,"turns":4.0},{"damage":7.0,"enemies":"Jaw Worm","floor":5.0,"turns":3.0},{"damage":7.0,"enemies":"Gremlin Nob","floor":6.0,"turns":3.0},{"damage":32.0,"enemies":"3 Sentries","floor":8.0,"turns":9.0},{"damage":16.0,"enemies":"Lagavulin","floor":10.0,"turns":5.0},{"damage":0.0,"enemies":"Looter","floor":12.0,"turns":1.0},{"damage":24.0,"enemies":"Gremlin Nob","floor":13.0,"turns":4.0},{"damage":0.0,"enemies":"Blue Slaver","floor":14.0,"turns":4.0},{"damage":1.0,"enemies":"Hexaghost","floor":16.0,"turns":7.0},{"damage":5.0,"enemies":"3 Byrds","floor":18.0,"turns":6.0},{"damage":0.0,"enemies":"Replay:Snechameleon","floor":23.0,"turns":4.0},{"damage":0.0,"enemies":"Masked Bandits","floor":25.0,"turns":1.0},{"damage":0.0,"enemies":"Chosen","floor":27.0,"turns":3.0},{"damage":0.0,"enemies":"3 Cultists","floor":28.0,"turns":3.0},{"damage":6.0,"enemies":"Slavers","floor":30.0,"turns":3.0},{"damage":31.0,"enemies":"Pondfish","floor":33.0,"turns":7.0},{"damage":12.0,"enemies":"3 Darklings","floor":35.0,"turns":3.0},{"damage":0,"enemies":"3 Darklings","floor":36,"turns":1},{"damage":0,"enemies":"Orb Walker","floor":38,"turns":3},{"damage":0,"enemies":"4 Shapes","floor":39,"turns":3},{"damage":6,"enemies":"Giant Head","floor":41,"turns":5},{"damage":0,"enemies":"Transient","floor":42,"turns":5},{"damage":0,"enemies":"Sphere and 2 Shapes","floor":44,"turns":4},{"damage":0,"enemies":"3 Darklings","floor":46,"turns":3},{"damage":19,"enemies":"Nemesis","floor":47,"turns":5},{"damage":0,"enemies":"Spire Growth","floor":48,"turns":3},{"damage":66,"enemies":"Donu and Deca","floor":50,"turns":7},{"damage":3,"enemies":"Shield and Spear","floor":55,"turns":4},{"damage":48,"enemies":"The Heart","floor":56,"turns":8}],"seed_played":"175970298274210932","potions_obtained":[{"floor":3.0,"key":"Fire Potion"},{"floor":6.0,"key":"Weak Potion"},{"floor":10.0,"key":"Energy Potion"},{"floor":14.0,"key":"Block Potion"},{"floor":23.0,"key":"Toxic Potion"},{"floor":33.0,"key":"Languid Potion"},{"floor":42,"key":"ColorlessPotion"},{"floor":46,"key":"GamblersBrew"},{"floor":48,"key":"Adrenaline Potion"}],"is_trial":false,"path_per_floor":["M","?","M","$","M","E","?","E","T","E","?","M","E","M","R","B",null,"M","?","$","?","?","E","R","?","T","M","M","R","E","T","R","B",null,"M","?","?","M","M","R","E","M","T","M","R","M","E","M","R","B",null,null,"R","$","E","B",null],"character_chosen":"THE_DEFAULT","items_purchased":["Nunchaku","hubris:TenFootPole","theMarked:MysticalArsenal","Anchor","EntropicBrew","Weak Potion","theMarked:WardOff"],"campfire_rested":4,"item_purchase_floors":[20,20,54,54,54,54,54],"current_hp_per_floor":[69,69,68,68,61,54,54,22,22,8,8,10,27,29,29,30,60,57,57,57,57,50,52,70,70,70,70,70,70,64,64,64,35,61,51,70,70,70,70,70,71,73,73,75,77,77,58,60,77,11,11,61,77,77,74,28],"gold":83,"neow_bonus":"ONE_RARE_RELIC","is_daily":false,"chose_seed":false,"campfire_upgraded":2,"win_rate":0.0,"timestamp":1608800676,"path_taken":["M","?","?","$","M","E","?","E","T","E","?","M","E","M","R","BOSS","M","?","$","?","?","E","R","?","T","M","M","R","E","?","R","BOSS","M","?","?","M","M","R","E","?","T","M","R","M","E","M","R","BOSS","R","$","E","BOSS"],"items_purchased_type":["Relic","Relic","Card","Relic","Potion","Potion","Card"],"build_version":"2020-12-22","purchased_purges":2,"victory":true,"max_hp_per_floor":[70,70,70,70,70,70,70,70,70,70,70,70,70,70,70,70,70,70,70,70,70,70,70,70,70,70,70,70,70,70,70,70,70,70,70,70,70,70,70,70,77,77,77,77,77,77,77,77,77,77,77,77,77,77,77,77],"card_choices":[{"not_picked":["theMarked:TwofoldDefense","theMarked:WastefulAttack"],"picked":"theMarked:HeightenedSenses","floor":1.0},{"not_picked":["theMarked:Frustration","theMarked:Parkour"],"picked":"theMarked:SwordAndMagic","floor":3.0},{"not_picked":["theMarked:Electrify","theMarked:Static","theMarked:SwordAndMagic"],"picked":"SKIP","floor":5.0},{"not_picked":["theMarked:TwofoldDefense","theMarked:ChainLightning"],"picked":"theMarked:ComboAttacks","floor":6.0},{"not_picked":["theMarked:Parkour","theMarked:RepellingDischarge"],"picked":"theMarked:EternalStudent","floor":8.0},{"not_picked":["theMarked:CreepingChasm","theMarked:ElectricStrings"],"picked":"theMarked:EmpowerWeapon","floor":10.0},{"not_picked":["theMarked:Static","theMarked:BanishingWave"],"picked":"theMarked:WardOff","floor":12.0},{"not_picked":["theMarked:TunnelVision","theMarked:ElectricStrings"],"picked":"theMarked:Challenge","floor":13.0},{"not_picked":["theMarked:ReduceFriction","theMarked:ChainLightning","theMarked:PowerFlow"],"picked":"SKIP","floor":14.0},{"not_picked":["theMarked:Levitate","theMarked:SuspiciousRaven"],"picked":"theMarked:EternalStudent","floor":16.0},{"not_picked":["theMarked:ChainLightning","theMarked:SelfDefenseTraining+1"],"picked":"theMarked:WardOff","floor":18.0},{"not_picked":["theMarked:ShockingTouch+1","theMarked:ReduceFriction"],"picked":"theMarked:KeepCalmAndFightOn+1","floor":23.0},{"not_picked":["theMarked:MaelstromOfLightning+1","theMarked:Aftermath+1","theMarked:WastefulAttack"],"picked":"SKIP","floor":27.0},{"not_picked":["theMarked:TwofoldDefense+1","theMarked:HeightenedSenses"],"picked":"theMarked:EmpowerWeapon+1","floor":28.0},{"not_picked":["theMarked:HeightenedSenses","theMarked:FavorableWinds","theMarked:EmpowerWeapon"],"picked":"SKIP","floor":30.0},{"not_picked":["theMarked:TakeOffHeels","theMarked:Snap"],"picked":"theMarked:Challenge","floor":33.0},{"not_picked":["theMarked:Static+1","theMarked:Improvise+1"],"picked":"theMarked:WardOff+1","floor":35.0},{"not_picked":["theMarked:ElectricStrings+1","theMarked:Polarize"],"picked":"theMarked:TwofoldDefense+1","floor":38},{"not_picked":["theMarked:HeightenedSenses+1","theMarked:SuspiciousRaven"],"picked":"theMarked:Improvise+1","floor":39},{"not_picked":["theMarked:RepellingDischarge","theMarked:WastefulAttack+1"],"picked":"theMarked:SelfDefenseTraining+1","floor":41},{"not_picked":["theMarked:HeritageOfTheMarked","theMarked:RogueSparks+1"],"picked":"theMarked:RepellingDischarge+1","floor":42},{"not_picked":["theMarked:ContemptForTheProud+1","theMarked:ElectricStrings","theMarked:SwordAndMagic+1"],"picked":"SKIP","floor":44},{"not_picked":["theMarked:Snap","theMarked:GodGivenPower","theMarked:Aftermath+1"],"picked":"SKIP","floor":46},{"not_picked":["theMarked:KeepCalmAndFightOn+1","theMarked:MaelstromOfLightning","theMarked:RepellingDischarge"],"picked":"SKIP","floor":47},{"not_picked":["theMarked:HeightenedSenses","theMarked:SwordAndMagic","theMarked:Overcharge"],"picked":"SKIP","floor":48},{"not_picked":["theMarked:RepellingDischarge","theMarked:Seal+1","theMarked:Parkour"],"picked":"SKIP","floor":55}],"player_experience":301684,"relics_obtained":[{"floor":1.0,"key":"LetterFromLob"},{"floor":6.0,"key":"Gremlin Food"},{"floor":8.0,"key":"Blood Vial"},{"floor":9.0,"key":"Garlic"},{"floor":10.0,"key":"theMarked:KettuFlask"},{"floor":13.0,"key":"ReplayTheSpireMod:TigerMarble"},{"floor":23.0,"key":"Replay:Baseball"},{"floor":25.0,"key":"Red Mask"},{"floor":26.0,"key":"Vajra"},{"floor":30.0,"key":"Mummified Hand"},{"floor":30.0,"key":"RedMistMask"},{"floor":31.0,"key":"Replay:Mystery Machine"},{"floor":41,"key":"Strawberry"},{"floor":47,"key":"Omamori"},{"floor":55,"key":"Mercury Hourglass"}],"event_choices":[{"damage_healed":0.0,"max_hp_gain":0.0,"max_hp_loss":0.0,"gold_gain":0.0,"event_name":"The Woman in Blue","player_choice":"Bought 0 Potions","floor":2.0,"gold_loss":0.0,"damage_taken":0.0},{"damage_healed":8.0,"max_hp_gain":0.0,"max_hp_loss":70.0,"gold_gain":0.0,"event_name":"betterThird:BetterShining","player_choice":"Embrace","floor":11.0,"gold_loss":0.0,"damage_taken":0.0},{"damage_healed":0.0,"max_hp_gain":0.0,"max_hp_loss":0.0,"gold_gain":0.0,"event_name":"Cursed Tome","player_choice":"Obtained Book","floor":22.0,"gold_loss":0.0,"damage_taken":16.0},{"damage_healed":0.0,"max_hp_gain":0.0,"max_hp_loss":0.0,"gold_gain":0.0,"event_name":"Masked Bandits","player_choice":"Fought Bandits","floor":25.0,"gold_loss":0.0,"damage_taken":0.0},{"cards_removed":["theMarked:Strike"],"damage_healed":0.0,"max_hp_gain":0.0,"max_hp_loss":0.0,"gold_gain":0.0,"event_name":"Purifier","player_choice":"Purged","floor":32.0,"gold_loss":0.0,"damage_taken":0.0},{"damage_healed":0,"gold_gain":0,"player_choice":"Forge","damage_taken":0,"max_hp_gain":0,"max_hp_loss":0,"event_name":"Accursed Blacksmith","floor":37,"gold_loss":0,"cards_upgraded":["theMarked:Challenge"]}],"is_beta":false,"boss_relics":[{"not_picked":["SacredBark","hubris:BlackHole"],"picked":"hubris:TerracottaHorce"},{"not_picked":["hubris:CrackedHourglass","energizedSpire:OgreHead"],"picked":"Cursed Key"}],"items_purged_floors":[20,54],"is_endless":false,"potions_floor_spawned":[3,6,10,14,23,33,42,46,48],"ascension_level":9}}