{"host":"11728qvdvolffudn","time":1608845744,"event":{"mods":["BaseMod","Block Reminder","Colored Powertips","Custom Start","Displayed Cursed Tome","Highlight Path","Minty Spire (QoL Compilation)","Permanent Neow","Quick Restart","Rare Cards Sparkle","Relic Stats"],"gold_per_floor":[109,109,127,146,160,160,85,100,100,100,126,136,136,136,136,232,232,252,252,271,290,290,290],"floor_reached":22,"playtime":511,"items_purged":["Strike_R"],"score":188,"play_id":"673bd6b7-b5c3-4896-8952-7ceda3649389","local_time":"20201224213544","is_ascension_mode":false,"campfire_choices":[{"data":"Immolate","floor":6,"key":"SMITH"},{"data":"Bash","floor":10,"key":"SMITH"},{"data":"Immolate","floor":13,"key":"SMITH"},{"data":"Flex","floor":15,"key":"SMITH"}],"circlet_count":0,"master_deck":["Strike_R","Strike_R","Strike_R","Strike_R","Defend_R","Defend_R","Defend_R","Defend_R","Bash+1","Immolate+1","Iron Wave","Immolate+1","Flex+1","Regret","Demon Form","Shrug It Off+1","Inflame"],"relics":["Burning Blood","Self Forming Clay","Orichalcum","Champion Belt","SacredBark"],"acts_visited":["Exordium","TheCity"],"potions_floor_usage":[16],"damage_taken":[{"damage":6,"enemies":"2 Louse","floor":1,"turns":2},{"damage":1,"enemies":"Cultist","floor":3,"turns":3},{"damage":7,"enemies":"Small Slimes","floor":4,"turns":3},{"damage":0,"enemies":"3 Louse","floor":5,"turns":1},{"damage":6,"enemies":"Gremlin Gang","floor":8,"turns":2},{"damage":30,"enemies":"Lagavulin","floor":11,"turns":4},{"damage":7,"enemies":"Exordium Thugs","floor":12,"turns":2},{"damage":37,"enemies":"The Guardian","floor":16,"turns":7},{"damage":23,"enemies":"Chosen","floor":18,"turns":6},{"damage":13,"enemies":"Shell Parasite","floor":20,"turns":4},{"damage":12,"enemies":"Snake Plant","floor":21,"turns":4},{"damage":0,"enemies":"Shelled Parasite and Fungi","floor":22,"turns":1}],"seed_played":"5717255452954813874","potions_obtained":[{"floor":2,"key":"Regen Potion"},{"floor":2,"key":"Ancient Potion"},{"floor":2,"key":"LiquidMemories"},{"floor":4,"key":"ElixirPotion"},{"floor":5,"key":"Weak Potion"},{"floor":8,"key":"Explosive Potion"},{"floor":16,"key":"LiquidMemories"},{"floor":21,"key":"SteroidPotion"}],"is_trial":false,"path_per_floor":["M","?","M","M","M","R","$","M","T","R","E","M","R","?","R","B",null,"M","?","M","M","M"],"character_chosen":"IRONCLAD","items_purchased":[],"campfire_rested":0,"item_purchase_floors":[],"current_hp_per_floor":[80,80,80,79,80,80,80,80,80,80,56,55,55,55,55,24,80,63,63,56,50,50,50],"gold":290,"neow_bonus":"ONE_RANDOM_RARE_CARD","is_daily":false,"chose_seed":false,"campfire_upgraded":4,"win_rate":0.0,"timestamp":1608845744,"path_taken":["M","?","M","?","M","R","?","M","T","R","E","M","R","?","R","BOSS","M","?","M","M","M"],"items_purchased_type":[],"build_version":"2020-12-22","purchased_purges":1,"victory":false,"max_hp_per_floor":[80,80,80,80,80,80,80,80,80,80,80,80,80,80,80,80,80,80,80,80,80,80,80],"relic_stats":{"counters":[12,39],"Self Forming Clay":[78],"Champion Belt":[4],"Orichalcum":[48],"obtain_stats":[{"Self Forming Clay":9,"SacredBark":17,"Champion Belt":14,"Orichalcum":11,"Burning Blood":0},{"Self Forming Clay":5,"SacredBark":8,"Champion Belt":7,"Orichalcum":6,"Burning Blood":0},{"Self Forming Clay":11,"SacredBark":24,"Champion Belt":17,"Orichalcum":15,"Burning Blood":0}],"Burning Blood":56},"card_choices":[{"not_picked":["Twin Strike","Searing Blow"],"picked":"Iron Wave","floor":1},{"not_picked":["Uppercut","Body Slam","Hemokinesis"],"picked":"SKIP","floor":3},{"not_picked":["Sword Boomerang","Perfected Strike","Shockwave"],"picked":"SKIP","floor":4},{"not_picked":["Headbutt","Wild Strike","Combust"],"picked":"SKIP","floor":5},{"not_picked":["Clash","Burning Pact","Blood for Blood"],"picked":"SKIP","floor":8},{"not_picked":["Rupture","Dark Embrace"],"picked":"Immolate","floor":11},{"not_picked":["Heavy Blade","Cleave"],"picked":"Flex","floor":12},{"not_picked":["Impervious","Fiend Fire"],"picked":"Demon Form","floor":16},{"not_picked":["Anger","Uppercut"],"picked":"Shrug It Off+1","floor":18},{"not_picked":["Perfected Strike","Pummel"],"picked":"Inflame","floor":20},{"not_picked":["Body Slam","Wild Strike","Dual Wield"],"picked":"SKIP","floor":21}],"player_experience":61100,"relics_obtained":[{"floor":9,"key":"Self Forming Clay"},{"floor":11,"key":"Orichalcum"}],"event_choices":[{"damage_healed":0,"gold_gain":0,"player_choice":"Got Potions","damage_taken":0,"max_hp_gain":0,"max_hp_loss":0,"event_name":"Lab","floor":2,"gold_loss":0},{"damage_healed":0,"gold_gain":0,"player_choice":"Box","damage_taken":0,"relics_obtained":["Champion Belt"],"max_hp_gain":0,"max_hp_loss":0,"event_name":"Big Fish","floor":14,"gold_loss":0,"cards_obtained":["Regret"]},{"damage_healed":0,"gold_gain":0,"player_choice":"Bought 0 Potions","damage_taken":0,"max_hp_gain":0,"max_hp_loss":0,"event_name":"The Woman in Blue","floor":19,"gold_loss":0}],"is_beta":false,"boss_relics":[{"not_picked":["Fusion Hammer","Sozu"],"picked":"SacredBark"}],"items_purged_floors":[7],"is_endless":false,"potions_floor_spawned":[4,5,8,16,21],"killed_by":"Shelled Parasite and Fungi","ascension_level":0}}