{"host":"czen9m7c7ttmirt2","time":1608795180,"event":{"mods":["AchievementEnabler","BaseMod","Better Third Choice","Colored Map","Colored Powertips","Conspire","Hubris","Minty Spire (QoL Compilation)","Replay The Spire","StSLib"],"gold_per_floor":[167,167,179,179,179,179,206,206,232,250,250,270,288,308,308,406,406,420,420,436,283,283,283,308,308,335,335,335,335],"floor_reached":28,"playtime":988,"items_purged":[],"score":271,"play_id":"5f8b5dbe-334f-4a47-a242-6d9f164bafc4","local_time":"20201224013300","is_ascension_mode":true,"campfire_choices":[{"floor":6,"key":"RECALL"},{"floor":8,"key":"REST"},{"floor":11,"key":"REST"},{"data":"ReplayTheSpireMod:Omega Cannon","floor":15,"key":"SMITH"},{"floor":23,"key":"REST"}],"circlet_count":0,"master_deck":["Strike_B","Strike_B","Strike_B","Strike_B","Defend_B","Defend_B","Defend_B","Defend_B","Zap","Dualcast+1","Doom and Gloom","Beam Cell","Conserve Battery","ReplayTheSpireMod:Omega Cannon+1","Heatsinks+1","Glacier","Hello World+1","Electrodynamics+1","Ball Lightning","Conserve Battery","Creative AI+1","Chaos"],"relics":["Tiny House","hubris:Icosahedron","Anchor","Frozen Egg 2","hubris:TerracottaHorce","Tiny Chest","The Courier","CultistMask","Replay:Baseball","Meat on the Bone"],"acts_visited":["Exordium","TheCity"],"potions_floor_usage":[16,24,24,24,28,28,28],"damage_taken":[{"damage":6,"enemies":"Cultist","floor":1,"turns":4},{"damage":13,"enemies":"Jaw Worm","floor":3,"turns":4},{"damage":60,"enemies":"Gremlin Nob","floor":7,"turns":6},{"damage":0,"enemies":"conspire:RoseBush","floor":10,"turns":4},{"damage":6,"enemies":"Exordium Thugs","floor":12,"turns":3},{"damage":0,"enemies":"Looter","floor":13,"turns":2},{"damage":1,"enemies":"Large Slime","floor":14,"turns":5},{"damage":54,"enemies":"Hexaghost","floor":16,"turns":12},{"damage":57,"enemies":"conspire:FuzzyDice","floor":18,"turns":5},{"damage":0,"enemies":"Chosen","floor":20,"turns":4},{"damage":23,"enemies":"Replay:Snechameleon","floor":24,"turns":7},{"damage":6,"enemies":"Gremlin Leader","floor":28,"turns":3}],"seed_played":"1879271662894609867","potions_obtained":[{"floor":0,"key":"EntropicBrew"},{"floor":1,"key":"Toxic Potion"},{"floor":10,"key":"Toxic Potion"},{"floor":13,"key":"Elixir"},{"floor":14,"key":"FairyPotion"},{"floor":16,"key":"Fire Potion"},{"floor":24,"key":"Weak Potion"}],"is_trial":false,"path_per_floor":["M","?","M","?","?","R","E","R","T","M","R","M","M","M","R","B",null,"M","?","M","$","?","R","E","?","T","T","E"],"character_chosen":"DEFECT","items_purchased":["Creative AI+1"],"campfire_rested":3,"item_purchase_floors":[21],"current_hp_per_floor":[74,79,66,66,66,66,6,31,31,31,56,50,50,49,49,25,70,13,13,13,13,4,29,6,6,6,6,0,0],"gold":335,"neow_bonus":"BOSS_RELIC","is_daily":false,"chose_seed":false,"campfire_upgraded":1,"win_rate":0.0,"timestamp":1608795180,"path_taken":["M","?","M","?","?","R","E","R","T","?","R","M","M","M","R","BOSS","M","?","M","?","?","R","E","?","T","?","E"],"items_purchased_type":["Card"],"build_version":"2020-12-22","purchased_purges":0,"victory":false,"max_hp_per_floor":[80,85,85,85,85,85,85,85,85,85,85,85,85,85,85,85,85,85,85,85,85,85,85,85,85,85,85,85,85],"card_choices":[{"not_picked":["Streamline","Conserve Battery"],"picked":"Doom and Gloom","floor":0},{"not_picked":["Force Field","Turbo","hubris:Ukulele"],"picked":"SKIP","floor":1},{"not_picked":["Turbo","Go for the Eyes"],"picked":"Beam Cell","floor":3},{"not_picked":["Cold Snap","Rebound"],"picked":"Conserve Battery","floor":7},{"not_picked":["Ball Lightning","Barrage"],"picked":"ReplayTheSpireMod:Omega Cannon","floor":10},{"not_picked":["BootSequence","Conserve Battery"],"picked":"Heatsinks+1","floor":12},{"not_picked":["Hologram","Cold Snap"],"picked":"Glacier","floor":13},{"not_picked":["Steam","ReplayTheSpireMod:GoodbyeWorld+1"],"picked":"Hello World+1","floor":14},{"not_picked":["Seek","Rainbow"],"picked":"Electrodynamics+1","floor":16},{"not_picked":["Hologram","Turbo"],"picked":"Ball Lightning","floor":18},{"not_picked":["BasicCrystalCard","Hologram"],"picked":"Conserve Battery","floor":20},{"not_picked":["Go for the Eyes","Coolheaded"],"picked":"Chaos","floor":24}],"player_experience":192213,"relics_obtained":[{"floor":5,"key":"Anchor"},{"floor":7,"key":"Frozen Egg 2"},{"floor":24,"key":"The Courier"},{"floor":26,"key":"Replay:Baseball"},{"floor":27,"key":"Meat on the Bone"}],"event_choices":[{"damage_healed":0,"gold_gain":0,"player_choice":"Donut","damage_taken":0,"max_hp_gain":5,"max_hp_loss":0,"event_name":"Big Fish","floor":2,"gold_loss":0},{"damage_healed":0,"gold_gain":0,"player_choice":"Relic","damage_taken":0,"max_hp_gain":0,"max_hp_loss":0,"event_name":"Wheel of Change","floor":5,"gold_loss":0},{"damage_healed":0,"gold_gain":0,"player_choice":"Stopped","damage_taken":9,"max_hp_gain":0,"max_hp_loss":0,"event_name":"Cursed Tome","floor":22,"gold_loss":0},{"damage_healed":0,"gold_gain":0,"player_choice":"Trade","damage_taken":0,"relics_obtained":["CultistMask"],"max_hp_gain":0,"max_hp_loss":0,"event_name":"FaceTrader","floor":25,"gold_loss":0}],"is_beta":false,"boss_relics":[{"not_picked":["ChewingGum","Astrolabe"],"picked":"hubris:TerracottaHorce"}],"items_purged_floors":[],"is_endless":false,"potions_floor_spawned":[1,10,13,14,16,24],"killed_by":"Gremlin Leader","ascension_level":3}}