{"host":"rcanb95qz4o6v6pp","time":1608797903,"event":{"mods":["AchievementEnabler","BaseMod","Better Third Choice","Colored Map","Downfall","Minty Spire (QoL Compilation)","Replay The Spire","Spicy Shops","StSLib","The Blue Laboratory"],"gold_per_floor":[99,114,129,144,319,334,334,334,349,379,379,379,394,450,465,565,565,565,580,595,23,38,38,38,67,82,82,97,182,182,197,212,312,312,312,47,62,62,77,107,107,37,52,67,17,31,31,46,61,61],"floor_reached":51,"playtime":89510,"items_purged":["Doubt"],"score":860,"play_id":"c7ee30b1-3c71-491b-af70-a4bae078acfc","local_time":"20201224031823","daily_mods":["Specialized","Vintage","downfall:WorldOfGoo"],"is_ascension_mode":false,"campfire_choices":[{"data":"champ:CheapShot","floor":8,"key":"SMITH"},{"floor":11,"key":"REST"},{"floor":18,"key":"DIG"},{"data":"champ:Taunt","floor":23,"key":"SMITH"},{"floor":27,"key":"REST"},{"floor":35,"key":"DIG"},{"floor":47,"key":"REST"}],"circlet_count":0,"master_deck":["champ:Strike","champ:Strike","champ:Strike","champ:Defend","champ:Defend","champ:Defend+1","champ:Defend","champ:Execute","champ:Taunt+1","champ:CheapShot+1","champ:CheapShot","champ:CheapShot","champ:CheapShot","champ:CheapShot+1","champ:LastStand","Hallucinations","champ:SwordSigil+1","champ:VampiricStrike+1","CurseOfTheBell","champ:Encircle","champ:ShieldWall","champ:HeavySlash+1","AbeCurse","champ:FanOfKnives+1","champ:BringItOn+1"],"relics":["champ:ChampionCrown","Replay:WaspNest","Blue Candle","champ:SignatureFinisher","Replay:Mystery Machine","Mirror","Regal Pillow","Ginger","Ring of Peace","Ring of Fangs","Incense Burner","Divine Protection","Replay:Baseball","Calling Bell","ReplayTheSpireMod:TigerMarble","Matryoshka","FossilizedHelix","hexamod:BolsterEngine","Potion Belt","Toy Ornithopter","Guide Book","Iron Hammer","Garlic","Molten Egg 2","Prayer Wheel","Red Mask","Quantum Egg","Replay:Bottled Snecko","Bottled Lightning","Akabeko","Replay:Grab Bag","Abe\u0027s Treasure","Fusion Hammer","champ:PowerArmor","Black Star","Ice Cream","Medical Kit","Pet Ghost","HornCleat","War Paint","Replay:Bottled Steam","champ:FightingForDummies","Bag of Marbles","champ:SpectersHand","HandDrill","Mummified Hand","Pen Nib","StoneCalendar","Bag of Preparation","Replay:Accelerometer"],"acts_visited":["Exordium","TheCity","TheBeyond"],"potions_floor_usage":[16,21,25,33,33,33,33,40,50,50,50,50],"damage_taken":[{"damage":5,"enemies":"2 Louse","floor":2,"turns":4},{"damage":11,"enemies":"Jaw Worm","floor":3,"turns":5},{"damage":10,"enemies":"Small Slimes","floor":4,"turns":5},{"damage":18,"enemies":"2 Fungi Beasts","floor":6,"turns":6},{"damage":14,"enemies":"Gremlin Gang","floor":9,"turns":5},{"damage":22,"enemies":"Gremlin Nob","floor":10,"turns":9},{"damage":0,"enemies":"Red Slaver","floor":13,"turns":5},{"damage":26,"enemies":"Lagavulin Event","floor":14,"turns":8},{"damage":0,"enemies":"Exordium Wildlife","floor":15,"turns":7},{"damage":40,"enemies":"Hexaghost","floor":16,"turns":10},{"damage":40,"enemies":"Shell Parasite","floor":19,"turns":10},{"damage":19,"enemies":"3 Byrds","floor":20,"turns":8},{"damage":0,"enemies":"downfall:FleeingMerchant","floor":21,"turns":9},{"damage":0,"enemies":"Snecko","floor":22,"turns":6},{"damage":18,"enemies":"Masked Bandits","floor":25,"turns":6},{"damage":39,"enemies":"Shelled Parasite and Fungi","floor":26,"turns":9},{"damage":0,"enemies":"Snake Plant","floor":28,"turns":6},{"damage":4,"enemies":"Centurion and Healer","floor":31,"turns":6},{"damage":0,"enemies":"Snecko","floor":32,"turns":7},{"damage":0,"enemies":"downfall:Defect","floor":33,"turns":9},{"damage":33,"enemies":"downfall:FleeingMerchant","floor":36,"turns":10},{"damage":20,"enemies":"3 Darklings","floor":37,"turns":7},{"damage":0,"enemies":"3 Shapes","floor":39,"turns":3},{"damage":14,"enemies":"R_Hoarder","floor":40,"turns":6},{"damage":0,"enemies":"downfall:FleeingMerchant","floor":42,"turns":1},{"damage":0,"enemies":"Transient","floor":43,"turns":5},{"damage":22,"enemies":"Maw","floor":44,"turns":8},{"damage":2,"enemies":"2 Orb Walkers","floor":46,"turns":6},{"damage":2,"enemies":"Writhing Mass","floor":48,"turns":4},{"damage":6,"enemies":"Jaw Worm Horde","floor":49,"turns":4},{"damage":4,"enemies":"downfall:Ironclad","floor":50,"turns":6}],"seed_played":"4926568582952100995","potions_obtained":[{"floor":2,"key":"Doom Potion"},{"floor":3,"key":"blueLaboratory:BubblePotion"},{"floor":4,"key":"Elixir"},{"floor":15,"key":"Energy Potion"},{"floor":16,"key":"Fire Potion"},{"floor":19,"key":"LifebloodPotion"},{"floor":20,"key":"LifebloodPotion"},{"floor":22,"key":"Strength Potion"},{"floor":28,"key":"Energy Potion"},{"floor":30,"key":"CultistPotion"},{"floor":39,"key":"blueLaboratory:RememoryPotion"},{"floor":43,"key":"blueLaboratory:RememoryPotion"},{"floor":44,"key":"Swift Potion"}],"is_trial":false,"path_per_floor":["R_BF","M","M","M","?","M","T","R","M","E","R","?","M","?","M","B",null,"R_BF","M","M","$","M","R","T","?","M","R","M","?","?","M","M","B",null,"R_BF","$","M","?","M","E","T","$","M","M","$","?","R","M","M","B",null],"character_chosen":"THE_CHAMP","items_purchased":["Guide Book","Iron Hammer","champ:ShieldWall","ColorlessPotion","Medical Kit","champ:SpectersHand","HandDrill","Block Potion"],"campfire_rested":3,"item_purchase_floors":[21,21,21,36,36,42,42,45],"current_hp_per_floor":[90,90,89,84,84,71,71,71,62,48,90,90,90,74,74,63,90,90,61,54,71,78,78,78,74,50,90,90,72,72,90,90,90,90,90,71,70,70,83,87,87,87,90,75,75,82,90,90,90,88],"gold":61,"neow_bonus":"","is_daily":true,"chose_seed":false,"campfire_upgraded":2,"win_rate":0.0,"timestamp":1608797903,"path_taken":["R_BF","M","M","M","?","M","T","R","M","E","R","?","M","?","M","BOSS","R_BF","M","M","$","M","R","T","?","M","R","M","?","?","M","M","BOSS","R_BF","$","M","?","M","E","T","$","M","?","?","?","R","M","M","BOSS"],"items_purchased_type":["Relic","Relic","Card","Potion","Relic","Relic","Relic","Potion"],"build_version":"2020-12-13","purchased_purges":1,"victory":true,"max_hp_per_floor":[90,90,90,90,90,90,90,90,90,90,90,90,90,90,90,90,90,90,90,90,90,90,90,90,90,90,90,90,90,90,90,90,90,90,90,90,90,90,90,90,90,90,90,90,90,90,90,90,90,90],"card_choices":[{"not_picked":["champ:Haymaker","champ:FlashCut","champ:DefensiveStyle"],"picked":"SKIP","floor":10},{"not_picked":["champ:Encircle","champ:AdrenalArmor"],"picked":"champ:SwordSigil","floor":14},{"not_picked":["champ:CheapShot","champ:IgnorePain"],"picked":"champ:VampiricStrike","floor":16},{"not_picked":["champ:PerfectedStrike","champ:BladeFlurry"],"picked":"champ:Encircle","floor":21},{"not_picked":["champ:HoldFirm","champ:DancingMaster"],"picked":"champ:HeavySlash+1","floor":33},{"not_picked":["champ:Balance","champ:StanceDance"],"picked":"champ:FanOfKnives+1","floor":36},{"not_picked":["champ:Encircle+1","champ:PreciseThrust+1","champ:CrookedStrike+1"],"picked":"SKIP","floor":40},{"not_picked":["champ:SwordThrow+1","champ:RisingSlash+1"],"picked":"champ:BringItOn+1","floor":42}],"player_experience":1447935,"relics_obtained":[{"floor":2,"key":"Replay:WaspNest"},{"floor":3,"key":"Blue Candle"},{"floor":4,"key":"champ:SignatureFinisher"},{"floor":6,"key":"Replay:Mystery Machine"},{"floor":7,"key":"Mirror"},{"floor":9,"key":"Regal Pillow"},{"floor":10,"key":"Ginger"},{"floor":12,"key":"Ring of Peace"},{"floor":12,"key":"Ring of Fangs"},{"floor":13,"key":"Incense Burner"},{"floor":14,"key":"Divine Protection"},{"floor":15,"key":"Replay:Baseball"},{"floor":17,"key":"ReplayTheSpireMod:TigerMarble"},{"floor":17,"key":"Matryoshka"},{"floor":17,"key":"FossilizedHelix"},{"floor":18,"key":"hexamod:BolsterEngine"},{"floor":19,"key":"Potion Belt"},{"floor":20,"key":"Toy Ornithopter"},{"floor":22,"key":"Garlic"},{"floor":24,"key":"Molten Egg 2"},{"floor":24,"key":"Prayer Wheel"},{"floor":25,"key":"Red Mask"},{"floor":26,"key":"Quantum Egg"},{"floor":28,"key":"Replay:Bottled Snecko"},{"floor":31,"key":"Bottled Lightning"},{"floor":32,"key":"Akabeko"},{"floor":35,"key":"Ice Cream"},{"floor":37,"key":"Pet Ghost"},{"floor":39,"key":"HornCleat"},{"floor":40,"key":"War Paint"},{"floor":40,"key":"Replay:Bottled Steam"},{"floor":41,"key":"champ:FightingForDummies"},{"floor":41,"key":"Bag of Marbles"},{"floor":43,"key":"Mummified Hand"},{"floor":44,"key":"Pen Nib"},{"floor":46,"key":"StoneCalendar"},{"floor":48,"key":"Bag of Preparation"},{"floor":49,"key":"Replay:Accelerometer"}],"event_choices":[{"damage_healed":0,"gold_gain":175,"player_choice":"AGREE","damage_taken":144,"max_hp_gain":0,"max_hp_loss":0,"event_name":"betterThird:BetterSerpent","floor":5,"gold_loss":0},{"damage_healed":0,"gold_gain":0,"player_choice":"Searched \u00271\u0027 times","damage_taken":0,"max_hp_gain":0,"max_hp_loss":0,"event_name":"Dead Adventurer","floor":14,"gold_loss":0},{"damage_healed":0,"gold_gain":0,"player_choice":"Fought Bandits","damage_taken":0,"max_hp_gain":0,"max_hp_loss":0,"event_name":"Masked Bandits","floor":25,"gold_loss":0},{"damage_healed":0,"gold_gain":0,"player_choice":"Fight","damage_taken":0,"max_hp_gain":0,"max_hp_loss":0,"event_name":"Mysterious Sphere","floor":46,"gold_loss":0}],"is_beta":false,"boss_relics":[{"not_picked":["Coffee Dripper","Astrolabe"],"picked":"Calling Bell"},{"not_picked":["Kintsugi","Runic Pyramid"],"picked":"Replay:Grab Bag"},{"not_picked":["Replay:Bronze Core","Runic Dome"],"picked":"Abe\u0027s Treasure"},{"not_picked":["Replay:Wanted Poster","Sozu"],"picked":"Fusion Hammer"},{"not_picked":["champ:ChampionCrownUpgraded","expansioncontent:StudyCardRelic"],"picked":"champ:PowerArmor"},{"not_picked":["Empty Cage","Pandora\u0027s Box"],"picked":"Black Star"}],"items_purged_floors":[21],"is_endless":false,"potions_floor_spawned":[2,3,4,15,16,19,20,22,28,39,43,44,49],"ascension_level":0}}