{"host":"6pgtslebjnyv5xmi","time":1608820665,"event":{"mods":["AchievementEnabler","BaseMod","Colored Map","Minty Spire (QoL Compilation)","Rare Cards Sparkle","StSLib","SuperFastMode","The Dragon Tamer","everything is the same but u backflip on backflip"],"gold_per_floor":[109,109,120,120,130,130,159,159,159,175,10,29,29,50,50,148,148,161,161,176,176,176],"floor_reached":21,"playtime":1539,"items_purged":[],"score":215,"play_id":"1e9a4d4b-bed6-44a3-916a-2c12c8827ec8","local_time":"20201224233745","is_ascension_mode":true,"campfire_choices":[{"data":"Fusion","floor":6,"key":"SMITH"},{"data":"Zap","floor":8,"key":"SMITH"},{"data":"Apotheosis","floor":13,"key":"SMITH"},{"floor":15,"key":"REST"}],"circlet_count":0,"master_deck":["Strike_B","Strike_B","Defend_B","Defend_B","Defend_B","Defend_B","Zap+1","Dualcast","Fusion+1","Recycle","Reinforced Body","Apotheosis+1","Capacitor+1","Meteor Strike","CurseOfTheBell","Hologram"],"relics":["Cracked Core","Frozen Egg 2","Cables","Odd Mushroom","Calling Bell","Blood Vial","HornCleat","Du-Vu Doll","Letter Opener"],"acts_visited":["Exordium","TheCity"],"potions_floor_usage":[7,12,16,18],"damage_taken":[{"damage":3,"enemies":"Small Slimes","floor":1,"turns":4},{"damage":1,"enemies":"Cultist","floor":3,"turns":4},{"damage":0,"enemies":"2 Louse","floor":5,"turns":3},{"damage":55,"enemies":"3 Sentries","floor":7,"turns":16},{"damage":1,"enemies":"Blue Slaver","floor":10,"turns":4},{"damage":2,"enemies":"Red Slaver","floor":12,"turns":4},{"damage":11,"enemies":"The Mushroom Lair","floor":14,"turns":6},{"damage":22,"enemies":"Slime Boss","floor":16,"turns":15},{"damage":30,"enemies":"Shell Parasite","floor":18,"turns":12},{"damage":0,"enemies":"3 Byrds","floor":20,"turns":4},{"damage":62,"enemies":"Cultist and Chosen","floor":21,"turns":8}],"seed_played":"-7866026493004773273","potions_obtained":[{"floor":1,"key":"Dexterity Potion"},{"floor":5,"key":"Dexterity Potion"},{"floor":14,"key":"SteroidPotion"},{"floor":16,"key":"Block Potion"}],"is_trial":false,"path_per_floor":["M","?","M","$","M","R","E","R","T","M","$","M","R","?","R","B",null,"M","?","M","M"],"character_chosen":"DEFECT","items_purchased":["Apotheosis"],"campfire_rested":1,"item_purchase_floors":[11],"current_hp_per_floor":[72,72,71,71,71,71,16,16,16,15,15,13,13,2,24,2,75,45,45,47,0,0],"gold":176,"neow_bonus":"TRANSFORM_CARD","is_daily":false,"chose_seed":false,"campfire_upgraded":3,"win_rate":0.0,"timestamp":1608820665,"path_taken":["M","?","?","?","M","R","E","R","T","M","$","M","R","?","R","BOSS","M","?","?","M"],"items_purchased_type":["Card"],"build_version":"2020-12-22","purchased_purges":0,"victory":false,"max_hp_per_floor":[75,75,75,75,75,75,75,75,75,75,75,75,75,75,75,75,75,75,75,75,75,75],"card_choices":[{"not_picked":["Auto Shields","Hologram"],"picked":"Recycle","floor":1},{"not_picked":["Go for the Eyes","Darkness"],"picked":"Reinforced Body","floor":3},{"not_picked":["Conserve Battery","Darkness"],"picked":"Chill","floor":5},{"not_picked":["Stack","Cold Snap","Amplify"],"picked":"SKIP","floor":7},{"not_picked":["Redo","Compile Driver","Chaos"],"picked":"SKIP","floor":10},{"not_picked":["Beam Cell","Rebound","Streamline"],"picked":"SKIP","floor":12},{"not_picked":["Redo","Steam Power"],"picked":"Capacitor+1","floor":14},{"not_picked":["Buffer+1","Creative AI+1"],"picked":"Meteor Strike","floor":16},{"not_picked":["Conserve Battery","Streamline"],"picked":"Hologram","floor":18},{"not_picked":["Capacitor+1","Compile Driver","Glacier"],"picked":"SKIP","floor":20}],"player_experience":461351,"relics_obtained":[{"floor":7,"key":"Frozen Egg 2"},{"floor":9,"key":"Cables"},{"floor":14,"key":"Odd Mushroom"},{"floor":17,"key":"Blood Vial"},{"floor":17,"key":"HornCleat"},{"floor":17,"key":"Du-Vu Doll"}],"event_choices":[{"cards_removed":["Strike_B"],"damage_healed":0,"gold_gain":0,"player_choice":"Offered Basic","damage_taken":0,"max_hp_gain":0,"max_hp_loss":0,"event_name":"Bonfire Elementals","floor":2,"gold_loss":0},{"damage_healed":0,"gold_gain":0,"player_choice":"Fought Mushrooms","damage_taken":0,"max_hp_gain":0,"max_hp_loss":0,"event_name":"Mushrooms","floor":14,"gold_loss":0},{"cards_removed":["Chill"],"damage_healed":0,"gold_gain":0,"player_choice":"Gave Card","damage_taken":0,"relics_obtained":["Letter Opener"],"max_hp_gain":0,"max_hp_loss":0,"event_name":"WeMeetAgain","floor":19,"gold_loss":0}],"is_beta":false,"boss_relics":[{"not_picked":["Black Star","Ectoplasm"],"picked":"Calling Bell"}],"items_purged_floors":[],"is_endless":false,"potions_floor_spawned":[1,5,14,16],"killed_by":"Cultist and Chosen","ascension_level":4}}