{"host":"1hv1kueuvc4r3rdp","time":1608830312,"event":{"mods":["AchievementEnabler","BaseMod","DeckTracker","Highlight Path","Minty Spire (QoL Compilation)","Permanent Neow","StSLib"],"gold_per_floor":[213,55,69,81,91,109,126,126,126,126,152,152,162,192,192,295,295,309,309,309],"floor_reached":19,"playtime":794,"items_purged":[],"score":244,"play_id":"d724b61d-667f-4992-a0e1-cd4284ad7e57","local_time":"20201224111832","is_ascension_mode":true,"campfire_choices":[{"floor":8,"key":"REST"},{"floor":10,"key":"REST"},{"floor":12,"key":"REST"},{"data":"Defragment","floor":15,"key":"SMITH"}],"circlet_count":0,"master_deck":["Strike_B","Strike_B","Strike_B","Strike_B","Defend_B","Defend_B","Defend_B","Defend_B","Zap","Dualcast","Static Discharge","FTL","Sweeping Beam","Defragment+1","Conserve Battery","Leap","Melter","Ball Lightning","Consume","Defragment","Amplify"],"relics":["Cracked Core","Omamori","Vajra","Orichalcum","Inserter"],"acts_visited":["Exordium","TheCity"],"potions_floor_usage":[11,19,19],"damage_taken":[{"damage":2,"enemies":"Jaw Worm","floor":1,"turns":4},{"damage":0,"enemies":"Cultist","floor":3,"turns":4},{"damage":2,"enemies":"2 Louse","floor":4,"turns":2},{"damage":52,"enemies":"Exordium Thugs","floor":5,"turns":4},{"damage":3,"enemies":"Blue Slaver","floor":6,"turns":4},{"damage":4,"enemies":"Looter","floor":7,"turns":3},{"damage":23,"enemies":"Lagavulin","floor":11,"turns":4},{"damage":2,"enemies":"Large Slime","floor":13,"turns":5},{"damage":14,"enemies":"3 Sentries","floor":14,"turns":4},{"damage":12,"enemies":"Hexaghost","floor":16,"turns":7},{"damage":22,"enemies":"Chosen","floor":18,"turns":5},{"damage":40,"enemies":"3 Byrds","floor":19,"turns":4}],"seed_played":"3964863706005703243","potions_obtained":[{"floor":4,"key":"EssenceOfSteel"},{"floor":5,"key":"DistilledChaos"},{"floor":6,"key":"BlessingOfTheForge"},{"floor":16,"key":"ColorlessPotion"}],"is_trial":false,"path_per_floor":["M","$","M","M","M","M","M","R","T","R","E","R","M","E","R","B",null,"M","M"],"character_chosen":"DEFECT","items_purchased":["Static Discharge","FTL","Sweeping Beam"],"campfire_rested":3,"item_purchase_floors":[2,2,2],"current_hp_per_floor":[66,66,66,64,12,9,5,27,27,49,26,48,46,32,32,20,61,39,0,0],"gold":309,"neow_bonus":"HUNDRED_GOLD","is_daily":false,"chose_seed":false,"campfire_upgraded":1,"win_rate":0.0,"timestamp":1608830312,"path_taken":["M","$","M","M","M","M","M","R","T","R","E","R","M","E","R","BOSS","M","M"],"items_purchased_type":["Card","Card","Card"],"build_version":"2020-12-22","purchased_purges":0,"victory":false,"max_hp_per_floor":[75,75,75,75,75,75,75,75,75,75,75,75,75,75,75,75,75,75,75,75],"card_choices":[{"not_picked":["Go for the Eyes","Tempest","Turbo"],"picked":"SKIP","floor":1},{"not_picked":["Barrage","Capacitor"],"picked":"Defragment","floor":3},{"not_picked":["Force Field","Double Energy"],"picked":"Conserve Battery","floor":4},{"not_picked":["Hologram","Sweeping Beam"],"picked":"Leap","floor":5},{"not_picked":["Hologram","Reinforced Body"],"picked":"Melter","floor":6},{"not_picked":["Reprogram","Turbo"],"picked":"Ball Lightning","floor":7},{"not_picked":["Conserve Battery","Leap","Capacitor"],"picked":"SKIP","floor":11},{"not_picked":["Self Repair","Streamline"],"picked":"Consume","floor":13},{"not_picked":["Rebound","Rainbow"],"picked":"Defragment","floor":14},{"not_picked":["Reboot","Buffer"],"picked":"Amplify","floor":16},{"not_picked":["Barrage","Gash","Stack"],"picked":"SKIP","floor":18}],"player_experience":1097494,"relics_obtained":[{"floor":9,"key":"Omamori"},{"floor":11,"key":"Vajra"},{"floor":14,"key":"Orichalcum"}],"event_choices":[],"is_beta":false,"boss_relics":[{"not_picked":["Busted Crown","Cursed Key"],"picked":"Inserter"}],"items_purged_floors":[],"is_endless":false,"potions_floor_spawned":[4,5,6,7,16],"killed_by":"3 Byrds","ascension_level":7}}