{"host":"npubv26u89aif4fa","time":1608791027,"event":{"mods":["Astrologer","BaseMod","Better Vampires","Better-Laid Plans","Colored Powertips","GifTheSpireLib","GungeonMod","HornydragonMod","Hubris","Jedi Mod","KinomotoSakuraMod(木之本樱)","Minty Spire (QoL Compilation)","Quick Restart","Remilia（蕾米莉亚）","Replay The Spire","StSLib","Td1madao Mod","The Administrix","The Alterego","The Bug Knight","The Cursed","The Mystic","The Runesmith","TheWitcher","Yuri Mod","Yuyuko"],"gold_per_floor":[30,54,54,82,82,127,150,150,150,150,150,176,176,176,176],"floor_reached":16,"playtime":947,"items_purged":[],"score":108,"play_id":"87a6d48e-58f1-4aee-9815-0d89c293587c","local_time":"20201224142347","is_ascension_mode":false,"campfire_choices":[{"floor":6.0,"key":"RECALL"},{"floor":10.0,"key":"REST"},{"floor":12,"key":"REST"},{"data":"SnafuTest:PowerFireDamnation","floor":15,"key":"SMITH"}],"circlet_count":0,"master_deck":["SnafuTest:DefaultCommonAttack","SnafuTest:DefaultCommonAttack","SnafuTest:DefaultCommonAttack","SnafuTest:BountyHunt","SnafuTest:DefaultCommonSkill","SnafuTest:DefaultCommonSkill","SnafuTest:DefaultCommonSkill","SnafuTest:SignIgni","SnafuTest:SpellChainLightning","SnafuTest:Meditation","SnafuTest:LastWish+1","SnafuTest:PowerFireDamnation+1"],"relics":["SnafuTest:PlaceholderRelic","hubris:Teleporter","Blood Vial","hubris:TenFootPole","Ice Cream","hubris:Spice"],"acts_visited":["Exordium"],"potions_floor_usage":[16],"damage_taken":[{"damage":1.0,"enemies":"Cultist","floor":1.0,"turns":4.0},{"damage":3.0,"enemies":"Jaw Worm","floor":2.0,"turns":5.0},{"damage":0.0,"enemies":"Small Slimes","floor":5.0,"turns":2.0},{"damage":50.0,"enemies":"3 Sentries","floor":7.0,"turns":10.0},{"damage":8.0,"enemies":"Blue Slaver","floor":8.0,"turns":4.0},{"damage":21,"enemies":"Lagavulin","floor":13,"turns":4},{"damage":37,"enemies":"The Guardian","floor":16,"turns":8}],"seed_played":"4549112147287867835","potions_obtained":[{"floor":1.0,"key":"LiquidMemories"},{"floor":2.0,"key":"Toxic Potion"},{"floor":8.0,"key":"Explosive Potion"}],"is_trial":false,"path_per_floor":["M","M","?","M","R","E","M","T","R","?","R","E","R","B"],"character_chosen":"THE_WITCHER","items_purchased":[],"campfire_rested":2,"item_purchase_floors":[],"current_hp_per_floor":[74,71,53,55,55,7,1,1,23,23,45,34,34,0,0],"gold":176,"neow_bonus":"ONE_RARE_RELIC","is_daily":false,"chose_seed":false,"campfire_upgraded":1,"win_rate":0.0,"timestamp":1608791027,"path_taken":["M","?","?","M","R","E","M","T","R","?","R","E","R","BOSS"],"items_purchased_type":[],"build_version":"2020-12-22","purchased_purges":0,"victory":false,"max_hp_per_floor":[75,75,75,75,75,75,75,75,75,75,75,83,83,83,83],"card_choices":[{"not_picked":["SnafuTest:SpellTortoise","SnafuTest:Oriole","SnafuTest:BombNorthernWind"],"picked":"SKIP","floor":1.0},{"not_picked":["SnafuTest:SpellDispellingPush","SnafuTest:PowerAlwaysAWay"],"picked":"SnafuTest:SpellChainLightning","floor":2.0},{"not_picked":["SnafuTest:Shooting","SnafuTest:MCSuccubusSeduction"],"picked":"SnafuTest:Meditation","floor":5.0},{"not_picked":["SnafuTest:AncestralRitual","SnafuTest:Shooting","SnafuTest:BombDevilsPuffball"],"picked":"SKIP","floor":7.0},{"not_picked":["SnafuTest:SpellBitingFrost","SnafuTest:FeignDeath"],"picked":"SnafuTest:GraveDancingPaleFire","floor":8.0},{"not_picked":["SnafuTest:WitchHunt","SnafuTest:PowerRhymeBeyondTime"],"picked":"SnafuTest:PowerFireDamnation","floor":13}],"player_experience":148181,"relics_obtained":[{"floor":7.0,"key":"hubris:TenFootPole"},{"floor":9.0,"key":"Ice Cream"},{"floor":13,"key":"hubris:Spice"}],"event_choices":[{"damage_healed":0.0,"max_hp_gain":0.0,"max_hp_loss":0.0,"gold_gain":0.0,"event_name":"Scrap Ooze","player_choice":"Success","floor":4.0,"gold_loss":0.0,"damage_taken":18.0,"relics_obtained":["Blood Vial"]}],"is_beta":false,"boss_relics":[],"items_purged_floors":[],"is_endless":false,"potions_floor_spawned":[1,2,8],"killed_by":"The Guardian","ascension_level":0}}