{"host":"i09pxcjttd31eh4q","time":1608776540,"event":{"mods":["AchievementEnabler","BaseMod","Colored Map","Keyboard Shortcuts","Minty Spire (QoL Compilation)","StSLib","SuperFastMode"],"gold_per_floor":[111,123,137,137,149,149,170,170,170,182,107,123,23,39,39,39,39],"floor_reached":16,"playtime":359,"items_purged":["Strike_G","Strike_G"],"score":188,"play_id":"8a3bb808-c8c8-4cce-8667-a001dd673d04","local_time":"20201224112220","is_ascension_mode":true,"campfire_choices":[{"data":"Bouncing Flask","floor":6,"key":"SMITH"},{"floor":8,"key":"REST"},{"data":"Footwork","floor":15,"key":"SMITH"}],"circlet_count":0,"master_deck":["AscendersBane","Strike_G","Strike_G","Strike_G","Defend_G+1","Defend_G+1","Defend_G","Defend_G","Defend_G","Survivor","Neutralize","Dagger Throw","Bouncing Flask+1","Footwork+1","Calculated Gamble"],"relics":["Ring of the Snake","Centennial Puzzle","Odd Mushroom","PreservedInsect"],"acts_visited":["Exordium"],"potions_floor_usage":[7,16],"damage_taken":[{"damage":0,"enemies":"Jaw Worm","floor":1,"turns":6},{"damage":0,"enemies":"Small Slimes","floor":2,"turns":4},{"damage":1,"enemies":"Cultist","floor":3,"turns":4},{"damage":8,"enemies":"Large Slime","floor":5,"turns":5},{"damage":22,"enemies":"The Mushroom Lair","floor":7,"turns":6},{"damage":1,"enemies":"Blue Slaver","floor":10,"turns":4},{"damage":17,"enemies":"Exordium Thugs","floor":12,"turns":6},{"damage":0,"enemies":"2 Fungi Beasts","floor":14,"turns":3},{"damage":0,"enemies":"The Guardian","floor":16,"turns":2}],"seed_played":"9026904328773847832","potions_obtained":[{"floor":2,"key":"GhostInAJar"},{"floor":10,"key":"SpeedPotion"},{"floor":12,"key":"Weak Potion"},{"floor":14,"key":"LiquidMemories"}],"is_trial":false,"path_per_floor":["M","M","M","?","M","R","?","R","T","M","$","M","$","M","R","B"],"character_chosen":"THE_SILENT","items_purchased":[],"campfire_rested":1,"item_purchase_floors":[],"current_hp_per_floor":[59,59,58,38,30,30,8,27,27,26,26,9,9,9,9,9,9],"gold":39,"neow_bonus":"RANDOM_COMMON_RELIC","is_daily":false,"chose_seed":false,"campfire_upgraded":2,"win_rate":0.0,"timestamp":1608776540,"path_taken":["M","M","M","?","M","R","?","R","T","M","$","M","?","M","R","BOSS"],"items_purchased_type":[],"build_version":"2020-12-22","purchased_purges":2,"victory":false,"max_hp_per_floor":[66,66,66,66,66,66,66,66,66,66,66,66,66,66,66,66,66],"card_choices":[{"not_picked":["Poisoned Stab","Outmaneuver"],"picked":"Dagger Throw","floor":1},{"not_picked":["Acrobatics","Leg Sweep"],"picked":"Bouncing Flask","floor":2},{"not_picked":["Dagger Throw","Dagger Spray","Underhanded Strike"],"picked":"SKIP","floor":3},{"not_picked":["Dagger Throw","Deadly Poison"],"picked":"Footwork","floor":5},{"not_picked":["Caltrops","Burst"],"picked":"Calculated Gamble","floor":7},{"not_picked":["Dodge and Roll","Quick Slash","Finisher"],"picked":"SKIP","floor":10},{"not_picked":["Quick Slash","Deadly Poison","Endless Agony"],"picked":"SKIP","floor":12},{"not_picked":["Sucker Punch","Outmaneuver","Dagger Spray"],"picked":"SKIP","floor":14}],"player_experience":764555,"relics_obtained":[{"floor":7,"key":"Odd Mushroom"},{"floor":9,"key":"PreservedInsect"}],"event_choices":[{"damage_healed":0,"gold_gain":0,"player_choice":"Entered Light","damage_taken":20,"max_hp_gain":0,"max_hp_loss":0,"event_name":"Shining Light","floor":4,"gold_loss":0,"cards_upgraded":["Defend_G","Defend_G"]},{"damage_healed":0,"gold_gain":0,"player_choice":"Fought Mushrooms","damage_taken":0,"max_hp_gain":0,"max_hp_loss":0,"event_name":"Mushrooms","floor":7,"gold_loss":0}],"is_beta":false,"boss_relics":[],"items_purged_floors":[11,13],"is_endless":false,"potions_floor_spawned":[2,10,12,14],"killed_by":"The Guardian","ascension_level":20}}