{"host":"8by3m8mve9y2rhh4","time":1608828599,"event":{"mods":["BaseMod","Minty Spire (QoL Compilation)","Quick Restart"],"gold_per_floor":[115,133,149,149,149,149,180,194,194,144,163,163,180,36,36,139,139,139,139,139,139,139,139,139,139,139,139,139,139,39,39,39,39,39,39,39,39,0,0,0,0,0,0,0,0,0,0,0,0,0],"floor_reached":51,"playtime":2209,"items_purged":["Strike_R","Strike_R"],"score":885,"play_id":"490e20d9-8759-4df8-b17d-b70e8c74a41c","local_time":"20201224164959","is_ascension_mode":true,"campfire_choices":[{"floor":6,"key":"REST"},{"floor":12,"key":"REST"},{"data":"Barricade","floor":15,"key":"SMITH"},{"floor":27,"key":"RECALL"},{"floor":32,"key":"REST"},{"data":"Armaments","floor":40,"key":"SMITH"},{"data":"Blind","floor":42,"key":"SMITH"},{"floor":49,"key":"REST"}],"circlet_count":0,"master_deck":["Defend_R","Defend_R","Defend_R","Defend_R","Bash","Barricade+1","Warcry","Iron Wave","Shrug It Off","Wild Strike+1","Iron Wave+1","Inflame","Rampage+1","Inflame","Juggernaut","Shrug It Off","Ghostly Armor","Sever Soul+1","Offering","Thunderclap+1","Ghostly Armor","Armaments+1","Inflame","Cleave+1","Blind+1","Metallicize+1"],"relics":["Burning Blood","Molten Egg 2","Mummified Hand","Ectoplasm","Strawberry","Pocketwatch","Anchor","NlothsMask","Sundial","Busted Crown","Red Mask","Darkstone Periapt","Frozen Egg 2","Blue Candle"],"acts_visited":["Exordium","TheCity","TheBeyond"],"potions_floor_usage":[5,7,23,23,24,25,33,50],"damage_taken":[{"damage":27,"enemies":"Jaw Worm","floor":1,"turns":6},{"damage":20,"enemies":"Small Slimes","floor":2,"turns":7},{"damage":4,"enemies":"Cultist","floor":3,"turns":4},{"damage":0,"enemies":"Gremlin Gang","floor":5,"turns":1},{"damage":49,"enemies":"3 Sentries","floor":7,"turns":27},{"damage":7,"enemies":"Blue Slaver","floor":8,"turns":4},{"damage":0,"enemies":"3 Louse","floor":11,"turns":3},{"damage":0,"enemies":"Large Slime","floor":13,"turns":7},{"damage":29,"enemies":"Hexaghost","floor":16,"turns":10},{"damage":17,"enemies":"3 Byrds","floor":18,"turns":5},{"damage":0,"enemies":"Chosen","floor":19,"turns":5},{"damage":24,"enemies":"Snake Plant","floor":20,"turns":4},{"damage":0,"enemies":"Centurion and Healer","floor":22,"turns":7},{"damage":8,"enemies":"Gremlin Leader","floor":23,"turns":7},{"damage":6,"enemies":"3 Cultists","floor":24,"turns":4},{"damage":6,"enemies":"Slavers","floor":25,"turns":5},{"damage":17,"enemies":"Snecko","floor":29,"turns":5},{"damage":0,"enemies":"Book of Stabbing","floor":31,"turns":7},{"damage":26,"enemies":"Champ","floor":33,"turns":11},{"damage":0,"enemies":"3 Shapes","floor":35,"turns":4},{"damage":12,"enemies":"3 Darklings","floor":37,"turns":5},{"damage":7,"enemies":"Reptomancer","floor":41,"turns":8},{"damage":50,"enemies":"Giant Head","floor":44,"turns":10},{"damage":9,"enemies":"Reptomancer","floor":46,"turns":6},{"damage":51,"enemies":"Donu and Deca","floor":50,"turns":10}],"seed_played":"3321303223581137820","potions_obtained":[{"floor":2,"key":"Dexterity Potion"},{"floor":3,"key":"SmokeBomb"},{"floor":11,"key":"SneckoOil"},{"floor":18,"key":"AttackPotion"},{"floor":20,"key":"Weak Potion"},{"floor":24,"key":"Weak Potion"},{"floor":29,"key":"BlessingOfTheForge"},{"floor":41,"key":"Fire Potion"}],"is_trial":false,"path_per_floor":["M","M","M","?","M","R","E","M","T","?","M","R","M","$","R","B",null,"M","M","M","?","M","E","M","E","T","R","?","M","$","E","R","B",null,"M","$","M","?","?","R","E","R","T","E","?","E","$","?","R","B",null],"character_chosen":"IRONCLAD","items_purchased":["Inflame"],"campfire_rested":4,"item_purchase_floors":[14],"current_hp_per_floor":[35,21,23,49,55,79,36,35,35,35,41,65,71,71,71,48,80,69,75,57,57,63,68,68,68,68,68,68,57,57,63,87,67,87,87,87,81,81,81,81,80,80,80,36,36,33,33,33,59,14],"gold":0,"neow_bonus":"THREE_RARE_CARDS","is_daily":false,"chose_seed":false,"campfire_upgraded":3,"win_rate":0.0,"timestamp":1608828599,"path_taken":["M","M","M","?","M","R","E","M","T","?","M","R","M","$","R","BOSS","M","M","M","?","M","E","M","E","T","R","?","M","$","E","R","BOSS","M","?","?","?","?","R","E","R","T","E","?","E","$","?","R","BOSS"],"items_purchased_type":["Card"],"build_version":"2020-12-22","purchased_purges":2,"victory":true,"max_hp_per_floor":[80,80,80,80,80,80,80,80,80,80,80,80,80,80,80,80,80,80,80,80,80,80,87,87,87,87,87,87,87,87,87,87,87,87,87,87,87,87,87,87,87,87,87,87,87,87,87,87,87,87],"card_choices":[{"not_picked":["Corruption","Immolate"],"picked":"Barricade","floor":0},{"not_picked":["Dark Embrace","Pummel"],"picked":"Warcry","floor":1},{"not_picked":["Armaments","Headbutt"],"picked":"Iron Wave","floor":2},{"not_picked":["Heavy Blade","Thunderclap"],"picked":"Shrug It Off","floor":3},{"not_picked":["Dual Wield","Infernal Blade"],"picked":"Wild Strike+1","floor":7},{"not_picked":["Twin Strike+1","Fiend Fire+1"],"picked":"Iron Wave+1","floor":8},{"not_picked":["Twin Strike+1","Havoc"],"picked":"Inflame","floor":11},{"not_picked":["Dropkick+1","Pommel Strike+1"],"picked":"Rampage+1","floor":13},{"not_picked":["Feed+1","Corruption"],"picked":"Juggernaut","floor":16},{"not_picked":["Burning Pact","Dual Wield"],"picked":"Shrug It Off","floor":18},{"not_picked":["Whirlwind+1","Headbutt+1"],"picked":"Ghostly Armor","floor":19},{"not_picked":["Wild Strike+1","Dark Embrace+1","Bloodletting"],"picked":"SKIP","floor":20},{"not_picked":["Searing Blow+1","Twin Strike+1"],"picked":"Thunderclap+1","floor":22},{"not_picked":["Searing Blow+1","Sword Boomerang+1"],"picked":"Ghostly Armor","floor":23},{"not_picked":["Warcry","Headbutt+1","Dual Wield"],"picked":"SKIP","floor":24},{"not_picked":["Headbutt+1","Flex"],"picked":"Armaments","floor":25},{"not_picked":["Perfected Strike+1","Heavy Blade+1","Anger+1"],"picked":"SKIP","floor":29},{"not_picked":["Rage+1","Burning Pact"],"picked":"Inflame","floor":31},{"not_picked":["Double Tap","Brutality"],"picked":"Impervious","floor":33},{"not_picked":["Wild Strike+1"],"picked":"SKIP","floor":35},{"not_picked":[],"picked":"Cleave+1","floor":37},{"not_picked":[],"picked":"Blind","floor":39},{"not_picked":["Perfected Strike+1"],"picked":"SKIP","floor":41},{"not_picked":[],"picked":"Metallicize+1","floor":44},{"not_picked":["Havoc+1"],"picked":"SKIP","floor":46}],"player_experience":595635,"relics_obtained":[{"floor":7,"key":"Molten Egg 2"},{"floor":9,"key":"Mummified Hand"},{"floor":23,"key":"Strawberry"},{"floor":25,"key":"Pocketwatch"},{"floor":26,"key":"Anchor"},{"floor":31,"key":"Sundial"},{"floor":41,"key":"Darkstone Periapt"},{"floor":44,"key":"Frozen Egg 2"},{"floor":46,"key":"Blue Candle"}],"event_choices":[{"damage_healed":26,"gold_gain":0,"player_choice":"Banana","damage_taken":0,"max_hp_gain":0,"max_hp_loss":0,"event_name":"Big Fish","floor":4,"gold_loss":0},{"cards_removed":["Strike_R"],"damage_healed":0,"gold_gain":0,"player_choice":"Card Removal","damage_taken":0,"max_hp_gain":0,"max_hp_loss":0,"event_name":"The Cleric","floor":10,"gold_loss":50},{"damage_healed":0,"gold_gain":0,"cards_transformed":["Strike_R","Strike_R"],"player_choice":"Became Test Subject","damage_taken":0,"max_hp_gain":0,"max_hp_loss":0,"event_name":"Drug Dealer","floor":21,"gold_loss":0,"cards_obtained":["Sever Soul","Offering"]},{"damage_healed":0,"gold_gain":0,"player_choice":"Trade","damage_taken":0,"relics_obtained":["NlothsMask"],"max_hp_gain":0,"max_hp_loss":0,"event_name":"FaceTrader","floor":28,"gold_loss":0},{"damage_healed":0,"gold_gain":0,"player_choice":"Paid","damage_taken":0,"relics_obtained":["Red Mask"],"max_hp_gain":0,"max_hp_loss":0,"event_name":"Tomb of Lord Red Mask","floor":38,"gold_loss":39},{"damage_healed":0,"gold_gain":0,"player_choice":"Memory 1","damage_taken":0,"max_hp_gain":0,"max_hp_loss":0,"event_name":"SensoryStone","floor":39,"gold_loss":0},{"damage_healed":0,"gold_gain":0,"player_choice":"Ignored","damage_taken":0,"max_hp_gain":0,"max_hp_loss":0,"event_name":"Mysterious Sphere","floor":45,"gold_loss":0},{"cards_removed":["Impervious"],"damage_healed":0,"gold_gain":0,"player_choice":"Removed Skill","damage_taken":0,"max_hp_gain":0,"max_hp_loss":0,"event_name":"Falling","floor":48,"gold_loss":0}],"is_beta":false,"boss_relics":[{"not_picked":["Tiny House","Black Blood"],"picked":"Ectoplasm"},{"not_picked":["Pandora\u0027s Box","Coffee Dripper"],"picked":"Busted Crown"}],"items_purged_floors":[14,30],"is_endless":false,"potions_floor_spawned":[2,3,11,18,20,24,29,41],"ascension_level":1}}