{"host":"9ndbo4kgsfoemf7y","time":1608804245,"event":{"mods":["AchievementEnabler","BaseMod","Colored Map","DeckTracker","Keyboard Shortcuts","Minty Spire (QoL Compilation)","Permanent Neow","Quick Restart","Relic Stats","StSLib","SuperFastMode"],"gold_per_floor":[117,128,278,294,313,339,339,351,433,433,443,458,458,489,489,489,489],"floor_reached":16,"playtime":464,"items_purged":[],"score":278,"play_id":"a43d0102-fc72-4c5e-a2b6-44906a121c71","local_time":"20201224190405","is_ascension_mode":true,"campfire_choices":[{"data":"Uppercut","floor":7,"key":"SMITH"},{"floor":13,"key":"REST"},{"data":"Barricade","floor":15,"key":"SMITH"}],"circlet_count":0,"master_deck":["AscendersBane","Strike_R","Strike_R+1","Strike_R","Strike_R+1","Strike_R","Defend_R","Defend_R","Defend_R","Defend_R","Bash","Reaper","Dropkick","Doubt","Uppercut+1","Twin Strike","Barricade+1"],"relics":["Burning Blood","Gremlin Horn","Shuriken","Champion Belt"],"acts_visited":["Exordium"],"potions_floor_usage":[6,11,14],"damage_taken":[{"damage":15.0,"enemies":"Small Slimes","floor":1.0,"turns":4.0},{"damage":2.0,"enemies":"2 Louse","floor":2.0,"turns":3.0},{"damage":7.0,"enemies":"Cultist","floor":4.0,"turns":4.0},{"damage":14.0,"enemies":"2 Fungi Beasts","floor":5.0,"turns":5.0},{"damage":30,"enemies":"3 Sentries","floor":6,"turns":7},{"damage":13,"enemies":"3 Louse","floor":8,"turns":4},{"damage":20,"enemies":"Gremlin Gang","floor":11,"turns":3},{"damage":30,"enemies":"Red Slaver","floor":12,"turns":4},{"damage":0,"enemies":"Gremlin Nob","floor":14,"turns":2},{"damage":46,"enemies":"Hexaghost","floor":16,"turns":9}],"seed_played":"-2485319679327190583","potions_obtained":[{"floor":1.0,"key":"SpeedPotion"},{"floor":2.0,"key":"SkillPotion"},{"floor":6,"key":"Energy Potion"},{"floor":8,"key":"SkillPotion"},{"floor":11,"key":"Explosive Potion"},{"floor":12,"key":"AttackPotion"}],"is_trial":false,"path_per_floor":["M","M","?","M","M","E","R","M","T","?","M","M","R","E","R","B"],"character_chosen":"IRONCLAD","items_purchased":[],"campfire_rested":1,"item_purchase_floors":[],"current_hp_per_floor":[60,72,72,75,73,61,61,60,60,37,33,14,36,42,42,0,0],"gold":489,"neow_bonus":"ONE_RANDOM_RARE_CARD","is_daily":false,"chose_seed":false,"campfire_upgraded":2,"win_rate":0.0,"timestamp":1608804245,"path_taken":["M","M","?","M","M","E","R","M","T","?","M","M","R","E","R","BOSS"],"items_purchased_type":[],"build_version":"2020-12-22","purchased_purges":0,"victory":false,"max_hp_per_floor":[75,75,75,75,75,75,75,75,75,75,75,75,75,75,75,75,75],"relic_stats":{"Gremlin Horn":[5,5],"counters":[10,45],"Shuriken":[6],"Champion Belt":[4],"obtain_stats":[{"Gremlin Horn":6,"Shuriken":9,"Champion Belt":14,"Burning Blood":0},{"Gremlin Horn":5,"Shuriken":6,"Champion Belt":9,"Burning Blood":0},{"Gremlin Horn":23,"Shuriken":27,"Champion Belt":36,"Burning Blood":0}],"Burning Blood":52},"card_choices":[{"not_picked":["Pummel","Battle Trance"],"picked":"Dropkick","floor":1.0},{"not_picked":["Clash","Intimidate","Headbutt"],"picked":"SKIP","floor":2.0},{"not_picked":["Reckless Charge","Hemokinesis","True Grit"],"picked":"SKIP","floor":4.0},{"not_picked":["Body Slam","Cleave"],"picked":"Uppercut","floor":5.0},{"not_picked":["Dual Wield","Sword Boomerang"],"picked":"Twin Strike","floor":6},{"not_picked":["Fire Breathing","Flex"],"picked":"Barricade","floor":8},{"not_picked":["Carnage","Wild Strike","Pommel Strike"],"picked":"SKIP","floor":11},{"not_picked":["Armaments","Havoc","True Grit"],"picked":"SKIP","floor":12},{"not_picked":["Dual Wield","Thunderclap","Sword Boomerang"],"picked":"SKIP","floor":14}],"player_experience":737195,"relics_obtained":[{"floor":6,"key":"Gremlin Horn"},{"floor":9,"key":"Shuriken"},{"floor":14,"key":"Champion Belt"}],"event_choices":[{"damage_healed":0.0,"max_hp_gain":0.0,"max_hp_loss":0.0,"gold_gain":150.0,"event_name":"Liars Game","player_choice":"AGREE","floor":3.0,"gold_loss":0.0,"damage_taken":0.0,"cards_obtained":["Doubt"]},{"damage_healed":0,"gold_gain":0,"player_choice":"Entered Light","damage_taken":23,"max_hp_gain":0,"max_hp_loss":0,"event_name":"Shining Light","floor":10,"gold_loss":0,"cards_upgraded":["Strike_R","Strike_R"]}],"is_beta":false,"boss_relics":[],"items_purged_floors":[],"is_endless":false,"potions_floor_spawned":[1,2,6,8,11,12],"killed_by":"Hexaghost","ascension_level":20}}