{"host":"881jm980fq3ycrwg","time":1608800457,"event":{"mods":["AchievementEnabler","BaseMod","Colored Map","DeckTracker","Keyboard Shortcuts","Minty Spire (QoL Compilation)","Permanent Neow","Quick Restart","StSLib","SuperFastMode"],"gold_per_floor":[117,117,117,117,130,142,142,153,176,195,230,241,269,280,280,378,378,343,356,372,372,372,372],"floor_reached":22,"playtime":2898,"items_purged":[],"score":215,"play_id":"a4b19748-494c-44b3-88bb-ec3e130f28fd","local_time":"20201224180057","is_ascension_mode":false,"campfire_choices":[{"data":"Streamline","floor":7,"key":"SMITH"},{"floor":15,"key":"REST"}],"circlet_count":0,"master_deck":["Strike_B","Strike_B","Strike_B","Strike_B","Defend_B","Defend_B","Defend_B","Defend_B","Zap","Dualcast+1","Streamline+1","Cold Snap","Ball Lightning","Defragment","Self Repair","Double Energy","Buffer","Electrodynamics","Amplify"],"relics":["FrozenCore","NeowsBlessing","Regal Pillow","Pear","Odd Mushroom"],"acts_visited":["Exordium","TheCity"],"potions_floor_usage":[16,18],"damage_taken":[{"damage":0,"enemies":"2 Louse","floor":1,"turns":1},{"damage":0,"enemies":"Jaw Worm","floor":5,"turns":1},{"damage":0,"enemies":"Cultist","floor":6,"turns":1},{"damage":4,"enemies":"Exordium Thugs","floor":8,"turns":4},{"damage":13,"enemies":"Lots of Slimes","floor":10,"turns":4},{"damage":21,"enemies":"Gremlin Nob","floor":11,"turns":4},{"damage":9,"enemies":"Large Slime","floor":12,"turns":5},{"damage":20,"enemies":"The Mushroom Lair","floor":13,"turns":4},{"damage":6,"enemies":"3 Louse","floor":14,"turns":2},{"damage":48,"enemies":"Hexaghost","floor":16,"turns":10},{"damage":31,"enemies":"2 Thieves","floor":18,"turns":5},{"damage":19,"enemies":"Spheric Guardian","floor":19,"turns":6},{"damage":48,"enemies":"Shelled Parasite and Fungi","floor":20,"turns":8},{"damage":14,"enemies":"Sentry and Sphere","floor":22,"turns":3}],"seed_played":"-3841414120837964037","potions_obtained":[{"floor":1,"key":"PotionOfCapacity"},{"floor":5,"key":"Explosive Potion"},{"floor":11,"key":"FearPotion"},{"floor":13,"key":"Fire Potion"}],"is_trial":false,"path_per_floor":["M","?","?","T","M","M","R","M","T","M","E","M","?","M","R","B",null,"M","M","M","?","M"],"character_chosen":"DEFECT","items_purchased":[],"campfire_rested":1,"item_purchase_floors":[],"current_hp_per_floor":[75,75,80,80,80,80,80,76,76,63,52,50,37,31,73,25,90,66,54,13,13,0,0],"gold":372,"neow_bonus":"THREE_ENEMY_KILL","is_daily":false,"chose_seed":false,"campfire_upgraded":1,"win_rate":0.0,"timestamp":1608800457,"path_taken":["M","?","?","?","M","M","R","M","T","M","E","?","?","M","R","BOSS","M","M","M","?","M"],"items_purchased_type":[],"build_version":"2020-12-22","purchased_purges":0,"victory":false,"max_hp_per_floor":[75,75,80,80,80,80,80,80,80,80,90,90,90,90,90,90,90,90,90,90,90,90,90],"card_choices":[{"not_picked":["Static Discharge","Cold Snap"],"picked":"Streamline","floor":1},{"not_picked":["Compile Driver","Turbo"],"picked":"Cold Snap","floor":5},{"not_picked":["Aggregate","Turbo"],"picked":"Ball Lightning","floor":6},{"not_picked":["Hologram","Leap"],"picked":"Defragment","floor":8},{"not_picked":["Rebound","Sweeping Beam","Hologram"],"picked":"SKIP","floor":10},{"not_picked":["Conserve Battery","FTL"],"picked":"Self Repair","floor":11},{"not_picked":["Steam Power","Stack"],"picked":"Double Energy","floor":12},{"not_picked":["Undo","Rip and Tear"],"picked":"Buffer","floor":14},{"not_picked":["Multi-Cast","Buffer"],"picked":"Electrodynamics","floor":16},{"not_picked":["Coolheaded+1","Turbo+1","Rebound"],"picked":"SKIP","floor":18},{"not_picked":["Hyperbeam","Force Field+1","Steam Power"],"picked":"SKIP","floor":19},{"not_picked":["Undo","Cold Snap","Sweeping Beam"],"picked":"SKIP","floor":20}],"player_experience":180742,"relics_obtained":[{"floor":9,"key":"Regal Pillow"},{"floor":11,"key":"Pear"},{"floor":13,"key":"Odd Mushroom"}],"event_choices":[{"damage_healed":0,"gold_gain":0,"player_choice":"Grow","damage_taken":0,"max_hp_gain":0,"max_hp_loss":0,"event_name":"Living Wall","floor":2,"gold_loss":0,"cards_upgraded":["Dualcast"]},{"damage_healed":0,"gold_gain":0,"player_choice":"Donut","damage_taken":0,"max_hp_gain":5,"max_hp_loss":0,"event_name":"Big Fish","floor":3,"gold_loss":0},{"damage_healed":0,"gold_gain":0,"player_choice":"Fought Mushrooms","damage_taken":0,"max_hp_gain":0,"max_hp_loss":0,"event_name":"Mushrooms","floor":13,"gold_loss":0},{"damage_healed":0,"gold_gain":0,"player_choice":"1 cards matched","damage_taken":0,"max_hp_gain":0,"max_hp_loss":0,"event_name":"Match and Keep!","floor":21,"gold_loss":0,"cards_obtained":["Amplify"]}],"is_beta":false,"boss_relics":[{"not_picked":["Coffee Dripper","SlaversCollar"],"picked":"FrozenCore"}],"items_purged_floors":[],"is_endless":false,"potions_floor_spawned":[1,5,11,13,14],"killed_by":"Sentry and Sphere","ascension_level":0}}