{"host":"9tzam4717zt8ei1o","time":1608802602,"event":{"mods":["BaseMod","Colored Map","Keyboard Shortcuts","Minty Spire (QoL Compilation)","Quick Restart","StSLib","SuperFastMode"],"gold_per_floor":[114,114,133,133,58,83,99,111,111,140,140,156,156,156,156,156,156],"floor_reached":16,"playtime":280,"items_purged":[],"score":270,"play_id":"1dec42f3-a7fd-41aa-a475-6d21f3a85e9e","local_time":"20201224183642","is_ascension_mode":true,"campfire_choices":[{"data":"Accuracy","floor":11,"key":"SMITH"},{"data":"Blade Dance","floor":13,"key":"SMITH"},{"data":"Choke","floor":15,"key":"SMITH"}],"circlet_count":0,"master_deck":["AscendersBane","Strike_G","Strike_G","Strike_G","Strike_G","Defend_G","Defend_G","Defend_G","Defend_G","Defend_G","Survivor","Neutralize","Reflex","Blade Dance+1","Accuracy+1","Footwork","Backflip","Choke+1"],"relics":["Ring of the Snake","NeowsBlessing","Ninja Scroll","Ornamental Fan","Kunai"],"acts_visited":["Exordium"],"potions_floor_usage":[10,16],"damage_taken":[{"damage":0,"enemies":"Cultist","floor":1,"turns":1},{"damage":0,"enemies":"Jaw Worm","floor":3,"turns":1},{"damage":0,"enemies":"Gremlin Nob","floor":6,"turns":1},{"damage":0,"enemies":"Small Slimes","floor":7,"turns":2},{"damage":6,"enemies":"Blue Slaver","floor":8,"turns":3},{"damage":7,"enemies":"Lagavulin","floor":10,"turns":7},{"damage":2,"enemies":"Large Slime","floor":12,"turns":4},{"damage":44,"enemies":"Hexaghost","floor":16,"turns":12}],"seed_played":"4699093491025294942","potions_obtained":[{"floor":1,"key":"Poison Potion"},{"floor":3,"key":"Energy Potion"}],"is_trial":false,"path_per_floor":["M","$","M","$","?","E","M","M","T","E","R","M","R","?","R","B"],"character_chosen":"THE_SILENT","items_purchased":[],"campfire_rested":0,"item_purchase_floors":[],"current_hp_per_floor":[59,59,59,59,59,59,59,53,53,46,46,44,44,44,44,0,0],"gold":156,"neow_bonus":"THREE_ENEMY_KILL","is_daily":false,"chose_seed":false,"campfire_upgraded":3,"win_rate":0.0,"timestamp":1608802602,"path_taken":["M","$","?","$","?","E","M","M","T","E","R","M","R","?","R","BOSS"],"items_purchased_type":[],"build_version":"2020-12-22","purchased_purges":0,"victory":false,"max_hp_per_floor":[66,66,66,66,66,66,66,66,66,66,66,66,66,66,66,66,66],"card_choices":[{"not_picked":["Accuracy","Dagger Spray"],"picked":"Reflex","floor":1},{"not_picked":["Dodge and Roll","Outmaneuver"],"picked":"Blade Dance","floor":3},{"not_picked":["Well Laid Plans","PiercingWail"],"picked":"Accuracy","floor":6},{"not_picked":["Reflex","Endless Agony"],"picked":"Footwork","floor":7},{"not_picked":["Dash","Caltrops"],"picked":"Backflip","floor":8},{"not_picked":["All Out Attack","Crippling Poison"],"picked":"Choke","floor":10},{"not_picked":["Deadly Poison","Reflex","Deflect"],"picked":"SKIP","floor":12}],"player_experience":103406,"relics_obtained":[{"floor":6,"key":"Ninja Scroll"},{"floor":9,"key":"Ornamental Fan"},{"floor":10,"key":"Kunai"}],"event_choices":[{"cards_removed":["Strike_G"],"damage_healed":0,"gold_gain":0,"player_choice":"Card Removal","damage_taken":0,"max_hp_gain":0,"max_hp_loss":0,"event_name":"The Cleric","floor":5,"gold_loss":75},{"damage_healed":0,"gold_gain":0,"player_choice":"Ignored","damage_taken":0,"max_hp_gain":0,"max_hp_loss":0,"event_name":"Liars Game","floor":14,"gold_loss":0}],"is_beta":false,"boss_relics":[],"items_purged_floors":[],"is_endless":false,"potions_floor_spawned":[1,3,8],"killed_by":"Hexaghost","ascension_level":20}}