{"host":"5jn3rki867005t18","time":1608831299,"event":{"mods":["AchievementEnabler","BaseMod","Colored Map","DeckTracker","Highlight Path","Minty Spire (QoL Compilation)","Permanent Neow","Quick Restart","StSLib","SuperFastMode"],"gold_per_floor":[117,135,135,135,86,86,119,119,145,145,158,226,255,285,285,285,285],"floor_reached":16,"playtime":466,"items_purged":[],"score":106,"play_id":"c08cd1ff-113a-4ef1-bc05-6fa9f0b9b464","local_time":"20201225023459","is_ascension_mode":false,"campfire_choices":[{"data":"ClearTheMind","floor":6,"key":"SMITH"},{"data":"Vigilance","floor":8,"key":"SMITH"},{"data":"CrushJoints","floor":10,"key":"SMITH"},{"floor":15,"key":"REST"}],"circlet_count":0,"master_deck":["Strike_P","Strike_P","Strike_P","Defend_P","Defend_P","Defend_P","Defend_P","Eruption+1","Vigilance+1","Blasphemy","BowlingBash+1","CrushJoints+1","ClearTheMind+1","FlurryOfBlows","ReachHeaven","SashWhip","SashWhip"],"relics":["PureWater","WingedGreaves","Strawberry","GoldenEye","Odd Mushroom"],"acts_visited":["Exordium"],"potions_floor_usage":[7,14],"damage_taken":[{"damage":4,"enemies":"2 Louse","floor":1,"turns":2},{"damage":7,"enemies":"Small Slimes","floor":2,"turns":4},{"damage":8,"enemies":"3 Sentries","floor":7,"turns":4},{"damage":1,"enemies":"Cultist","floor":11,"turns":3},{"damage":12,"enemies":"Gremlin Nob","floor":13,"turns":3},{"damage":17,"enemies":"The Mushroom Lair","floor":14,"turns":4},{"damage":100043,"enemies":"Hexaghost","floor":16,"turns":6}],"seed_played":"6885503529252340388","potions_obtained":[{"floor":2,"key":"LiquidMemories"},{"floor":11,"key":"Regen Potion"}],"is_trial":false,"path_per_floor":["M","M","?","?","$","R","E","R","T","R","M","?","E","?","R","B"],"character_chosen":"WATCHER","items_purchased":["ClearTheMind"],"campfire_rested":1,"item_purchase_floors":[5],"current_hp_per_floor":[68,61,61,61,61,61,53,53,60,60,59,59,47,39,62,0,0],"gold":285,"neow_bonus":"TRANSFORM_CARD","is_daily":false,"chose_seed":false,"campfire_upgraded":3,"win_rate":0.0,"timestamp":1608831299,"path_taken":["M","M","?","?","$","R","E","R","T","R","?","?","E","?","R","BOSS"],"items_purchased_type":["Card"],"build_version":"2020-12-22","purchased_purges":0,"victory":false,"max_hp_per_floor":[72,72,72,72,72,72,72,72,79,79,79,79,79,79,79,79,79],"card_choices":[{"not_picked":["JustLucky","Collect"],"picked":"BowlingBash","floor":1},{"not_picked":["EmptyFist","EmptyBody"],"picked":"CrushJoints","floor":2},{"not_picked":["Devotion","ReachHeaven"],"picked":"FlurryOfBlows","floor":7},{"not_picked":["WreathOfFlame","CutThroughFate"],"picked":"ReachHeaven","floor":11},{"not_picked":["CutThroughFate","JustLucky"],"picked":"SashWhip","floor":13},{"not_picked":["WindmillStrike","Prostrate"],"picked":"SashWhip","floor":14}],"player_experience":122937,"relics_obtained":[{"floor":7,"key":"WingedGreaves"},{"floor":9,"key":"Strawberry"},{"floor":13,"key":"GoldenEye"},{"floor":14,"key":"Odd Mushroom"}],"event_choices":[{"damage_healed":0,"gold_gain":0,"player_choice":"Grow","damage_taken":0,"max_hp_gain":0,"max_hp_loss":0,"event_name":"Living Wall","floor":3,"gold_loss":0,"cards_upgraded":["Eruption"]},{"damage_healed":0,"gold_gain":0,"player_choice":"Upgraded","damage_taken":0,"max_hp_gain":0,"max_hp_loss":0,"event_name":"Upgrade Shrine","floor":4,"gold_loss":0,"cards_upgraded":["BowlingBash"]},{"damage_healed":0,"gold_gain":68,"player_choice":"Gained Gold","damage_taken":0,"max_hp_gain":0,"max_hp_loss":0,"event_name":"Golden Wing","floor":12,"gold_loss":0},{"damage_healed":0,"gold_gain":0,"player_choice":"Fought Mushrooms","damage_taken":0,"max_hp_gain":0,"max_hp_loss":0,"event_name":"Mushrooms","floor":14,"gold_loss":0}],"is_beta":false,"boss_relics":[],"items_purged_floors":[],"is_endless":false,"potions_floor_spawned":[2,11],"killed_by":"Hexaghost","ascension_level":0}}