{"host":"baymyijz6sxaqj5s","time":1608802510,"event":{"mods":["AchievementEnabler","BaseMod","Colored Map","Colored Powertips","DeckTracker","KOR Keyword Fix","Keyboard Shortcuts","Minty Spire (QoL Compilation)","Quick Restart","StSLib","SuperFastMode"],"gold_per_floor":[118,134,153,103,83,83,99,118,143,82,70,70,83,100,100,201,201,215,215,226,226,9,9,9,9,9,24,34,34,34,34],"floor_reached":30,"playtime":974,"items_purged":[],"score":235,"play_id":"e6af2d8a-6d28-42f9-af61-1bf0fe2beca3","local_time":"20201224183510","is_ascension_mode":true,"campfire_choices":[{"data":"Neutralize","floor":6,"key":"SMITH"},{"floor":15,"key":"REST"},{"floor":23,"key":"REST"},{"floor":25,"key":"REST"}],"circlet_count":0,"master_deck":["Strike_G","Strike_G","Strike_G","Strike_G","Defend_G","Defend_G","Defend_G","Defend_G","Defend_G","Survivor","Neutralize+1","Dagger Spray","Bane","Flying Knee","Quick Slash","Blur","Necronomicurse","Catalyst","Outmaneuver","Good Instincts"],"relics":["Ring of the Serpent","Vajra","Tiny Chest","Necronomicon","PreservedInsect","Tingsha"],"acts_visited":["Exordium","TheCity"],"potions_floor_usage":[7,8,16,16,18,28,30],"damage_taken":[{"damage":1,"enemies":"Jaw Worm","floor":1,"turns":6},{"damage":5,"enemies":"Small Slimes","floor":2,"turns":4},{"damage":0,"enemies":"Cultist","floor":3,"turns":3},{"damage":0,"enemies":"3 Louse","floor":7,"turns":2},{"damage":0,"enemies":"Lots of Slimes","floor":8,"turns":5},{"damage":11,"enemies":"Exordium Thugs","floor":11,"turns":5},{"damage":2,"enemies":"Looter","floor":13,"turns":3},{"damage":0,"enemies":"Lots of Slimes","floor":14,"turns":2},{"damage":31,"enemies":"The Guardian","floor":16,"turns":12},{"damage":7,"enemies":"3 Byrds","floor":18,"turns":7},{"damage":64,"enemies":"Spheric Guardian","floor":20,"turns":12},{"damage":14,"enemies":"Snecko","floor":27,"turns":6},{"damage":31,"enemies":"Snake Plant","floor":28,"turns":10},{"damage":25,"enemies":"Cultist and Chosen","floor":30,"turns":6}],"seed_played":"9030847320699885877","potions_obtained":[{"floor":1,"key":"SpeedPotion"},{"floor":3,"key":"SpeedPotion"},{"floor":5,"key":"FairyPotion"},{"floor":11,"key":"PowerPotion"},{"floor":13,"key":"SteroidPotion"},{"floor":16,"key":"AttackPotion"},{"floor":27,"key":"Regen Potion"},{"floor":28,"key":"Strength Potion"}],"is_trial":false,"path_per_floor":["M","M","M","?","?","R","M","M","T","?","M","$","M","M","R","B",null,"M","?","M","T","$","R","$","R","T","M","M","?","M"],"character_chosen":"THE_SILENT","items_purchased":["Catalyst","Outmaneuver","Good Instincts"],"campfire_rested":3,"item_purchase_floors":[22,22,22],"current_hp_per_floor":[76,71,71,71,71,71,71,71,71,71,60,60,58,58,77,46,77,70,54,16,16,16,39,39,62,62,48,32,18,0,0],"gold":34,"neow_bonus":"TEN_PERCENT_HP_BONUS","is_daily":false,"chose_seed":false,"campfire_upgraded":1,"win_rate":0.0,"timestamp":1608802510,"path_taken":["M","M","M","?","?","R","?","M","T","?","?","?","M","M","R","BOSS","M","?","M","?","$","R","$","R","T","M","?","?","M"],"items_purchased_type":["Card","Card","Card"],"build_version":"2020-12-22","purchased_purges":0,"victory":false,"max_hp_per_floor":[77,77,77,77,77,77,77,77,77,77,77,77,77,77,77,77,77,77,77,77,77,77,77,77,77,77,77,77,82,82,82],"card_choices":[{"not_picked":["Expertise","Acrobatics"],"picked":"Dagger Spray","floor":1},{"not_picked":["Escape Plan","Well Laid Plans"],"picked":"Bane","floor":2},{"not_picked":["Sucker Punch","Bane","Distraction"],"picked":"SKIP","floor":3},{"not_picked":["Masterful Stab","Deflect"],"picked":"Flying Knee","floor":7},{"not_picked":["Blade Dance","Flying Knee"],"picked":"Quick Slash","floor":8},{"not_picked":["Calculated Gamble","Flechettes"],"picked":"Blur","floor":11},{"not_picked":["PiercingWail","Slice","Acrobatics"],"picked":"SKIP","floor":13},{"not_picked":["Finisher","A Thousand Cuts","Footwork"],"picked":"SKIP","floor":14},{"not_picked":["Acrobatics","Choke","Endless Agony"],"picked":"SKIP","floor":18},{"not_picked":["Acrobatics","Bane","Accuracy"],"picked":"SKIP","floor":20},{"not_picked":["Wraith Form v2","Prepared","Dagger Throw"],"picked":"SKIP","floor":27},{"not_picked":["Expertise","Sucker Punch","Reflex+1"],"picked":"SKIP","floor":28}],"player_experience":220760,"relics_obtained":[{"floor":9,"key":"Vajra"},{"floor":19,"key":"Necronomicon"},{"floor":21,"key":"PreservedInsect"},{"floor":26,"key":"Tingsha"}],"event_choices":[{"cards_removed":["Strike_G"],"damage_healed":0,"gold_gain":0,"player_choice":"Card Removal","damage_taken":0,"max_hp_gain":0,"max_hp_loss":0,"event_name":"The Cleric","floor":4,"gold_loss":50},{"damage_healed":0,"gold_gain":0,"player_choice":"Bought 1 Potion","damage_taken":0,"max_hp_gain":0,"max_hp_loss":0,"event_name":"The Woman in Blue","floor":5,"gold_loss":0},{"damage_healed":0,"gold_gain":0,"player_choice":"Paid Gold","damage_taken":0,"relics_obtained":["Tiny Chest"],"max_hp_gain":0,"max_hp_loss":0,"event_name":"WeMeetAgain","floor":10,"gold_loss":61},{"damage_healed":0,"gold_gain":0,"player_choice":"Obtained Book","damage_taken":16,"max_hp_gain":0,"max_hp_loss":0,"event_name":"Cursed Tome","floor":19,"gold_loss":0},{"damage_healed":0,"gold_gain":0,"player_choice":"Shed Blood","damage_taken":19,"max_hp_gain":5,"max_hp_loss":0,"event_name":"Forgotten Altar","floor":29,"gold_loss":0}],"is_beta":false,"boss_relics":[{"not_picked":["Empty Cage","Calling Bell"],"picked":"Ring of the Serpent"}],"items_purged_floors":[],"is_endless":false,"potions_floor_spawned":[1,3,11,13,16,27,28],"killed_by":"Cultist and Chosen","ascension_level":1}}