{"host":"121m0oxswv9tg9hk","time":1608827575,"event":{"mods":["AchievementEnabler","BaseMod","Better Third Choice","Downfall","Hermit","Hubris","Infinite Spire","MarisaÅiñ∂âJÅ@ñÇóùçπÅj","Minty Spire (QoL Compilation)","Replay The Spire","Shade Mod","StSLib","The Construct","The Cursed","The Gatherer","The Hierophant","The Mystic"],"gold_per_floor":[0,10,10,10,23,50,74,96,54,83,83,123,146,183,206,314,314,239,270,298,29,50,81,81,81,78,130,130,173,173,106,156,309,309,309,337,428,469,198,123,123,184,184,184,184,245,170,259,259,333,350,376,376,448,2,2,68],"floor_reached":58,"playtime":5726,"items_purged":["champ:Strike","champ:Defend","champ:Defend","hubris:Disease"],"score":1640,"play_id":"a6ca54f0-451c-4917-bbc9-9265a85b2646","local_time":"20201224173255","is_ascension_mode":true,"campfire_choices":[{"data":"ReplayTheSpireMod:Brewmster","floor":1,"key":"SMITH"},{"data":"champ:Balance","floor":11,"key":"SMITH"},{"data":"champ:RageSigil","floor":18,"key":"SMITH"},{"floor":30,"key":"REST"},{"floor":35,"key":"RECALL"},{"data":"champ:StrikeOfGenius","floor":40,"key":"SMITH"},{"data":"Pot Of Greed","floor":47,"key":"SMITH"},{"data":"Pot Of Greed","floor":49,"key":"SMITH"},{"data":"champ:Control","floor":56,"key":"SMITH"}],"circlet_count":0,"master_deck":["champ:Strike+1","champ:Strike","champ:Strike","champ:Defend","champ:Taunt","ReplayTheSpireMod:Brewmster+1","champ:PerfectedStrike","champ:RageSigil+1","champ:Balance+1","champ:FlashCut","champ:BerserkersShout+1","champ:ArenaPreparation","champ:PerfectedStrike","champ:FlashCut","champ:GutPunch+1","champ:EnchantCrown","champ:RisingSlash+1","champ:Circumvent","champ:ShieldSigil","Pot Of Greed+1","Pot Of Greed","Necronomicurse","champ:BladeFlurry","Pot Of Greed+1","champ:RageSigil+1","champ:Duel","champ:Control+1","champ:StrikeOfGenius+1","champ:RageSigil+1","champ:Backstep","champ:EnchantShield","champ:Lariat+1","champ:DefensiveStyle","champ:CalledShot+1","champ:IronFortress","Pot Of Greed","champ:EnchantShield"],"relics":["champ:ChampionCrown","hubris:Towel","Replay:Bandana","Replay:Baseball","PreservedInsect","Blood Vial","hubris:Backtick","StrikeDummy","downfall:HeartBlessingGreen","champ:DefensiveTrainingManual","Replay:WaspNest","Grinning Jar","Necronomicon","MealTicket","infinitespire:Midas Blood","Cursed Key","Lizard Tail","hexamod:BolsterEngine","downfall:HeartBlessingRed","Potion Belt","hubris:ToyBattleship","downfall:HeartBlessingBlue","CatCart","Whetstone","Shuriken","Toolbox"],"acts_visited":["Exordium","TheCity","TheBeyond","TheEnding"],"potions_floor_usage":[2,2,2,5,6,6,6,8,9,12,12,14,14,15,16,16,21,21,26,27,33,38,46,48,48,50,51,52,54,54,57,57,57,57,57,57,57,57,57,57],"damage_taken":[{"damage":15,"enemies":"Jaw Worm","floor":2,"turns":7},{"damage":6,"enemies":"Small Slimes","floor":5,"turns":4},{"damage":4,"enemies":"Replay:BlueRogue","floor":6,"turns":6},{"damage":0,"enemies":"Cultist","floor":8,"turns":4},{"damage":0,"enemies":"downfall:FleeingMerchant","floor":9,"turns":4},{"damage":9,"enemies":"2 Fungi Beasts","floor":10,"turns":3},{"damage":47,"enemies":"Gremlin Nob","floor":12,"turns":4},{"damage":5,"enemies":"Blue Slaver","floor":13,"turns":4},{"damage":18,"enemies":"Lagavulin","floor":14,"turns":5},{"damage":27,"enemies":"Exordium Wildlife","floor":15,"turns":3},{"damage":106,"enemies":"downfall:Ironclad","floor":16,"turns":8},{"damage":14,"enemies":"Spheric Guardian","floor":19,"turns":3},{"damage":18,"enemies":"Snecko","floor":20,"turns":3},{"damage":20,"enemies":"downfall:FleeingMerchant","floor":21,"turns":4},{"damage":6,"enemies":"Snake Plant","floor":22,"turns":2},{"damage":49,"enemies":"Centurion and Healer","floor":23,"turns":8},{"damage":23,"enemies":"downfall:FleeingMerchant","floor":26,"turns":4},{"damage":5,"enemies":"Gremlin Leader","floor":27,"turns":2},{"damage":12,"enemies":"Replay:Snechameleon","floor":29,"turns":3},{"damage":17,"enemies":"downfall:FleeingMerchant","floor":31,"turns":3},{"damage":13,"enemies":"Cultist and Chosen","floor":32,"turns":3},{"damage":61,"enemies":"downfall:Silent","floor":33,"turns":4},{"damage":0,"enemies":"Orb Walker","floor":36,"turns":2},{"damage":23,"enemies":"2 Orb Walkers","floor":37,"turns":4},{"damage":36,"enemies":"3 Darklings","floor":38,"turns":4},{"damage":11,"enemies":"R_Hoarder","floor":42,"turns":5},{"damage":42,"enemies":"Nemesis","floor":46,"turns":5},{"damage":41,"enemies":"Orin","floor":48,"turns":6},{"damage":37,"enemies":"Giant Head","floor":50,"turns":4},{"damage":0,"enemies":"4 Shapes","floor":51,"turns":1},{"damage":25,"enemies":"downfall:Watcher","floor":52,"turns":5},{"damage":63,"enemies":"downfall:CharBossMerchant","floor":54,"turns":6},{"damage":167,"enemies":"downfall:NeowBoss","floor":57,"turns":21}],"seed_played":"-1684784208808642204","potions_obtained":[{"floor":6,"key":"Energy Potion"},{"floor":8,"key":"construct:ShiftPotion"},{"floor":12,"key":"LifebloodPotion"},{"floor":14,"key":"Regen Potion"},{"floor":15,"key":"FearPotion"},{"floor":19,"key":"Reflective Coating"},{"floor":22,"key":"Weak Potion"},{"floor":37,"key":"Weak Potion"},{"floor":42,"key":"Reflective Coating"},{"floor":46,"key":"hexamod:EctoCoolerPotion"},{"floor":48,"key":"champ:OpenerPotion"}],"is_trial":false,"path_per_floor":["R","M","?","?","M","E","T","M","$","M","R","E","M","E","M","B",null,"R","M","M","$","M","M","T","?","$","E","?","E","R","$","M","B",null,"R","M","?","M","$","R","T","E","?","PTL","PTL","E","R","?","R","E","M","B",null,"E","$","R","B",null],"character_chosen":"THE_CHAMP","items_purchased":["champ:BerserkersShout+1","champ:DefensiveTrainingManual","Explosive Potion","champ:Duel","infinitespire:Midas Blood","hexamod:BolsterEngine","champ:EnchantShield","Toolbox"],"campfire_rested":1,"item_purchase_floors":[9,21,21,31,31,39,55,55],"current_hp_per_floor":[90,86,86,86,85,81,81,81,81,81,81,59,59,66,58,35,90,90,90,77,79,75,73,73,73,72,74,58,48,76,93,87,53,95,95,95,88,74,89,89,89,88,88,88,88,65,75,77,77,79,81,83,105,75,90,90,40],"gold":68,"neow_bonus":"RANDOM_COLORLESS_2","is_daily":false,"chose_seed":false,"campfire_upgraded":7,"win_rate":0.0,"timestamp":1608827575,"path_taken":["R","M","?","?","M","E","T","M","$","?","R","E","M","E","M","BOSS","R","M","M","$","M","M","T","?","$","E","?","E","R","?","M","BOSS","R","M","?","M","$","R","T","E","?","PTL","PTL","E","R","?","R","E","M","BOSS","E","$","R","BOSS"],"items_purchased_type":["Card","Relic","Potion","Card","Relic","Relic","Card","Relic"],"build_version":"2020-12-22","purchased_purges":4,"victory":true,"max_hp_per_floor":[90,90,90,90,90,90,90,90,90,90,90,90,90,90,90,90,90,90,90,90,90,90,95,95,95,95,95,95,95,95,95,95,95,95,95,95,95,95,95,95,95,95,95,95,95,95,105,105,105,105,105,105,105,105,105,105,105],"card_choices":[{"not_picked":["Replay:Dark Deal","Transmutation"],"picked":"ReplayTheSpireMod:Brewmster","floor":0},{"not_picked":["champ:CrookedStrike","champ:GladiatorsShout"],"picked":"champ:PerfectedStrike","floor":2},{"not_picked":["champ:EnragedBash","champ:EnGarde","champ:CalledShot"],"picked":"SKIP","floor":5},{"not_picked":["champ:IgnorePain","champ:ShieldSigil"],"picked":"champ:RageSigil","floor":6},{"not_picked":["champ:Backstep","champ:EnragedBash"],"picked":"champ:Balance","floor":8},{"not_picked":["champ:GladiatorsShout","champ:DefensiveStyle"],"picked":"champ:FlashCut","floor":9},{"not_picked":["champ:FaceSlap","champ:TornadoPunch"],"picked":"champ:ArenaPreparation","floor":10},{"not_picked":["champ:GladiatorsShout","champ:FocusedGladiator"],"picked":"champ:PerfectedStrike","floor":12},{"not_picked":["champ:EnGarde","champ:BringItOn","champ:BladeFlurry"],"picked":"SKIP","floor":13},{"not_picked":["champ:SwordSigil","champ:FanOfKnives"],"picked":"champ:FlashCut","floor":14},{"not_picked":["champ:StanceDance","champ:FocusedBerserking"],"picked":"champ:GutPunch","floor":15},{"not_picked":["champ:EnchantSword","champ:DancingMaster"],"picked":"champ:EnchantCrown","floor":16},{"not_picked":["champ:BerserkersShout","champ:GladiatorsShout"],"picked":"champ:FightOn","floor":19},{"not_picked":["champ:FanOfKnives+1","champ:GutPunch","champ:DefensiveShout+1"],"picked":"SKIP","floor":20},{"not_picked":["champ:FlashCut","champ:TornadoPunch"],"picked":"champ:RisingSlash+1","floor":21},{"not_picked":["champ:BladeFlurry","champ:Haymaker","champ:BringItOn"],"picked":"SKIP","floor":22},{"not_picked":["champ:GladiatorsShout","champ:CrookedStrike"],"picked":"champ:Circumvent","floor":23},{"not_picked":["champ:CalledShot","champ:CrookedStrike"],"picked":"champ:ShieldSigil","floor":26},{"not_picked":["champ:DefensiveShout","champ:PerfectedStrike"],"picked":"champ:Improvising","floor":27},{"not_picked":["champ:RisingSlash+1","champ:PerfectedStrike"],"picked":"champ:BladeFlurry","floor":29},{"not_picked":["champ:FlashCut","champ:TornadoPunch"],"picked":"champ:RageSigil+1","floor":31},{"not_picked":["champ:Backstep+1","champ:Balance"],"picked":"champ:Control","floor":32},{"not_picked":["champ:ShieldThrow","champ:CrownThrow"],"picked":"champ:StrikeOfGenius","floor":33},{"not_picked":["champ:Shatter","champ:BladeFlurry","champ:AdrenalArmor"],"picked":"SKIP","floor":36},{"not_picked":["champ:StanceDance+1","champ:VampiricStrike"],"picked":"champ:RageSigil+1","floor":37},{"not_picked":["champ:RageSigil+1","champ:BladeFlurry+1"],"picked":"champ:Backstep","floor":38},{"not_picked":["champ:Backstep","champ:BladeFlurry","champ:StrikeOfGenius"],"picked":"SKIP","floor":42},{"not_picked":["champ:HeartStrike","champ:BerserkerStyle"],"picked":"champ:EnchantShield","floor":46},{"not_picked":["champ:StanceDance","champ:PerfectedStrike"],"picked":"champ:Lariat+1","floor":48},{"not_picked":["champ:HeartStrike+1","champ:BerserkerStyle"],"picked":"champ:DefensiveStyle","floor":50},{"not_picked":["champ:BringItOn","champ:RageSigil+1"],"picked":"champ:CalledShot+1","floor":51},{"not_picked":["champ:HeartStrike","champ:FightOn"],"picked":"champ:IronFortress","floor":54}],"player_experience":2916741,"relics_obtained":[{"floor":6,"key":"Replay:Bandana"},{"floor":7,"key":"Replay:Baseball"},{"floor":12,"key":"PreservedInsect"},{"floor":14,"key":"Blood Vial"},{"floor":24,"key":"Replay:WaspNest"},{"floor":27,"key":"Grinning Jar"},{"floor":28,"key":"Necronomicon"},{"floor":29,"key":"MealTicket"},{"floor":37,"key":"Lizard Tail"},{"floor":42,"key":"Potion Belt"},{"floor":46,"key":"hubris:ToyBattleship"},{"floor":48,"key":"CatCart"},{"floor":50,"key":"Whetstone"},{"floor":54,"key":"Shuriken"}],"event_choices":[{"cards_removed":["champ:Execute"],"damage_healed":0,"gold_gain":0,"player_choice":"Purged","damage_taken":0,"max_hp_gain":0,"max_hp_loss":0,"event_name":"Purifier","floor":4,"gold_loss":0},{"damage_healed":0,"gold_gain":0,"player_choice":"Fight","damage_taken":0,"max_hp_gain":0,"max_hp_loss":0,"event_name":"Mysterious Sphere","floor":37,"gold_loss":0},{"cards_removed":["champ:Improvising"],"damage_healed":0,"gold_gain":0,"player_choice":"Removed Power","damage_taken":0,"max_hp_gain":0,"max_hp_loss":0,"event_name":"Falling","floor":43,"gold_loss":0},{"damage_healed":0,"gold_gain":0,"player_choice":"Fight","damage_taken":0,"max_hp_gain":0,"max_hp_loss":0,"event_name":"OrinTheCat","floor":48,"gold_loss":0}],"is_beta":false,"boss_relics":[{"not_picked":["Kintsugi","Replay:Ancient Bell"],"picked":"hubris:Backtick"},{"not_picked":["Ring of Chaos","construct:WeddingRing"],"picked":"Cursed Key"}],"items_purged_floors":[21,31,39,55],"is_endless":false,"potions_floor_spawned":[6,8,12,14,15,19,20,22,23,37,42,46,48],"ascension_level":3}}