{"host":"cij6922spxtbkai3","time":1608809103,"event":{"mods":["2.2 Compatiblity","AchievementEnabler","BaseMod","Colored Map","DeckTracker","Highlight Path","Keyboard Shortcuts","Minty Spire (QoL Compilation)","Permanent Neow","Quick Restart","Rare Cards Sparkle","SuperFastMode","everything is the same but u backflip on backflip"],"gold_per_floor":[113,124,139,154,154,154,189,205,205,380,393,418,446,457,457,557,557,574,594,609,624,14,14,45,62,107,107,125,141,102,120,120,217,267,286,298,0,16,1015,1015,1015,1015],"floor_reached":41,"playtime":5457,"items_purged":["Doubt"],"score":531,"play_id":"4ae9e421-e8bf-4bdc-b95f-aea33bb6f14f","local_time":"20201224202503","is_ascension_mode":false,"campfire_choices":[{"data":"Carnage","floor":6.0,"key":"SMITH"},{"data":"Dropkick","floor":15.0,"key":"SMITH"},{"data":"Barricade","floor":23.0,"key":"SMITH"},{"data":"Offering","floor":27.0,"key":"SMITH"},{"data":"Second Wind","floor":32,"key":"SMITH"},{"data":"Pommel Strike","floor":40,"key":"SMITH"}],"circlet_count":0,"master_deck":["Strike_R","Strike_R","Strike_R","Strike_R","Defend_R","Defend_R","Defend_R","Defend_R","Bash","Carnage+1","Ghostly Armor","Dropkick+1","Thunderclap","Pommel Strike+1","Iron Wave+1","Feed","Second Wind+1","Clothesline","Offering+1","Feel No Pain+1","Twin Strike","Uppercut","Barricade+1","Fire Breathing+1","Chrysalis","Headbutt","Flame Barrier","Dark Embrace+1","Shrug It Off","Impervious","Metallicize+1","Anger","Demon Form+1","Blood for Blood","True Grit+1","Dark Embrace+1","Armaments","Normality","Normality"],"relics":["Burning Blood","Paper Frog","Oddly Smooth Stone","Toy Ornithopter","Orichalcum","Coffee Dripper","Frozen Egg 2","White Beast Statue","Strawberry","Tiny House","Red Mask"],"acts_visited":["Exordium","TheCity","TheBeyond"],"potions_floor_usage":[33,33,36,38,38,38,41],"damage_taken":[{"damage":3.0,"enemies":"Small Slimes","floor":1.0,"turns":4.0},{"damage":6.0,"enemies":"Jaw Worm","floor":2.0,"turns":2.0},{"damage":0.0,"enemies":"Cultist","floor":3.0,"turns":2.0},{"damage":15.0,"enemies":"Lots of Slimes","floor":4.0,"turns":6.0},{"damage":16.0,"enemies":"3 Sentries","floor":7.0,"turns":6.0},{"damage":0.0,"enemies":"Looter","floor":8.0,"turns":2.0},{"damage":5.0,"enemies":"Large Slime","floor":11.0,"turns":5.0},{"damage":0.0,"enemies":"Gremlin Nob","floor":13.0,"turns":1.0},{"damage":6.0,"enemies":"Blue Slaver","floor":14.0,"turns":2.0},{"damage":28.0,"enemies":"The Guardian","floor":16.0,"turns":9.0},{"damage":4.0,"enemies":"Chosen","floor":18.0,"turns":3.0},{"damage":13.0,"enemies":"2 Thieves","floor":19.0,"turns":4.0},{"damage":6.0,"enemies":"Centurion and Healer","floor":20.0,"turns":6.0},{"damage":24.0,"enemies":"Snake Plant","floor":21.0,"turns":4.0},{"damage":12.0,"enemies":"Book of Stabbing","floor":24.0,"turns":2.0},{"damage":4.0,"enemies":"Cultist and Chosen","floor":25.0,"turns":9.0},{"damage":41.0,"enemies":"Shelled Parasite and Fungi","floor":28.0,"turns":8.0},{"damage":3,"enemies":"Centurion and Healer","floor":29,"turns":10},{"damage":6,"enemies":"Snecko","floor":31,"turns":9},{"damage":18,"enemies":"Champ","floor":33,"turns":18},{"damage":31,"enemies":"Orb Walker","floor":35,"turns":6},{"damage":35,"enemies":"3 Shapes","floor":36,"turns":7},{"damage":56,"enemies":"Transient","floor":38,"turns":5},{"damage":29,"enemies":"Nemesis","floor":41,"turns":5}],"seed_played":"-4216592791014268658","potions_obtained":[{"floor":2.0,"key":"LiquidBronze"},{"floor":4.0,"key":"DistilledChaos"},{"floor":7.0,"key":"SteroidPotion"},{"floor":8.0,"key":"AttackPotion"},{"floor":11.0,"key":"LiquidMemories"},{"floor":14.0,"key":"BlessingOfTheForge"},{"floor":18.0,"key":"FearPotion"},{"floor":20.0,"key":"SteroidPotion"},{"floor":24.0,"key":"Swift Potion"},{"floor":25.0,"key":"FearPotion"},{"floor":28,"key":"Strength Potion"},{"floor":29,"key":"LiquidBronze"},{"floor":33,"key":"LiquidBronze"},{"floor":34,"key":"EntropicBrew"},{"floor":35,"key":"EssenceOfSteel"},{"floor":36,"key":"PowerPotion"},{"floor":38,"key":"CultistPotion"}],"is_trial":false,"path_per_floor":["M","M","M","M","?","R","E","M","T","?","M","T","E","M","R","B",null,"M","M","M","M","$","R","E","M","T","R","M","M","$","M","R","B",null,"M","M","?","M","?","R","E"],"character_chosen":"IRONCLAD","items_purchased":["Frozen Egg 2","Fire Breathing+1","Chrysalis","Headbutt","Metallicize+1"],"campfire_rested":0,"item_purchase_floors":[22,22,22,22,30],"current_hp_per_floor":[80,80,80,71,71,71,61,67,67,67,68,68,79,79,79,63,80,83,76,76,63,63,63,62,64,71,71,49,55,55,55,55,53,101,76,55,55,20,20,20,0,0],"gold":1015,"neow_bonus":"","is_daily":false,"chose_seed":false,"campfire_upgraded":6,"win_rate":0.0,"timestamp":1608809103,"path_taken":["M","M","M","M","?","R","E","M","T","?","M","?","E","M","R","BOSS","M","?","M","M","$","R","E","M","T","R","?","M","$","M","R","BOSS","M","M","?","M","?","R","E"],"items_purchased_type":["Relic","Card","Card","Card","Card"],"build_version":"2020-12-22","purchased_purges":1,"victory":false,"max_hp_per_floor":[80,80,80,80,80,80,80,80,80,80,80,80,80,80,80,80,80,83,83,83,83,83,83,83,83,90,90,93,96,96,96,96,96,101,101,104,104,104,104,104,104,104],"card_choices":[{"not_picked":["Twin Strike","Clash"],"picked":"Carnage","floor":1.0},{"not_picked":["Ghostly Armor","True Grit","Sword Boomerang"],"picked":"SKIP","floor":2.0},{"not_picked":["True Grit","Sword Boomerang"],"picked":"Ghostly Armor","floor":2.0},{"not_picked":["Pommel Strike","Body Slam"],"picked":"Dropkick","floor":3.0},{"not_picked":["Warcry","Whirlwind"],"picked":"Thunderclap","floor":4.0},{"not_picked":["Metallicize","Body Slam"],"picked":"Pommel Strike","floor":7.0},{"not_picked":["Twin Strike","Combust"],"picked":"Iron Wave","floor":8.0},{"not_picked":["Blood for Blood","Body Slam"],"picked":"Feed","floor":11.0},{"not_picked":["Entrench","Cleave"],"picked":"Second Wind","floor":13.0},{"not_picked":["Thunderclap","Second Wind"],"picked":"Clothesline","floor":14.0},{"not_picked":["Berserk","Demon Form"],"picked":"Offering","floor":16.0},{"not_picked":["Ghostly Armor+1","True Grit+1"],"picked":"Feel No Pain+1","floor":18.0},{"not_picked":["Warcry","Perfected Strike"],"picked":"Twin Strike","floor":19.0},{"not_picked":["Flex","Blood for Blood"],"picked":"Uppercut","floor":20.0},{"not_picked":["Pommel Strike","Thunderclap+1"],"picked":"Barricade","floor":21.0},{"not_picked":["Shrug It Off","Uppercut"],"picked":"Flame Barrier","floor":24.0},{"not_picked":["True Grit","Clothesline+1"],"picked":"Dark Embrace+1","floor":25.0},{"not_picked":["Sword Boomerang","Whirlwind"],"picked":"Shrug It Off","floor":28},{"not_picked":["Clash","Cleave"],"picked":"Impervious","floor":29},{"not_picked":["Reckless Charge","Warcry"],"picked":"Anger","floor":31},{"not_picked":["Reaper","Double Tap"],"picked":"Demon Form+1","floor":33},{"not_picked":["Fire Breathing+1","Dual Wield"],"picked":"Blood for Blood","floor":34},{"not_picked":["Rampage+1","Anger"],"picked":"True Grit+1","floor":35},{"not_picked":["Anger","True Grit"],"picked":"Dark Embrace+1","floor":36},{"not_picked":["Shrug It Off","Iron Wave"],"picked":"Armaments","floor":38}],"player_experience":0,"relics_obtained":[{"floor":7.0,"key":"Paper Frog"},{"floor":9.0,"key":"Oddly Smooth Stone"},{"floor":12.0,"key":"Toy Ornithopter"},{"floor":13.0,"key":"Orichalcum"},{"floor":24.0,"key":"White Beast Statue"},{"floor":26.0,"key":"Strawberry"}],"event_choices":[{"cards_removed":["Strike_R"],"damage_healed":0.0,"max_hp_gain":0.0,"max_hp_loss":0.0,"gold_gain":0.0,"event_name":"Living Wall","player_choice":"Forget","floor":5.0,"gold_loss":0.0,"damage_taken":0.0},{"damage_healed":0.0,"max_hp_gain":0.0,"max_hp_loss":0.0,"gold_gain":175.0,"event_name":"Liars Game","player_choice":"AGREE","floor":10.0,"gold_loss":0.0,"damage_taken":0.0,"cards_obtained":["Doubt"]},{"damage_healed":0,"gold_gain":0,"player_choice":"Paid","damage_taken":0,"relics_obtained":["Red Mask"],"max_hp_gain":0,"max_hp_loss":0,"event_name":"Tomb of Lord Red Mask","floor":37,"gold_loss":298},{"damage_healed":0,"gold_gain":999,"player_choice":"Gold","damage_taken":0,"max_hp_gain":0,"max_hp_loss":0,"event_name":"MindBloom","floor":39,"gold_loss":0,"cards_obtained":["Normality","Normality"]}],"is_beta":false,"boss_relics":[{"not_picked":["Black Blood","Calling Bell"],"picked":"Coffee Dripper"},{"not_picked":["Empty Cage","Busted Crown"],"picked":"Tiny House"}],"items_purged_floors":[22],"is_endless":false,"potions_floor_spawned":[2,4,7,8,11,14,18,20,24,25,28,29,31,33,35,36,38],"killed_by":"Nemesis","ascension_level":0}}