{"host":"881jm980fq3ycrwg","time":1608808138,"event":{"mods":["AchievementEnabler","BaseMod","Colored Map","DeckTracker","Keyboard Shortcuts","Minty Spire (QoL Compilation)","Permanent Neow","Quick Restart","StSLib","SuperFastMode"],"gold_per_floor":[110,35,35,35,35,35,47,47,72,101,22,33,33,58,58,154,154,172,272,288,188,207,242,242,341,341,216,235,235,245,263,263,358,358,374,393,413,513,524,524,537,537,537,537,551,255,305,130,130,130,130],"floor_reached":50,"playtime":3574,"items_purged":["Strike_B","Strike_B","Defend_B","Defend_B+1","Conserve Battery"],"score":520,"play_id":"ed510674-2171-471f-b064-02c05eb70058","local_time":"20201224200858","is_ascension_mode":false,"campfire_choices":[{"floor":6.0,"key":"REST"},{"data":"Sunder","floor":13.0,"key":"SMITH"},{"floor":15.0,"key":"REST"},{"floor":24.0,"key":"REST"},{"floor":32.0,"key":"RECALL"},{"floor":40.0,"key":"REST"},{"data":"Enlightenment","floor":44.0,"key":"SMITH"},{"floor":49.0,"key":"REST"}],"circlet_count":0,"master_deck":["Zap+1","Dualcast","Melter+1","Ball Lightning+1","Sunder+1","Go for the Eyes","Echo Form","Fusion+1","Loop+1","Conserve Battery+1","Capacitor+1","Leap+1","Barrage+1","Enlightenment+1","Beam Cell+1"],"relics":["Cracked Core","Akabeko","Mercury Hourglass","Strawberry","Regal Pillow","Letter Opener","Runic Pyramid","Darkstone Periapt","Empty Cage","Vajra","Whetstone","Du-Vu Doll"],"acts_visited":["Exordium","TheCity","TheBeyond"],"potions_floor_usage":[50,50],"damage_taken":[{"damage":0.0,"enemies":"2 Louse","floor":1.0,"turns":1.0},{"damage":0.0,"enemies":"Jaw Worm","floor":7.0,"turns":3.0},{"damage":16.0,"enemies":"Lagavulin","floor":10.0,"turns":6.0},{"damage":0.0,"enemies":"Cultist","floor":12.0,"turns":2.0},{"damage":10.0,"enemies":"3 Sentries","floor":14.0,"turns":4.0},{"damage":0.0,"enemies":"Slime Boss","floor":16.0,"turns":4.0},{"damage":7.0,"enemies":"3 Byrds","floor":18.0,"turns":3.0},{"damage":17.0,"enemies":"2 Thieves","floor":20.0,"turns":2.0},{"damage":9.0,"enemies":"Centurion and Healer","floor":22.0,"turns":4.0},{"damage":33.0,"enemies":"Gremlin Leader","floor":23.0,"turns":6.0},{"damage":2.0,"enemies":"3 Cultists","floor":28.0,"turns":3.0},{"damage":0.0,"enemies":"Sentry and Sphere","floor":30.0,"turns":2.0},{"damage":3.0,"enemies":"Chosen and Byrds","floor":31.0,"turns":3.0},{"damage":50.0,"enemies":"Champ","floor":33.0,"turns":7.0},{"damage":13.0,"enemies":"3 Darklings","floor":35.0,"turns":4.0},{"damage":0.0,"enemies":"3 Shapes","floor":36.0,"turns":3.0},{"damage":13.0,"enemies":"Spire Growth","floor":37.0,"turns":4.0},{"damage":23.0,"enemies":"3 Darklings","floor":39.0,"turns":5.0},{"damage":26.0,"enemies":"Jaw Worm Horde","floor":41.0,"turns":4.0},{"damage":12.0,"enemies":"Transient","floor":45.0,"turns":5.0},{"damage":20.0,"enemies":"Mind Bloom Boss Battle","floor":47.0,"turns":5.0},{"damage":92,"enemies":"Awakened One","floor":50,"turns":7}],"seed_played":"-6731070930759298113","potions_obtained":[{"floor":10.0,"key":"Block Potion"},{"floor":16.0,"key":"BlessingOfTheForge"},{"floor":28.0,"key":"GamblersBrew"},{"floor":30.0,"key":"Regen Potion"},{"floor":31.0,"key":"DistilledChaos"},{"floor":36.0,"key":"Dexterity Potion"},{"floor":37.0,"key":"SteroidPotion"},{"floor":47.0,"key":"FairyPotion"}],"is_trial":false,"path_per_floor":["M","$","?","?","?","R","M","?","T","E","$","M","R","E","R","B",null,"M","?","M","$","M","E","R","?","T","$","M","?","M","M","R","B",null,"M","M","M","?","M","R","M","?","T","R","M","$","?","$","R","B"],"character_chosen":"DEFECT","items_purchased":["Sunder","Whetstone"],"campfire_rested":5,"item_purchase_floors":[11,46],"current_hp_per_floor":[75,75,60,48,41,63,63,63,70,54,54,54,54,44,82,82,82,75,75,58,58,49,16,55,55,55,55,53,53,53,50,50,5,82,69,69,56,56,33,72,46,46,46,46,34,34,14,14,53,0,0],"gold":130,"neow_bonus":"RANDOM_COMMON_RELIC","is_daily":false,"chose_seed":false,"campfire_upgraded":2,"win_rate":0.0,"timestamp":1608808138,"path_taken":["M","$","?","?","?","R","?","?","T","E","$","M","R","E","R","BOSS","M","?","M","$","?","E","R","?","T","$","M","?","M","M","R","BOSS","M","?","M","?","?","R","M","?","T","R","M","$","?","$","R","BOSS"],"items_purchased_type":["Card","Relic"],"build_version":"2020-12-22","purchased_purges":5,"victory":false,"max_hp_per_floor":[75,75,75,75,75,75,75,75,82,82,82,82,82,82,82,82,82,82,82,82,82,82,82,82,82,82,82,82,82,82,82,82,82,82,82,82,82,82,82,82,82,82,82,82,82,82,82,82,82,82,82],"card_choices":[{"not_picked":["Ball Lightning","Stack"],"picked":"Melter","floor":1.0},{"not_picked":["BootSequence","Reinforced Body"],"picked":"Conserve Battery","floor":7.0},{"not_picked":["Stack","Chaos"],"picked":"Ball Lightning","floor":10.0},{"not_picked":["Doom and Gloom","Cold Snap"],"picked":"Go for the Eyes","floor":12.0},{"not_picked":["Glacier","Sunder","Cold Snap"],"picked":"SKIP","floor":14.0},{"not_picked":["Fission","Buffer"],"picked":"Echo Form","floor":16.0},{"not_picked":["Go for the Eyes","Ball Lightning"],"picked":"Fusion+1","floor":18.0},{"not_picked":["Compile Driver+1","Barrage"],"picked":"Loop+1","floor":20.0},{"not_picked":["Stack","Steam","Barrage"],"picked":"SKIP","floor":22.0},{"not_picked":["Gash","Beam Cell+1","Recycle"],"picked":"SKIP","floor":23.0},{"not_picked":["Hologram+1","Turbo"],"picked":"Conserve Battery+1","floor":28.0},{"not_picked":["Ball Lightning","Consume+1","Coolheaded"],"picked":"SKIP","floor":30.0},{"not_picked":["Reboot","Ball Lightning","Stack"],"picked":"SKIP","floor":31.0},{"not_picked":["Coolheaded","White Noise","Hologram+1"],"picked":"SKIP","floor":35.0},{"not_picked":["Leap+1","FTL"],"picked":"Capacitor+1","floor":36.0},{"not_picked":["Hologram+1","Steam Power"],"picked":"Leap+1","floor":37.0},{"not_picked":["Recycle","Leap+1","Beam Cell+1"],"picked":"SKIP","floor":39.0},{"not_picked":["Machine Learning","Rip and Tear"],"picked":"Barrage+1","floor":41.0},{"not_picked":["Impatience","Discovery"],"picked":"Enlightenment","floor":42.0},{"not_picked":["Undo","Sunder+1"],"picked":"Beam Cell+1","floor":45.0}],"player_experience":184359,"relics_obtained":[{"floor":9.0,"key":"Strawberry"},{"floor":10.0,"key":"Regal Pillow"},{"floor":14.0,"key":"Letter Opener"},{"floor":23.0,"key":"Darkstone Periapt"},{"floor":43.0,"key":"Vajra"},{"floor":47.0,"key":"Du-Vu Doll"}],"event_choices":[{"damage_healed":0.0,"max_hp_gain":0.0,"max_hp_loss":0.0,"gold_gain":0.0,"event_name":"Shining Light","player_choice":"Entered Light","floor":3.0,"gold_loss":0.0,"damage_taken":15.0,"cards_upgraded":["Defend_B","Zap"]},{"damage_healed":0.0,"max_hp_gain":0.0,"max_hp_loss":0.0,"gold_gain":0.0,"event_name":"Scrap Ooze","player_choice":"Success","floor":4.0,"gold_loss":0.0,"damage_taken":12.0,"relics_obtained":["Mercury Hourglass"]},{"cards_removed":["Strike_B"],"damage_healed":0.0,"max_hp_gain":0.0,"max_hp_loss":0.0,"gold_gain":0.0,"event_name":"Golden Wing","player_choice":"Card Removal","floor":5.0,"gold_loss":0.0,"damage_taken":7.0},{"cards_removed":["Defend_B"],"damage_healed":0.0,"max_hp_gain":0.0,"max_hp_loss":0.0,"gold_gain":0.0,"event_name":"Living Wall","player_choice":"Forget","floor":8.0,"gold_loss":0.0,"damage_taken":0.0},{"damage_healed":0.0,"max_hp_gain":0.0,"max_hp_loss":0.0,"gold_gain":100.0,"event_name":"Golden Shrine","player_choice":"Pray","floor":19.0,"gold_loss":0.0,"damage_taken":0.0},{"damage_healed":0.0,"max_hp_gain":0.0,"max_hp_loss":0.0,"gold_gain":99.0,"event_name":"Nest","player_choice":"Stole From Cult","floor":25.0,"gold_loss":0.0,"damage_taken":0.0},{"damage_healed":0.0,"max_hp_gain":0.0,"max_hp_loss":0.0,"gold_gain":0.0,"event_name":"N\u0027loth","player_choice":"Ignored","floor":29.0,"gold_loss":0.0,"damage_taken":0.0},{"damage_healed":0.0,"max_hp_gain":0.0,"max_hp_loss":0.0,"gold_gain":100.0,"event_name":"Golden Shrine","player_choice":"Pray","floor":38.0,"gold_loss":0.0,"damage_taken":0.0},{"damage_healed":0.0,"max_hp_gain":0.0,"max_hp_loss":0.0,"gold_gain":0.0,"event_name":"SensoryStone","player_choice":"Memory 1","floor":42.0,"gold_loss":0.0,"damage_taken":0.0},{"damage_healed":0.0,"max_hp_gain":0.0,"max_hp_loss":0.0,"gold_gain":0.0,"event_name":"MindBloom","player_choice":"Fight","floor":47.0,"gold_loss":0.0,"damage_taken":0.0}],"is_beta":false,"boss_relics":[{"not_picked":["Busted Crown","Velvet Choker"],"picked":"Runic Pyramid"},{"not_picked":["Runic Dome","SacredBark"],"picked":"Empty Cage"}],"items_purged_floors":[2,21,27,46,48],"is_endless":false,"potions_floor_spawned":[10,16,28,30,31,36,37,47],"killed_by":"Awakened One","ascension_level":0}}