{"host":"mniz8q056kux99zk","time":1608777270,"event":{"mods":["BaseMod","CapriCore","Highlight Path","Minty Spire (QoL Compilation)","Replay The Spire","StSLib"],"gold_per_floor":[111,111,36,50,62,95,95,121,171,204,219,254,254,78,78,197,197,221,241,19,19,34,69,69,111,138,50,79,110,159,159,159,300,300,331,331,681,708,385,385,434,767,793,820,847,483,0,56,56,76,76,76,2,45,63,63],"floor_reached":55,"playtime":3596,"items_purged":["Pain","Shame","Normality"],"score":1067,"play_id":"d360db77-3fe5-4c03-b8d2-7a84c9bbb59e","local_time":"20201223213430","is_ascension_mode":true,"campfire_choices":[{"floor":7,"key":"RECALL"},{"data":"Inflame","floor":15,"key":"SMITH"},{"floor":24,"key":"REST"},{"floor":32,"key":"REST"},{"floor":40,"key":"REST"},{"floor":49,"key":"REST"},{"floor":52,"key":"REST"}],"circlet_count":0,"master_deck":["Strike_R","Strike_R","Strike_R+1","Strike_R","Defend_R+2","Defend_R","Defend_R","Defend_R","Bash","Anger","ReplayTheSpireMod:Strike From Hell","Perfected Strike","Rupture","Inflame+1","Perfected Strike","Battle Trance","Fire Breathing","Power Through+1","Juggernaut","Blood for Blood","Shrug It Off","Clash","Limit Break","Shockwave","Headbutt","ReplayTheSpireMod:LeadingStrike","Heavy Blade","ReplayTheSpireMod:Limb From Limb+1","Barricade","Power Through","ReplayTheSpireMod:Strike From Hell","Regret","Seeing Red","Anger+1","Doubt","CommonCold","Sentinel","Intimidate+1","Dark Shackles","Secret Weapon","Feel No Pain","Warcry","Armaments","Cleave","Replay:Undeath\u0027s Touch","Carnage+1","Shrug It Off+1","Replay:Undeath\u0027s Touch","Limit Break","Rage+1"],"relics":["Burning Blood","NeowsBlessing","WarpedTongs","Replay:Ringing Soul","Ancient Tea Set","Calipers","Oddly Smooth Stone","ReplayTheSpireMod:CursedCoin","PreservedInsect","Fusion Hammer","Membership Card","Juzu Bracelet","Replay:Bandana","Vajra","Toy Ornithopter","Pet Ghost","Replay:Mystery Machine","Honey Jar","Ring of Greed","ReplayTheSpireMod:Ring of Collecting","Tiny Chest","Old Coin","War Paint","ClockworkSouvenir","ReplayTheSpireMod:Lightbulb","Dream Catcher","Ring of Misfortune","Blood Vial","BargainBundle","Simple Rune","White Beast Statue","Red Mask","Omamori","Orichalcum"],"acts_visited":["Exordium","TheCity","TheBeyond","TheEnding"],"potions_floor_usage":[6,8,12,16,16,23,28,33,33,33,38,41,44,50,50,50,50,55],"damage_taken":[{"damage":0,"enemies":"Cultist","floor":1,"turns":1},{"damage":0,"enemies":"2 Louse","floor":4,"turns":1},{"damage":0,"enemies":"Jaw Worm","floor":5,"turns":1},{"damage":14,"enemies":"Gremlin Nob","floor":6,"turns":4},{"damage":31,"enemies":"Lagavulin","floor":8,"turns":6},{"damage":28,"enemies":"3 Sentries","floor":10,"turns":8},{"damage":8,"enemies":"Blue Slaver","floor":11,"turns":3},{"damage":28,"enemies":"Lagavulin","floor":12,"turns":6},{"damage":17,"enemies":"The Guardian","floor":16,"turns":10},{"damage":0,"enemies":"Chosen","floor":18,"turns":4},{"damage":35,"enemies":"3 Byrds","floor":19,"turns":5},{"damage":29,"enemies":"Centurion and Healer","floor":22,"turns":6},{"damage":9,"enemies":"Replay:Snechameleon","floor":23,"turns":6},{"damage":27,"enemies":"Slavers","floor":25,"turns":3},{"damage":16,"enemies":"Snake Plant","floor":28,"turns":4},{"damage":6,"enemies":"Chosen and Byrds","floor":29,"turns":5},{"damage":38,"enemies":"Gremlin Leader","floor":30,"turns":8},{"damage":62,"enemies":"Automaton","floor":33,"turns":10},{"damage":21,"enemies":"Orb Walker","floor":35,"turns":3},{"damage":35,"enemies":"3 Darklings","floor":38,"turns":5},{"damage":7,"enemies":"R_Hoarder","floor":41,"turns":8},{"damage":6,"enemies":"Sphere and 2 Shapes","floor":44,"turns":4},{"damage":67,"enemies":"Transient","floor":45,"turns":5},{"damage":3,"enemies":"Giant Head","floor":48,"turns":7},{"damage":48,"enemies":"Time Eater","floor":50,"turns":9},{"damage":46,"enemies":"Shield and Spear","floor":54,"turns":6},{"damage":139,"enemies":"The Heart","floor":55,"turns":9}],"seed_played":"7018006635685605929","potions_obtained":[{"floor":4,"key":"SpeedPotion"},{"floor":5,"key":"Strength Potion"},{"floor":6,"key":"ElixirPotion"},{"floor":11,"key":"CultistPotion"},{"floor":16,"key":"FearPotion"},{"floor":22,"key":"LifebloodPotion"},{"floor":25,"key":"Dexterity Potion"},{"floor":30,"key":"AttackPotion"},{"floor":35,"key":"ColorlessPotion"},{"floor":41,"key":"AttackPotion"},{"floor":48,"key":"Strength Potion"},{"floor":54,"key":"DistilledChaos"}],"is_trial":false,"path_per_floor":["M","?","$","M","M","E","R","E","T","E","M","E","?","$","R","B",null,"M","M","$","?","M","E","R","E","T","$","M","M","E","?","R","B",null,"M","?","?","M","$","R","E","?","T","M","M","$","?","E","R","B",null,"R","$","E","B"],"character_chosen":"IRONCLAD","items_purchased":["Power Through","ReplayTheSpireMod:CursedCoin","PreservedInsect","AttackPotion","BlessingOfTheForge","Membership Card","Juzu Bracelet","Pet Ghost","Headbutt","War Paint","ClockworkSouvenir","ReplayTheSpireMod:Lightbulb","Adrenaline Potion","BargainBundle","Simple Rune","White Beast Statue","Block Potion","SteroidPotion","Venom Potion","Dark Shackles","Secret Weapon","Feel No Pain","Warcry","Armaments","Cleave","Replay:Undeath\u0027s Touch","Limit Break"],"campfire_rested":5,"item_purchase_floors":[14,14,14,14,14,20,20,27,27,39,39,39,39,46,46,46,46,46,46,46,46,46,46,46,46,46,53],"current_hp_per_floor":[80,80,80,80,80,75,75,53,53,34,35,16,16,19,19,11,94,97,71,71,71,51,51,82,64,64,67,65,68,39,79,115,77,124,112,115,118,97,97,136,138,141,141,145,87,90,90,98,147,115,157,160,163,126,0,0],"gold":63,"neow_bonus":"THREE_ENEMY_KILL","is_daily":false,"chose_seed":false,"campfire_upgraded":1,"win_rate":0.0,"timestamp":1608777270,"path_taken":["M","?","?","?","M","E","R","E","T","E","?","E","?","$","R","BOSS","M","M","$","?","M","E","R","E","T","$","M","M","E","?","R","BOSS","M","?","?","M","$","R","E","?","T","M","M","$","?","E","R","BOSS","R","$","E","BOSS"],"items_purchased_type":["Card","Relic","Relic","Potion","Potion","Relic","Relic","Relic","Card","Relic","Relic","Relic","Potion","Relic","Relic","Relic","Potion","Potion","Potion","Card","Card","Card","Card","Card","Card","Card","Card"],"build_version":"2020-12-22","purchased_purges":3,"victory":false,"max_hp_per_floor":[80,80,80,80,80,83,83,86,86,89,92,95,88,91,91,94,94,97,100,100,100,103,106,106,109,109,112,115,118,121,121,121,124,124,127,130,133,136,136,136,139,142,142,145,148,151,151,154,157,157,157,160,163,166,166,166],"card_choices":[{"not_picked":["Iron Wave","Armaments"],"picked":"Anger","floor":1},{"not_picked":["Dual Wield","Run Through"],"picked":"ReplayTheSpireMod:Strike From Hell","floor":4},{"not_picked":["Pommel Strike","Clothesline"],"picked":"Perfected Strike","floor":5},{"not_picked":["Thunderclap","Entrench"],"picked":"Rupture","floor":6},{"not_picked":["Flex","ReplayReversal"],"picked":"Inflame","floor":8},{"not_picked":["Evolve","Headbutt"],"picked":"Perfected Strike","floor":10},{"not_picked":["Sword Boomerang","Pummel"],"picked":"Battle Trance","floor":11},{"not_picked":["Armaments","Immolate"],"picked":"Fire Breathing","floor":12},{"not_picked":["Offering","Barricade"],"picked":"Juggernaut","floor":16},{"not_picked":["True Grit","Ghostly Armor"],"picked":"Blood for Blood","floor":18},{"not_picked":["Ghostly Armor","Rupture+1"],"picked":"Shrug It Off","floor":19},{"not_picked":["Clothesline","Heavy Blade"],"picked":"Clash","floor":22},{"not_picked":["Shrug It Off","Run Through"],"picked":"Limit Break","floor":23},{"not_picked":["Run Through","Havoc+1"],"picked":"Shockwave","floor":25},{"not_picked":["Wild Strike+1","Headbutt"],"picked":"ReplayTheSpireMod:LeadingStrike","floor":28},{"not_picked":["Reckless Charge","Havoc"],"picked":"Heavy Blade","floor":29},{"not_picked":["Entrench+1","Battle Trance"],"picked":"ReplayTheSpireMod:Limb From Limb+1","floor":30},{"not_picked":["Immolate","Offering"],"picked":"Barricade","floor":33},{"not_picked":["Perfected Strike+1","Havoc+1","Clash"],"picked":"Power Through","floor":35},{"not_picked":["Heavy Blade","Perfected Strike+1","Eclipse"],"picked":"Seeing Red","floor":38},{"not_picked":["Dual Wield","Rupture+1","Flame Barrier"],"picked":"Anger+1","floor":41},{"not_picked":["Heavy Blade+1","Body Slam","Warcry+1"],"picked":"Sentinel","floor":44},{"not_picked":["Warcry+1","Armaments+1","Sever Soul"],"picked":"Intimidate+1","floor":45},{"not_picked":["Twin Strike+1","Sever Soul+1","Blood for Blood+1"],"picked":"Carnage+1","floor":48},{"not_picked":["Replay:Undeath\u0027s Touch+1","Headbutt+1","Evolve"],"picked":"Shrug It Off+1","floor":49},{"not_picked":["Headbutt","Spot Weakness+1","Anger+1"],"picked":"Replay:Undeath\u0027s Touch","floor":52},{"not_picked":["Dual Wield+1","Warcry+1","Feed"],"picked":"Rage+1","floor":54}],"player_experience":61824,"relics_obtained":[{"floor":6,"key":"Replay:Ringing Soul"},{"floor":8,"key":"Ancient Tea Set"},{"floor":10,"key":"Calipers"},{"floor":12,"key":"Oddly Smooth Stone"},{"floor":23,"key":"Replay:Bandana"},{"floor":25,"key":"Vajra"},{"floor":26,"key":"Toy Ornithopter"},{"floor":30,"key":"Replay:Mystery Machine"},{"floor":37,"key":"Ring of Greed"},{"floor":37,"key":"ReplayTheSpireMod:Ring of Collecting"},{"floor":37,"key":"Tiny Chest"},{"floor":37,"key":"Old Coin"},{"floor":41,"key":"Dream Catcher"},{"floor":43,"key":"Ring of Misfortune"},{"floor":43,"key":"Blood Vial"},{"floor":48,"key":"Omamori"},{"floor":54,"key":"Orichalcum"}],"event_choices":[{"damage_healed":0,"gold_gain":0,"player_choice":"Rummage","damage_taken":0,"relics_obtained":["WarpedTongs"],"max_hp_gain":0,"max_hp_loss":0,"event_name":"Accursed Blacksmith","floor":2,"gold_loss":0,"cards_obtained":["Pain"]},{"damage_healed":0,"gold_gain":0,"player_choice":"Lose Max HP","damage_taken":0,"relics_obtained":["Golden Idol"],"max_hp_gain":0,"max_hp_loss":7,"event_name":"Golden Idol","floor":13,"gold_loss":0},{"damage_healed":0,"gold_gain":0,"player_choice":"Ignored","damage_taken":0,"max_hp_gain":0,"max_hp_loss":0,"event_name":"Vampires","floor":21,"gold_loss":0},{"damage_healed":40,"gold_gain":0,"player_choice":"Heal","damage_taken":0,"max_hp_gain":0,"max_hp_loss":0,"event_name":"The Library","floor":31,"gold_loss":0},{"damage_healed":0,"gold_gain":0,"cards_transformed":["Strike_R"],"player_choice":"Transformed","damage_taken":0,"max_hp_gain":0,"max_hp_loss":0,"event_name":"Transmorgrifier","floor":36,"gold_loss":0,"cards_obtained":["ReplayTheSpireMod:Strike From Hell"]},{"damage_healed":0,"gold_gain":333,"player_choice":"Gave Idol","damage_taken":0,"max_hp_gain":0,"max_hp_loss":0,"event_name":"The Moai Head","floor":42,"relics_lost":["Golden Idol"],"gold_loss":0},{"damage_healed":0,"gold_gain":0,"player_choice":"Paid","damage_taken":0,"relics_obtained":["Red Mask"],"max_hp_gain":0,"max_hp_loss":0,"event_name":"Tomb of Lord Red Mask","floor":47,"gold_loss":483}],"is_beta":false,"boss_relics":[{"not_picked":["Kintsugi","Runic Pyramid"],"picked":"Fusion Hammer"},{"not_picked":["Black Blood","SlaversCollar"],"picked":"Honey Jar"}],"items_purged_floors":[3,39,46],"is_endless":false,"potions_floor_spawned":[4,5,6,11,16,22,25,30,35,41,48,54],"killed_by":"The Heart","ascension_level":2}}