{"host":"28p8ce41sjwa6lzf","time":1608789113,"event":{"mods":["AchievementEnabler","BaseMod","Colored Map","Colored Powertips","Highlight Path","Minty Spire (QoL Compilation)","Permanent Neow","Quick Restart","Random Character Button","Rare Cards Sparkle","Relic Stats","StSLib"],"gold_per_floor":[111,111,129,145,145,145,165,192,192,223,223,233,233,247,247,319,319,329,309,327,343,363,363,396,396,423,423,452,465,482,501,501,501,501],"floor_reached":33,"playtime":1934,"items_purged":[],"score":602,"play_id":"b843fc1b-b7d8-49a3-be36-6cc07ee4e628","local_time":"20201223235153","is_ascension_mode":true,"campfire_choices":[{"data":"Pommel Strike","floor":6.0,"key":"SMITH"},{"data":"Disarm","floor":13.0,"key":"SMITH"},{"data":"Shrug It Off","floor":15.0,"key":"SMITH"},{"data":"Shrug It Off","floor":23.0,"key":"SMITH"},{"data":"Double Tap","floor":25.0,"key":"SMITH"},{"data":"Spot Weakness","floor":27.0,"key":"SMITH"},{"data":"Sword Boomerang","floor":32,"key":"SMITH"}],"circlet_count":0,"master_deck":["AscendersBane","Strike_R","Strike_R","Strike_R","Strike_R","Strike_R","Defend_R","Defend_R","Defend_R","Defend_R","Bash","Spot Weakness+1","Shrug It Off+1","Pommel Strike+1","Hemokinesis","Spot Weakness+1","Double Tap+1","Inflame","Disarm+1","Shrug It Off+1","Reaper","Sword Boomerang+1","Headbutt","Sword Boomerang","True Grit+1","Sword Boomerang+1"],"relics":["Burning Blood","Mango","Ornamental Fan","Magic Flower","Ice Cream","Coffee Dripper","Regal Pillow","Orichalcum","Tiny Chest"],"acts_visited":["Exordium","TheCity"],"potions_floor_usage":[],"damage_taken":[{"damage":5.0,"enemies":"Small Slimes","floor":1.0,"turns":6.0},{"damage":7.0,"enemies":"Cultist","floor":3.0,"turns":4.0},{"damage":4.0,"enemies":"Jaw Worm","floor":4.0,"turns":4.0},{"damage":1.0,"enemies":"Looter","floor":7.0,"turns":4.0},{"damage":23.0,"enemies":"3 Sentries","floor":8.0,"turns":7.0},{"damage":10.0,"enemies":"Gremlin Nob","floor":10.0,"turns":3.0},{"damage":16.0,"enemies":"Red Slaver","floor":12.0,"turns":2.0},{"damage":33.0,"enemies":"Exordium Thugs","floor":14.0,"turns":6.0},{"damage":25.0,"enemies":"Hexaghost","floor":16.0,"turns":9.0},{"damage":10.0,"enemies":"2 Thieves","floor":18.0,"turns":4.0},{"damage":9.0,"enemies":"Spheric Guardian","floor":20.0,"turns":3.0},{"damage":56.0,"enemies":"3 Cultists","floor":21.0,"turns":5.0},{"damage":64.0,"enemies":"Sentry and Sphere","floor":22.0,"turns":7.0},{"damage":41.0,"enemies":"Book of Stabbing","floor":24.0,"turns":4.0},{"damage":52.0,"enemies":"Gremlin Leader","floor":28.0,"turns":6.0},{"damage":9.0,"enemies":"Snake Plant","floor":29.0,"turns":3.0},{"damage":35.0,"enemies":"Cultist and Chosen","floor":30.0,"turns":5.0},{"damage":44,"enemies":"3 Cultists","floor":31,"turns":4},{"damage":75,"enemies":"Automaton","floor":33,"turns":6}],"seed_played":"-5199880128049042325","potions_obtained":[{"floor":3.0,"key":"Explosive Potion"},{"floor":8.0,"key":"SpeedPotion"},{"floor":12.0,"key":"Dexterity Potion"},{"floor":16.0,"key":"CultistPotion"},{"floor":18.0,"key":"Explosive Potion"},{"floor":19.0,"key":"Fire Potion"},{"floor":20.0,"key":"Swift Potion"},{"floor":22.0,"key":"Dexterity Potion"},{"floor":28.0,"key":"AttackPotion"}],"is_trial":false,"path_per_floor":["M","?","M","M","?","R","M","E","T","E","?","M","R","M","R","B",null,"M","?","M","M","M","R","E","R","T","R","E","M","M","M","R","B"],"character_chosen":"IRONCLAD","items_purchased":[],"campfire_rested":0,"item_purchase_floors":[],"current_hp_per_floor":[82,82,81,82,82,82,82,65,65,64,64,57,57,33,33,17,66,65,65,82,74,45,45,73,73,73,73,82,82,66,73,73,0,0],"gold":501,"neow_bonus":"ONE_RARE_RELIC","is_daily":false,"chose_seed":false,"campfire_upgraded":7,"win_rate":0.0,"timestamp":1608789113,"path_taken":["M","?","M","M","?","R","?","E","T","E","?","M","R","M","R","BOSS","M","?","M","M","M","R","E","R","T","R","E","M","?","M","R","BOSS"],"items_purchased_type":[],"build_version":"2020-12-22","purchased_purges":0,"victory":false,"max_hp_per_floor":[82,82,82,82,82,82,82,82,82,82,82,82,82,82,82,82,82,82,82,82,82,82,82,82,82,82,82,82,82,82,82,82,82,82],"relic_stats":{"Regal Pillow":0,"counters":[19,92],"Ornamental Fan":[88],"Magic Flower":[99],"Tiny Chest":0,"Orichalcum":[18],"obtain_stats":[{"Ice Cream":10,"Regal Pillow":24,"Ornamental Fan":8,"Magic Flower":9,"Mango":0,"Tiny Chest":28,"Coffee Dripper":17,"Orichalcum":26,"Burning Blood":0},{"Ice Cream":6,"Regal Pillow":14,"Ornamental Fan":5,"Magic Flower":5,"Mango":0,"Tiny Chest":15,"Coffee Dripper":9,"Orichalcum":14,"Burning Blood":0},{"Ice Cream":28,"Regal Pillow":68,"Ornamental Fan":25,"Magic Flower":25,"Mango":0,"Tiny Chest":74,"Coffee Dripper":45,"Orichalcum":68,"Burning Blood":0}],"Burning Blood":128},"card_choices":[{"not_picked":["Anger","Searing Blow"],"picked":"Spot Weakness","floor":1.0},{"not_picked":["Pommel Strike","Clash"],"picked":"Shrug It Off","floor":3.0},{"not_picked":["Barricade","Ghostly Armor"],"picked":"Pommel Strike","floor":4.0},{"not_picked":["Intimidate","Uppercut"],"picked":"Hemokinesis","floor":7.0},{"not_picked":["Demon Form","Cleave"],"picked":"Spot Weakness","floor":8.0},{"not_picked":["Iron Wave","Perfected Strike","Entrench"],"picked":"SKIP","floor":10.0},{"not_picked":["Bloodletting","Anger"],"picked":"Disarm","floor":12.0},{"not_picked":["Uppercut","Battle Trance"],"picked":"Shrug It Off","floor":14.0},{"not_picked":["Fiend Fire","Offering"],"picked":"Reaper","floor":16.0},{"not_picked":["Flame Barrier","Cleave"],"picked":"Sword Boomerang","floor":18.0},{"not_picked":["Wild Strike","Sentinel","Clothesline"],"picked":"SKIP","floor":20.0},{"not_picked":["Perfected Strike","Wild Strike"],"picked":"Headbutt","floor":21.0},{"not_picked":["Pommel Strike","Body Slam","Havoc"],"picked":"SKIP","floor":22.0},{"not_picked":["Shockwave","Disarm"],"picked":"Sword Boomerang","floor":24.0},{"not_picked":["Iron Wave","Immolate"],"picked":"True Grit+1","floor":28.0},{"not_picked":["Anger","Clash","Thunderclap"],"picked":"SKIP","floor":29.0},{"not_picked":["Twin Strike","Wild Strike"],"picked":"Sword Boomerang+1","floor":30.0},{"not_picked":["Sentinel","Rupture+1","Thunderclap"],"picked":"SKIP","floor":31}],"player_experience":1036859,"relics_obtained":[{"floor":8.0,"key":"Ornamental Fan"},{"floor":9.0,"key":"Magic Flower"},{"floor":10.0,"key":"Ice Cream"},{"floor":24.0,"key":"Regal Pillow"},{"floor":26.0,"key":"Orichalcum"},{"floor":28.0,"key":"Tiny Chest"}],"event_choices":[{"damage_healed":0.0,"max_hp_gain":0.0,"max_hp_loss":0.0,"gold_gain":0.0,"event_name":"Upgrade Shrine","player_choice":"Upgraded","floor":2.0,"gold_loss":0.0,"damage_taken":0.0,"cards_upgraded":["Spot Weakness"]},{"damage_healed":0.0,"max_hp_gain":0.0,"max_hp_loss":0.0,"gold_gain":0.0,"event_name":"Transmorgrifier","player_choice":"Ignored","floor":5.0,"gold_loss":0.0,"damage_taken":0.0},{"damage_healed":0.0,"max_hp_gain":0.0,"max_hp_loss":0.0,"gold_gain":0.0,"event_name":"Match and Keep!","player_choice":"2 cards matched","floor":11.0,"gold_loss":0.0,"damage_taken":0.0,"cards_obtained":["Double Tap","Inflame"]},{"damage_healed":0.0,"max_hp_gain":0.0,"max_hp_loss":0.0,"gold_gain":0.0,"event_name":"The Woman in Blue","player_choice":"Bought 1 Potion","floor":19.0,"gold_loss":0.0,"damage_taken":0.0}],"is_beta":false,"boss_relics":[{"not_picked":["Black Blood","Sozu"],"picked":"Coffee Dripper"}],"items_purged_floors":[],"is_endless":false,"potions_floor_spawned":[3,8,12,16,18,20,22,28],"killed_by":"Automaton","ascension_level":20}}