{"host":"voynvaosqxulty6e","time":1608823315,"event":{"mods":["BaseMod","Colored Map","Hubris","Minty Spire (QoL Compilation)","Replay The Spire","StSLib"],"gold_per_floor":[109,120,21,21,21,49,49,15,64,64,90,90,107,125,125,223,223,241,260,274,274,290,290,317,317,317],"floor_reached":25,"playtime":1158,"items_purged":[],"score":253,"play_id":"6738027b-9945-4de7-b665-c4a4e6158ba3","local_time":"20201224162155","is_ascension_mode":true,"campfire_choices":[{"data":"Self Repair","floor":7,"key":"SMITH"},{"floor":15,"key":"DIG"},{"data":"Double Energy","floor":23,"key":"SMITH"}],"circlet_count":0,"master_deck":["Strike_B","Strike_B","Strike_B","Defend_B","Defend_B","Defend_B","Defend_B","Zap+1","Dualcast","BasicCrystalCard+1","Cold Snap","Self Repair+1","Go for the Eyes","Stack","Stack+1","Beam Cell","Heatsinks","Double Energy+1","Barrage+1","Fusion+1","Hologram","Redo","Meteor Strike"],"relics":["Cracked Core","Tiny Chest","War Paint","Pet Ghost","hubris:Towel","Bird Faced Urn","Kunai","Bag of Marbles","Sozu","Prayer Wheel","Boot"],"acts_visited":["Exordium","TheCity"],"potions_floor_usage":[11,16],"damage_taken":[{"damage":2,"enemies":"Jaw Worm","floor":1,"turns":4},{"damage":1,"enemies":"Cultist","floor":2,"turns":3},{"damage":49,"enemies":"3 Sentries","floor":6,"turns":11},{"damage":13,"enemies":"Lagavulin","floor":11,"turns":8},{"damage":0,"enemies":"Small Slimes","floor":13,"turns":4},{"damage":6,"enemies":"3 Louse","floor":14,"turns":2},{"damage":30,"enemies":"Hexaghost","floor":16,"turns":17},{"damage":29,"enemies":"Spheric Guardian","floor":18,"turns":8},{"damage":8,"enemies":"Shell Parasite","floor":19,"turns":6},{"damage":4,"enemies":"Sentry and Sphere","floor":20,"turns":4},{"damage":9,"enemies":"Snecko","floor":22,"turns":6},{"damage":95,"enemies":"Gremlin Leader","floor":25,"turns":9}],"seed_played":"-3992873941448173455","potions_obtained":[{"floor":2,"key":"SpeedPotion"},{"floor":11,"key":"Milkshake"}],"is_trial":false,"path_per_floor":["M","M","$","?","$","E","R","$","T","?","E","T","M","M","R_BF","B",null,"M","M","M","?","M","R","T","E"],"character_chosen":"DEFECT","items_purchased":["Self Repair","Go for the Eyes","Stack+1"],"campfire_rested":0,"item_purchase_floors":[3,3,8],"current_hp_per_floor":[73,72,72,72,72,30,30,30,30,30,27,27,39,45,45,27,75,56,62,72,72,75,75,75,0,0],"gold":317,"neow_bonus":"RANDOM_COMMON_RELIC","is_daily":false,"chose_seed":false,"campfire_upgraded":2,"win_rate":0.0,"timestamp":1608823315,"path_taken":["M","M","$","?","$","E","R","?","T","?","E","?","?","M","R_BF","BOSS","M","?","M","?","M","R","?","E"],"items_purchased_type":["Card","Card","Card"],"build_version":"2020-12-22","purchased_purges":0,"victory":false,"max_hp_per_floor":[75,75,75,75,75,75,75,75,75,75,75,75,75,75,75,75,75,75,75,75,75,75,75,75,75,75],"card_choices":[{"not_picked":["Rebound","hubris:Ukulele"],"picked":"BasicCrystalCard","floor":1},{"not_picked":["ReplayGash","Gash"],"picked":"Cold Snap","floor":2},{"not_picked":["BasicCrystalCard","Meteor Strike"],"picked":"Stack","floor":6},{"not_picked":["Streamline","Darkness","Gash"],"picked":"SKIP","floor":11},{"not_picked":["Rip and Tear","Cold Snap","Chaos"],"picked":"SKIP","floor":13},{"not_picked":["Hello World","Compile Driver"],"picked":"Beam Cell","floor":14},{"not_picked":["Hyperbeam","Thunder Strike"],"picked":"ReplayTheSpireMod:Fabricate Wheel","floor":16},{"not_picked":["Streamline+1","Panic Button"],"picked":"Heatsinks","floor":18},{"not_picked":["ReplayTheSpireMod:Calculation Training","Recycle"],"picked":"Double Energy","floor":18},{"not_picked":["Doom and Gloom","BasicCrystalCard"],"picked":"Barrage+1","floor":19},{"not_picked":["Panic Button","Steam"],"picked":"Fusion+1","floor":19},{"not_picked":["Chill","Tempest"],"picked":"Hologram","floor":20},{"not_picked":["Recycle","BasicCrystalCard","Gash"],"picked":"SKIP","floor":20},{"not_picked":["Sweeping Beam","Sunder"],"picked":"Redo","floor":22},{"not_picked":["Leap","FIFO Queue"],"picked":"Meteor Strike","floor":22}],"player_experience":199340,"relics_obtained":[{"floor":6,"key":"War Paint"},{"floor":9,"key":"Pet Ghost"},{"floor":11,"key":"Bird Faced Urn"},{"floor":12,"key":"Kunai"},{"floor":15,"key":"Bag of Marbles"},{"floor":24,"key":"Boot"}],"event_choices":[{"cards_removed":["Strike_B"],"damage_healed":0,"gold_gain":0,"player_choice":"Purged","damage_taken":0,"max_hp_gain":0,"max_hp_loss":0,"event_name":"Purifier","floor":4,"gold_loss":0},{"damage_healed":0,"gold_gain":0,"player_choice":"Ignored","damage_taken":0,"max_hp_gain":0,"max_hp_loss":0,"event_name":"Vampires","floor":21,"gold_loss":0}],"is_beta":false,"boss_relics":[{"not_picked":["Inserter","Kintsugi"],"picked":"Sozu"}],"items_purged_floors":[],"is_endless":false,"potions_floor_spawned":[2,11,18,22],"killed_by":"Gremlin Leader","ascension_level":4}}