{"host":"vhvm1b4sel61ztfv","time":1608825686,"event":{"mods":["BaseMod","Minty Spire (QoL Compilation)","Replay The Spire","StSLib"],"gold_per_floor":[147,195,234,50,50,140,221,323,347,446,551,638,686,782,782,1097,1097,1136,1961,1421,942,990,1083,1188,1188,1214,1304,1304,1406,962,1016,1016,1313,1313,1367,864,864,957,980,1061,1112,1205,1205,522,184,220,313,400,400,706,706,751,219,136,136,184,289,239,323,323,401,401,530,140,260,260,617,617,707,797,890,586,622,748,898,898,1048,1048,1186,639,639,714,714,1071,1071,1071],"floor_reached":85,"playtime":5366,"items_purged":["ReplayTheSpireMod:Splinters"],"score":3061,"play_id":"d40d9d3e-6706-4aee-b356-5c6e0df4be87","local_time":"20201224110126","daily_mods":["Draft","Vintage","Heirloom","Time Dilation","Flight","DeadlyEvents","Elite Swarm","Midas"],"is_ascension_mode":true,"campfire_choices":[{"floor":28,"key":"REST"},{"floor":76,"key":"REST"},{"data":"Draining Mist","floor":78,"key":"PURGE"},{"floor":83,"key":"REST"}],"circlet_count":0,"master_deck":["Replay:Poison Smokescreen+1","Slice","Finisher+1","Bane+1","Quick Slash","Poisoned Stab","Backflip+1","Caltrops","Cloak And Dagger","Deflect+1","Deadly Poison","Toxin Wave+1","Blade Dance+1","ReplayTheSpireMod:Scrap Shanks","Phantasmal Killer","Bullet Time+1","ReplayTheSpireMod:Necrosis","Die Die Die+1","Adrenaline","Flechettes+1","Apotheosis","ReplayTheSpireMod:Speed Training","A Thousand Cuts+1","Panache+1","ReplayTheSpireMod:Shiv Toss","Catalyst+1","Accuracy+1","Specialist+1","Envenom+1","ReplayTheSpireMod:Splinters","Parasite","ReplayTheSpireMod:IOU"],"relics":["Ring of the Snake","Ring of Chaos","Tingsha","Happy Flower","Vajra","Unceasing Top","Whetstone","Ninja Scroll","MealTicket","Matryoshka","War Paint","Molten Egg 2","ReplayFunnel","Pen Nib","Singing Bowl","Snecko Scales","ReplayTheSpireMod:Lightbulb","Pondfish Scales","Frozen Egg 2","Replay:Baseball","Orichalcum","Sundial","Iron Hammer","Potion Belt","HornCleat","Peace Pipe","Dream Catcher","Akabeko","Art of War","Quantum Egg","Bottled Tornado","Blue Doll","Replay:Kaleidoscope","Toy Ornithopter","Eternal Feather","Tough Bandages","InkBottle","Du-Vu Doll","Oddly Smooth Stone","Basket Of Snakes","Snack Pack","CaptainsWheel","Replay:Accelerometer","BranchBurnRelic","WristBlade","Ring of Chaos","Vampiric Spirits","Blood Vial","Chameleon Ring","Centennial Puzzle","ReplayTheSpireMod:Ring of Challenge","TwistedFunnel","Mercury Hourglass","Empty Cage","Durian","Bottled Flame","Ancient Tea Set","Strawberry","The Specimen","Ornamental Fan","Golden Egg","Nunchaku","Counterbalance","StrikeDummy","Gremlin Food","Replay:Ancient Bell","MawBank","Divine Protection","Ginger"],"acts_visited":["Exordium","TheCity","TheBeyond","Exordium","TheCity","TheBeyond"],"potions_floor_usage":[6,6,16,24,33,33,33,50,50,50,84,84],"damage_taken":[{"damage":1,"enemies":"2 Louse","floor":1,"turns":3},{"damage":0,"enemies":"Cultist","floor":2,"turns":2},{"damage":0,"enemies":"Jaw Worm","floor":3,"turns":3},{"damage":4,"enemies":"Lagavulin","floor":6,"turns":3},{"damage":0,"enemies":"Gremlin Nob","floor":7,"turns":1},{"damage":0,"enemies":"Lagavulin","floor":8,"turns":2},{"damage":0,"enemies":"Gremlin Nob","floor":10,"turns":1},{"damage":0,"enemies":"Replay:BlueRogue","floor":11,"turns":1},{"damage":0,"enemies":"Lagavulin","floor":12,"turns":2},{"damage":0,"enemies":"Looter","floor":13,"turns":1},{"damage":0,"enemies":"3 Sentries","floor":14,"turns":3},{"damage":24,"enemies":"Hexaghost","floor":16,"turns":4},{"damage":0,"enemies":"Shell Parasite","floor":18,"turns":1},{"damage":0,"enemies":"3 Byrds","floor":22,"turns":2},{"damage":6,"enemies":"Book of Stabbing","floor":23,"turns":3},{"damage":0,"enemies":"Gremlin Leader","floor":24,"turns":3},{"damage":0,"enemies":"Slavers","floor":27,"turns":2},{"damage":1,"enemies":"Book of Stabbing","floor":29,"turns":2},{"damage":12,"enemies":"Shelled Parasite and Fungi","floor":31,"turns":2},{"damage":24,"enemies":"Pondfish","floor":33,"turns":5},{"damage":0,"enemies":"Orb Walker","floor":35,"turns":1},{"damage":0,"enemies":"R_Hoarder","floor":38,"turns":3},{"damage":3,"enemies":"Reptomancer","floor":40,"turns":4},{"damage":0,"enemies":"3 Shapes","floor":41,"turns":1},{"damage":0,"enemies":"R_Hoarder","floor":42,"turns":2},{"damage":0,"enemies":"Maw","floor":46,"turns":2},{"damage":0,"enemies":"Reptomancer","floor":47,"turns":1},{"damage":0,"enemies":"R_Hoarder","floor":48,"turns":2},{"damage":7,"enemies":"Replay:Hell Engine","floor":50,"turns":2},{"damage":0,"enemies":"2 Louse","floor":52,"turns":1},{"damage":0,"enemies":"Small Slimes","floor":56,"turns":1},{"damage":0,"enemies":"Lagavulin","floor":57,"turns":1},{"damage":0,"enemies":"3 Sentries","floor":59,"turns":1},{"damage":0,"enemies":"Gremlin Nob","floor":61,"turns":1},{"damage":0,"enemies":"Lagavulin","floor":63,"turns":1},{"damage":1,"enemies":"3 Sentries","floor":65,"turns":2},{"damage":0,"enemies":"Hexaghost","floor":67,"turns":1},{"damage":0,"enemies":"Shell Parasite","floor":69,"turns":1},{"damage":2,"enemies":"Spheric Guardian","floor":70,"turns":1},{"damage":18,"enemies":"Cultist and Chosen","floor":71,"turns":2},{"damage":0,"enemies":"Snecko","floor":73,"turns":1},{"damage":0,"enemies":"Gremlin Leader","floor":74,"turns":2},{"damage":0,"enemies":"Slavers","floor":75,"turns":1},{"damage":0,"enemies":"Book of Stabbing","floor":77,"turns":1},{"damage":0,"enemies":"Slavers","floor":79,"turns":1},{"damage":0,"enemies":"Shelled Parasite and Fungi","floor":82,"turns":1},{"damage":0,"enemies":"Collector","floor":84,"turns":1}],"seed_played":"1321827598348799251","potions_obtained":[{"floor":5,"key":"Reflective Coating"},{"floor":5,"key":"Venom Potion"},{"floor":5,"key":"DistilledChaos"},{"floor":6,"key":"Ancient Potion"},{"floor":8,"key":"Doom Potion"},{"floor":16,"key":"ColorlessPotion"},{"floor":31,"key":"Strength Potion"},{"floor":41,"key":"Energy Potion"},{"floor":52,"key":"SteroidPotion"},{"floor":61,"key":"ColorlessPotion"},{"floor":63,"key":"CultistPotion"},{"floor":79,"key":"Toxic Potion"}],"is_trial":true,"path_per_floor":["M","M","M","$","?","E","E","E","T","E","E","E","M","E","R","B",null,"M","?","$","$","M","E","E","?","T","E","R","E","$","M","R","B",null,"M","$","?","E","T","E","M","E","T","$","$","M","E","E","R","B",null,"M","$","$","?","M","E","?","E","T","E","?","E","$","E","R","B",null,"M","M","M","$","M","E","E","R","E","R","E","$","?","M","R","B",null],"character_chosen":"THE_SILENT","items_purchased":["Toxin Wave","Blade Dance+1","ReplayTheSpireMod:Scrap Shanks","Pondfish Scales","Apotheosis","Frozen Egg 2","Replay:Baseball","ReplayTheSpireMod:Speed Training","Panache+1","Poison Potion","Reflective Coating","Dream Catcher","Quantum Egg","Bottled Tornado","Dead Branch","ReplayTheSpireMod:Shiv Toss","Oddly Smooth Stone","LiquidBronze","LifebloodPotion","Basket Of Snakes","Catalyst+1","Vampiric Spirits","Accuracy+1","Blood Vial","Specialist+1","TwistedFunnel","Mercury Hourglass","The Specimen","Counterbalance","StrikeDummy"],"campfire_rested":3,"item_purchase_floors":[4,4,4,20,20,21,21,21,30,30,30,30,36,36,44,44,44,44,44,45,45,53,53,53,54,64,64,72,80,80],"current_hp_per_floor":[69,69,69,69,69,65,65,65,65,65,65,65,65,65,47,25,60,60,64,76,76,76,72,74,74,74,74,80,81,82,70,84,62,80,80,86,86,88,88,87,87,89,89,92,92,92,94,96,98,100,100,100,100,100,100,100,100,100,102,102,104,104,106,106,108,108,110,110,115,115,104,119,122,124,126,128,130,130,132,132,132,132,134,136,142,142],"gold":1071,"neow_bonus":"","is_daily":false,"chose_seed":false,"campfire_upgraded":0,"win_rate":0.0,"timestamp":1608825686,"path_taken":["M","M","M","$","?","E","E","E","T","?","E","E","?","E","R","BOSS","M","?","$","$","M","E","E","?","T","?","R","E","$","?","R","BOSS","M","$","?","?","?","E","M","E","T","$","$","M","E","E","R","BOSS","M","$","$","?","M","E","?","E","T","E","?","E","$","E","R","BOSS","M","M","M","$","?","E","E","R","E","R","E","$","?","M","R","BOSS"],"items_purchased_type":["Card","Card","Card","Relic","Card","Relic","Relic","Card","Card","Potion","Potion","Relic","Relic","Relic","Relic","Card","Relic","Potion","Potion","Relic","Card","Relic","Card","Relic","Card","Relic","Relic","Relic","Relic","Relic"],"build_version":"2020-12-22","purchased_purges":1,"victory":false,"max_hp_per_floor":[70,70,70,70,70,70,70,70,70,70,70,70,70,70,70,72,72,72,76,76,76,76,78,80,80,80,80,80,82,82,82,84,86,86,86,86,86,88,88,90,90,92,92,92,92,92,94,96,98,100,100,100,100,100,100,100,100,100,102,102,104,104,106,106,108,108,110,110,115,115,122,122,122,124,126,128,130,130,132,132,132,132,134,136,142,142],"card_choices":[{"not_picked":["Flying Knee","Prepared"],"picked":"PiercingWail","floor":0},{"not_picked":["Deflect","Acrobatics"],"picked":"Replay:Poison Smokescreen","floor":0},{"not_picked":["Concentrate","Slice"],"picked":"Leg Sweep","floor":0},{"not_picked":["Flying Knee","Cloak And Dagger"],"picked":"Draining Mist","floor":0},{"not_picked":["Accuracy","Concentrate"],"picked":"Slice","floor":0},{"not_picked":["Accuracy","Well Laid Plans"],"picked":"Hidden Blade","floor":0},{"not_picked":["Fluid Movement","Dagger Throw"],"picked":"Finisher","floor":0},{"not_picked":["Deflect","Acrobatics"],"picked":"Bane","floor":0},{"not_picked":["Choke","Concentrate"],"picked":"Quick Slash","floor":0},{"not_picked":["Setup","Flying Knee"],"picked":"Poisoned Stab","floor":0},{"not_picked":["PiercingWail","Bane"],"picked":"Backflip","floor":0},{"not_picked":["Dagger Spray","Prepared"],"picked":"Caltrops","floor":0},{"not_picked":["Dagger Spray","Backflip"],"picked":"Cloak And Dagger","floor":0},{"not_picked":["Riddle With Holes","Underhanded Strike"],"picked":"Deflect","floor":0},{"not_picked":["Escape Plan","Quick Slash"],"picked":"Deadly Poison","floor":0},{"not_picked":["ReplayTheSpireMod:From All Sides","Tools of the Trade","Malaise"],"picked":"SKIP","floor":6},{"not_picked":["Storm of Steel","Grand Finale"],"picked":"Phantasmal Killer","floor":7},{"not_picked":["Poison Darts","Doppelganger"],"picked":"Bullet Time","floor":8},{"not_picked":["Wraith Form v2","Poison Darts"],"picked":"Corpse Explosion","floor":10},{"not_picked":["Glass Knife","After Image"],"picked":"ReplayTheSpireMod:Necrosis","floor":11},{"not_picked":["Adrenaline","Atom Bomb+1"],"picked":"Die Die Die+1","floor":12},{"not_picked":["Storm of Steel","Atom Bomb+1"],"picked":"Adrenaline","floor":14},{"not_picked":["Wraith Form v2","Doppelganger","Bullet Time"],"picked":"Singing Bowl","floor":16},{"not_picked":["Deflect","Backflip","Sneak Up"],"picked":"Singing Bowl","floor":19},{"not_picked":["Slice+1","Deadly Poison","Outmaneuver"],"picked":"Singing Bowl","floor":19},{"not_picked":["Dagger Spray+1","Backflip+1"],"picked":"Flechettes+1","floor":19},{"not_picked":["Die Die Die+1","Glass Knife+1","Venomology"],"picked":"Singing Bowl","floor":23},{"not_picked":["Poison Darts","Tools of the Trade+1","Wraith Form v2+1"],"picked":"Singing Bowl","floor":24},{"not_picked":["Storm of Steel","Wraith Form v2+1"],"picked":"A Thousand Cuts+1","floor":27},{"not_picked":["Glass Knife+1","Atom Bomb+1","Corpse Explosion"],"picked":"Singing Bowl","floor":29},{"not_picked":["Quick Slash+1","Dash+1","Slice+1"],"picked":"Singing Bowl","floor":32},{"not_picked":["Unload+1","ReplayTheSpireMod:Necrosis","Doppelganger"],"picked":"Singing Bowl","floor":33},{"not_picked":["Tools of the Trade+1","ReplayTheSpireMod:Necrosis","After Image+1"],"picked":"Singing Bowl","floor":38},{"not_picked":["Die Die Die+1","Night Terror","After Image+1"],"picked":"Singing Bowl","floor":40},{"not_picked":["Storm of Steel","Phantasmal Killer","Corpse Explosion"],"picked":"Singing Bowl","floor":42},{"not_picked":["Corpse Explosion","Doppelganger","Venomology"],"picked":"Singing Bowl","floor":47},{"not_picked":["Malaise","Venomology","Night Terror"],"picked":"Singing Bowl","floor":48},{"not_picked":["Slice+1","Prepared+1","Backstab+1"],"picked":"Singing Bowl","floor":49},{"not_picked":["Venomology","Die Die Die+1","Burst"],"picked":"Singing Bowl","floor":50},{"not_picked":["Wraith Form v2+1","ReplayTheSpireMod:From All Sides+1"],"picked":"Envenom+1","floor":57},{"not_picked":["Doppelganger","After Image+1","Envenom+1"],"picked":"Singing Bowl","floor":59},{"not_picked":["ReplayTheSpireMod:Necrosis","Doppelganger","Corpse Explosion"],"picked":"Singing Bowl","floor":61},{"not_picked":["Corpse Explosion","Wraith Form v2+1","Glass Knife+1"],"picked":"Singing Bowl","floor":63},{"not_picked":["Poison Darts","Grand Finale+1","Doppelganger"],"picked":"Singing Bowl","floor":65},{"not_picked":["Wraith Form v2+1","Doppelganger","Adrenaline"],"picked":"Singing Bowl","floor":67},{"not_picked":["Burst","Envenom+1","Doppelganger"],"picked":"Singing Bowl","floor":74},{"not_picked":["After Image+1","Malaise","ReplayTheSpireMod:Necrosis"],"picked":"Singing Bowl","floor":75},{"not_picked":["Terror","Dash+1","Dagger Throw+1"],"picked":"Singing Bowl","floor":76},{"not_picked":["Envenom+1","Storm of Steel","Poison Darts"],"picked":"Singing Bowl","floor":77},{"not_picked":["Venomology","Malaise","Replay:Bag of Tricks"],"picked":"Singing Bowl","floor":79},{"not_picked":["Prepared","Deflect","Acrobatics"],"picked":"Singing Bowl","floor":83},{"not_picked":["Replay:Bag of Tricks","Die Die Die+1","After Image+1"],"picked":"Singing Bowl","floor":84},{"not_picked":["ReplayTheSpireMod:Splinters","Writhe","Amnesia"],"picked":"Singing Bowl","floor":85},{"not_picked":["AbeCurse","ReplayTheSpireMod:Faulty Equipment","Parasite"],"picked":"Singing Bowl","floor":85},{"not_picked":["ReplayTheSpireMod:IOU","Injury","Clumsy"],"picked":"Singing Bowl","floor":85}],"player_experience":68043,"relics_obtained":[{"floor":1,"key":"Happy Flower"},{"floor":2,"key":"Vajra"},{"floor":6,"key":"Unceasing Top"},{"floor":7,"key":"Whetstone"},{"floor":8,"key":"Ninja Scroll"},{"floor":9,"key":"MealTicket"},{"floor":10,"key":"Matryoshka"},{"floor":11,"key":"War Paint"},{"floor":12,"key":"Molten Egg 2"},{"floor":13,"key":"ReplayFunnel"},{"floor":14,"key":"Pen Nib"},{"floor":18,"key":"ReplayTheSpireMod:Lightbulb"},{"floor":23,"key":"Orichalcum"},{"floor":24,"key":"Sundial"},{"floor":26,"key":"Iron Hammer"},{"floor":26,"key":"Potion Belt"},{"floor":27,"key":"HornCleat"},{"floor":29,"key":"Peace Pipe"},{"floor":31,"key":"Akabeko"},{"floor":35,"key":"Art of War"},{"floor":37,"key":"Blue Doll"},{"floor":38,"key":"Replay:Kaleidoscope"},{"floor":39,"key":"Toy Ornithopter"},{"floor":40,"key":"Eternal Feather"},{"floor":41,"key":"Tough Bandages"},{"floor":42,"key":"InkBottle"},{"floor":43,"key":"Du-Vu Doll"},{"floor":46,"key":"Snack Pack"},{"floor":47,"key":"CaptainsWheel"},{"floor":48,"key":"Replay:Accelerometer"},{"floor":56,"key":"Chameleon Ring"},{"floor":60,"key":"Centennial Puzzle"},{"floor":62,"key":"ReplayTheSpireMod:Ring of Challenge"},{"floor":69,"key":"Durian"},{"floor":69,"key":"Bottled Flame"},{"floor":70,"key":"Ancient Tea Set"},{"floor":71,"key":"Strawberry"},{"floor":73,"key":"Ornamental Fan"},{"floor":74,"key":"Golden Egg"},{"floor":79,"key":"Nunchaku"},{"floor":82,"key":"Gremlin Food"}],"event_choices":[{"damage_healed":0,"gold_gain":0,"player_choice":"Got Potions","damage_taken":0,"max_hp_gain":0,"max_hp_loss":0,"event_name":"Lab","floor":5,"gold_loss":0},{"damage_healed":0,"gold_gain":0,"player_choice":"Success","damage_taken":18,"relics_obtained":["Singing Bowl"],"max_hp_gain":0,"max_hp_loss":0,"event_name":"Scrap Ooze","floor":15,"gold_loss":0},{"damage_healed":0,"gold_gain":0,"player_choice":"Ignored","damage_taken":0,"max_hp_gain":0,"max_hp_loss":0,"event_name":"Vampires","floor":25,"gold_loss":0},{"damage_healed":0,"gold_gain":0,"player_choice":"Relic","damage_taken":0,"max_hp_gain":0,"max_hp_loss":0,"event_name":"Wheel of Change","floor":37,"gold_loss":0},{"damage_healed":0,"gold_gain":0,"player_choice":"Ignored","damage_taken":0,"max_hp_gain":0,"max_hp_loss":0,"event_name":"Liars Game","floor":55,"gold_loss":0},{"cards_removed":["Leg Sweep"],"damage_healed":0,"gold_gain":0,"player_choice":"Card Removal","damage_taken":0,"max_hp_gain":0,"max_hp_loss":0,"event_name":"The Cleric","floor":58,"gold_loss":50},{"damage_healed":0,"gold_gain":0,"player_choice":"Ignored","damage_taken":0,"max_hp_gain":0,"max_hp_loss":0,"event_name":"Beggar","floor":81,"gold_loss":0}],"is_beta":false,"boss_relics":[{"not_picked":["Replay:Drink Me","Painkiller Herb"],"picked":"Snecko Scales"},{"not_picked":["ChewingGum","Snecko Eye","Coffee Dripper"]},{"not_picked":["Replay:Ancient Bell","Replay:Wanted Poster"],"picked":"WristBlade"},{"not_picked":["Runic Dome","Cursed Key"],"picked":"Empty Cage"},{"not_picked":["Busted Crown","Replay:Grab Bag"],"picked":"Replay:Ancient Bell"},{"not_picked":["PreservedInsect","Anchor"],"picked":"MawBank"},{"not_picked":["Replay:Bottled Flurry","Paper Crane"],"picked":"Divine Protection"},{"not_picked":["Calipers","Gambling Chip"],"picked":"Ginger"}],"items_purged_floors":[20],"is_endless":true,"potions_floor_spawned":[6,8,12,14,16,23,31,41,47,48,52,61,63,67,70,73,74,75,79],"ascension_level":5}}