{"host":"873t0y8ybyo38pfq","time":1608824293,"event":{"mods":["BaseMod","Colored Map","Highlight Path","Minty Spire (QoL Compilation)","Rare Cards Sparkle","StSLib"],"gold_per_floor":[113,68,218,218,218,246,246,276,325,345,375,390,390,401,401,474,474,490,490,490,357,357,357,386,410,410,144,184,204,224,236,236,236,236],"floor_reached":33,"playtime":1066,"items_purged":["Regret"],"score":831,"play_id":"7812faf4-c8b3-40cd-91b7-35fe6b7fec1b","local_time":"20201224103813","is_ascension_mode":true,"campfire_choices":[{"data":"Neutralize","floor":7,"key":"SMITH"},{"data":"Cloak And Dagger","floor":13,"key":"SMITH"},{"data":"Riddle With Holes","floor":15,"key":"SMITH"},{"data":"Corpse Explosion","floor":23,"key":"SMITH"},{"data":"Footwork","floor":32,"key":"SMITH"}],"circlet_count":0,"master_deck":["AscendersBane","Defend_G","Defend_G","Defend_G","Defend_G","Defend_G","Survivor","Neutralize+1","Riddle With Holes+1","Backstab","Terror","Endless Agony","Cloak And Dagger+1","After Image","Corpse Explosion+1","Crippling Poison+1","Bite","Bite","Bite","Bite","Bite","Infinite Blades","Acrobatics","Footwork+1","Thinking Ahead","Blade Dance","Backflip","Leg Sweep"],"relics":["Ring of the Snake","NeowsBlessing","Orichalcum","Shuriken","Question Card","Smiling Mask","HornCleat","Sozu","CeramicFish","Torii","Bottled Tornado"],"acts_visited":["Exordium","TheCity"],"potions_floor_usage":[16,16,17,24],"damage_taken":[{"damage":0,"enemies":"Small Slimes","floor":1,"turns":1},{"damage":0,"enemies":"Gremlin Nob","floor":6,"turns":1},{"damage":0,"enemies":"Lagavulin","floor":8,"turns":1},{"damage":4,"enemies":"Jaw Worm","floor":10,"turns":2},{"damage":17,"enemies":"Gremlin Nob","floor":11,"turns":4},{"damage":0,"enemies":"2 Louse","floor":12,"turns":2},{"damage":0,"enemies":"Exordium Thugs","floor":14,"turns":3},{"damage":28,"enemies":"Hexaghost","floor":16,"turns":8},{"damage":11,"enemies":"2 Thieves","floor":18,"turns":4},{"damage":11,"enemies":"Slavers","floor":24,"turns":2},{"damage":0,"enemies":"Chosen","floor":25,"turns":3},{"damage":0,"enemies":"Gremlin Leader","floor":28,"turns":5},{"damage":0,"enemies":"3 Cultists","floor":29,"turns":3},{"damage":8,"enemies":"Chosen and Byrds","floor":30,"turns":5},{"damage":0,"enemies":"Snecko","floor":31,"turns":5},{"damage":51,"enemies":"Automaton","floor":33,"turns":6}],"seed_played":"6394145629019254314","potions_obtained":[{"floor":8,"key":"Regen Potion"},{"floor":12,"key":"Fire Potion"},{"floor":14,"key":"Strength Potion"},{"floor":16,"key":"EntropicBrew"}],"is_trial":false,"path_per_floor":["M","$","?","?","?","E","R","E","T","M","E","M","R","M","R","B",null,"M","?","?","$","?","R","E","M","T","$","E","M","M","M","R","B"],"character_chosen":"THE_SILENT","items_purchased":["Riddle With Holes","Infinite Blades","Footwork","Thinking Ahead","Blade Dance"],"campfire_rested":0,"item_purchase_floors":[2,21,27,27,27],"current_hp_per_floor":[59,59,59,52,52,52,52,52,52,48,31,31,31,31,31,18,54,43,25,25,25,35,35,26,34,34,34,46,48,43,49,49,0,0],"gold":236,"neow_bonus":"THREE_ENEMY_KILL","is_daily":false,"chose_seed":false,"campfire_upgraded":5,"win_rate":0.0,"timestamp":1608824293,"path_taken":["M","$","?","?","?","E","R","E","T","M","E","M","R","M","R","BOSS","M","?","?","?","?","R","E","M","T","$","E","M","M","M","R","BOSS"],"items_purchased_type":["Card","Card","Card","Card","Card"],"build_version":"2020-12-22","purchased_purges":1,"victory":false,"max_hp_per_floor":[66,66,66,66,66,66,66,66,66,66,66,66,66,66,66,66,66,66,71,49,49,49,49,49,49,49,49,49,49,49,49,49,49,49],"card_choices":[{"not_picked":["Prepared","PiercingWail","Catalyst"],"picked":"SKIP","floor":1},{"not_picked":["Prepared","Leg Sweep"],"picked":"Backstab","floor":6},{"not_picked":["Deadly Poison","Dodge and Roll","Deflect"],"picked":"SKIP","floor":8},{"not_picked":["Acrobatics","Dagger Spray","Prepared"],"picked":"Terror","floor":10},{"not_picked":["Reflex","Calculated Gamble","Underhanded Strike"],"picked":"Endless Agony","floor":11},{"not_picked":["Leg Sweep","Dagger Throw","Choke"],"picked":"Cloak And Dagger","floor":12},{"not_picked":["Dagger Spray","Sucker Punch","Quick Slash"],"picked":"After Image","floor":14},{"not_picked":["Unload","Storm of Steel","Envenom"],"picked":"Corpse Explosion","floor":16},{"not_picked":["Blade Dance","PiercingWail+1","Backstab+1"],"picked":"Crippling Poison+1","floor":18},{"not_picked":["Flechettes","Deadly Poison","Prepared+1","Sucker Punch"],"picked":"SKIP","floor":24},{"not_picked":["Expertise","Poisoned Stab","Dagger Spray"],"picked":"Acrobatics","floor":25},{"not_picked":["Eviscerate","Dash","Dagger Spray"],"picked":"Backflip","floor":28},{"not_picked":["Calculated Gamble+1","Acrobatics","Dash"],"picked":"Leg Sweep","floor":29},{"not_picked":["Slice","Terror","Poisoned Stab","Unload"],"picked":"SKIP","floor":30},{"not_picked":["Dodge and Roll","Underhanded Strike","Dagger Spray","Sucker Punch"],"picked":"SKIP","floor":31}],"player_experience":1344200,"relics_obtained":[{"floor":6,"key":"Shuriken"},{"floor":8,"key":"Question Card"},{"floor":9,"key":"Smiling Mask"},{"floor":11,"key":"HornCleat"},{"floor":24,"key":"CeramicFish"},{"floor":26,"key":"Torii"},{"floor":28,"key":"Bottled Tornado"}],"event_choices":[{"damage_healed":0,"gold_gain":150,"player_choice":"AGREE","damage_taken":0,"max_hp_gain":0,"max_hp_loss":0,"event_name":"Liars Game","floor":3,"gold_loss":0,"cards_obtained":["Doubt"]},{"cards_removed":["Doubt"],"damage_healed":0,"gold_gain":0,"player_choice":"Card Removal","damage_taken":7,"max_hp_gain":0,"max_hp_loss":0,"event_name":"Golden Wing","floor":4,"gold_loss":0},{"damage_healed":0,"gold_gain":0,"player_choice":"Box","damage_taken":0,"relics_obtained":["Orichalcum"],"max_hp_gain":0,"max_hp_loss":0,"event_name":"Big Fish","floor":5,"gold_loss":0,"cards_obtained":["Regret"]},{"damage_healed":0,"gold_gain":0,"player_choice":"Shed Blood","damage_taken":23,"max_hp_gain":5,"max_hp_loss":0,"event_name":"Forgotten Altar","floor":19,"gold_loss":0},{"damage_healed":0,"gold_gain":0,"player_choice":"Became a vampire","damage_taken":0,"max_hp_gain":0,"max_hp_loss":22,"event_name":"Vampires","floor":20,"gold_loss":0,"cards_obtained":["Bite","Bite","Bite","Bite","Bite"]},{"damage_healed":10,"gold_gain":0,"player_choice":"Heal","damage_taken":0,"max_hp_gain":0,"max_hp_loss":0,"event_name":"The Library","floor":22,"gold_loss":0}],"is_beta":false,"boss_relics":[{"not_picked":["WristBlade","Ectoplasm"],"picked":"Sozu"}],"items_purged_floors":[21],"is_endless":false,"potions_floor_spawned":[8,12,14,16,25,29,31],"killed_by":"Automaton","ascension_level":20}}