{"host":"9v3x998ddbx8o276","time":1608772263,"event":{"mods":["AchievementEnabler","BaseMod","Colored Map","Highlight Path","Minty Spire (QoL Compilation)","Quick Restart","Rare Cards Sparkle"],"gold_per_floor":[367,57,0,11,29,29,29,52,52,94,94,123,167,196,196,276,276,300,225,103,103,112,112,147,147,171,211,126,126,51,74,74,74,74],"floor_reached":33,"playtime":1350,"items_purged":["Decay"],"score":582,"play_id":"1fa91540-36c9-400f-ac24-1f6094ba216a","local_time":"20201224114103","is_ascension_mode":true,"campfire_choices":[{"data":"Sweeping Beam","floor":6.0,"key":"SMITH"},{"floor":11.0,"key":"REST"},{"floor":15.0,"key":"REST"},{"floor":23,"key":"REST"},{"floor":25,"key":"REST"},{"floor":32,"key":"REST"}],"circlet_count":0,"master_deck":["AscendersBane","Strike_B","Strike_B","Strike_B","Defend_B","Defend_B","Defend_B","Defend_B","Zap","Dualcast","Static Discharge","Compile Driver","Beam Cell","Self Repair","Coolheaded","BootSequence","Sweeping Beam+1","Streamline","Sweeping Beam","Ball Lightning","Defragment","Reboot","Core Surge","Static Discharge+1","Darkness+1","Cold Snap","Coolheaded","Doom and Gloom","Leap","FTL","Barrage","Defragment"],"relics":["Cracked Core","CeramicFish","Gremlin Horn","StoneCalendar","StrikeDummy","Runic Dome","Enchiridion","Bag of Preparation","Nunchaku","Darkstone Periapt","Sundial","Nloth\u0027s Gift"],"acts_visited":["Exordium","TheCity"],"potions_floor_usage":[33],"damage_taken":[{"damage":2.0,"enemies":"Jaw Worm","floor":1.0,"turns":3.0},{"damage":23.0,"enemies":"Small Slimes","floor":4.0,"turns":4.0},{"damage":0.0,"enemies":"2 Louse","floor":5.0,"turns":2.0},{"damage":6.0,"enemies":"Blue Slaver","floor":8.0,"turns":4.0},{"damage":21.0,"enemies":"3 Sentries","floor":10.0,"turns":4.0},{"damage":7.0,"enemies":"3 Louse","floor":12.0,"turns":2.0},{"damage":32.0,"enemies":"Gremlin Nob","floor":13.0,"turns":4.0},{"damage":7.0,"enemies":"2 Fungi Beasts","floor":14.0,"turns":3.0},{"damage":32.0,"enemies":"The Guardian","floor":16.0,"turns":9.0},{"damage":8,"enemies":"Chosen","floor":18,"turns":4},{"damage":33,"enemies":"Gremlin Leader","floor":24,"turns":6},{"damage":28,"enemies":"Book of Stabbing","floor":27,"turns":4},{"damage":10,"enemies":"2 Thieves","floor":31,"turns":2},{"damage":53,"enemies":"Automaton","floor":33,"turns":6}],"seed_played":"-96981517659002321","potions_obtained":[{"floor":1.0,"key":"Dexterity Potion"},{"floor":8.0,"key":"LiquidMemories"},{"floor":12.0,"key":"SkillPotion"},{"floor":24,"key":"Regen Potion"}],"is_trial":false,"path_per_floor":["M","$","?","M","M","R","?","M","T","E","R","M","E","M","R","B",null,"M","?","$","?","?","R","E","R","T","E","?","?","$","M","R","B"],"character_chosen":"DEFECT","items_purchased":["DuplicationPotion","Compile Driver","Beam Cell","Self Repair","Coolheaded","Orrery"],"campfire_rested":5,"item_purchase_floors":[2,2,2,2,2,20],"current_hp_per_floor":[62,62,62,39,46,46,41,42,42,35,54,54,29,29,48,23,54,46,46,46,25,25,44,18,37,37,16,16,16,16,13,32,0,0],"gold":74,"neow_bonus":"TWO_FIFTY_GOLD","is_daily":false,"chose_seed":false,"campfire_upgraded":1,"win_rate":0.0,"timestamp":1608772263,"path_taken":["M","$","?","M","M","R","?","M","T","E","R","M","E","M","R","BOSS","M","?","$","?","?","R","E","R","T","E","?","?","$","M","R","BOSS"],"items_purchased_type":["Potion","Card","Card","Card","Card","Relic"],"build_version":"2020-12-22","purchased_purges":1,"victory":false,"max_hp_per_floor":[64,64,64,64,64,64,64,64,64,64,64,64,64,64,64,64,64,64,64,64,64,64,64,64,64,64,64,64,64,64,64,64,64,64],"card_choices":[{"not_picked":["Skim","Coolheaded"],"picked":"Static Discharge","floor":1.0},{"not_picked":["Lockon","Skim"],"picked":"BootSequence","floor":4.0},{"not_picked":["Coolheaded","Recycle"],"picked":"Sweeping Beam","floor":5.0},{"not_picked":["Beam Cell","Leap"],"picked":"Streamline","floor":8.0},{"not_picked":["Steam","Stack"],"picked":"Sweeping Beam","floor":10.0},{"not_picked":["Rebound","Tempest"],"picked":"Ball Lightning","floor":12.0},{"not_picked":["Compile Driver","Beam Cell"],"picked":"Defragment","floor":13.0},{"not_picked":["Redo","Compile Driver"],"picked":"Reboot","floor":14.0},{"not_picked":["Reboot","Seek"],"picked":"Core Surge","floor":16.0},{"not_picked":["Barrage","Rebound"],"picked":"Static Discharge+1","floor":18},{"not_picked":["Chaos","BootSequence+1"],"picked":"Darkness+1","floor":20},{"not_picked":["Hyperbeam","Leap"],"picked":"Cold Snap","floor":20},{"not_picked":["Doom and Gloom","Streamline"],"picked":"Coolheaded","floor":20},{"not_picked":["Consume","Rebound"],"picked":"Doom and Gloom","floor":20},{"not_picked":["Blizzard","Beam Cell"],"picked":"Leap","floor":20},{"not_picked":["Sweeping Beam","Gash"],"picked":"FTL","floor":24},{"not_picked":["Storm","All For One"],"picked":"Barrage","floor":27},{"not_picked":["Skim","Conserve Battery"],"picked":"Defragment","floor":31}],"player_experience":2053800,"relics_obtained":[{"floor":9.0,"key":"Gremlin Horn"},{"floor":10.0,"key":"StoneCalendar"},{"floor":13.0,"key":"StrikeDummy"},{"floor":21,"key":"Enchiridion"},{"floor":24,"key":"Bag of Preparation"},{"floor":26,"key":"Nunchaku"},{"floor":27,"key":"Darkstone Periapt"}],"event_choices":[{"damage_healed":0.0,"max_hp_gain":0.0,"max_hp_loss":0.0,"gold_gain":0.0,"event_name":"World of Goop","player_choice":"Left Gold","floor":3.0,"gold_loss":57.0,"damage_taken":0.0},{"damage_healed":0.0,"max_hp_gain":0.0,"max_hp_loss":0.0,"gold_gain":0.0,"event_name":"Scrap Ooze","player_choice":"Success","floor":7.0,"gold_loss":0.0,"damage_taken":5.0,"relics_obtained":["CeramicFish"]},{"cards_removed":["Strike_B"],"damage_healed":0,"gold_gain":0,"player_choice":"Gave Gold","damage_taken":0,"max_hp_gain":0,"max_hp_loss":0,"event_name":"Beggar","floor":19,"gold_loss":75},{"damage_healed":0,"gold_gain":0,"player_choice":"Obtained Book","damage_taken":21,"max_hp_gain":0,"max_hp_loss":0,"event_name":"Cursed Tome","floor":21,"gold_loss":0},{"damage_healed":0,"gold_gain":0,"player_choice":"Smashed Altar","damage_taken":0,"max_hp_gain":0,"max_hp_loss":0,"event_name":"Forgotten Altar","floor":22,"gold_loss":0,"cards_obtained":["Decay"]},{"damage_healed":0,"gold_gain":0,"player_choice":"Obtained Relic","damage_taken":0,"relics_obtained":["Sundial"],"max_hp_gain":0,"max_hp_loss":0,"event_name":"Addict","floor":28,"gold_loss":85},{"damage_healed":0,"gold_gain":0,"player_choice":"Traded Relic","damage_taken":0,"relics_obtained":["Nloth\u0027s Gift"],"max_hp_gain":0,"max_hp_loss":0,"event_name":"N\u0027loth","floor":29,"relics_lost":["Orrery"],"gold_loss":0}],"is_beta":false,"boss_relics":[{"not_picked":["SacredBark","Velvet Choker"],"picked":"Runic Dome"}],"items_purged_floors":[30],"is_endless":false,"potions_floor_spawned":[1,8,12,14,24],"killed_by":"Automaton","ascension_level":20}}