{"host":"2lrkmsuh7nz013qb","time":1608805696,"event":{"mods":["BaseMod","Colored Map","DeckTracker","Minty Spire (QoL Compilation)","SuperFastMode","everything is the same but u backflip on backflip"],"gold_per_floor":[112,287,303,303,37,71,71,46,46,69,90,40,40,61,61,182,182,200,299,299,164,182,182,222,222,248,122,122,122,122,145,145,264,264,289,48,48,48,62,62,62,87,87,87,420,473,488,488,488,488],"floor_reached":51,"playtime":1731,"items_purged":["Doubt","Strike_B"],"score":953,"play_id":"ec029c3e-7c41-401e-99fb-d54032660827","local_time":"20201224192816","is_ascension_mode":true,"campfire_choices":[{"data":"Beam Cell","floor":7,"key":"SMITH"},{"data":"Dualcast","floor":15,"key":"SMITH"},{"data":"Coolheaded","floor":23,"key":"SMITH"},{"data":"Consume","floor":25,"key":"SMITH"},{"floor":29,"key":"REST"},{"floor":32,"key":"REST"},{"data":"Apotheosis","floor":40,"key":"SMITH"},{"floor":41,"key":"REST"},{"floor":44,"key":"RECALL"},{"data":"Capacitor","floor":49,"key":"SMITH"}],"circlet_count":0,"master_deck":["Defend_B","Zap","Dualcast+1","Rainbow","Capacitor+1","Beam Cell+1","Ball Lightning+1","Compile Driver+1","Coolheaded+1","Chill","Self Repair","Buffer","Go for the Eyes+1","Biased Cognition+1","Compile Driver+1","Genetic Algorithm","Rainbow","Consume+1","Force Field","Turbo","Thunder Strike","Glacier","Core Surge","Coolheaded","Apotheosis+1","Madness","Chill","Blizzard+1","Regret","FTL+1"],"relics":["Cracked Core","Membership Card","WingedGreaves","Lizard Tail","Astrolabe","Runic Capacitor","Whetstone","Nilry\u0027s Codex","Cursed Key","Bird Faced Urn","Torii","Ginger"],"acts_visited":["Exordium","TheCity","TheBeyond"],"potions_floor_usage":[6,6,11,14,24,33,50,50,50,50,50],"damage_taken":[{"damage":0,"enemies":"Small Slimes","floor":1,"turns":3},{"damage":12,"enemies":"Jaw Worm","floor":3,"turns":3},{"damage":10,"enemies":"Gremlin Nob","floor":6,"turns":3},{"damage":0,"enemies":"Cultist","floor":10,"turns":3},{"damage":0,"enemies":"2 Fungi Beasts","floor":11,"turns":2},{"damage":4,"enemies":"Exordium Thugs","floor":14,"turns":4},{"damage":16,"enemies":"Hexaghost","floor":16,"turns":9},{"damage":3,"enemies":"Shell Parasite","floor":18,"turns":3},{"damage":12,"enemies":"Chosen","floor":22,"turns":4},{"damage":38,"enemies":"Gremlin Leader","floor":24,"turns":7},{"damage":16,"enemies":"Snake Plant","floor":31,"turns":4},{"damage":11,"enemies":"Automaton","floor":33,"turns":11},{"damage":12,"enemies":"Orb Walker","floor":35,"turns":3},{"damage":11,"enemies":"3 Darklings","floor":39,"turns":4},{"damage":14,"enemies":"Jaw Worm Horde","floor":42,"turns":5},{"damage":16,"enemies":"2 Orb Walkers","floor":46,"turns":7},{"damage":16,"enemies":"Transient","floor":47,"turns":5},{"damage":16,"enemies":"Donu and Deca","floor":50,"turns":9}],"seed_played":"5902351792627020997","potions_obtained":[{"floor":3,"key":"SpeedPotion"},{"floor":6,"key":"Explosive Potion"},{"floor":14,"key":"SteroidPotion"},{"floor":16,"key":"Dexterity Potion"},{"floor":22,"key":"LiquidMemories"},{"floor":33,"key":"FearPotion"},{"floor":35,"key":"EntropicBrew"},{"floor":47,"key":"Ancient Potion"}],"is_trial":false,"path_per_floor":["M","?","M","?","$","E","R","$","T","M","M","$","?","M","R","B",null,"M","?","?","$","M","R","E","R","T","$","?","R","?","M","R","B",null,"M","$","?","?","M","R","R","M","T","R","?","?","M","?","R","B",null],"character_chosen":"DEFECT","items_purchased":["Membership Card","Ball Lightning","Fire Potion","ColorlessPotion","Coolheaded","Runic Capacitor","Consume","Force Field","Turbo","Thunder Strike","BlessingOfTheForge","Apotheosis","Bird Faced Urn"],"campfire_rested":3,"item_purchase_floors":[5,5,5,5,8,21,21,21,27,27,27,36,36],"current_hp_per_floor":[50,50,38,38,38,28,28,28,28,28,28,28,33,29,29,20,61,65,65,65,65,60,60,29,29,29,29,13,35,35,26,48,44,67,55,55,46,46,39,39,61,63,63,63,63,73,71,71,71,74],"gold":488,"neow_bonus":"TRANSFORM_TWO_CARDS","is_daily":false,"chose_seed":false,"campfire_upgraded":6,"win_rate":0.0,"timestamp":1608805696,"path_taken":["M","?","M","?","$","E","R","?","T","M","?","$","?","M","R","BOSS","M","?","?","$","M","R","E","R","T","$","?","R","?","M","R","BOSS","M","$","?","?","?","R","R","M","T","R","?","?","M","?","R","BOSS"],"items_purchased_type":["Relic","Card","Potion","Potion","Card","Relic","Card","Card","Card","Card","Potion","Card","Relic"],"build_version":"2020-12-22","purchased_purges":2,"victory":true,"max_hp_per_floor":[75,75,75,69,69,69,69,69,69,69,69,69,74,74,74,74,74,74,74,74,74,74,74,74,74,74,74,74,74,74,74,74,74,74,74,74,74,74,74,74,74,74,74,74,74,74,74,74,74,74],"card_choices":[{"not_picked":["Steam","Redo"],"picked":"Beam Cell","floor":1},{"not_picked":["Hologram","Double Energy","White Noise"],"picked":"SKIP","floor":3},{"not_picked":["Undo","Double Energy"],"picked":"Compile Driver","floor":6},{"not_picked":["Steam","Compile Driver"],"picked":"Chill","floor":10},{"not_picked":["Stack","Genetic Algorithm","Go for the Eyes"],"picked":"SKIP","floor":11},{"not_picked":["Chill","Rebound"],"picked":"Self Repair","floor":14},{"not_picked":["Thunder Strike","Hyperbeam"],"picked":"Buffer","floor":16},{"not_picked":["Barrage+1","Skim+1"],"picked":"Compile Driver+1","floor":18},{"not_picked":["Compile Driver+1","Lockon","Barrage"],"picked":"SKIP","floor":22},{"not_picked":["Compile Driver","Aggregate","Hello World"],"picked":"SKIP","floor":24},{"not_picked":["Compile Driver","Rebound"],"picked":"Glacier","floor":31},{"not_picked":["Amplify","Reboot"],"picked":"Core Surge","floor":33},{"not_picked":["Barrage","Steam Power+1"],"picked":"Coolheaded","floor":35},{"not_picked":["Compile Driver","Conserve Battery+1","Go for the Eyes"],"picked":"SKIP","floor":39},{"not_picked":["Barrage","Streamline+1"],"picked":"Blizzard+1","floor":42},{"not_picked":["Go for the Eyes","BootSequence"],"picked":"FTL+1","floor":46},{"not_picked":["Redo+1","Go for the Eyes","Loop"],"picked":"SKIP","floor":47}],"player_experience":693062,"relics_obtained":[{"floor":6,"key":"WingedGreaves"},{"floor":9,"key":"Lizard Tail"},{"floor":24,"key":"Whetstone"},{"floor":28,"key":"Nilry\u0027s Codex"},{"floor":43,"key":"Torii"},{"floor":46,"key":"Ginger"}],"event_choices":[{"damage_healed":0,"gold_gain":175,"player_choice":"AGREE","damage_taken":0,"max_hp_gain":0,"max_hp_loss":0,"event_name":"Liars Game","floor":2,"gold_loss":0,"cards_obtained":["Doubt"]},{"damage_healed":0,"gold_gain":0,"player_choice":"Lose Max HP","damage_taken":0,"relics_obtained":["Golden Idol"],"max_hp_gain":0,"max_hp_loss":6,"event_name":"Golden Idol","floor":4,"gold_loss":0},{"damage_healed":0,"gold_gain":0,"player_choice":"Donut","damage_taken":0,"max_hp_gain":5,"max_hp_loss":0,"event_name":"Big Fish","floor":13,"gold_loss":0},{"damage_healed":0,"gold_gain":99,"player_choice":"Stole From Cult","damage_taken":0,"max_hp_gain":0,"max_hp_loss":0,"event_name":"Nest","floor":19,"gold_loss":0},{"damage_healed":0,"gold_gain":0,"cards_transformed":["Darkness","Strike_B"],"player_choice":"Became Test Subject","damage_taken":0,"max_hp_gain":0,"max_hp_loss":0,"event_name":"Drug Dealer","floor":20,"gold_loss":0,"cards_obtained":["Genetic Algorithm","Rainbow"]},{"damage_healed":0,"gold_gain":0,"player_choice":"Obtained Book","damage_taken":16,"max_hp_gain":0,"max_hp_loss":0,"event_name":"Cursed Tome","floor":28,"gold_loss":0},{"damage_healed":0,"gold_gain":0,"player_choice":"Ignored","damage_taken":0,"max_hp_gain":0,"max_hp_loss":0,"event_name":"Vampires","floor":30,"gold_loss":0},{"damage_healed":0,"gold_gain":0,"player_choice":"Embrace Madness","damage_taken":9,"max_hp_gain":0,"max_hp_loss":0,"event_name":"Winding Halls","floor":37,"gold_loss":0,"cards_obtained":["Madness","Madness"]},{"damage_healed":0,"gold_gain":0,"player_choice":"1 cards matched","damage_taken":0,"max_hp_gain":0,"max_hp_loss":0,"event_name":"Match and Keep!","floor":38,"gold_loss":0,"cards_obtained":["Chill"]},{"damage_healed":0,"gold_gain":333,"player_choice":"Gave Idol","damage_taken":0,"max_hp_gain":0,"max_hp_loss":0,"event_name":"The Moai Head","floor":45,"relics_lost":["Golden Idol"],"gold_loss":0},{"damage_healed":0,"gold_gain":0,"player_choice":"Fight","damage_taken":0,"max_hp_gain":0,"max_hp_loss":0,"event_name":"Mysterious Sphere","floor":46,"gold_loss":0},{"cards_removed":["Madness"],"damage_healed":0,"gold_gain":0,"player_choice":"Removed Skill","damage_taken":0,"max_hp_gain":0,"max_hp_loss":0,"event_name":"Falling","floor":48,"gold_loss":0}],"is_beta":false,"boss_relics":[{"not_picked":["Coffee Dripper","Nuclear Battery"],"picked":"Astrolabe"},{"not_picked":["Sozu","Snecko Eye"],"picked":"Cursed Key"}],"items_purged_floors":[5,12],"is_endless":false,"potions_floor_spawned":[3,6,14,16,22,33,35,47],"ascension_level":8}}