{"host":"oeh4wb93hhtrshvk","time":1608805333,"event":{"mods":["2.2 Compatiblity","AchievementEnabler","Act Like it!","Aspiration","BaseMod","Better Skull","Better Third Choice","Block Reminder","Card Filter","Colored Powertips","Conspire","Curses Come First","Defuse TimeMaze Blight","Displayed Cursed Tome","Downfall","Energized Spire","GifTheSpireLib","Hermit","Hubris","Infinite Spire","Marisa????????","Minty Spire (QoL Compilation)","Pale of the Ancients","Quick Restart","Rare Cards Sparkle","Relic Filter","Replay The Spire","Shop Mod","Spicy Shops","StSLib","The Blue Laboratory","The Cursed","The Disciple","Transform Curses","Wandering Minibosses","vexMod"],"gold_per_floor":[112,112,12,31,6,6,6,39,39,50,84,111,111,111,111],"floor_reached":13,"playtime":1299,"items_purged":[],"score":101,"play_id":"2297b7d2-340c-47b4-a805-f5445f4f0257","local_time":"20201224112213","daily_mods":["Heirloom","DeadlyEvents"],"is_ascension_mode":false,"campfire_choices":[{"data":"champ:RapidStrikes","floor":6,"key":"SMITH"}],"circlet_count":0,"master_deck":["champ:Strike","champ:Strike","champ:Strike","champ:Strike","champ:Defend","champ:Defend","champ:Defend","champ:Defend","champ:Taunt","champ:RapidStrikes+1","hubris:DuctTapeCard","champ:Devastate","champ:EnGarde"],"relics":["champ:ChampionCrown","BranchBurnRelic","hubris:SphereOfDissonance","hubris:DuctTape","Calipers","vexMod:MemoryStick"],"acts_visited":["Exordium"],"potions_floor_usage":[8,8,8,11,12],"damage_taken":[{"damage":6,"enemies":"Cultist","floor":1,"turns":4},{"damage":2,"enemies":"Jaw Worm","floor":4,"turns":7},{"damage":26,"enemies":"Lagavulin","floor":8,"turns":6},{"damage":7,"enemies":"Small Slimes","floor":10,"turns":4},{"damage":6,"enemies":"Gremlin Nob","floor":11,"turns":3},{"damage":42,"enemies":"3 Sentries","floor":12,"turns":13},{"damage":27,"enemies":"Gremlin Nob","floor":13,"turns":3}],"seed_played":"-8567889680234746669","potions_obtained":[{"floor":4,"key":"Elixir"},{"floor":8,"key":"BlessingOfTheForge"},{"floor":10,"key":"Block Potion"}],"is_trial":true,"path_per_floor":["M","?","$","M","?","R","$","E","T","M","E","E","E"],"character_chosen":"THE_CHAMP","items_purchased":["EntropicBrew"],"campfire_rested":0,"item_purchase_floors":[3],"current_hp_per_floor":[89,89,89,87,87,87,87,65,65,58,52,10,0,0,0],"gold":111,"neow_bonus":"","is_daily":false,"chose_seed":false,"campfire_upgraded":1,"win_rate":0.0,"timestamp":1608805333,"path_taken":["M","?","$","?","?","R","?","?","T","?","?","?","E"],"items_purchased_type":["Potion"],"build_version":"2020-12-22","purchased_purges":0,"victory":false,"max_hp_per_floor":[90,90,90,90,90,90,90,90,90,90,90,90,90,90,90],"card_choices":[{"not_picked":["champ:BringItOn","champ:SkillfulDodge"],"picked":"champ:RapidStrikes","floor":1},{"not_picked":["champ:GladiatorsShout","champ:FocusedBerserking"],"picked":"champ:FalseCounter","floor":4},{"not_picked":["champ:Circumvent","champ:StanceDance"],"picked":"champ:FocusedDefense","floor":8},{"not_picked":["champ:BringItOn","champ:FocusedDefense","champ:GladiatorsShout"],"picked":"SKIP","floor":10},{"not_picked":["champ:FocusedGladiator","champ:CrookedStrike"],"picked":"champ:Devastate","floor":11},{"not_picked":["champ:BladeFlurry","champ:PerfectedStrike"],"picked":"champ:EnGarde","floor":12}],"player_experience":628969,"relics_obtained":[{"floor":8,"key":"hubris:SphereOfDissonance"},{"floor":9,"key":"hubris:DuctTape"},{"floor":11,"key":"Calipers"},{"floor":12,"key":"vexMod:MemoryStick"}],"event_choices":[{"cards_removed":["champ:Execute"],"damage_healed":0,"gold_gain":0,"player_choice":"Offered Basic","damage_taken":0,"max_hp_gain":0,"max_hp_loss":0,"event_name":"Bonfire Elementals","floor":2,"gold_loss":0}],"is_beta":false,"boss_relics":[],"items_purged_floors":[],"is_endless":false,"potions_floor_spawned":[4,8,10],"killed_by":"Gremlin Nob","ascension_level":0}}