{"host":"calynag5ibgivyo2","time":1608797615,"event":{"mods":["AchievementEnabler","BaseMod","Colored Map","DeckTracker","Minty Spire (QoL Compilation)","StSLib"],"gold_per_floor":[115,134,134,134,134,175,49,89,136,47,68,68,82,126,126,245,245,261,279,295,23,39,39,4,45,120,120,163,178,453,18,18,18,18],"floor_reached":33,"playtime":1605,"items_purged":["Strike_P","Strike_P","Regret"],"score":454,"play_id":"541e50b8-cea5-4a4c-b837-8fa6345b31cd","local_time":"20201224001335","is_ascension_mode":true,"campfire_choices":[{"data":"Eruption","floor":12.0,"key":"SMITH"},{"data":"Crescendo","floor":15.0,"key":"SMITH"},{"floor":23,"key":"REST"},{"floor":27,"key":"REST"},{"floor":32,"key":"REST"}],"circlet_count":0,"master_deck":["Strike_P","Defend_P+1","Defend_P","Defend_P","Defend_P","Eruption+1","Vigilance","ClearTheMind+1","Conclude","InnerPeace","Crescendo+1","Sanctity","CrushJoints","FlurryOfBlows","DevaForm","Study+1","TalkToTheHand","WindmillStrike","Wireheading","Ragnarok","Protect","Adaptation"],"relics":["PureWater","NeowsBlessing","Golden Idol","Orichalcum","Smiling Mask","Regal Pillow","Mercury Hourglass","WingedGreaves","Snecko Eye","Centennial Puzzle","Darkstone Periapt","Meat on the Bone","Peace Pipe","Gremlin Horn"],"acts_visited":["Exordium","TheCity"],"potions_floor_usage":[20,20,20,20,22,28,33],"damage_taken":[{"damage":0.0,"enemies":"Small Slimes","floor":1.0,"turns":1.0},{"damage":0.0,"enemies":"2 Louse","floor":2.0,"turns":1.0},{"damage":0.0,"enemies":"Lagavulin","floor":6.0,"turns":1.0},{"damage":0.0,"enemies":"3 Sentries","floor":8.0,"turns":3.0},{"damage":0.0,"enemies":"Cultist","floor":11.0,"turns":2.0},{"damage":11.0,"enemies":"Exordium Thugs","floor":13.0,"turns":4.0},{"damage":0.0,"enemies":"Gremlin Nob","floor":14.0,"turns":2.0},{"damage":19.0,"enemies":"Hexaghost","floor":16.0,"turns":9.0},{"damage":2,"enemies":"3 Byrds","floor":18,"turns":3},{"damage":10,"enemies":"Shell Parasite","floor":19,"turns":6},{"damage":7,"enemies":"Centurion and Healer","floor":20,"turns":6},{"damage":34,"enemies":"Cultist and Chosen","floor":22,"turns":7},{"damage":29,"enemies":"Book of Stabbing","floor":25,"turns":5},{"damage":51,"enemies":"Slavers","floor":28,"turns":4},{"damage":13,"enemies":"Sentry and Sphere","floor":29,"turns":4},{"damage":69,"enemies":"Collector","floor":33,"turns":6}],"seed_played":"-3733585143950094162","potions_obtained":[{"floor":2.0,"key":"BlessingOfTheForge"},{"floor":16.0,"key":"FearPotion"},{"floor":18,"key":"EntropicBrew"},{"floor":25,"key":"Fire Potion"}],"is_trial":false,"path_per_floor":["M","M","?","?","?","E","$","E","T","?","M","R","M","E","R","B",null,"M","M","M","$","M","R","$","E","T","R","E","M","?","$","R","B"],"character_chosen":"WATCHER","items_purchased":["Crescendo","Centennial Puzzle","WindmillStrike","Wireheading","Adaptation","Gremlin Horn","ColorlessPotion"],"campfire_rested":3,"item_purchase_floors":[7,21,21,24,31,31,31],"current_hp_per_floor":[72,72,54,40,33,33,33,33,33,33,33,33,22,22,22,3,72,70,60,53,53,19,55,55,26,26,62,23,22,28,28,66,0,0],"gold":18,"neow_bonus":"THREE_ENEMY_KILL","is_daily":false,"chose_seed":false,"campfire_upgraded":2,"win_rate":0.0,"timestamp":1608797615,"path_taken":["M","M","?","?","?","E","$","E","T","?","M","R","?","E","R","BOSS","BOSS","M","M","M","$","M","R","$","E","T","R","E","M","?","$","R","BOSS"],"items_purchased_type":["Card","Relic","Card","Card","Card","Relic","Potion"],"build_version":"2020-12-22","purchased_purges":3,"victory":false,"max_hp_per_floor":[72,72,72,72,72,72,72,72,72,72,72,72,72,72,72,72,72,72,72,72,72,72,72,72,72,72,72,72,72,78,78,78,78,78],"card_choices":[{"not_picked":["EmptyBody","Prostrate"],"picked":"ClearTheMind","floor":1.0},{"not_picked":["Protect","Fasting2"],"picked":"Conclude","floor":2.0},{"not_picked":["Protect","Alpha"],"picked":"InnerPeace","floor":6.0},{"not_picked":["CutThroughFate","Protect"],"picked":"Sanctity","floor":8.0},{"not_picked":["EmptyFist","BowlingBash"],"picked":"CrushJoints","floor":11.0},{"not_picked":["SashWhip","Evaluate","EmptyMind"],"picked":"SKIP","floor":13.0},{"not_picked":["EmptyFist","PathToVictory"],"picked":"FlurryOfBlows","floor":14.0},{"not_picked":["ConjureBlade","Establishment"],"picked":"DevaForm","floor":16.0},{"not_picked":["ThirdEye","Crescendo"],"picked":"Study+1","floor":18},{"not_picked":["SashWhip","CrushJoints+1","BattleHymn"],"picked":"SKIP","floor":19},{"not_picked":["Crescendo+1","BattleHymn"],"picked":"TalkToTheHand","floor":20},{"not_picked":["SignatureMove","WreathOfFlame+1","EmptyBody+1"],"picked":"SKIP","floor":22},{"not_picked":["FollowUp","BowlingBash"],"picked":"Ragnarok","floor":25},{"not_picked":["Indignation+1","Wireheading"],"picked":"Protect","floor":28},{"not_picked":["Prostrate","WaveOfTheHand+1","FollowUp"],"picked":"SKIP","floor":29}],"player_experience":428752,"relics_obtained":[{"floor":6.0,"key":"Orichalcum"},{"floor":8.0,"key":"Smiling Mask"},{"floor":9.0,"key":"Regal Pillow"},{"floor":14.0,"key":"WingedGreaves"},{"floor":25,"key":"Darkstone Periapt"},{"floor":26,"key":"Meat on the Bone"},{"floor":28,"key":"Peace Pipe"}],"event_choices":[{"damage_healed":0.0,"max_hp_gain":0.0,"max_hp_loss":0.0,"gold_gain":0.0,"event_name":"Golden Idol","player_choice":"Take Damage","floor":3.0,"gold_loss":0.0,"damage_taken":18.0,"relics_obtained":["Golden Idol"]},{"damage_healed":0.0,"max_hp_gain":0.0,"max_hp_loss":0.0,"gold_gain":0.0,"event_name":"Shining Light","player_choice":"Entered Light","floor":4.0,"gold_loss":0.0,"damage_taken":14.0,"cards_upgraded":["ClearTheMind","Defend_P"]},{"cards_removed":["Strike_P"],"damage_healed":0.0,"max_hp_gain":0.0,"max_hp_loss":0.0,"gold_gain":0.0,"event_name":"Golden Wing","player_choice":"Card Removal","floor":5.0,"gold_loss":0.0,"damage_taken":7.0},{"damage_healed":0.0,"max_hp_gain":0.0,"max_hp_loss":0.0,"gold_gain":0.0,"event_name":"WeMeetAgain","player_choice":"Paid Gold","floor":10.0,"gold_loss":89.0,"damage_taken":0.0,"relics_obtained":["Mercury Hourglass"]},{"damage_healed":0,"gold_gain":275,"player_choice":"Desecrate","damage_taken":0,"max_hp_gain":0,"max_hp_loss":0,"event_name":"Golden Shrine","floor":30,"gold_loss":0,"cards_obtained":["Regret"]}],"is_beta":false,"boss_relics":[{"not_picked":["Tiny House","SlaversCollar"],"picked":"Snecko Eye"}],"items_purged_floors":[7,21,31],"is_endless":false,"potions_floor_spawned":[2,16,18,25],"killed_by":"Collector","ascension_level":4}}