{"host":"08nxni9rwzvm98vp","time":1608797738,"event":{"mods":["AchievementEnabler","BaseMod","Card Forge","Colored Powertips","Googly Eyes","Highlight Path","Marisa£¨Ùöéë¡¡Øª×âÞÞ£©","Minty Spire (QoL Compilation)","Quick Restart","Rare Cards Sparkle","StSLib","SuperFastMode"],"gold_per_floor":[115,115,115,130,54,54,54,80,129,129,129],"floor_reached":10,"playtime":441,"items_purged":[],"score":67,"play_id":"c971cc3e-09ef-45b5-bbe0-b801d65d0662","local_time":"20201224171538","is_ascension_mode":true,"campfire_choices":[{"data":"PropBag","floor":6,"key":"SMITH"}],"circlet_count":0,"master_deck":["Strike_MRS","Strike_MRS","Strike_MRS","Defend_MRS","Defend_MRS+1","Defend_MRS","Defend_MRS","MasterSpark","UpSweep+1","SprinkleStarSeal","PropBag+1","BinaryStars"],"relics":["Hammer of Thor","Seething Fire","Anvil of the Gods","SlaversCollar","Ginger","Nunchaku","Mummified Hand"],"acts_visited":["Exordium"],"potions_floor_usage":[],"damage_taken":[{"damage":1,"enemies":"2 Louse","floor":1,"turns":3},{"damage":7,"enemies":"Small Slimes","floor":4,"turns":4},{"damage":6,"enemies":"Lagavulin","floor":8,"turns":9},{"damage":39,"enemies":"3 Sentries","floor":10,"turns":11}],"seed_played":"-4448966881087490819","potions_obtained":[],"is_trial":false,"path_per_floor":["M","?","?","M","$","R","?","E","T","E"],"character_chosen":"MARISA","items_purchased":["PropBag"],"campfire_rested":0,"item_purchase_floors":[5],"current_hp_per_floor":[74,74,59,52,52,52,45,39,39,0,0],"gold":129,"neow_bonus":"BOSS_RELIC","is_daily":false,"chose_seed":false,"campfire_upgraded":1,"win_rate":0.0,"timestamp":1608797738,"path_taken":["M","?","?","M","$","R","?","E","T","E"],"items_purchased_type":["Card"],"build_version":"2020-12-22","purchased_purges":0,"victory":false,"max_hp_per_floor":[75,75,75,75,75,75,75,75,75,75,75],"card_choices":[{"not_picked":["GrandCross","DarkMatter"],"picked":"SprinkleStarSeal","floor":1},{"not_picked":["ChargeUpSpray","ChargingUp","LuminesStrike"],"picked":"SKIP","floor":4},{"not_picked":["LuminesStrike","Orbital"],"picked":"BinaryStars","floor":8}],"player_experience":638081,"relics_obtained":[{"floor":8,"key":"Ginger"},{"floor":9,"key":"Nunchaku"}],"event_choices":[{"damage_healed":0,"gold_gain":0,"player_choice":"Ignored","damage_taken":0,"max_hp_gain":0,"max_hp_loss":0,"event_name":"Liars Game","floor":2,"gold_loss":0},{"damage_healed":0,"gold_gain":0,"player_choice":"Entered Light","damage_taken":15,"max_hp_gain":0,"max_hp_loss":0,"event_name":"Shining Light","floor":3,"gold_loss":0,"cards_upgraded":["UpSweep","Defend_MRS"]},{"cards_removed":["Strike_MRS"],"damage_healed":0,"gold_gain":0,"player_choice":"Card Removal","damage_taken":7,"max_hp_gain":0,"max_hp_loss":0,"event_name":"Golden Wing","floor":7,"gold_loss":0}],"is_beta":false,"boss_relics":[],"items_purged_floors":[],"is_endless":false,"potions_floor_spawned":[],"killed_by":"3 Sentries","ascension_level":1}}