{"host":"vumwfieg2b2mnrfl","time":1608774078,"event":{"mods":["AchievementEnabler","BaseMod","Minty Spire (QoL Compilation)","Rare Cards Sparkle","Relic Stats"],"gold_per_floor":[119,119,99,117,71,71,101,111,135,161,161,175,208,158,158,262,262,280,36,36,135,135,135,163,183,209,209,219,231,247,257,257,257,257],"floor_reached":33,"playtime":1223,"items_purged":[],"score":399,"play_id":"a959af2e-ee69-408a-a013-720ce9d8496f","local_time":"20201223194118","is_ascension_mode":true,"campfire_choices":[{"data":"Zap","floor":6,"key":"SMITH"},{"floor":11,"key":"REST"},{"data":"Static Discharge","floor":15,"key":"SMITH"},{"data":"Glacier","floor":23,"key":"SMITH"},{"data":"Coolheaded","floor":27,"key":"SMITH"},{"floor":32,"key":"REST"}],"circlet_count":0,"master_deck":["Strike_B","Strike_B","Defend_B","Defend_B","Defend_B","Zap+1","Dualcast","Bandage Up","Leap","Glacier+1","Ball Lightning","Conserve Battery","Sunder","Static Discharge+1","Coolheaded+1","Double Energy+1","Double Energy+1","Chaos+1","Chill+1","Cold Snap"],"relics":["Cracked Core","Letter Opener","Ornamental Fan","Akabeko","Lantern","MealTicket","Snecko Eye","Toxic Egg 2","Omamori","Centennial Puzzle"],"acts_visited":["Exordium","TheCity"],"potions_floor_usage":[13,24,33],"damage_taken":[{"damage":1,"enemies":"Cultist","floor":1,"turns":3},{"damage":0,"enemies":"Jaw Worm","floor":4,"turns":3},{"damage":5,"enemies":"Lagavulin","floor":7,"turns":8},{"damage":0,"enemies":"2 Louse","floor":8,"turns":2},{"damage":30,"enemies":"Gremlin Nob","floor":10,"turns":4},{"damage":0,"enemies":"Exordium Wildlife","floor":12,"turns":2},{"damage":2,"enemies":"Lagavulin","floor":13,"turns":6},{"damage":25,"enemies":"Hexaghost","floor":16,"turns":9},{"damage":3,"enemies":"Chosen","floor":18,"turns":4},{"damage":19,"enemies":"Gremlin Leader","floor":24,"turns":7},{"damage":2,"enemies":"Spheric Guardian","floor":25,"turns":3},{"damage":44,"enemies":"Chosen and Byrds","floor":28,"turns":7},{"damage":14,"enemies":"Sentry and Sphere","floor":29,"turns":3},{"damage":0,"enemies":"Cultist and Chosen","floor":30,"turns":5},{"damage":0,"enemies":"3 Cultists","floor":31,"turns":6},{"damage":47,"enemies":"Champ","floor":33,"turns":9}],"seed_played":"8775424021526891964","potions_obtained":[{"floor":1,"key":"Strength Potion"},{"floor":3,"key":"Energy Potion"},{"floor":7,"key":"DistilledChaos"},{"floor":24,"key":"PowerPotion"},{"floor":29,"key":"Energy Potion"}],"is_trial":false,"path_per_floor":["M","T","?","M","$","R","E","M","T","E","R","M","E","?","R","B",null,"M","$","?","?","$","R","E","M","T","R","M","M","M","M","R","B"],"character_chosen":"DEFECT","items_purchased":["Ball Lightning","Toxic Egg 2"],"campfire_rested":2,"item_purchase_floors":[5,19],"current_hp_per_floor":[67,67,67,71,71,71,70,74,74,44,66,70,72,72,72,51,69,70,75,75,75,75,75,60,58,58,58,18,8,12,16,38,0,0],"gold":257,"neow_bonus":"RANDOM_COLORLESS","is_daily":false,"chose_seed":false,"campfire_upgraded":4,"win_rate":0.0,"timestamp":1608774078,"path_taken":["M","?","?","?","?","R","E","M","T","E","R","M","E","?","R","BOSS","M","$","?","?","?","R","E","M","T","R","M","M","M","M","R","BOSS"],"items_purchased_type":["Card","Relic"],"build_version":"2020-12-22","purchased_purges":0,"victory":false,"max_hp_per_floor":[75,75,75,75,75,75,75,75,75,75,75,75,75,75,75,75,75,75,75,75,75,75,75,75,75,75,75,75,75,75,75,75,75,75],"relic_stats":{"Centennial Puzzle":[9],"counters":[16,81],"Ornamental Fan":[28],"Snecko Eye":[82,95,72,68],"MealTicket":5,"Letter Opener":[196],"obtain_stats":[{"Lantern":10,"Centennial Puzzle":26,"Ornamental Fan":7,"Snecko Eye":17,"MealTicket":13,"Omamori":24,"Letter Opener":2,"Toxic Egg 2":19,"Cracked Core":0,"Akabeko":9},{"Lantern":5,"Centennial Puzzle":11,"Ornamental Fan":3,"Snecko Eye":8,"MealTicket":7,"Omamori":10,"Letter Opener":1,"Toxic Egg 2":9,"Cracked Core":0,"Akabeko":4},{"Lantern":20,"Centennial Puzzle":51,"Ornamental Fan":14,"Snecko Eye":37,"MealTicket":28,"Omamori":48,"Letter Opener":3,"Toxic Egg 2":41,"Cracked Core":0,"Akabeko":16}]},"card_choices":[{"not_picked":["Trip","Discovery"],"picked":"Bandage Up","floor":0},{"not_picked":["Aggregate","White Noise"],"picked":"Leap","floor":1},{"not_picked":["Barrage","Force Field"],"picked":"Glacier","floor":4},{"not_picked":["Skim","Compile Driver"],"picked":"Conserve Battery","floor":7},{"not_picked":["Turbo","Sweeping Beam"],"picked":"Sunder","floor":8},{"not_picked":["Stack","Reprogram"],"picked":"Static Discharge","floor":10},{"not_picked":["Gash","Conserve Battery","Leap"],"picked":"SKIP","floor":12},{"not_picked":["Force Field","Gash","Aggregate"],"picked":"SKIP","floor":13},{"not_picked":["Rebound","Sweeping Beam"],"picked":"Coolheaded","floor":18},{"not_picked":["Beam Cell","Steam Power+1"],"picked":"Chaos+1","floor":24},{"not_picked":["Melter+1","Beam Cell+1"],"picked":"Chill+1","floor":25},{"not_picked":["Hologram+1","Reprogram+1","Stack+1"],"picked":"SKIP","floor":28},{"not_picked":["Streamline","Aggregate+1","Gash"],"picked":"SKIP","floor":29},{"not_picked":["Beam Cell+1","Hologram+1"],"picked":"Cold Snap","floor":30},{"not_picked":["Ball Lightning","Compile Driver","Hologram+1"],"picked":"SKIP","floor":31}],"player_experience":305395,"relics_obtained":[{"floor":2,"key":"Letter Opener"},{"floor":7,"key":"Ornamental Fan"},{"floor":9,"key":"Akabeko"},{"floor":10,"key":"Lantern"},{"floor":13,"key":"MealTicket"},{"floor":24,"key":"Omamori"},{"floor":26,"key":"Centennial Puzzle"}],"event_choices":[{"damage_healed":0,"gold_gain":0,"player_choice":"Bought 1 Potion","damage_taken":0,"max_hp_gain":0,"max_hp_loss":0,"event_name":"The Woman in Blue","floor":3,"gold_loss":0},{"cards_removed":["Strike_B"],"damage_healed":0,"gold_gain":0,"player_choice":"Card Removal","damage_taken":0,"max_hp_gain":0,"max_hp_loss":0,"event_name":"The Cleric","floor":14,"gold_loss":50},{"damage_healed":0,"gold_gain":0,"cards_transformed":["Defend_B","Strike_B"],"player_choice":"Became Test Subject","damage_taken":0,"max_hp_gain":0,"max_hp_loss":0,"event_name":"Drug Dealer","floor":20,"gold_loss":0,"cards_obtained":["Double Energy","Double Energy"]},{"damage_healed":0,"gold_gain":99,"player_choice":"Stole From Cult","damage_taken":0,"max_hp_gain":0,"max_hp_loss":0,"event_name":"Nest","floor":21,"gold_loss":0}],"is_beta":false,"boss_relics":[{"not_picked":["Cursed Key","Fusion Hammer"],"picked":"Snecko Eye"}],"items_purged_floors":[],"is_endless":false,"potions_floor_spawned":[1,7,8,12,24,29,31],"killed_by":"Champ","ascension_level":8}}