{"host":"ÇïÍ¥»¨¿ªÃÎÀïÏã","time":1608818412,"event":{"mods":["ATMod(°¢èªMod)","Ascension Reborn","BaseMod","Custom Start","Minty Spire (QoL Compilation)","StSLib","¡¾ÒÅÎï¿¨ÅÆ¡¿REMEMod"],"gold_per_floor":[113,197,220,56,69,69,103,116,176,176,214,232,232,257,257,379,439,453,453,453],"floor_reached":19,"playtime":459,"items_purged":["Strike_G+1"],"score":0,"play_id":"013cd68b-78ba-4be8-9b61-1cc983247212","local_time":"20201224220012","is_ascension_mode":true,"campfire_choices":[{"data":"AT_ArcaneSupremacy","floor":6,"key":"SMITH"},{"data":"Acrobatics","floor":15,"key":"SMITH"}],"circlet_count":0,"master_deck":["Strike_G+1","Strike_G+1","Strike_G+1","Strike_G+1","Defend_G+1","Defend_G+1","Defend_G+1","Defend_G+1","Defend_G+1","Survivor+1","Neutralize+1","AT_ArcaneSupremacy+1","Bouncing Flask+1","AT_TinkerSharpsword+1","Terror+1","AT_WindFlip+1","Acrobatics+1"],"relics":["Ring of the Snake","AT_ATBox","REME_ComplimentaryCards","NeowsBlessing","Akabeko","Medical Kit","Darkstone Periapt","PreservedInsect","Shuriken","Whetstone","Turnip","Tiny House"],"acts_visited":["Exordium","TheCity"],"potions_floor_usage":[2,2,7,7,7],"damage_taken":[{"damage":0,"enemies":"2 Louse","floor":1,"turns":1},{"damage":0,"enemies":"Jaw Worm","floor":2,"turns":1},{"damage":0,"enemies":"Cultist","floor":3,"turns":1},{"damage":1,"enemies":"Blue Slaver","floor":5,"turns":2},{"damage":0,"enemies":"Lagavulin","floor":7,"turns":3},{"damage":0,"enemies":"Large Slime","floor":8,"turns":2},{"damage":0,"enemies":"3 Sentries","floor":11,"turns":1},{"damage":0,"enemies":"3 Louse","floor":12,"turns":1},{"damage":0,"enemies":"Looter","floor":14,"turns":2},{"damage":5,"enemies":"Hexaghost","floor":16,"turns":4},{"damage":0,"enemies":"3 Byrds","floor":18,"turns":3},{"damage":0,"enemies":"2 Thieves","floor":19,"turns":1}],"seed_played":"-5364023955378981545","potions_obtained":[{"floor":1,"key":"REME_GoldPotion"},{"floor":1,"key":"REME_GoldPotion"},{"floor":2,"key":"AttackPotion"},{"floor":3,"key":"Fire Potion"},{"floor":5,"key":"CunningPotion"},{"floor":7,"key":"Weak Potion"},{"floor":8,"key":"CunningPotion"},{"floor":11,"key":"GamblersBrew"},{"floor":12,"key":"SteroidPotion"}],"is_trial":false,"path_per_floor":["M","M","M","$","M","R","E","M","T","?","E","M","?","M","R","B",null,"M","M"],"character_chosen":"THE_SILENT","items_purchased":["Medical Kit"],"campfire_rested":0,"item_purchase_floors":[4],"current_hp_per_floor":[74,74,74,74,73,73,73,73,73,70,70,70,70,70,70,71,83,83,83,83],"gold":453,"neow_bonus":"THREE_ENEMY_KILL","is_daily":false,"chose_seed":false,"campfire_upgraded":2,"win_rate":0.0,"timestamp":1608818412,"path_taken":["M","M","M","$","M","R","E","M","T","?","E","M","?","?","R","BOSS","M","M"],"items_purchased_type":["Relic"],"build_version":"2020-12-18","purchased_purges":1,"victory":false,"max_hp_per_floor":[74,74,74,74,74,74,74,74,74,74,74,74,74,74,74,78,83,83,83,83],"card_choices":[{"not_picked":["Poisoned Stab","Dodge and Roll"],"picked":"Bouncing Flask+1","floor":1},{"not_picked":["Tactician","Escape Plan+1"],"picked":"AT_TinkerSharpsword+1","floor":2},{"not_picked":["Flechettes","Masterful Stab+1"],"picked":"Terror+1","floor":3},{"not_picked":["Dodge and Roll+1","Flying Knee+1","Endless Agony+1"],"picked":"SKIP","floor":5},{"not_picked":["Infinite Blades","Sucker Punch","Endless Agony"],"picked":"SKIP","floor":7},{"not_picked":["Cloak And Dagger+1","Doppelganger","Setup"],"picked":"SKIP","floor":7},{"not_picked":["Flying Knee","Masterful Stab"],"picked":"AT_WindFlip","floor":8},{"not_picked":["Expertise","Bullet Time"],"picked":"Acrobatics","floor":11},{"not_picked":["Outmaneuver","Sucker Punch","Skewer"],"picked":"SKIP","floor":11},{"not_picked":["Dodge and Roll","Slice","Dagger Spray+1"],"picked":"SKIP","floor":12},{"not_picked":["Cloak And Dagger","Deadly Poison","Heel Hook"],"picked":"SKIP","floor":14},{"not_picked":["Terror+1","Prepared+1","Dagger Throw+1"],"picked":"SKIP","floor":18}],"player_experience":457031,"relics_obtained":[{"floor":3,"key":"Akabeko"},{"floor":7,"key":"Darkstone Periapt"},{"floor":9,"key":"PreservedInsect"},{"floor":11,"key":"Whetstone"},{"floor":16,"key":"Turnip"}],"event_choices":[{"damage_healed":0,"gold_gain":0,"player_choice":"Success","damage_taken":3,"relics_obtained":["Shuriken"],"max_hp_gain":0,"max_hp_loss":0,"event_name":"Scrap Ooze","floor":10,"gold_loss":0},{"damage_healed":0,"gold_gain":0,"player_choice":"Ignored","damage_taken":0,"max_hp_gain":0,"max_hp_loss":0,"event_name":"NoteForYourself","floor":13,"gold_loss":0}],"is_beta":true,"boss_relics":[{"not_picked":["REME_ChargedStone","Ectoplasm"],"picked":"Tiny House"}],"items_purged_floors":[4],"is_endless":false,"potions_floor_spawned":[1,12,14],"killed_by":"2 Thieves","ascension_level":-20}}