{"host":"qc1sjgtdjonvdsd8","time":1608812510,"event":{"mods":["BaseMod","Colored Map","Colored Powertips","Minty Spire (QoL Compilation)","Replay The Spire","StSLib","The Disciple"],"gold_per_floor":[110,110,121,196,210,210,228,245,245,264,264,276,276,292,292,389,389,409,12,26,125,145,145,145,145,145,155,175,28,57,77,77,182,182,196,214,233,283,297,297,297,297],"floor_reached":41,"playtime":6895,"items_purged":["Defend_Br","Strike_Br"],"score":661,"play_id":"4d500abe-993d-45c9-ba15-9260edceaf71","local_time":"20201224042150","is_ascension_mode":false,"campfire_choices":[{"data":"Stagnate","floor":11,"key":"SMITH"},{"data":"Stagnate","floor":13,"key":"SMITH"},{"data":"Stagnate","floor":23,"key":"SMITH"},{"floor":32,"key":"REST"},{"floor":40,"key":"REST"}],"circlet_count":0,"master_deck":["Strike_Br","Defend_Br","Defend_Br","Defend_Br","SecondHand","PatternShift","PrimeTime","LockedOrichalcum+1","Stagnate+1","Allegro","WakeUpCall","LockedBlood","Stagnate+1","WindUp","Echoward","OldTimer+1","ExoVibe","Stagnate+1","Crow Ritual+1","TiringSlam+1","Doubt","WindUp","ExoVibe","Pot Of Greed","Pot Of Greed","LockedTurtyl+1","Pot Of Greed","OracleForm","Voices","Decay","ReplayTheSpireMod:Faulty Equipment","HandsUpC+1","Grave+1","Grave+1","Grave+1"],"relics":["Chronograph","NeowsBlessing","Replay:Grab Bag","ReplayTheSpireMod:Onyx Gauntlets","Cursed Key","Metronome","Membership Card","Happy Flower","Darkstone Periapt","Guide Book","Grinning Jar","Replay:Ancient Bell","MealTicket","Toxic Egg 2","Dead Branch","Mango"],"acts_visited":["Exordium","TheCity","TheBeyond"],"potions_floor_usage":[8,30,38],"damage_taken":[{"damage":0,"enemies":"2 Louse","floor":1,"turns":1},{"damage":0,"enemies":"Cultist","floor":3,"turns":1},{"damage":0,"enemies":"Small Slimes","floor":5,"turns":1},{"damage":6,"enemies":"3 Louse","floor":7,"turns":8},{"damage":21,"enemies":"Exordium Thugs","floor":8,"turns":4},{"damage":5,"enemies":"Blue Slaver","floor":10,"turns":7},{"damage":0,"enemies":"2 Fungi Beasts","floor":12,"turns":3},{"damage":0,"enemies":"Looter","floor":14,"turns":3},{"damage":16,"enemies":"Slime Boss","floor":16,"turns":14},{"damage":4,"enemies":"Chosen","floor":18,"turns":6},{"damage":2,"enemies":"3 Byrds","floor":20,"turns":8},{"damage":12,"enemies":"Centurion and Healer","floor":22,"turns":6},{"damage":0,"enemies":"Snake Plant","floor":27,"turns":3},{"damage":0,"enemies":"Snecko","floor":28,"turns":9},{"damage":4,"enemies":"Slavers","floor":30,"turns":6},{"damage":0,"enemies":"Shelled Parasite and Fungi","floor":31,"turns":3},{"damage":25,"enemies":"Pondfish","floor":33,"turns":11},{"damage":9,"enemies":"3 Shapes","floor":35,"turns":6},{"damage":54,"enemies":"3 Darklings","floor":36,"turns":5},{"damage":0,"enemies":"Transient","floor":37,"turns":5},{"damage":0,"enemies":"Mind Bloom Boss Battle","floor":38,"turns":7},{"damage":2,"enemies":"Maw","floor":39,"turns":8},{"damage":113,"enemies":"Giant Head","floor":41,"turns":11}],"seed_played":"6617774038250826797","potions_obtained":[{"floor":5,"key":"Toxic Potion"},{"floor":8,"key":"Milkshake"},{"floor":10,"key":"Dexterity Potion"},{"floor":16,"key":"BlessingOfTheForge"},{"floor":18,"key":"Adrenaline Potion"},{"floor":22,"key":"SpeedPotion"},{"floor":31,"key":"BlessingOfTheForge"},{"floor":37,"key":"Regen Potion"}],"is_trial":false,"path_per_floor":["M","?","M","?","M","?","M","M","T","M","R","M","R","M","R_BF","B",null,"M","$","M","?","M","R","?","?","T","M","M","$","E","M","R","B",null,"M","M","M","?","M","R","E"],"character_chosen":"CHRONO_CLASS","items_purchased":["Membership Card","Happy Flower","Stagnate","Crow Ritual","ExoVibe","Guide Book"],"campfire_rested":2,"item_purchase_floors":[19,19,19,19,29,29],"current_hp_per_floor":[65,65,65,54,54,54,48,27,27,22,22,22,22,22,22,12,65,61,61,65,65,58,58,47,47,47,47,53,53,55,55,70,45,88,79,31,31,66,73,102,0,0],"gold":297,"neow_bonus":"THREE_ENEMY_KILL","is_daily":false,"chose_seed":false,"campfire_upgraded":3,"win_rate":0.0,"timestamp":1608812510,"path_taken":["M","?","?","?","M","?","M","M","T","M","R","M","R","?","R_BF","BOSS","M","$","M","?","M","R","?","?","T","M","M","$","E","M","R","BOSS","M","M","?","?","M","R","E"],"items_purchased_type":["Relic","Relic","Card","Card","Card","Relic"],"build_version":"2020-12-22","purchased_purges":2,"victory":false,"max_hp_per_floor":[65,65,65,65,65,65,65,65,65,65,65,65,65,65,65,65,65,65,65,65,65,65,65,70,70,70,70,70,70,70,70,70,70,88,88,88,88,102,102,102,102,102],"card_choices":[{"not_picked":["WindUp","Recurrance"],"picked":"PrimeTime","floor":1},{"not_picked":["FormalWear","LockedMedicine"],"picked":"LockedOrichalcum","floor":3},{"not_picked":["BlueShift","LockedUrn"],"picked":"Stagnate","floor":5},{"not_picked":["HandsUpB","TiringSlam"],"picked":"Tempo","floor":7},{"not_picked":["Accruing","LockedOrichalcum"],"picked":"WakeUpCall","floor":8},{"not_picked":["ShortSighted","LockedThread"],"picked":"LockedBlood","floor":10},{"not_picked":["LockedMedicine","Engulf"],"picked":"Stagnate","floor":12},{"not_picked":["ShortSighted","PrimeTime"],"picked":"WindUp","floor":14},{"not_picked":["LockedBell","LockedCalendar"],"picked":"OldTimer","floor":16},{"not_picked":["LockedMedicine","LockedWarPaint+1"],"picked":"ExoVibe","floor":18},{"not_picked":["Recurrance","VestedLegacy"],"picked":"TiringSlam+1","floor":20},{"not_picked":["LockedScales","Keepsakes","LockedMawBank"],"picked":"SKIP","floor":22},{"not_picked":["LockedMedicine","PrimeTime+1","LockedScales"],"picked":"SKIP","floor":27},{"not_picked":["Keepsakes","BiteCommand"],"picked":"WindUp","floor":28},{"not_picked":["ShortSighted+1","LockedMedicine"],"picked":"LockedTurtyl+1","floor":30},{"not_picked":["Engulf","ExoVibe","Echoward"],"picked":"SKIP","floor":31},{"not_picked":["OldTimer","MasterKey"],"picked":"OracleForm","floor":33},{"not_picked":["Pain","Delirium"],"picked":"Voices","floor":34},{"not_picked":["Delirium","Replay:Hysterical Blindness"],"picked":"Decay","floor":34},{"not_picked":["Pain","Doubt"],"picked":"ReplayTheSpireMod:Faulty Equipment","floor":34},{"not_picked":["PrimeTime+1","WindUp+1","Engulf"],"picked":"SKIP","floor":35},{"not_picked":["Analog+1","LockedAstrolabe"],"picked":"HandsUpC+1","floor":36},{"not_picked":["LockedBlood","BlueShift+1"],"picked":"Tempo+1","floor":37},{"not_picked":["Parity+1","ReapSow+1","LockedBlood"],"picked":"SKIP","floor":39}],"player_experience":147595,"relics_obtained":[{"floor":26,"key":"Darkstone Periapt"},{"floor":30,"key":"Grinning Jar"},{"floor":38,"key":"Mango"}],"event_choices":[{"damage_healed":0,"gold_gain":0,"player_choice":"Ignored","damage_taken":0,"max_hp_gain":0,"max_hp_loss":0,"event_name":"NoteForYourself","floor":2,"gold_loss":0},{"damage_healed":0,"gold_gain":75,"player_choice":"Gather Gold","damage_taken":11,"max_hp_gain":0,"max_hp_loss":0,"event_name":"World of Goop","floor":4,"gold_loss":0},{"cards_removed":["Strike_Br"],"damage_healed":0,"gold_gain":0,"player_choice":"Purged","damage_taken":0,"max_hp_gain":0,"max_hp_loss":0,"event_name":"Purifier","floor":6,"gold_loss":0},{"damage_healed":0,"gold_gain":99,"player_choice":"Stole From Cult","damage_taken":0,"max_hp_gain":0,"max_hp_loss":0,"event_name":"Nest","floor":21,"gold_loss":0},{"damage_healed":0,"gold_gain":0,"player_choice":"Shed Blood","damage_taken":16,"max_hp_gain":5,"max_hp_loss":0,"event_name":"Forgotten Altar","floor":24,"gold_loss":0},{"damage_healed":0,"gold_gain":0,"player_choice":"Forge","damage_taken":0,"max_hp_gain":0,"max_hp_loss":0,"event_name":"Accursed Blacksmith","floor":25,"gold_loss":0,"cards_upgraded":["Crow Ritual"]},{"damage_healed":0,"gold_gain":0,"player_choice":"Fight","damage_taken":0,"max_hp_gain":0,"max_hp_loss":0,"event_name":"MindBloom","floor":38,"gold_loss":0}],"is_beta":false,"boss_relics":[{"not_picked":["SacredBark","Kintsugi"],"picked":"Replay:Grab Bag"},{"not_picked":["Philosopher\u0027s Stone","Coffee Dripper"],"picked":"ReplayTheSpireMod:Onyx Gauntlets"},{"not_picked":["ChewingGum","ReplayTheSpireMod:DimensionalGlitch"],"picked":"Cursed Key"},{"not_picked":["Calling Bell","Ring of Chaos"],"picked":"Metronome"},{"not_picked":["SlaversCollar","Replay:Drink Me"],"picked":"Chronograph"},{"not_picked":["Tiny House","Honey Jar"],"picked":"Replay:Ancient Bell"},{"not_picked":["CeramicFish","Replay:Wax Seal"],"picked":"MealTicket"},{"not_picked":["Letter Opener","Chameleon Ring"],"picked":"Toxic Egg 2"},{"not_picked":["Unceasing Top","Peace Pipe"],"picked":"Dead Branch"}],"items_purged_floors":[19,29],"is_endless":false,"potions_floor_spawned":[5,8,10,16,18,22,28,31,37],"killed_by":"Giant Head","ascension_level":0}}