{"host":"0cnf9zf1gia27zti","time":1608773827,"event":{"mods":["BaseMod","BetterRewards","Card Forge","Colored Map","Colored Powertips","Conspire","Downfall","Minty Spire (QoL Compilation)","Practice Mode","Quick Restart","Replay The Spire","Robot Space Explorer","Shade Mod","Spicy Shops","StSLib"],"gold_per_floor":[118,118,118,118,137,137,152,52,52,52,52,81,93,93,93,165,165,182,198,40,52,52,52,77,2,25,25,40,51,51,67,67,138,138,153,163,15,27,43,43,78,78,153,153,184,219,5,32,32,32],"floor_reached":51,"playtime":3359,"items_purged":["CommonCold","Strike_G","Strike_G"],"score":1275,"play_id":"848bd040-3664-4554-9ac3-212a3c13e2d3","local_time":"20201224013707","is_ascension_mode":true,"campfire_choices":[{"data":"Skewer","floor":6,"key":"SMITH"},{"data":"Neutralize","floor":11,"key":"SMITH"},{"data":"Prepared","floor":15,"key":"SMITH"},{"data":"Malaise","floor":23,"key":"SMITH"},{"floor":27,"key":"REST"},{"floor":32,"key":"REST"},{"floor":40,"key":"REST"},{"data":"Noxious Fumes","floor":42,"key":"SMITH"},{"floor":49,"key":"DIG"}],"circlet_count":0,"master_deck":["AscendersBane","Strike_G","Defend_G","Defend_G","Defend_G","Defend_G","Defend_G","Survivor+1","Neutralize+1","Skewer+1","expansioncontent:DashGenerateEvil","Blade Dance+1","Blade Dance+1","Well Laid Plans","PiercingWail","Neutralize+1","Prepared+1","Malaise+1","Backflip","Prepared","Noxious Fumes+1","Blade Dance","Poison Darts","ReplayTheSpireMod:Speed Training+1","Prepared","Noxious Fumes+1","Bandage Up","Accuracy+1","Cloak And Dagger","Tools of the Trade","Blade Dance+1","Footwork"],"relics":["Ring of the Serpent","Hammer of Thor","Seething Fire","Anvil of the Gods","ReplayTheSpireMod:CursedCoin","Matryoshka","Eternal Feather","Snake Skull","Akabeko","Paper Crane","InkBottle","Replay:Bottled Flurry","Black Star","Membership Card","Red Mask","MealTicket","conspire:DeflatedDodgeball","Replay:Towering Pillar of Hats","conspire:DecoderRing","Shovel","Basket Of Snakes","Nunchaku","Divine Protection","Orichalcum","Replay:Wax Seal"],"acts_visited":["Exordium","TheCity","TheBeyond"],"potions_floor_usage":[12,16,21,21,33,33,38,41,46,50],"damage_taken":[{"damage":0,"enemies":"Small Slimes","floor":1,"turns":2},{"damage":1,"enemies":"Cultist","floor":5,"turns":3},{"damage":0,"enemies":"Jaw Worm","floor":7,"turns":2},{"damage":5,"enemies":"Lagavulin","floor":12,"turns":3},{"damage":2,"enemies":"3 Louse","floor":13,"turns":3},{"damage":37,"enemies":"Fading Forest","floor":16,"turns":11},{"damage":0,"enemies":"Shell Parasite","floor":18,"turns":4},{"damage":0,"enemies":"Chosen","floor":19,"turns":4},{"damage":14,"enemies":"Shelled Parasite and Fungi","floor":21,"turns":5},{"damage":21,"enemies":"Masked Bandits","floor":24,"turns":5},{"damage":17,"enemies":"Snecko","floor":28,"turns":5},{"damage":6,"enemies":"Snake Plant","floor":29,"turns":6},{"damage":1,"enemies":"Cultist and Chosen","floor":31,"turns":6},{"damage":67,"enemies":"Collector","floor":33,"turns":10},{"damage":0,"enemies":"Orb Walker","floor":35,"turns":4},{"damage":0,"enemies":"3 Shapes","floor":36,"turns":3},{"damage":33,"enemies":"3 Darklings","floor":38,"turns":7},{"damage":11,"enemies":"Sphere and 2 Shapes","floor":39,"turns":4},{"damage":15,"enemies":"Reptomancer","floor":41,"turns":9},{"damage":9,"enemies":"conspire:MimicChest","floor":45,"turns":7},{"damage":17,"enemies":"Nemesis","floor":46,"turns":8},{"damage":40,"enemies":"conspire:OrnateMirror","floor":50,"turns":12}],"seed_played":"-8285648688336583110","potions_obtained":[{"floor":5,"key":"DistilledChaos"},{"floor":12,"key":"DuplicationPotion"},{"floor":16,"key":"Weak Potion"},{"floor":21,"key":"Fruit Juice"},{"floor":24,"key":"Dexterity Potion"},{"floor":28,"key":"SpeedPotion"},{"floor":29,"key":"DuplicationPotion"},{"floor":35,"key":"Adrenaline Potion"},{"floor":38,"key":"SkillPotion"},{"floor":45,"key":"Adrenaline Potion"}],"is_trial":false,"path_per_floor":["M","?","$","$","M","R","M","$","T","?","R","E","M","T","R","B",null,"M","M","$","M","$","R","?","?","T","R","M","M","?","M","R","B",null,"M","M","$","M","M","R","E","R","T","?","?","E","$","T","R","B",null],"character_chosen":"THE_SILENT","items_purchased":["Skewer","expansioncontent:DashGenerateEvil","ReplayTheSpireMod:CursedCoin","Matryoshka","Blade Dance","Eternal Feather","Membership Card","Noxious Fumes","Bandage Up","Footwork","Divine Protection","BlessingOfTheForge"],"campfire_rested":3,"item_purchase_floors":[0,0,0,0,0,0,20,37,37,47,47,47],"current_hp_per_floor":[59,59,59,59,58,66,66,66,66,66,66,61,64,64,66,29,57,57,57,57,48,48,60,39,39,39,71,54,48,48,47,71,4,54,54,54,69,40,33,69,56,71,71,71,66,53,68,68,71,37],"gold":32,"neow_bonus":"","is_daily":false,"chose_seed":false,"campfire_upgraded":5,"win_rate":0.0,"timestamp":1608773827,"path_taken":["M","?","?","$","M","R","M","$","T","?","R","E","?","?","R","BOSS","M","M","$","M","$","R","?","?","T","R","M","M","?","M","R","BOSS","M","M","$","M","M","R","E","R","T","?","?","E","$","?","R","BOSS"],"items_purchased_type":["Card","Card","Relic","Relic","Card","Relic","Relic","Card","Card","Card","Relic","Potion"],"build_version":"2020-12-22","purchased_purges":3,"victory":true,"max_hp_per_floor":[66,66,66,66,66,66,66,66,66,66,66,66,66,66,66,66,66,66,66,66,71,71,71,71,71,71,71,71,71,71,71,71,71,71,71,71,71,71,71,71,71,71,71,71,71,71,71,71,71,71],"card_choices":[{"not_picked":["Toxin Wave","Masterful Stab","Dagger Spray"],"picked":"SKIP","floor":1},{"not_picked":["Bane","Dagger Throw"],"picked":"Well Laid Plans","floor":5},{"not_picked":["Tactician","Poisoned Stab"],"picked":"PiercingWail","floor":7},{"not_picked":["Deflect","Poisoned Stab"],"picked":"Prepared","floor":12},{"not_picked":["ReplayTheSpireMod:Shiv Toss","Deflect","Blur"],"picked":"SKIP","floor":13},{"not_picked":["ReplayTheSpireMod:From All Sides","Glass Knife"],"picked":"Malaise","floor":16},{"not_picked":["Bane","Deadly Poison","Tactician"],"picked":"SKIP","floor":18},{"not_picked":["ReplayTheSpireMod:The Works","Poisoned Stab","Expertise+1"],"picked":"SKIP","floor":19},{"not_picked":["Sucker Punch","Heel Hook","ReplayTheSpireMod:From All Sides"],"picked":"SKIP","floor":21},{"not_picked":["Flying Knee","Deadly Poison"],"picked":"Backflip","floor":24},{"not_picked":["Acrobatics+1","PiercingWail"],"picked":"Prepared","floor":28},{"not_picked":["Hidden Blade","Draining Mist"],"picked":"Noxious Fumes","floor":29},{"not_picked":["Blur","Flying Knee"],"picked":"Blade Dance","floor":31},{"not_picked":["ReplayTheSpireMod:From All Sides","Envenom"],"picked":"Poison Darts","floor":33},{"not_picked":["Quick Slash","Reflex"],"picked":"ReplayTheSpireMod:Speed Training+1","floor":35},{"not_picked":["Underhanded Strike+1","Deflect+1"],"picked":"Prepared","floor":36},{"not_picked":["Dodge and Roll","conspire:PoisonWeapons"],"picked":"Accuracy+1","floor":38},{"not_picked":["Outmaneuver","Slice","Quick Slash+1"],"picked":"SKIP","floor":39},{"not_picked":["Backflip","Masterful Stab"],"picked":"Cloak And Dagger","floor":41},{"not_picked":["Caltrops","Underhanded Strike+1"],"picked":"Tools of the Trade","floor":45},{"not_picked":["Dodge and Roll+1","Prepared"],"picked":"Blade Dance+1","floor":46}],"player_experience":2424182,"relics_obtained":[{"floor":9,"key":"Snake Skull"},{"floor":9,"key":"Akabeko"},{"floor":12,"key":"Paper Crane"},{"floor":14,"key":"InkBottle"},{"floor":14,"key":"Replay:Bottled Flurry"},{"floor":24,"key":"Red Mask"},{"floor":26,"key":"MealTicket"},{"floor":41,"key":"conspire:DeflatedDodgeball"},{"floor":41,"key":"Replay:Towering Pillar of Hats"},{"floor":43,"key":"conspire:DecoderRing"},{"floor":45,"key":"Shovel"},{"floor":46,"key":"Basket Of Snakes"},{"floor":46,"key":"Nunchaku"},{"floor":48,"key":"Orichalcum"},{"floor":49,"key":"Replay:Wax Seal"}],"event_choices":[{"cards_removed":["Strike_G"],"damage_healed":0,"gold_gain":0,"player_choice":"Offered Basic","damage_taken":0,"max_hp_gain":0,"max_hp_loss":0,"event_name":"Bonfire Elementals","floor":2,"gold_loss":0},{"damage_healed":0,"gold_gain":0,"player_choice":"1 cards matched","damage_taken":0,"max_hp_gain":0,"max_hp_loss":0,"event_name":"Match and Keep!","floor":10,"gold_loss":0,"cards_obtained":["Neutralize"]},{"damage_healed":0,"gold_gain":0,"player_choice":"Fought Bandits","damage_taken":0,"max_hp_gain":0,"max_hp_loss":0,"event_name":"Masked Bandits","floor":24,"gold_loss":0},{"cards_removed":["Strike_G"],"damage_healed":0,"gold_gain":0,"player_choice":"Gave Gold","damage_taken":0,"max_hp_gain":0,"max_hp_loss":0,"event_name":"Beggar","floor":25,"gold_loss":75},{"damage_healed":0,"gold_gain":0,"player_choice":"Ignored","damage_taken":0,"max_hp_gain":0,"max_hp_loss":0,"event_name":"Vampires","floor":30,"gold_loss":0}],"is_beta":false,"boss_relics":[{"not_picked":["Tiny House","Busted Crown"],"picked":"Black Star"},{"not_picked":["SacredBark","conspire:RoyalGoblet"],"picked":"Ring of the Serpent"}],"items_purged_floors":[0,8,37],"is_endless":false,"potions_floor_spawned":[5,12,16,21,24,28,29,35,38,45],"ascension_level":16}}