{"host":"99ad87xtd5ypi7ii","time":1608814039,"event":{"mods":["BaseMod","Hermit","Highlight Path","Marisa????????","Minty Spire (QoL Compilation)","Robot Space Explorer","StSLib","The Bladedancer","The Construct","The Cursed","The Disciple","The Gatherer","The Hierophant","The Runesmith","The Servant 0.9.4","TheVacant"],"gold_per_floor":[113,128,128,154,171,171,185,200,224,0,17,36,36,53,53,150,150,168,93,93,109,121,121,121,121],"floor_reached":24,"playtime":1563,"items_purged":[],"score":192,"play_id":"a23c1eb7-bb1d-4b2a-b72a-4561455f188e","local_time":"20201224134719","is_ascension_mode":false,"campfire_choices":[{"data":"Panacea","floor":6,"key":"SMITH"},{"floor":13,"key":"REST"},{"data":"hermit:Snipe","floor":15,"key":"SMITH"},{"floor":23,"key":"REST"}],"circlet_count":0,"master_deck":["hermit:Strike_Hermit","hermit:Strike_Hermit","hermit:Strike_Hermit","hermit:Defend_Hermit","hermit:Defend_Hermit","hermit:Defend_Hermit","hermit:Defend_Hermit","hermit:Snapshot","hermit:Covet","Panacea+1","hermit:Snipe+1","hermit:BigShot","hermit:Vantage","hermit:LoneWolf","hermit:Enervate","hermit:TakeAim","hermit:BigShot","hermit:EternalForm","hermit:DeadMansHand+1"],"relics":["hermit:Momento","Smiling Mask","Lantern","Centennial Puzzle","Regal Pillow","Runic Pyramid","CultistMask"],"acts_visited":["Exordium","TheCity"],"potions_floor_usage":[11,11,12,14,21,22,22],"damage_taken":[{"damage":5,"enemies":"Small Slimes","floor":1,"turns":5},{"damage":11,"enemies":"Jaw Worm","floor":2,"turns":5},{"damage":6,"enemies":"Cultist","floor":5,"turns":3},{"damage":0,"enemies":"2 Fungi Beasts","floor":7,"turns":4},{"damage":0,"enemies":"Large Slime","floor":8,"turns":6},{"damage":0,"enemies":"Lots of Slimes","floor":11,"turns":5},{"damage":7,"enemies":"Blue Slaver","floor":12,"turns":6},{"damage":16,"enemies":"3 Louse","floor":14,"turns":4},{"damage":21,"enemies":"The Guardian","floor":16,"turns":9},{"damage":23,"enemies":"Shell Parasite","floor":18,"turns":8},{"damage":0,"enemies":"Chosen","floor":21,"turns":6},{"damage":27,"enemies":"3 Cultists","floor":22,"turns":8},{"damage":9,"enemies":"Gremlin Leader","floor":24,"turns":2}],"seed_played":"-6601063295241931366","potions_obtained":[{"floor":1,"key":"EssenceOfSteel"},{"floor":5,"key":"hermit:Tonic"},{"floor":7,"key":"Fire Potion"},{"floor":11,"key":"PowerPotion"},{"floor":14,"key":"FearPotion"},{"floor":18,"key":"SpeedPotion"},{"floor":21,"key":"SpeedPotion"}],"is_trial":false,"path_per_floor":["M","M","?","T","M","R","M","M","T","$","M","M","R","M","R","B",null,"M","?","?","M","M","R","E"],"character_chosen":"HERMIT","items_purchased":["hermit:TakeAim","Regal Pillow"],"campfire_rested":2,"item_purchase_floors":[10,10],"current_hp_per_floor":[70,59,47,47,41,41,41,41,41,41,41,34,71,55,55,34,75,52,52,52,52,25,62,53,53],"gold":121,"neow_bonus":"RANDOM_COLORLESS","is_daily":false,"chose_seed":false,"campfire_upgraded":2,"win_rate":0.0,"timestamp":1608814039,"path_taken":["M","M","?","?","?","R","M","M","T","$","M","M","R","M","R","BOSS","M","?","?","M","?","R","E"],"items_purchased_type":["Card","Relic"],"build_version":"2020-12-22","purchased_purges":0,"victory":false,"max_hp_per_floor":[75,75,75,75,75,75,75,75,75,75,75,75,75,75,75,75,75,75,75,75,75,75,75,75,75],"card_choices":[{"not_picked":["Finesse","Flash of Steel"],"picked":"Panacea","floor":0},{"not_picked":["hermit:Combo","hermit:BodyArmor"],"picked":"hermit:Snipe","floor":1},{"not_picked":["hermit:Dive","hermit:Headshot"],"picked":"hermit:BigShot","floor":2},{"not_picked":["hermit:CursedWeapon","hermit:Grudge"],"picked":"hermit:Vantage","floor":5},{"not_picked":["hermit:Manifest","hermit:WideOpen"],"picked":"hermit:LoneWolf","floor":7},{"not_picked":["hermit:ShadowCloak","hermit:LowProfile"],"picked":"hermit:Enervate","floor":8},{"not_picked":["hermit:CalledShot","hermit:Malice","hermit:Maintenance"],"picked":"SKIP","floor":11},{"not_picked":["hermit:NoHoldsBarred","hermit:Misfire","hermit:Ricochet"],"picked":"SKIP","floor":12},{"not_picked":["hermit:Grudge","hermit:CursedWeapon"],"picked":"hermit:BigShot","floor":14},{"not_picked":["hermit:DeadOrAlive","hermit:Magnum"],"picked":"hermit:EternalForm","floor":16},{"not_picked":["hermit:LuckOfTheDraw+1","hermit:BodyArmor"],"picked":"hermit:DeadMansHand+1","floor":18},{"not_picked":["hermit:DeadMansHand+1","hermit:Roulette","hermit:Desperado"],"picked":"SKIP","floor":21},{"not_picked":["hermit:ItchyTrigger","hermit:Glare","hermit:TrackingShot+1"],"picked":"SKIP","floor":22}],"player_experience":840732,"relics_obtained":[{"floor":4,"key":"Lantern"},{"floor":9,"key":"Centennial Puzzle"}],"event_choices":[{"damage_healed":0,"gold_gain":0,"player_choice":"Success","damage_taken":12,"relics_obtained":["Smiling Mask"],"max_hp_gain":0,"max_hp_loss":0,"event_name":"Scrap Ooze","floor":3,"gold_loss":0},{"cards_removed":["hermit:Strike_Hermit"],"damage_healed":0,"gold_gain":0,"player_choice":"Gave Gold","damage_taken":0,"max_hp_gain":0,"max_hp_loss":0,"event_name":"Beggar","floor":19,"gold_loss":75},{"damage_healed":0,"gold_gain":0,"player_choice":"Trade","damage_taken":0,"relics_obtained":["CultistMask"],"max_hp_gain":0,"max_hp_loss":0,"event_name":"FaceTrader","floor":20,"gold_loss":0}],"is_beta":false,"boss_relics":[{"not_picked":["SlaversCollar","Philosopher\u0027s Stone"],"picked":"Runic Pyramid"}],"items_purged_floors":[],"is_endless":false,"potions_floor_spawned":[1,5,7,11,14,18,21],"killed_by":"Gremlin Leader","ascension_level":0}}