{"host":"njruw0b0uprlitpx","time":1608790846,"event":{"mods":["2.2 Compatiblity","Astrologer","Bartender","BaseMod","Better Altar","Better Match","Better Note","Better Sensory Stone","Better Skull","Better Third Choice","BetterRewards","Block Reminder","Chen","Colored Map","Colored Powertips","Gremlin Mod","Hermit","Jedi Mod","Keyboard Shortcuts","Minty Spire (QoL Compilation)","Quick Restart","Relic Stats","Replay The Spire","SacredBarkPlus","Spicy Shops","StSLib","SuperFastMode","The Construct","The Cursed","The Marked","The Mystic","The Necromancer","The Spell Scribe"],"gold_per_floor":[111,125,125,125,193,220,220,246,246,246,262,50,50,66,66,163,163,178,178,192,36,51,62,2,13,37,37,52,52,67,92,92,192,192,212,229,280,298,309,341,341,42,42,42,61,61,81,81,81,81],"floor_reached":51,"playtime":2274,"items_purged":["Strike_Bartender"],"score":1428,"play_id":"851e1028-c5dd-4d44-819f-d2a7ae96ce97","local_time":"20201224002046","is_ascension_mode":true,"campfire_choices":[{"floor":7,"key":"REST"},{"floor":10,"key":"REST"},{"floor":15,"key":"REST"},{"floor":29,"key":"REST"},{"floor":32,"key":"REST"},{"data":"Raptor_Form","floor":44,"key":"SMITH"},{"data":"OpoOpo_Form","floor":46,"key":"SMITH"},{"data":"Momentum","floor":49,"key":"SMITH"}],"circlet_count":0,"master_deck":["Strike_Bartender","Strike_Bartender","Defend_Bartender+1","Defend_Bartender+1","Defend_Bartender+1","Defend_Bartender","Somersault","Rope_A_Dope","Dancing_Jab","Meteodrive","Bouncer","Momentum+1","Ball_Of_Ice","Rising_Crane","Form_Shift+1","Breathe_Deep+1","Raptor_Form+1","Windup","CurseOfTheBell","Power_Up_Punch+1","Cross+1","Moonsault_Kick+1","Wall_of_Ice","Foot_Thrust+1","OpoOpo_Form+1","Dolphin_Blow+1","ThreeSidedStar+1","Looming Evil","Axe_Heel_Kick+1","Stick_and_Move+1","AscendersBane","Dolphin_Blow+1","ReplayTheSpireMod:Restless Dread","OpoOpo_Form+1","Meteodrive+1","Scowl"],"relics":["Sneakers","Pocketwatch","Bag of Preparation","Singing Bowl","Shuriken","Pen Nib","Iron Hammer","Mercury Hourglass","Choco_Feather","StoneCalendar","Guide Book","betterThird:SlimedRelic","Calling Bell","Nunchaku","Molten Egg 2","CaptainsWheel","ReplayTheSpireMod:Lightbulb","Mummified Hand","Incense Burner","Cursed Key","MealTicket","War Paint","Calipers","jedi:archwizardhat"],"acts_visited":["Exordium","TheCity","TheBeyond"],"potions_floor_usage":[6,6,8,16,22,33,45,45,50,50],"damage_taken":[{"damage":6,"enemies":"Cultist","floor":1,"turns":3},{"damage":1,"enemies":"2 Louse","floor":2,"turns":3},{"damage":29,"enemies":"Gremlin Nob","floor":6,"turns":4},{"damage":10,"enemies":"3 Sentries","floor":8,"turns":3},{"damage":4,"enemies":"Jaw Worm","floor":11,"turns":2},{"damage":14,"enemies":"Exordium Wildlife","floor":14,"turns":2},{"damage":13,"enemies":"Hexaghost","floor":16,"turns":5},{"damage":0,"enemies":"2 Thieves","floor":18,"turns":3},{"damage":0,"enemies":"3 Byrds","floor":20,"turns":3},{"damage":26,"enemies":"Shelled Parasite and Fungi","floor":22,"turns":4},{"damage":14,"enemies":"Sentry and Sphere","floor":23,"turns":4},{"damage":0,"enemies":"Centurion and Healer","floor":25,"turns":5},{"damage":11,"enemies":"Snecko","floor":28,"turns":3},{"damage":2,"enemies":"Shelled Parasite and Fungi","floor":30,"turns":3},{"damage":0,"enemies":"Book of Stabbing","floor":31,"turns":3},{"damage":0,"enemies":"Automaton","floor":33,"turns":7},{"damage":9,"enemies":"3 Darklings","floor":35,"turns":4},{"damage":0,"enemies":"Orb Walker","floor":36,"turns":2},{"damage":0,"enemies":"Transient","floor":38,"turns":5},{"damage":0,"enemies":"Maw","floor":39,"turns":4},{"damage":0,"enemies":"Nemesis","floor":40,"turns":3},{"damage":3,"enemies":"Writhing Mass","floor":45,"turns":2},{"damage":0,"enemies":"Transient","floor":47,"turns":5},{"damage":16,"enemies":"Time Eater","floor":50,"turns":4}],"seed_played":"4121541357927791008","potions_obtained":[{"floor":1,"key":"jedi:tentaclejuice"},{"floor":14,"key":"Explosive Potion"},{"floor":16,"key":"Dexterity Potion"},{"floor":22,"key":"Block Potion"},{"floor":30,"key":"Fire Potion"},{"floor":31,"key":"jedi:hoardpotion"},{"floor":36,"key":"LiquidBronze"},{"floor":39,"key":"LifebloodPotion"},{"floor":40,"key":"FearPotion"},{"floor":47,"key":"PowerPotion"}],"is_trial":false,"path_per_floor":["M","M","?","?","T","E","R","E","T","R","M","$","?","M","R","B",null,"M","?","M","$","M","M","?","M","T","?","M","R","M","E","R","B",null,"M","M","T","M","M","E","?","$","T","R","M","R","M","?","R","B",null],"character_chosen":"BARTENDER","items_purchased":["Bag of Preparation","Singing Bowl","Rope_A_Dope","PowerPotion","Shuriken","Dancing_Jab","Meteodrive","Pen Nib","Bouncer","Form_Shift","Breathe_Deep","Guide Book","Moonsault_Kick+1","Calipers"],"campfire_rested":5,"item_purchase_floors":[0,0,0,0,0,0,0,0,0,12,12,12,21,42],"current_hp_per_floor":[57,56,56,56,56,27,48,40,40,61,59,59,48,34,56,43,66,66,66,66,66,40,26,26,28,28,28,19,42,42,42,66,66,77,70,70,70,72,72,72,72,84,84,84,81,81,81,81,81,65],"gold":81,"neow_bonus":"","is_daily":false,"chose_seed":false,"campfire_upgraded":3,"win_rate":0.0,"timestamp":1608790846,"path_taken":["M","?","?","?","?","E","R","E","T","R","?","$","?","M","R","BOSS","M","?","?","$","M","M","?","M","T","?","M","R","M","E","R","BOSS","M","?","?","M","?","E","?","$","T","R","M","R","M","?","R","BOSS"],"items_purchased_type":["Relic","Relic","Card","Potion","Relic","Card","Card","Relic","Card","Card","Card","Relic","Card","Relic"],"build_version":"2020-12-22","purchased_purges":1,"victory":true,"max_hp_per_floor":[70,70,70,70,70,70,70,72,72,72,74,74,74,74,74,74,74,74,74,74,74,74,74,74,76,76,76,78,78,80,80,80,80,80,82,82,82,84,84,84,84,84,84,84,84,84,84,84,84,84],"relic_stats":{"Singing Bowl":14,"counters":[4,13],"StoneCalendar":[34],"Pen Nib":[25],"Bag of Preparation":[48],"War Paint":["Defend_Bartender","Defend_Bartender"],"Cursed Key":4,"Mercury Hourglass":[274],"Nunchaku":[20],"Shuriken":[58],"Mummified Hand":[95],"MealTicket":12,"obtain_stats":[{"Calipers":42,"Gremlin:GremlinKnob":0,"jedi:archwizardhat":43},{"Calipers":1,"Gremlin:GremlinKnob":0,"jedi:archwizardhat":1},{"Calipers":2,"Gremlin:GremlinKnob":0,"jedi:archwizardhat":2}],"Pocketwatch":[48]},"card_choices":[{"not_picked":["Power_Up_Punch","Coeurl_Form"],"picked":"Momentum","floor":1},{"not_picked":["Bitters","Foot_Thrust"],"picked":"Ball_Of_Ice","floor":2},{"not_picked":["Stick_and_Move","Scoop"],"picked":"Rising_Crane","floor":6},{"not_picked":["Dancing_Jab","On_The_Rocks","Free_Pour"],"picked":"Singing Bowl","floor":8},{"not_picked":["Rising_Crane","Free_Pour","Bloodbath_Bartender"],"picked":"Singing Bowl","floor":11},{"not_picked":["Vortex","Greased_Lightning"],"picked":"Raptor_Form","floor":14},{"not_picked":["Storage","Breathe_Deep"],"picked":"Windup","floor":16},{"not_picked":["Stick_and_Move+1","Torment"],"picked":"Power_Up_Punch+1","floor":18},{"not_picked":["Dragonkick+1","Fight_Dirty"],"picked":"Cross+1","floor":20},{"not_picked":["Coeurl_Form","Foot_Thrust+1"],"picked":"Wall_of_Ice","floor":22},{"not_picked":["Bitters+1","Rising_Crane+1"],"picked":"Foot_Thrust+1","floor":23},{"not_picked":["Well_Drinks","Rising_Crane+1","Foot_Thrust+1"],"picked":"Singing Bowl","floor":25},{"not_picked":["Spirits_Within","Bitters","Ripple+1"],"picked":"Singing Bowl","floor":28},{"not_picked":["Center_Self","Ball_Of_Ice","Bitters"],"picked":"Singing Bowl","floor":30},{"not_picked":["Center_Self","Elbow_Slash+1"],"picked":"OpoOpo_Form","floor":31},{"not_picked":["Patience","Top_Shelf"],"picked":"Dolphin_Blow+1","floor":33},{"not_picked":["With_A_Twist","Rising_Crane+1","Rope_A_Dope"],"picked":"Singing Bowl","floor":35},{"not_picked":["Bitters+1","Dragonkick+1"],"picked":"ThreeSidedStar+1","floor":36},{"not_picked":["Meditate","Snap_Punch+1","Free_Pour"],"picked":"Singing Bowl","floor":38},{"not_picked":["Sucker_Punch+1","Perfect_Balance"],"picked":"Axe_Heel_Kick+1","floor":39},{"not_picked":["Fading_Blow+1","Ball_Of_Ice+1"],"picked":"Stick_and_Move+1","floor":40},{"not_picked":["With_A_Twist+1","Bitters"],"picked":"OpoOpo_Form+1","floor":45},{"not_picked":["Dragonkick+1","With_A_Twist+1"],"picked":"Meteodrive+1","floor":47}],"player_experience":1782546,"relics_obtained":[{"floor":5,"key":"Iron Hammer"},{"floor":6,"key":"Mercury Hourglass"},{"floor":8,"key":"Choco_Feather"},{"floor":9,"key":"StoneCalendar"},{"floor":17,"key":"Nunchaku"},{"floor":17,"key":"Molten Egg 2"},{"floor":17,"key":"CaptainsWheel"},{"floor":26,"key":"ReplayTheSpireMod:Lightbulb"},{"floor":31,"key":"Incense Burner"},{"floor":37,"key":"MealTicket"},{"floor":40,"key":"War Paint"},{"floor":43,"key":"jedi:archwizardhat"}],"event_choices":[{"damage_healed":0,"gold_gain":0,"player_choice":"Slimed","damage_taken":11,"max_hp_gain":1,"max_hp_loss":0,"event_name":"betterThird:BetterGoop","floor":13,"gold_loss":0},{"cards_removed":["Momentum"],"damage_healed":0,"gold_gain":0,"player_choice":"Give","damage_taken":0,"max_hp_gain":0,"max_hp_loss":0,"event_name":"betterNote:BetterNote","floor":19,"gold_loss":0,"cards_obtained":["None"]},{"damage_healed":0,"gold_gain":3,"player_choice":"3","damage_taken":0,"max_hp_gain":0,"max_hp_loss":0,"event_name":"betterStone:BetterStone","floor":41,"gold_loss":0,"cards_obtained":["Dolphin_Blow"]},{"damage_healed":0,"gold_gain":0,"cards_transformed":["Strike_Bartender"],"player_choice":"Transformed","damage_taken":0,"max_hp_gain":0,"max_hp_loss":0,"event_name":"Transmorgrifier","floor":48,"gold_loss":0,"cards_obtained":["Scowl"]}],"is_beta":false,"boss_relics":[{"not_picked":["SacredBark","jedi:battlestandard"],"picked":"Calling Bell"},{"not_picked":["Pandora\u0027s Box","SlaversCollar"],"picked":"Cursed Key"}],"items_purged_floors":[0],"is_endless":false,"potions_floor_spawned":[1,14,16,22,30,31,36,39,40,47],"ascension_level":7}}