{"host":"egyxg9lnjq7g2hmw","time":1608777057,"event":{"mods":["AchievementEnabler","BaseMod","Block Reminder","Colored Map","Colored Powertips","Highlight Path","Minty Spire (QoL Compilation)","Rare Cards Sparkle","StSLib"],"gold_per_floor":[118,118,135,149,167,193,193,211,211,50,50,68,68,97,97,171,171,187,112,112,124,7,7,41,41,41,58,58,58,58,72,72,72,72],"floor_reached":33,"playtime":1199,"items_purged":["Strike_G+1"],"score":550,"play_id":"34d3031f-e51a-4716-9432-54595bdf250c","local_time":"20201223183057","is_ascension_mode":true,"campfire_choices":[{"data":"Bouncing Flask","floor":7.0,"key":"SMITH"},{"data":"Footwork","floor":11.0,"key":"SMITH"},{"floor":13.0,"key":"REST"},{"data":"Setup","floor":15.0,"key":"SMITH"},{"data":"Burst","floor":23,"key":"SMITH"},{"floor":29,"key":"DIG"},{"floor":32,"key":"DIG"}],"circlet_count":0,"master_deck":["AscendersBane","Strike_G+1","Strike_G+1","Strike_G+1","Defend_G+1","Defend_G+1","Defend_G+1","Defend_G+1","Defend_G+1","Survivor","Neutralize+1","Deadly Poison","Poisoned Stab","Bouncing Flask+1","Footwork+1","Outmaneuver","Setup+1","Backstab","Burst+1","Masterful Stab","Flechettes+1","Footwork","Bane","Bouncing Flask","Ghostly","Ghostly","Ghostly","Bane"],"relics":["Ring of the Snake","Whetstone","Oddly Smooth Stone","Orichalcum","Bag of Marbles","Coffee Dripper","Matryoshka","PreservedInsect","Shovel","Mercury Hourglass","FossilizedHelix"],"acts_visited":["Exordium","TheCity"],"potions_floor_usage":[33,33],"damage_taken":[{"damage":12.0,"enemies":"Jaw Worm","floor":1.0,"turns":8.0},{"damage":3.0,"enemies":"2 Louse","floor":3.0,"turns":3.0},{"damage":0.0,"enemies":"Small Slimes","floor":4.0,"turns":3.0},{"damage":9.0,"enemies":"Exordium Thugs","floor":5.0,"turns":5.0},{"damage":8.0,"enemies":"Lagavulin","floor":6.0,"turns":6.0},{"damage":7.0,"enemies":"3 Louse","floor":8.0,"turns":4.0},{"damage":6.0,"enemies":"Lots of Slimes","floor":12.0,"turns":3.0},{"damage":2.0,"enemies":"Gremlin Nob","floor":14.0,"turns":3.0},{"damage":9.0,"enemies":"Hexaghost","floor":16.0,"turns":8.0},{"damage":10,"enemies":"Spheric Guardian","floor":18,"turns":4},{"damage":4,"enemies":"2 Thieves","floor":21,"turns":4},{"damage":32,"enemies":"Book of Stabbing","floor":24,"turns":5},{"damage":12,"enemies":"Centurion and Healer","floor":27,"turns":6},{"damage":0,"enemies":"Cultist and Chosen","floor":31,"turns":4},{"damage":15,"enemies":"Collector","floor":33,"turns":7}],"seed_played":"-5011427339865572417","potions_obtained":[{"floor":1.0,"key":"LiquidMemories"},{"floor":5.0,"key":"Weak Potion"},{"floor":6.0,"key":"Explosive Potion"},{"floor":8.0,"key":"Swift Potion"},{"floor":24,"key":"Strength Potion"},{"floor":27,"key":"ColorlessPotion"}],"is_trial":false,"path_per_floor":["M","?","M","M","M","E","R","M","T","$","R","M","R","E","R","B",null,"M","?","?","M","$","R","E","$","T","M","$","R","?","M","R","B"],"character_chosen":"THE_SILENT","items_purchased":["Orichalcum","Footwork"],"campfire_rested":1,"item_purchase_floors":[10,22],"current_hp_per_floor":[53,53,50,50,41,33,33,26,26,26,26,20,41,39,39,30,62,52,52,52,48,48,48,16,16,16,4,4,4,4,4,4,0,0],"gold":72,"neow_bonus":"TEN_PERCENT_HP_BONUS","is_daily":false,"chose_seed":false,"campfire_upgraded":4,"win_rate":0.0,"timestamp":1608777057,"path_taken":["M","?","M","M","M","E","R","M","T","$","R","M","R","E","R","BOSS","M","?","?","M","$","R","E","?","T","M","$","R","?","M","R","BOSS"],"items_purchased_type":["Relic","Card"],"build_version":"2020-12-22","purchased_purges":1,"victory":false,"max_hp_per_floor":[72,72,72,72,72,72,72,72,72,72,72,72,72,72,72,72,72,72,72,72,72,72,72,72,72,72,72,72,72,36,36,36,36,36],"card_choices":[{"not_picked":["Blur","Deflect"],"picked":"Deadly Poison","floor":1.0},{"not_picked":["Endless Agony","Sucker Punch"],"picked":"Poisoned Stab","floor":3.0},{"not_picked":["Quick Slash","Blade Dance"],"picked":"Bouncing Flask","floor":4.0},{"not_picked":["Backflip","Prepared"],"picked":"Footwork","floor":5.0},{"not_picked":["Phantasmal Killer","Expertise"],"picked":"Outmaneuver","floor":6.0},{"not_picked":["Concentrate","Dash"],"picked":"Setup","floor":8.0},{"not_picked":["Flying Knee","Acrobatics"],"picked":"Backstab","floor":12.0},{"not_picked":["Footwork","Tactician","Dagger Throw"],"picked":"SKIP","floor":14.0},{"not_picked":["Malaise","Doppelganger"],"picked":"Burst","floor":16.0},{"not_picked":["Underhanded Strike","Deflect"],"picked":"Masterful Stab","floor":18},{"not_picked":["Outmaneuver","Cloak And Dagger"],"picked":"Flechettes+1","floor":21},{"not_picked":["Sucker Punch","Outmaneuver"],"picked":"Bane","floor":24},{"not_picked":["Dagger Throw","Slice"],"picked":"Bouncing Flask","floor":27},{"not_picked":["A Thousand Cuts","Distraction"],"picked":"Bane","floor":31}],"player_experience":577158,"relics_obtained":[{"floor":6.0,"key":"Whetstone"},{"floor":9.0,"key":"Oddly Smooth Stone"},{"floor":14.0,"key":"Bag of Marbles"},{"floor":24,"key":"Matryoshka"},{"floor":26,"key":"PreservedInsect"},{"floor":26,"key":"Shovel"},{"floor":29,"key":"Mercury Hourglass"},{"floor":32,"key":"FossilizedHelix"}],"event_choices":[{"damage_healed":0.0,"max_hp_gain":0.0,"max_hp_loss":0.0,"gold_gain":0.0,"event_name":"Liars Game","player_choice":"Ignored","floor":2.0,"gold_loss":0.0,"damage_taken":0.0},{"cards_removed":["Strike_G"],"damage_healed":0,"gold_gain":0,"player_choice":"Gave Gold","damage_taken":0,"max_hp_gain":0,"max_hp_loss":0,"event_name":"Beggar","floor":19,"gold_loss":75},{"damage_healed":0,"gold_gain":0,"player_choice":"Simplicity","damage_taken":0,"max_hp_gain":0,"max_hp_loss":0,"event_name":"Back to Basics","floor":20,"gold_loss":0,"cards_upgraded":["Strike_G","Strike_G","Strike_G","Defend_G","Defend_G","Defend_G","Defend_G","Defend_G"]},{"damage_healed":0,"gold_gain":0,"player_choice":"Became a Ghost","damage_taken":0,"max_hp_gain":0,"max_hp_loss":36,"event_name":"Ghosts","floor":30,"gold_loss":0,"cards_obtained":["Ghostly","Ghostly","Ghostly"]}],"is_beta":false,"boss_relics":[{"not_picked":["Busted Crown","Fusion Hammer"],"picked":"Coffee Dripper"}],"items_purged_floors":[22],"is_endless":false,"potions_floor_spawned":[1,5,6,8,24,27],"killed_by":"Collector","ascension_level":20}}