{"host":"htqwg582tjjtn9p7","time":1608830366,"event":{"mods":["2.2 Compatiblity","AchievementEnabler","Act Like it!","Aspiration","BaseMod","Better Third Choice","Colored Map","Conspire","Curses Come First","Displayed Cursed Tome","Energized Spire","Force Act Four","GifTheSpireLib","Hermit","Highlight Path","JesterMod","Mad Scientist","Minty Spire (QoL Compilation)","Pale of the Ancients","Permanent Neow","Random Character Button","Relic Stats","Replay The Spire","Robot Space Explorer","Somnambulant","Spicy Shops","Spikes Relics","StSLib","Stuff the Spire","The Blue Laboratory","The Disciple","The Dragon Tamer","The Forsaken","The Gatherer","The Judge","The Jungle","The Marked","The Runesmith","The Servant 0.9.4"],"gold_per_floor":[116,116,127,146,146,146,146,171,171,197,197,228,242,262,262,341,341,361,361,396,412,430,430,430],"floor_reached":23,"playtime":983,"items_purged":[],"score":369,"play_id":"81a746c2-134d-4533-8e0c-7f28ea21500a","local_time":"20201224181926","is_ascension_mode":true,"campfire_choices":[{"data":"Bash","floor":6,"key":"SMITH"},{"floor":11,"key":"REST"},{"data":"Fire Breathing","floor":15,"key":"SMITH"}],"circlet_count":0,"master_deck":["AscendersBane","Strike_R+1","Strike_R+1","Strike_R+1","Strike_R+1","Defend_R+1","Defend_R+1","Defend_R+1","Defend_R+1","Bash+1","True Grit","StuffTheSpire:Slingshot","Fire Breathing+1","StuffTheSpire:Innocence","Heavy Blade+1","Feel No Pain","Evolve","Uppercut","Shrug It Off","True Grit","conspire:Purge","StuffTheSpire:Incineration","Hemogenesis","Spot Weakness"],"relics":["Burning Blood","Ginger","Ring of Panic","Iron Hammer","StuffTheSpire:CocoNut","Mercury Hourglass","StuffTheSpire:EmeraldSignet","aspiration:RunicSpoon","ReplayTheSpireMod:TigerMarble"],"acts_visited":["Exordium","TheCity"],"potions_floor_usage":[8],"damage_taken":[{"damage":3,"enemies":"Small Slimes","floor":1,"turns":3},{"damage":6,"enemies":"2 Louse","floor":3,"turns":3},{"damage":11,"enemies":"Jaw Worm","floor":4,"turns":4},{"damage":28,"enemies":"Gremlin Nob","floor":8,"turns":5},{"damage":22,"enemies":"3 Sentries","floor":10,"turns":5},{"damage":9,"enemies":"Lagavulin","floor":12,"turns":7},{"damage":2,"enemies":"Lots of Slimes","floor":13,"turns":3},{"damage":9,"enemies":"2 Fungi Beasts","floor":14,"turns":2},{"damage":11,"enemies":"Slime Boss","floor":16,"turns":7},{"damage":24,"enemies":"3 Byrds","floor":18,"turns":4},{"damage":24,"enemies":"conspire:MimicChest","floor":20,"turns":7},{"damage":5,"enemies":"conspire:FuzzyDice","floor":21,"turns":6},{"damage":15,"enemies":"conspire:HollyBat","floor":22,"turns":9},{"damage":54,"enemies":"Book of Stabbing","floor":23,"turns":6}],"seed_played":"-822009561007509141","potions_obtained":[{"floor":1,"key":"blueLaboratory:HorrorPotion"},{"floor":12,"key":"blueLaboratory:RememoryPotion"},{"floor":13,"key":"blueLaboratory:ConflagurationPotion"},{"floor":16,"key":"Doom Potion"}],"is_trial":false,"path_per_floor":["M","?","M","M","?","R","?","E","T","E","R","E","M","M","R","B",null,"M","?","?","M","M","E"],"character_chosen":"IRONCLAD","items_purchased":[],"campfire_rested":1,"item_purchase_floors":[],"current_hp_per_floor":[71,71,71,66,56,56,56,34,41,25,49,46,54,51,51,46,73,55,55,39,44,44,0,0],"gold":430,"neow_bonus":"RANDOM_EVENT","is_daily":false,"chose_seed":false,"campfire_upgraded":2,"win_rate":0.0,"timestamp":1608830366,"path_taken":["M","?","M","M","?","R","?","E","T","E","R","E","M","M","R","BOSS","M","?","?","M","?","E"],"items_purchased_type":[],"build_version":"2020-12-22","purchased_purges":0,"victory":false,"max_hp_per_floor":[75,75,75,75,75,75,75,75,82,82,82,82,82,82,82,82,82,82,82,82,82,82,82,82],"relic_stats":{"counters":[14,68],"aspiration:RunicSpoon":[28],"Ginger":[14],"obtain_stats":[{"aspiration:RunicSpoon":17,"StuffTheSpire:CocoNut":9,"Iron Hammer":8,"StuffTheSpire:EmeraldSignet":12,"ReplayTheSpireMod:TigerMarble":20,"Ginger":0,"Ring of Panic":2,"Burning Blood":0,"Mercury Hourglass":10},{"aspiration:RunicSpoon":9,"StuffTheSpire:CocoNut":4,"Iron Hammer":4,"StuffTheSpire:EmeraldSignet":6,"ReplayTheSpireMod:TigerMarble":11,"Ginger":0,"Ring of Panic":1,"Burning Blood":0,"Mercury Hourglass":5},{"aspiration:RunicSpoon":37,"StuffTheSpire:CocoNut":15,"Iron Hammer":15,"StuffTheSpire:EmeraldSignet":26,"ReplayTheSpireMod:TigerMarble":48,"Ginger":0,"Ring of Panic":3,"Burning Blood":0,"Mercury Hourglass":20}],"Burning Blood":78,"Mercury Hourglass":[188]},"card_choices":[{"not_picked":["Uppercut","StuffTheSpire:Slingshot"],"picked":"True Grit","floor":1},{"not_picked":["Run Through","Anger"],"picked":"StuffTheSpire:Slingshot","floor":3},{"not_picked":["Run Through","Heavy Blade"],"picked":"Fire Breathing","floor":4},{"not_picked":["Thunderclap","Body Slam"],"picked":"Feel No Pain","floor":8},{"not_picked":["Replay:Undeath\u0027s Touch","Searing Blow"],"picked":"Evolve","floor":10},{"not_picked":["StuffTheSpire:Slingshot","Cleave"],"picked":"Uppercut","floor":12},{"not_picked":["Second Wind","BarbarianYell"],"picked":"Shrug It Off","floor":13},{"not_picked":["Sword Boomerang","Invigoration"],"picked":"True Grit","floor":14},{"not_picked":["Eclipse","Berserk"],"picked":"conspire:Purge","floor":16},{"not_picked":["Run Through","Reckless Charge","Headbutt"],"picked":"SKIP","floor":18},{"not_picked":["Warcry","StuffTheSpire:Resist"],"picked":"StuffTheSpire:Incineration","floor":20},{"not_picked":["Blood for Blood","Perfected Strike"],"picked":"Hemogenesis","floor":21},{"not_picked":["Havoc","Pommel Strike"],"picked":"Spot Weakness","floor":22}],"player_experience":1762597,"relics_obtained":[{"floor":2,"key":"Ring of Panic"},{"floor":8,"key":"Iron Hammer"},{"floor":9,"key":"StuffTheSpire:CocoNut"},{"floor":10,"key":"Mercury Hourglass"},{"floor":12,"key":"StuffTheSpire:EmeraldSignet"},{"floor":20,"key":"ReplayTheSpireMod:TigerMarble"}],"event_choices":[{"damage_healed":0,"gold_gain":0,"player_choice":"Box","damage_taken":0,"relics_obtained":["Ginger"],"max_hp_gain":0,"max_hp_loss":0,"event_name":"Big Fish","floor":0,"gold_loss":0,"cards_obtained":["Regret"]},{"damage_healed":0,"gold_gain":0,"player_choice":"Simplicity","damage_taken":0,"max_hp_gain":0,"max_hp_loss":8,"event_name":"betterThird:BetterWriting","floor":19,"gold_loss":0}],"is_beta":false,"boss_relics":[{"not_picked":["energizedSpire:RedRose","Kintsugi"],"picked":"aspiration:RunicSpoon"}],"items_purged_floors":[],"is_endless":false,"potions_floor_spawned":[1,12,13,16,21,22],"killed_by":"Book of Stabbing","ascension_level":15}}