{"host":"577u2cxb4pad49wh","time":1608778308,"event":{"mods":["Act Like it!","BaseMod","Block Reminder","Colored Map","DeckTracker","Highlight Path","Minty Spire (QoL Compilation)","Random Character Button","Relic Stats","StSLib","SuperFastMode"],"gold_per_floor":[18,18,36,59,59,59,84,100,146,171,171,192,207,225,225,314,314,333,346,39,39,39,39],"floor_reached":22,"playtime":686,"items_purged":[],"score":309,"play_id":"4859575e-7b6a-4064-8146-4f8dc3c19554","local_time":"20201224115147","is_ascension_mode":true,"campfire_choices":[{"data":"Eruption","floor":6.0,"key":"SMITH"},{"data":"Wallop","floor":15.0,"key":"SMITH"}],"circlet_count":0,"master_deck":["AscendersBane","Strike_P","Strike_P","Strike_P","Defend_P","Defend_P","Eruption+1","Vigilance","FollowUp+1","EmptyBody","Vault","Wallop+1","Vault","BowlingBash+1"],"relics":["PureWater","Golden Idol","Pen Nib","Runic Pyramid","Calipers","Enchiridion"],"acts_visited":["Exordium","TheCity"],"potions_floor_usage":[22],"damage_taken":[{"damage":0.0,"enemies":"Small Slimes","floor":1.0,"turns":3.0},{"damage":8.0,"enemies":"Jaw Worm","floor":3.0,"turns":3.0},{"damage":0.0,"enemies":"Cultist","floor":4.0,"turns":2.0},{"damage":0.0,"enemies":"Large Slime","floor":7.0,"turns":3.0},{"damage":0.0,"enemies":"Gremlin Gang","floor":8.0,"turns":3.0},{"damage":0.0,"enemies":"Exordium Thugs","floor":10.0,"turns":3.0},{"damage":4.0,"enemies":"Exordium Wildlife","floor":12.0,"turns":2.0},{"damage":0.0,"enemies":"Red Slaver","floor":13.0,"turns":2.0},{"damage":0.0,"enemies":"2 Fungi Beasts","floor":14.0,"turns":2.0},{"damage":4.0,"enemies":"Hexaghost","floor":16.0,"turns":9.0},{"damage":0.0,"enemies":"Spheric Guardian","floor":18.0,"turns":3.0},{"damage":11.0,"enemies":"Shell Parasite","floor":19.0,"turns":3.0},{"damage":43,"enemies":"Snake Plant","floor":22,"turns":4}],"seed_played":"-5640640160098295771","potions_obtained":[{"floor":3.0,"key":"Weak Potion"},{"floor":4.0,"key":"EssenceOfSteel"},{"floor":7.0,"key":"SteroidPotion"},{"floor":16.0,"key":"PowerPotion"}],"is_trial":false,"path_per_floor":["M","?","M","M","?","R","M","M","T","M","?","M","M","M","R","B",null,"M","M","$","?","M"],"character_chosen":"WATCHER","items_purchased":["Calipers"],"campfire_rested":0,"item_purchase_floors":[20],"current_hp_per_floor":[61,44,36,36,36,36,36,36,36,36,36,32,32,32,32,28,58,58,47,47,31,0,0],"gold":39,"neow_bonus":"REMOVE_TWO","is_daily":false,"chose_seed":false,"campfire_upgraded":2,"win_rate":0.0,"timestamp":1608778307,"path_taken":["M","?","M","M","?","R","M","M","T","?","?","?","M","M","R","BOSS","M","M","$","?","M"],"items_purchased_type":["Relic"],"build_version":"2020-12-22","purchased_purges":0,"victory":false,"max_hp_per_floor":[68,68,68,68,68,68,68,68,68,68,68,68,68,68,68,68,68,68,68,68,68,68,68],"relic_stats":{"counters":[13,42],"Golden Idol":58,"Pen Nib":[5],"obtain_stats":[{"Calipers":20,"Golden Idol":2,"Enchiridion":21,"Pen Nib":9,"PureWater":0,"Runic Pyramid":17},{"Calipers":12,"Golden Idol":1,"Enchiridion":12,"Pen Nib":5,"PureWater":0,"Runic Pyramid":10},{"Calipers":38,"Golden Idol":3,"Enchiridion":38,"Pen Nib":14,"PureWater":0,"Runic Pyramid":32}]},"card_choices":[{"not_picked":["Prostrate","Evaluate","WreathOfFlame"],"picked":"SKIP","floor":1.0},{"not_picked":["Protect","BowlingBash","WreathOfFlame"],"picked":"SKIP","floor":3.0},{"not_picked":["ThirdEye","PathToVictory","Evaluate"],"picked":"SKIP","floor":4.0},{"not_picked":["Crescendo","Consecrate"],"picked":"FollowUp","floor":7.0},{"not_picked":["SashWhip","FollowUp","Crescendo"],"picked":"SKIP","floor":8.0},{"not_picked":["ForeignInfluence","Wireheading","Crescendo"],"picked":"SKIP","floor":10.0},{"not_picked":["Worship","ClearTheMind"],"picked":"EmptyBody","floor":12.0},{"not_picked":["EmptyFist","Fasting2"],"picked":"Vault","floor":13.0},{"not_picked":["ClearTheMind","ThirdEye"],"picked":"Wallop","floor":14.0},{"not_picked":["Establishment","Brilliance"],"picked":"Vault","floor":16.0},{"not_picked":["Fasting2","PathToVictory"],"picked":"BowlingBash+1","floor":18.0},{"not_picked":["BowlingBash","Protect","ClearTheMind"],"picked":"SKIP","floor":19.0}],"player_experience":1137064,"relics_obtained":[{"floor":9.0,"key":"Pen Nib"},{"floor":21.0,"key":"Enchiridion"}],"event_choices":[{"damage_healed":0.0,"max_hp_gain":0.0,"max_hp_loss":0.0,"gold_gain":0.0,"event_name":"Golden Idol","player_choice":"Take Damage","floor":2.0,"gold_loss":0.0,"damage_taken":17.0,"relics_obtained":["Golden Idol"]},{"cards_removed":["Defend_P"],"damage_healed":0.0,"max_hp_gain":0.0,"max_hp_loss":0.0,"gold_gain":0.0,"event_name":"Bonfire Elementals","player_choice":"Offered Basic","floor":5.0,"gold_loss":0.0,"damage_taken":0.0},{"damage_healed":0.0,"max_hp_gain":0.0,"max_hp_loss":0.0,"gold_gain":0.0,"event_name":"Accursed Blacksmith","player_choice":"Forge","floor":11.0,"gold_loss":0.0,"damage_taken":0.0,"cards_upgraded":["FollowUp"]},{"damage_healed":0.0,"max_hp_gain":0.0,"max_hp_loss":0.0,"gold_gain":0.0,"event_name":"Cursed Tome","player_choice":"Obtained Book","floor":21.0,"gold_loss":0.0,"damage_taken":16.0}],"is_beta":false,"boss_relics":[{"not_picked":["Sozu","Philosopher\u0027s Stone"],"picked":"Runic Pyramid"}],"items_purged_floors":[],"is_endless":false,"potions_floor_spawned":[3,4,7,13,16],"killed_by":"Snake Plant","ascension_level":14}}