{"host":"og6lam4kt3nibbw0","time":1608833535,"event":{"mods":["AchievementEnabler","BaseMod","Colored Map","DeckTracker","Highlight Path","Keyboard Shortcuts","Minty Spire (QoL Compilation)","Permanent Neow","Quick Restart","StSLib","SuperFastMode"],"gold_per_floor":[110,125,139,150,166,192,192,227,299,333,353,353,363,377,377,454,454,470,470,487,497,314,314,343,62,62,62,62,62,62,80,80,80,80],"floor_reached":33,"playtime":1921,"items_purged":["Strike_B","Strike_B"],"score":603,"play_id":"b9412382-eba4-4f0d-a5b0-0c1199d7d3d3","local_time":"20201225031215","is_ascension_mode":true,"campfire_choices":[{"data":"Go for the Eyes","floor":7.0,"key":"SMITH"},{"data":"Machine Learning","floor":12.0,"key":"SMITH"},{"data":"Conserve Battery","floor":15.0,"key":"SMITH"},{"floor":23.0,"key":"REST"},{"floor":27.0,"key":"REST"},{"floor":29.0,"key":"REST"},{"floor":32,"key":"REST"}],"circlet_count":0,"master_deck":["AscendersBane","Defend_B","Defend_B","Defend_B","Zap","Dualcast","Reprogram+1","Barrage+1","All For One+1","Leap","Beam Cell","Go for the Eyes+1","Gash","Gash","Conserve Battery+1","Machine Learning+1","Scrape+1","Steam","Turbo","Reboot","Rip and Tear","Hyperbeam","Gash","Seek","Self Repair","Core Surge","Gash+1"],"relics":["Astrolabe","Pear","Anchor","The Courier","WingedGreaves","Sozu","Happy Flower"],"acts_visited":["Exordium","TheCity"],"potions_floor_usage":[],"damage_taken":[{"damage":2.0,"enemies":"2 Louse","floor":1.0,"turns":4.0},{"damage":1.0,"enemies":"Cultist","floor":2.0,"turns":4.0},{"damage":5.0,"enemies":"Jaw Worm","floor":3.0,"turns":4.0},{"damage":1.0,"enemies":"Blue Slaver","floor":4.0,"turns":4.0},{"damage":8.0,"enemies":"Exordium Thugs","floor":5.0,"turns":6.0},{"damage":1.0,"enemies":"Gremlin Nob","floor":6.0,"turns":3.0},{"damage":14.0,"enemies":"3 Sentries","floor":8.0,"turns":7.0},{"damage":3.0,"enemies":"Gremlin Nob","floor":10.0,"turns":3.0},{"damage":0.0,"enemies":"Red Slaver","floor":11.0,"turns":4.0},{"damage":1.0,"enemies":"Looter","floor":13.0,"turns":3.0},{"damage":0.0,"enemies":"Large Slime","floor":14.0,"turns":3.0},{"damage":22.0,"enemies":"Hexaghost","floor":16.0,"turns":11.0},{"damage":12.0,"enemies":"3 Byrds","floor":18.0,"turns":4.0},{"damage":18.0,"enemies":"Chosen","floor":20.0,"turns":4.0},{"damage":17.0,"enemies":"Centurion and Healer","floor":21.0,"turns":5.0},{"damage":28.0,"enemies":"Slavers","floor":24.0,"turns":6.0},{"damage":18.0,"enemies":"Colosseum Slavers","floor":28.0,"turns":3.0},{"damage":25,"enemies":"Snecko","floor":31,"turns":5},{"damage":31,"enemies":"Automaton","floor":33,"turns":6}],"seed_played":"-1133426166001123637","potions_obtained":[{"floor":4.0,"key":"Fire Potion"},{"floor":5.0,"key":"Swift Potion"},{"floor":10.0,"key":"FearPotion"},{"floor":11.0,"key":"Explosive Potion"}],"is_trial":false,"path_per_floor":["M","M","M","M","M","E","R","E","T","E","M","R","M","M","R","B",null,"M","?","M","M","$","R","E","$","T","R","?","R","?","M","R","B"],"character_chosen":"DEFECT","items_purchased":["Hyperbeam","Seek","Self Repair"],"campfire_rested":4,"item_purchase_floors":[22,25,25],"current_hp_per_floor":[62,61,56,55,47,56,56,42,42,39,39,39,38,38,38,16,65,53,53,35,18,18,42,14,14,14,38,20,44,44,26,50,19,19],"gold":80,"neow_bonus":"BOSS_RELIC","is_daily":false,"chose_seed":false,"campfire_upgraded":3,"win_rate":0.0,"timestamp":1608833535,"path_taken":["M","M","M","M","M","E","R","E","T","E","M","R","M","M","R","BOSS","M","?","M","?","$","R","E","$","T","R","?","R","?","M","R","BOSS"],"items_purchased_type":["Card","Card","Card"],"build_version":"2020-12-22","purchased_purges":2,"victory":false,"max_hp_per_floor":[71,71,71,71,71,81,81,81,81,81,81,81,81,81,81,81,81,81,81,81,81,81,81,81,81,81,81,81,81,81,81,81,81,81],"card_choices":[{"not_picked":["Steam","Lockon"],"picked":"Leap","floor":1.0},{"not_picked":["Capacitor","Go for the Eyes"],"picked":"Beam Cell","floor":2.0},{"not_picked":["Compile Driver","Consume"],"picked":"Go for the Eyes","floor":3.0},{"not_picked":["Ball Lightning","Blizzard"],"picked":"Gash","floor":4.0},{"not_picked":["Melter","Sweeping Beam"],"picked":"Gash","floor":5.0},{"not_picked":["Go for the Eyes","Undo"],"picked":"Conserve Battery","floor":6.0},{"not_picked":["Chaos","Auto Shields"],"picked":"Machine Learning","floor":8.0},{"not_picked":["Conserve Battery","Coolheaded","Recycle"],"picked":"SKIP","floor":10.0},{"not_picked":["Hologram","Rebound"],"picked":"Scrape","floor":11.0},{"not_picked":["Cold Snap","Barrage"],"picked":"Steam","floor":13.0},{"not_picked":["Glacier","Redo"],"picked":"Turbo","floor":14.0},{"not_picked":["Multi-Cast","Rainbow"],"picked":"Reboot","floor":16.0},{"not_picked":["Coolheaded","Turbo"],"picked":"Rip and Tear","floor":18.0},{"not_picked":["Storm","Streamline","Leap"],"picked":"SKIP","floor":20.0},{"not_picked":["Compile Driver","Fusion","Sweeping Beam"],"picked":"SKIP","floor":21.0},{"not_picked":["Stack","Reinforced Body"],"picked":"Gash","floor":24.0},{"not_picked":["Reinforced Body","Steam+1"],"picked":"Gash+1","floor":31}],"player_experience":837599,"relics_obtained":[{"floor":6.0,"key":"Pear"},{"floor":8.0,"key":"Anchor"},{"floor":9.0,"key":"The Courier"},{"floor":10.0,"key":"WingedGreaves"},{"floor":24.0,"key":"Happy Flower"}],"event_choices":[{"damage_healed":0.0,"max_hp_gain":0.0,"max_hp_loss":0.0,"gold_gain":0.0,"event_name":"Upgrade Shrine","player_choice":"Upgraded","floor":19.0,"gold_loss":0.0,"damage_taken":0.0,"cards_upgraded":["Scrape"]},{"damage_healed":0.0,"max_hp_gain":0.0,"max_hp_loss":0.0,"gold_gain":0.0,"event_name":"Colosseum","player_choice":"Fight","floor":28.0,"gold_loss":0.0,"damage_taken":0.0},{"damage_healed":0.0,"max_hp_gain":0.0,"max_hp_loss":0.0,"gold_gain":0.0,"event_name":"Colosseum","player_choice":"Fled From Nobs","floor":28.0,"gold_loss":0.0,"damage_taken":0.0},{"damage_healed":0,"gold_gain":0,"player_choice":"1 cards matched","damage_taken":0,"max_hp_gain":0,"max_hp_loss":0,"event_name":"Match and Keep!","floor":30,"gold_loss":0,"cards_obtained":["Core Surge"]}],"is_beta":false,"boss_relics":[{"not_picked":["Inserter","Snecko Eye"],"picked":"Sozu"}],"items_purged_floors":[22,25],"is_endless":false,"potions_floor_spawned":[4,5,10,11,14,18,24,31],"killed_by":"Automaton","ascension_level":20}}