{"host":"rmsq46plbpwfbxcc","time":1608822280,"event":{"mods":["AchievementEnabler","BaseMod","Colored Map","DeckTracker","Minty Spire (QoL Compilation)","Permanent Neow","SuperFastMode"],"gold_per_floor":[114,124,124,138,163,163,190,190,243,262,280,315,240,273,273,347,347,357,357,357,377,392,392,317,317,317,317,317,333,352,377,377,377,377],"floor_reached":33,"playtime":943,"items_purged":["Setup"],"score":495,"play_id":"b44f6031-8036-46de-8ca7-d17e69695153","local_time":"20201225000440","is_ascension_mode":true,"campfire_choices":[{"data":"Neutralize","floor":6.0,"key":"SMITH"},{"data":"Cloak And Dagger","floor":8.0,"key":"SMITH"},{"floor":15.0,"key":"REST"},{"data":"Terror","floor":23.0,"key":"SMITH"},{"data":"Blade Dance","floor":25.0,"key":"SMITH"},{"data":"Footwork","floor":27.0,"key":"SMITH"},{"floor":32,"key":"REST"}],"circlet_count":0,"master_deck":["AscendersBane","Survivor","Neutralize+1","Blade Dance+1","PiercingWail+1","Bane","Unload","Flying Knee","Dagger Spray","Leg Sweep","Cloak And Dagger+1","PiercingWail","Footwork+1","Blur","Terror+1","Bullet Time","Blade Dance+1","Adrenaline","Blur","Riddle With Holes","Blur","Tactician","Infinite Blades+1","Backflip","Choke","Tools of the Trade+1"],"relics":["Pandora\u0027s Box","Dream Catcher","Odd Mushroom","War Paint","Bag of Preparation","Frozen Egg 2","WristBlade","Bottled Lightning","Potion Belt"],"acts_visited":["Exordium","TheCity"],"potions_floor_usage":[31,31],"damage_taken":[{"damage":0.0,"enemies":"Cultist","floor":1.0,"turns":2.0},{"damage":0.0,"enemies":"2 Louse","floor":2.0,"turns":2.0},{"damage":12.0,"enemies":"Jaw Worm","floor":4.0,"turns":3.0},{"damage":18.0,"enemies":"The Mushroom Lair","floor":7.0,"turns":3.0},{"damage":0.0,"enemies":"Exordium Thugs","floor":10.0,"turns":4.0},{"damage":7.0,"enemies":"Exordium Wildlife","floor":11.0,"turns":5.0},{"damage":14.0,"enemies":"Gremlin Nob","floor":12.0,"turns":3.0},{"damage":2.0,"enemies":"Lagavulin","floor":14.0,"turns":4.0},{"damage":3.0,"enemies":"Hexaghost","floor":16.0,"turns":8.0},{"damage":14.0,"enemies":"Shell Parasite","floor":18.0,"turns":5.0},{"damage":0.0,"enemies":"Spheric Guardian","floor":21.0,"turns":3.0},{"damage":0.0,"enemies":"Centurion and Healer","floor":22.0,"turns":4.0},{"damage":0,"enemies":"Shelled Parasite and Fungi","floor":29,"turns":3},{"damage":5,"enemies":"Snake Plant","floor":30,"turns":4},{"damage":22,"enemies":"Gremlin Leader","floor":31,"turns":4},{"damage":44,"enemies":"Automaton","floor":33,"turns":6}],"seed_played":"-6015492256861679417","potions_obtained":[{"floor":2.0,"key":"Strength Potion"},{"floor":10.0,"key":"GamblersBrew"},{"floor":11.0,"key":"LiquidMemories"},{"floor":18.0,"key":"Weak Potion"},{"floor":29,"key":"Explosive Potion"}],"is_trial":false,"path_per_floor":["M","M","$","M","T","R","?","R","T","M","M","E","$","E","R","B",null,"M","?","?","M","M","R","?","R","T","R","?","M","M","E","R","B"],"character_chosen":"THE_SILENT","items_purchased":[],"campfire_rested":2,"item_purchase_floors":[],"current_hp_per_floor":[59,59,59,47,47,47,29,29,29,29,22,8,8,6,25,22,55,41,41,41,41,41,41,41,41,41,41,41,41,36,14,33,0,0],"gold":377,"neow_bonus":"BOSS_RELIC","is_daily":false,"chose_seed":false,"campfire_upgraded":5,"win_rate":0.0,"timestamp":1608822280,"path_taken":["M","M","$","M","?","R","?","R","T","M","?","E","?","E","R","BOSS","M","?","?","M","M","R","?","R","T","R","?","M","M","E","R","BOSS"],"items_purchased_type":[],"build_version":"2020-12-22","purchased_purges":1,"victory":false,"max_hp_per_floor":[66,66,66,66,66,66,66,66,66,66,66,66,66,66,66,66,66,66,66,66,66,66,66,66,66,66,66,66,66,66,66,66,66,66],"card_choices":[{"not_picked":["Dagger Spray","PiercingWail"],"picked":"Leg Sweep","floor":1.0},{"not_picked":["Distraction","Flying Knee","Bane"],"picked":"SKIP","floor":2.0},{"not_picked":["PiercingWail","Prepared"],"picked":"Cloak And Dagger","floor":4.0},{"not_picked":["Deadly Poison","Underhanded Strike"],"picked":"PiercingWail","floor":7.0},{"not_picked":["Riddle With Holes","Deflect"],"picked":"Footwork","floor":10.0},{"not_picked":["Endless Agony","Cloak And Dagger"],"picked":"Blur","floor":11.0},{"not_picked":["Backstab","Calculated Gamble"],"picked":"Terror","floor":12.0},{"not_picked":["Riddle With Holes","Well Laid Plans+1"],"picked":"Bullet Time","floor":14.0},{"not_picked":["Riddle With Holes","Poisoned Stab"],"picked":"Blade Dance","floor":15.0},{"not_picked":["Doppelganger","Malaise"],"picked":"Adrenaline","floor":16.0},{"not_picked":["Dodge and Roll+1","Flying Knee"],"picked":"Blur","floor":18.0},{"not_picked":["Outmaneuver","Well Laid Plans+1"],"picked":"Tactician","floor":21.0},{"not_picked":["Acrobatics","Underhanded Strike"],"picked":"Infinite Blades+1","floor":22.0},{"not_picked":["Deflect","Doppelganger"],"picked":"Backflip","floor":29},{"not_picked":["Blade Dance","Quick Slash"],"picked":"Choke","floor":30},{"not_picked":["Blade Dance","Setup","Prepared+1"],"picked":"SKIP","floor":31},{"not_picked":["Deflect","Cloak And Dagger"],"picked":"Tools of the Trade+1","floor":32}],"player_experience":1368580,"relics_obtained":[{"floor":5.0,"key":"Dream Catcher"},{"floor":7.0,"key":"Odd Mushroom"},{"floor":9.0,"key":"War Paint"},{"floor":12.0,"key":"Bag of Preparation"},{"floor":14.0,"key":"Frozen Egg 2"},{"floor":26.0,"key":"Bottled Lightning"},{"floor":31,"key":"Potion Belt"}],"event_choices":[{"damage_healed":0.0,"max_hp_gain":0.0,"max_hp_loss":0.0,"gold_gain":0.0,"event_name":"Mushrooms","player_choice":"Fought Mushrooms","floor":7.0,"gold_loss":0.0,"damage_taken":0.0},{"damage_healed":0.0,"max_hp_gain":0.0,"max_hp_loss":0.0,"gold_gain":0.0,"event_name":"Vampires","player_choice":"Ignored","floor":19.0,"gold_loss":0.0,"damage_taken":0.0},{"damage_healed":0.0,"max_hp_gain":0.0,"max_hp_loss":0.0,"gold_gain":0.0,"cards_transformed":["Malaise","All Out Attack"],"event_name":"Drug Dealer","player_choice":"Became Test Subject","floor":20.0,"gold_loss":0.0,"damage_taken":0.0,"cards_obtained":["Riddle With Holes","Blur"]},{"cards_removed":["Caltrops"],"damage_healed":0.0,"max_hp_gain":0.0,"max_hp_loss":0.0,"gold_gain":0.0,"event_name":"Beggar","player_choice":"Gave Gold","floor":24.0,"gold_loss":75.0,"damage_taken":0.0},{"damage_healed":0,"gold_gain":0,"player_choice":"Ignored","damage_taken":0,"max_hp_gain":0,"max_hp_loss":0,"event_name":"The Mausoleum","floor":28,"gold_loss":0}],"is_beta":false,"boss_relics":[{"not_picked":["Velvet Choker","HoveringKite"],"picked":"WristBlade"}],"items_purged_floors":[13],"is_endless":false,"potions_floor_spawned":[2,10,11,18,29],"killed_by":"Automaton","ascension_level":16}}