{"host":"hg4d4z00zcdsq8kr","time":1608826374,"event":{"mods":["BaseMod","Downfall","Hubris","Infinite Spire","Minty Spire (QoL Compilation)","Replay The Spire","StSLib"],"gold_per_floor":[118,134,184,125,136,171,18,18,18,32,32,65,65,82,82,180,180,192,192,267,281,55,55,66,79,79,79,109,120,120,120,120,217,217,227,1226,1226,1236,514,514,532,549,573,583,601,618,618,636,636,636,636],"floor_reached":50,"playtime":2157,"items_purged":["Normality"],"score":576,"play_id":"062cf53b-16c0-4fc9-9c22-72dcd07be85d","local_time":"20201224191254","is_ascension_mode":false,"campfire_choices":[{"data":"ReplayTheSpireMod:Omega Cannon","floor":8,"key":"SMITH"},{"data":"Zap","floor":11,"key":"SMITH"},{"data":"Multi-Cast","floor":13,"key":"SMITH"},{"data":"hubris:Ukulele","floor":15,"key":"SMITH"},{"floor":23,"key":"REST"},{"floor":30,"key":"REST"},{"floor":32,"key":"DIG"},{"data":"FIFO Queue","floor":40,"key":"SMITH"},{"floor":47,"key":"REST"},{"floor":49,"key":"REST"}],"circlet_count":0,"master_deck":["Strike_B","Strike_B","Strike_B","Strike_B","Defend_B","Defend_B","Defend_B","Defend_B","Zap+1","Dualcast","Ball Lightning","Go for the Eyes","hubris:Ukulele+1","Multi-Cast+1","ReplayTheSpireMod:Omega Cannon+1","FIFO Queue+1","Ball Lightning","Amplify","Conserve Battery","Consume","Defragment","Sunder+1","Conserve Battery","Ball Lightning","Normality","Heatsinks+1","expansioncontent:Corrupt","Rebound","Ball Lightning"],"relics":["Cracked Core","NeowsBlessing","ReplayTheSpireMod:Lightbulb","Lantern","Symbiotic Virus","ReplayTheSpireMod:TigerMarble","infinitespire:EmpoweringShard","Question Card","Philosopher\u0027s Stone","ClockworkSouvenir","Meat on the Bone","Toy Ornithopter","ReplayFunnel","Busted Crown","Pear","Mercury Hourglass","Boot"],"acts_visited":["Exordium","TheCity","TheBeyond"],"potions_floor_usage":[6,6,12,16,24,25,28,33,35,41,42,46,46],"damage_taken":[{"damage":0,"enemies":"Cultist","floor":1,"turns":1},{"damage":0,"enemies":"2 Louse","floor":2,"turns":1},{"damage":0,"enemies":"Small Slimes","floor":5,"turns":1},{"damage":6,"enemies":"Replay:BlueRogue","floor":6,"turns":5},{"damage":0,"enemies":"Exordium Wildlife","floor":10,"turns":2},{"damage":0,"enemies":"Lagavulin","floor":12,"turns":2},{"damage":0,"enemies":"Large Slime","floor":14,"turns":2},{"damage":31,"enemies":"Hexaghost","floor":16,"turns":6},{"damage":11,"enemies":"Spheric Guardian","floor":18,"turns":3},{"damage":0,"enemies":"3 Byrds","floor":21,"turns":1},{"damage":0,"enemies":"3 Cultists","floor":24,"turns":2},{"damage":12,"enemies":"Cultist and Chosen","floor":25,"turns":3},{"damage":28,"enemies":"Nightmare","floor":28,"turns":5},{"damage":12,"enemies":"Snake Plant","floor":29,"turns":3},{"damage":62,"enemies":"hubris:MusketHawk","floor":33,"turns":7},{"damage":3,"enemies":"3 Darklings","floor":35,"turns":3},{"damage":0,"enemies":"3 Shapes","floor":38,"turns":1},{"damage":28,"enemies":"Jaw Worm Horde","floor":41,"turns":3},{"damage":5,"enemies":"Sphere and 2 Shapes","floor":42,"turns":2},{"damage":0,"enemies":"3 Darklings","floor":44,"turns":1},{"damage":15,"enemies":"4 Shapes","floor":45,"turns":2},{"damage":0,"enemies":"Writhing Mass","floor":46,"turns":4},{"damage":19,"enemies":"Transient","floor":48,"turns":5},{"damage":99,"enemies":"Donu and Deca","floor":50,"turns":5}],"seed_played":"2369501519814912640","potions_obtained":[{"floor":2,"key":"ColorlessPotion"},{"floor":3,"key":"PowerPotion"},{"floor":10,"key":"ColorlessPotion"},{"floor":14,"key":"champ:CounterPotion"},{"floor":16,"key":"Regen Potion"},{"floor":18,"key":"FocusPotion"},{"floor":25,"key":"CultistPotion"},{"floor":28,"key":"sneckomod:MuddlingPotion"},{"floor":33,"key":"Block Potion"},{"floor":38,"key":"Dexterity Potion"},{"floor":44,"key":"Guardian:BlockOnCardUsePotion"},{"floor":45,"key":"Weak Potion"}],"is_trial":false,"path_per_floor":["M","M","?","?","M","E","$","R","T","M","R","E","R","M","R","B",null,"M","?","?","M","$","R","M","M","T","?","NM","M","R","?","R","B",null,"M","?","T","M","$","R","M","M","T","M","M","M","R","M","R","B"],"character_chosen":"DEFECT","items_purchased":["ReplayTheSpireMod:TigerMarble","Defragment","ClockworkSouvenir","Mercury Hourglass","infinitespire:BlackPotion","expansioncontent:Corrupt","Rebound","Ball Lightning"],"campfire_rested":4,"item_purchase_floors":[7,22,22,39,39,39,39,39],"current_hp_per_floor":[75,75,75,75,75,69,69,69,69,69,69,69,69,69,69,38,75,64,50,42,42,42,66,66,63,63,63,47,47,71,71,71,26,80,77,77,87,87,87,87,62,62,62,62,47,57,84,65,90,0,0],"gold":636,"neow_bonus":"THREE_ENEMY_KILL","is_daily":false,"chose_seed":false,"campfire_upgraded":5,"win_rate":0.0,"timestamp":1608826374,"path_taken":["M","M","?","?","?","E","$","R","T","M","R","E","R","M","R","BOSS","M","?","?","M","$","R","?","M","T","?","NM","M","R","?","R","BOSS","M","?","?","?","$","R","M","M","T","M","M","M","R","M","R","BOSS"],"items_purchased_type":["Relic","Card","Relic","Relic","Potion","Card","Card","Card"],"build_version":"2020-12-22","purchased_purges":1,"victory":false,"max_hp_per_floor":[75,75,75,75,75,75,75,75,75,75,75,75,75,75,75,75,75,75,80,80,80,80,80,80,80,80,80,80,80,80,80,80,80,80,80,80,90,90,90,90,90,90,90,90,90,90,90,90,90,90,90],"card_choices":[{"not_picked":["ReplaySort","Steam"],"picked":"Ball Lightning","floor":1},{"not_picked":["Redo","Hologram"],"picked":"Go for the Eyes","floor":2},{"not_picked":["Streamline","Cold Snap"],"picked":"hubris:Ukulele","floor":3},{"not_picked":["Redo","Beam Cell"],"picked":"Multi-Cast","floor":3},{"not_picked":["Stack","Redo","Rip and Tear"],"picked":"SKIP","floor":5},{"not_picked":["Streamline","ReplayTheSpireMod:Fabricate Wheel"],"picked":"ReplayTheSpireMod:Omega Cannon","floor":6},{"not_picked":["ReplaySolidLightProjector","Recycle","Steam"],"picked":"SKIP","floor":10},{"not_picked":["Consume","Streamline"],"picked":"FIFO Queue","floor":12},{"not_picked":["Streamline","Conserve Battery","Redo"],"picked":"Ball Lightning","floor":14},{"not_picked":["Core Surge","Seek","Reboot"],"picked":"Amplify","floor":16},{"not_picked":["ReplayTheSpireMod:System Scan","Consume","Scrape+1"],"picked":"Conserve Battery","floor":18},{"not_picked":["Time Bomb","Hologram","Fusion"],"picked":"Consume","floor":21},{"not_picked":["BasicCrystalCard","Barrage","hubris:Ukulele","Gash+1"],"picked":"SKIP","floor":24},{"not_picked":["Chaos","Panic Button","BasicCrystalCard","Recycle"],"picked":"SKIP","floor":25},{"not_picked":["Rebound+1","Cold Snap","Turbo"],"picked":"Sunder+1","floor":28},{"not_picked":["hubris:SpecializedCircuitry","BasicCrystalCard+1","ReplayTheSpireMod:Repulse"],"picked":"Conserve Battery","floor":29},{"not_picked":["Rebound+1"],"picked":"Ball Lightning","floor":35},{"not_picked":["Hologram+1"],"picked":"Heatsinks+1","floor":38},{"not_picked":["BasicCrystalCard","Rebound+1"],"picked":"SKIP","floor":41},{"not_picked":["Panic Button+1","Hologram"],"picked":"SKIP","floor":42},{"not_picked":["Amplify","Gash+1"],"picked":"SKIP","floor":44},{"not_picked":["Turbo+1","Streamline+1"],"picked":"SKIP","floor":45},{"not_picked":["Streamline","Blizzard"],"picked":"SKIP","floor":46},{"not_picked":["Rip and Tear+1","Darkness"],"picked":"SKIP","floor":48}],"player_experience":605402,"relics_obtained":[{"floor":3,"key":"ReplayTheSpireMod:Lightbulb"},{"floor":6,"key":"Symbiotic Virus"},{"floor":9,"key":"infinitespire:EmpoweringShard"},{"floor":12,"key":"Question Card"},{"floor":26,"key":"Meat on the Bone"},{"floor":28,"key":"Toy Ornithopter"},{"floor":32,"key":"ReplayFunnel"},{"floor":37,"key":"Pear"},{"floor":43,"key":"Boot"}],"event_choices":[{"damage_healed":0,"gold_gain":0,"player_choice":"Paid Gold","damage_taken":0,"relics_obtained":["Lantern"],"max_hp_gain":0,"max_hp_loss":0,"event_name":"WeMeetAgain","floor":4,"gold_loss":59},{"damage_healed":0,"gold_gain":0,"player_choice":"Shed Blood","damage_taken":19,"max_hp_gain":5,"max_hp_loss":0,"event_name":"Forgotten Altar","floor":19,"gold_loss":0},{"damage_healed":0,"gold_gain":75,"player_choice":"Touch","damage_taken":8,"max_hp_gain":0,"max_hp_loss":0,"event_name":"FaceTrader","floor":20,"gold_loss":0},{"damage_healed":0,"gold_gain":999,"player_choice":"Gold","damage_taken":0,"max_hp_gain":0,"max_hp_loss":0,"event_name":"MindBloom","floor":36,"gold_loss":0,"cards_obtained":["Normality","Normality"]}],"is_beta":false,"boss_relics":[{"not_picked":["Cursed Key","Honey Jar"],"picked":"Philosopher\u0027s Stone"},{"not_picked":["Replay:Wanted Poster","Painkiller Herb"],"picked":"Busted Crown"}],"items_purged_floors":[39],"is_endless":true,"potions_floor_spawned":[2,10,14,16,18,25,28,33,38,44,45],"killed_by":"Donu and Deca","ascension_level":0}}