{"host":"dftyqn972q7tuon4","time":1608775880,"event":{"mods":["AchievementEnabler","BaseMod","Better Altar","Better Match","Better Note","Better Sensory Stone","Better Skull","Better Third Choice","Colored Powertips","Highlight Path","Minty Spire (QoL Compilation)","Permanent Neow","Quick Restart","StSLib"],"gold_per_floor":[114,129,144,159,159,178,216,216,216,216,235,235,254,273,273,398,398,417,137,175,194,27,65,65,84,134,134,153,153,172,191,191,316,316,335,354,354,279,4,42,61,20,95,95,95,114,133,152,152,152,152],"floor_reached":50,"playtime":5227,"items_purged":["Injury"],"score":720,"play_id":"74dc1e37-8023-4656-91cd-1c586f2bd37c","local_time":"20201224031120","daily_mods":["Insanity","Purple Cards","DeadlyEvents"],"is_ascension_mode":false,"campfire_choices":[{"data":"TalkToTheHand","floor":8.0,"key":"SMITH"},{"data":"TalkToTheHand","floor":10.0,"key":"SMITH"},{"data":"TalkToTheHand","floor":12.0,"key":"SMITH"},{"data":"Infinite Blades","floor":15.0,"key":"SMITH"},{"data":"Caltrops","floor":24.0,"key":"SMITH"},{"data":"ClearTheMind","floor":27.0,"key":"SMITH"},{"data":"Crescendo","floor":32,"key":"SMITH"},{"data":"Devotion","floor":45,"key":"SMITH"},{"data":"Accuracy","floor":49,"key":"SMITH"}],"circlet_count":0,"master_deck":["Outmaneuver","Quick Slash","Slice","Meditate","Halt","Concentrate","Finisher","Cloak And Dagger","MentalFortress","WheelKick","FlyingSleeves","FollowUp","Crescendo+1","Prepared","TalkToTheHand+1","FlurryOfBlows","Slice","Crescendo","PiercingWail","ThirdEye","Deadly Poison","TalkToTheHand+1","Well Laid Plans","FlurryOfBlows","Sucker Punch","Meditate","Outmaneuver","EmptyMind","CrushJoints","SignatureMove","Conclude","FollowUp","Riddle With Holes","FlurryOfBlows","Dodge and Roll","FlyingSleeves","FlurryOfBlows","ForeignInfluence","Evaluate","Quick Slash","BowlingBash","Conclude","Evaluate","Dagger Throw","Evaluate","Setup","Blade Dance","TalkToTheHand+1","FlyingSleeves","Tantrum","Adaptation","Caltrops+1","Evaluate","ClearTheMind+1","Infinite Blades+1","DeusExMachina","Ragnarok","CurseOfTheBell","MentalFortress","MentalFortress","FlyingSleeves","Dramatic Entrance","Venomology","Prepared","FlurryOfBlows","CutThroughFate","Blade Dance","Devotion+1","Well Laid Plans+1","Madness","Madness","Fasting2+1","FollowUp+1","Consecrate","Flash of Steel","Accuracy+1"],"relics":["Ring of the Snake","Golden Idol","MealTicket","Matryoshka","Calling Bell","Boot","Question Card","Thread and Needle","Membership Card","Vajra","Potion Belt","Bottled Tornado","Dead Branch","Blood Vial","Smiling Mask","Busted Crown","Nunchaku","Pear","ClockworkSouvenir","PreservedInsect","Anchor","Singing Bowl","Molten Egg 2"],"acts_visited":["Exordium","TheCity","TheBeyond"],"potions_floor_usage":[30,35,40,48,50,50],"damage_taken":[{"damage":5.0,"enemies":"Small Slimes","floor":1.0,"turns":2.0},{"damage":0.0,"enemies":"Jaw Worm","floor":2.0,"turns":2.0},{"damage":0.0,"enemies":"Cultist","floor":3.0,"turns":3.0},{"damage":6.0,"enemies":"Lots of Slimes","floor":4.0,"turns":2.0},{"damage":1.0,"enemies":"2 Fungi Beasts","floor":6.0,"turns":2.0},{"damage":8.0,"enemies":"Gremlin Nob","floor":7.0,"turns":3.0},{"damage":0.0,"enemies":"3 Louse","floor":11.0,"turns":1.0},{"damage":1.0,"enemies":"Large Slime","floor":13.0,"turns":4.0},{"damage":3.0,"enemies":"Red Slaver","floor":14.0,"turns":3.0},{"damage":0.0,"enemies":"Slime Boss","floor":16.0,"turns":4.0},{"damage":0.0,"enemies":"Spheric Guardian","floor":18.0,"turns":3.0},{"damage":33.0,"enemies":"Book of Stabbing","floor":20.0,"turns":4.0},{"damage":0.0,"enemies":"3 Byrds","floor":21.0,"turns":4.0},{"damage":2.0,"enemies":"Gremlin Leader","floor":23.0,"turns":5.0},{"damage":0.0,"enemies":"Snecko","floor":25.0,"turns":4.0},{"damage":4.0,"enemies":"Chosen and Byrds","floor":28.0,"turns":3.0},{"damage":23,"enemies":"Shelled Parasite and Fungi","floor":30,"turns":3},{"damage":0,"enemies":"3 Cultists","floor":31,"turns":3},{"damage":71,"enemies":"Automaton","floor":33,"turns":9},{"damage":1,"enemies":"Orb Walker","floor":35,"turns":4},{"damage":4,"enemies":"3 Shapes","floor":36,"turns":5},{"damage":0,"enemies":"Nemesis","floor":40,"turns":3},{"damage":0,"enemies":"Maw","floor":41,"turns":5},{"damage":7,"enemies":"3 Darklings","floor":46,"turns":3},{"damage":0,"enemies":"Spire Growth","floor":47,"turns":5},{"damage":3,"enemies":"Writhing Mass","floor":48,"turns":4},{"damage":128,"enemies":"Time Eater","floor":50,"turns":7}],"seed_played":"-4388098555046818604","potions_obtained":[{"floor":4.0,"key":"FairyPotion"},{"floor":7.0,"key":"FairyPotion"},{"floor":11.0,"key":"FearPotion"},{"floor":13.0,"key":"CunningPotion"},{"floor":18.0,"key":"Poison Potion"},{"floor":25.0,"key":"Weak Potion"},{"floor":30,"key":"GamblersBrew"},{"floor":36,"key":"Weak Potion"},{"floor":41,"key":"SpeedPotion"},{"floor":47,"key":"Poison Potion"}],"is_trial":false,"path_per_floor":["M","M","M","M","?","M","E","R","T","R","M","R","M","M","R","B",null,"M","$","E","M","$","E","R","M","T","R","M","?","M","M","R","B",null,"M","M","?","?","$","E","M","$","T","T","R","M","M","M","R","B"],"character_chosen":"THE_SILENT","items_purchased":["Membership Card","Vajra","MentalFortress","Bottled Tornado","Dramatic Entrance","Nunchaku","Pear","ClockworkSouvenir","Flash of Steel"],"campfire_rested":0,"item_purchase_floors":[19,19,19,22,22,39,39,39,42],"current_hp_per_floor":[65,65,65,59,59,58,50,50,50,50,50,50,49,46,46,46,70,70,70,37,37,52,50,50,50,50,50,48,48,27,29,29,13,70,69,66,57,57,80,80,80,80,80,80,80,75,79,78,78,0,0],"gold":152,"neow_bonus":"","is_daily":true,"chose_seed":false,"campfire_upgraded":9,"win_rate":0.0,"timestamp":1608775880,"path_taken":["M","M","M","M","?","?","E","R","T","R","M","R","?","M","R","BOSS","M","?","?","M","$","E","R","M","T","R","M","?","M","M","R","BOSS","M","M","?","?","$","E","M","$","T","?","R","M","M","M","R","BOSS"],"items_purchased_type":["Relic","Relic","Card","Relic","Card","Relic","Relic","Relic","Card"],"build_version":"2020-12-22","purchased_purges":1,"victory":false,"max_hp_per_floor":[70,70,70,70,70,70,70,70,70,70,70,70,70,70,70,70,70,70,70,70,70,70,70,70,70,70,70,70,70,70,70,70,70,70,70,70,70,70,80,80,80,80,80,80,80,82,84,84,84,84,84],"card_choices":[{"not_picked":["Bane","WreathOfFlame","Choke"],"picked":"SKIP","floor":1.0},{"not_picked":["Consecrate","Dodge and Roll","Dagger Throw"],"picked":"SKIP","floor":2.0},{"not_picked":["Flechettes","Blade Dance"],"picked":"Adaptation","floor":3.0},{"not_picked":["FlurryOfBlows","CrushJoints"],"picked":"Caltrops","floor":4.0},{"not_picked":["Conclude","FlyingSleeves"],"picked":"Evaluate","floor":6.0},{"not_picked":["EmptyBody","Cloak And Dagger"],"picked":"ClearTheMind","floor":7.0},{"not_picked":["Cloak And Dagger","Consecrate","Bane"],"picked":"SKIP","floor":11.0},{"not_picked":["Backstab","JustLucky"],"picked":"Infinite Blades","floor":13.0},{"not_picked":["Sucker Punch","Underhanded Strike"],"picked":"DeusExMachina","floor":14.0},{"not_picked":["Brilliance","Die Die Die"],"picked":"Ragnarok","floor":16.0},{"not_picked":["Underhanded Strike","Pray","Prostrate"],"picked":"WheelKick","floor":18.0},{"not_picked":["Reflex","Bane","Scrawl"],"picked":"MentalFortress","floor":20.0},{"not_picked":["Prostrate+1","TalkToTheHand","CarveReality+1"],"picked":"FlyingSleeves","floor":21.0},{"not_picked":["Evaluate+1","Protect+1","Tantrum+1"],"picked":"Venomology","floor":23.0},{"not_picked":["InnerPeace","CrushJoints","Distraction"],"picked":"Prepared","floor":25.0},{"not_picked":["Setup","Sucker Punch","BowlingBash"],"picked":"FlurryOfBlows","floor":28.0},{"not_picked":["Outmaneuver","EmptyFist","ClearTheMind"],"picked":"CutThroughFate","floor":30},{"not_picked":["BowlingBash","Flying Knee","JustLucky+1"],"picked":"Blade Dance","floor":31},{"not_picked":["Establishment","Storm of Steel","Unload"],"picked":"Devotion","floor":33},{"not_picked":["Noxious Fumes"],"picked":"Well Laid Plans+1","floor":35},{"not_picked":["Dagger Throw","Dodge and Roll"],"picked":"SKIP","floor":36},{"not_picked":["Indignation+1"],"picked":"Fasting2+1","floor":38},{"not_picked":["EmptyFist"],"picked":"FollowUp+1","floor":40},{"not_picked":["ReachHeaven"],"picked":"Consecrate","floor":41},{"not_picked":["Vengeance+1","Dodge and Roll+1"],"picked":"Singing Bowl","floor":46},{"not_picked":["Terror+1","Evaluate"],"picked":"Singing Bowl","floor":47},{"not_picked":["Sucker Punch+1"],"picked":"Accuracy","floor":48}],"player_experience":520549,"relics_obtained":[{"floor":7.0,"key":"MealTicket"},{"floor":9.0,"key":"Matryoshka"},{"floor":17.0,"key":"Boot"},{"floor":17.0,"key":"Question Card"},{"floor":17.0,"key":"Thread and Needle"},{"floor":20.0,"key":"Potion Belt"},{"floor":23.0,"key":"Dead Branch"},{"floor":26.0,"key":"Blood Vial"},{"floor":26.0,"key":"Smiling Mask"},{"floor":40,"key":"PreservedInsect"},{"floor":43,"key":"Anchor"},{"floor":43,"key":"Singing Bowl"},{"floor":44,"key":"Molten Egg 2"}],"event_choices":[{"damage_healed":0.0,"max_hp_gain":0.0,"max_hp_loss":0.0,"gold_gain":0.0,"event_name":"Golden Idol","player_choice":"Take Wound","floor":5.0,"gold_loss":0.0,"damage_taken":0.0,"relics_obtained":["Golden Idol"],"cards_obtained":["Injury"]},{"cards_removed":["WheelKick"],"damage_healed":0.0,"max_hp_gain":0.0,"max_hp_loss":0.0,"gold_gain":0.0,"event_name":"betterThird:BetterWriting","player_choice":"Elegance","floor":29.0,"gold_loss":0.0,"damage_taken":0.0},{"damage_healed":0,"gold_gain":0,"player_choice":"Embrace Madness","damage_taken":9,"max_hp_gain":0,"max_hp_loss":0,"event_name":"Winding Halls","floor":37,"gold_loss":0,"cards_obtained":["Madness","Madness"]},{"damage_healed":0,"gold_gain":0,"player_choice":"2","damage_taken":0,"max_hp_gain":0,"max_hp_loss":0,"event_name":"betterMatch:BetterMatch","floor":38,"gold_loss":0,"cards_obtained":["betterMatch:UncommonCard"]}],"is_beta":false,"boss_relics":[{"not_picked":["Black Star","Snecko Eye"],"picked":"Calling Bell"},{"not_picked":["Philosopher\u0027s Stone","Fusion Hammer"],"picked":"Busted Crown"}],"items_purged_floors":[19],"is_endless":false,"potions_floor_spawned":[4,7,11,13,14,18,25,30,36,41,47],"killed_by":"Time Eater","ascension_level":0}}