{"host":"cz3p2o9n3b1gdmkz","time":1608797995,"event":{"mods":["AchievementEnabler","BaseMod","CapriCore","GungeonMod","Hermit","Lobotomy","Minty Spire (QoL Compilation)","Replay The Spire","Shop Mod","StSLib","SuperFastMode","The Cursed","The Dragon Tamer","The Gatherer","The Jungle","The Poker Player","The Runesmith"],"gold_per_floor":[139,139,139,152,189,189,219,219,267,267,305,360,396,415,415,511,511,525,525,174,174,184,184,251,251,251,266,282,282,282,200,200,302,302,321,321,321,336,355,385,401,427,450,450,93,125,125,158,158,158],"floor_reached":51,"playtime":2520,"items_purged":[],"score":1919,"play_id":"fc370065-6a5a-49da-a4e6-1ead718aca7c","local_time":"20201224171955","is_ascension_mode":true,"campfire_choices":[],"circlet_count":0,"master_deck":["SpecialBullet","SpecialBullet","SpecialBullet","SpecialBullet","SpecialBullet","SpecialBullet","SpecialBullet","SecurityCode","InformationCode","ExtractionCode","OldLady","BigBird","Twilight","SolemnVow","VoidDream","CherryBlossoms","Harvest","ShedSkin","Bloodbath","WristCuter","Wellcheers","BlueScar","ShyLook","CENSORED_ego","Murderer","GrinderMk4+1","TrainingCode","GoldRush+1","FieryBird","DaCapo+1","SnowQueen","DaCapo+1","Dramatic Entrance+1","Moonlight+1","UniverseFragment","Justitia+1","Variant","LongBird","RecordCode","Dramatic Entrance+1","Alriune","Twilight+1","DreamingCurrent","Flash of Steel+1","SpiderBud","BlueStar","Logging+1","CENSORED","Pot Of Greed+1","Pot Of Greed+1","Pot Of Greed+1","Pot Of Greed+1","Pot Of Greed+1","CENSORED_ego+1","QueenOfHatred","Porccubus","Logging+1","DisciplinaryCode","Regret_ego+1","WristCuter+1","CherryBlossom+1","Flash of Steel+1","Pot Of Greed+1","BeautyBeast","SwordSharpenedByTears+1","Yin","Necronomicurse"],"relics":["CogitoBucket","RabbitCall","DemoMod:ClearGuonStone","Pet Ghost","Meat on the Bone","SkinProphecy","Sozu","Necronomicon","PreservedInsect","MerchantsRug","DemoMod:Bottle","DemoMod:NanoMachines","AspirationHeart","LuminousBracelet","AtMidnight","Grinning Jar","Boot","Nunchaku","Orrery","ReplayTheSpireMod:Ninjato","CaptainsWheel"],"acts_visited":["Exordium","TheCity","TheBeyond"],"potions_floor_usage":[],"damage_taken":[{"damage":12.0,"enemies":"Jaw Worm","floor":1.0,"turns":2.0},{"damage":6.0,"enemies":"Small Slimes","floor":4.0,"turns":3.0},{"damage":6.0,"enemies":"2 Louse","floor":5.0,"turns":2.0},{"damage":17.0,"enemies":"Gremlin Nob","floor":7.0,"turns":4.0},{"damage":7.0,"enemies":"Exordium Wildlife","floor":11.0,"turns":3.0},{"damage":20.0,"enemies":"3 Sentries","floor":12.0,"turns":6.0},{"damage":48.0,"enemies":"Looter","floor":13.0,"turns":4.0},{"damage":1.0,"enemies":"2 Fungi Beasts","floor":14.0,"turns":3.0},{"damage":10.0,"enemies":"Hexaghost","floor":16.0,"turns":10.0},{"damage":21.0,"enemies":"2 Thieves","floor":18.0,"turns":3.0},{"damage":8.0,"enemies":"3 Byrds","floor":22.0,"turns":3.0},{"damage":2,"enemies":"Centurion and Healer","floor":27,"turns":2},{"damage":21,"enemies":"Snake Plant","floor":28,"turns":3},{"damage":12,"enemies":"Pondfish","floor":33,"turns":6},{"damage":8,"enemies":"3 Shapes","floor":35,"turns":1},{"damage":0,"enemies":"3 Darklings","floor":38,"turns":1},{"damage":7,"enemies":"Spire Growth","floor":39,"turns":3},{"damage":6,"enemies":"Nemesis","floor":40,"turns":3},{"damage":15,"enemies":"Maw","floor":41,"turns":3},{"damage":0,"enemies":"Giant Head","floor":42,"turns":2},{"damage":0,"enemies":"Reptomancer","floor":46,"turns":1},{"damage":7,"enemies":"Giant Head","floor":48,"turns":2},{"damage":93,"enemies":"Awakened One","floor":50,"turns":6},{"damage":26,"enemies":"Malkuth","floor":51,"turns":4},{"damage":19,"enemies":"Hod","floor":51,"turns":4},{"damage":119,"enemies":"Geburah","floor":51,"turns":8},{"damage":144,"enemies":"Binah","floor":51,"turns":14},{"damage":391,"enemies":"Angela","floor":51,"turns":8}],"seed_played":"-4314839960127733133","potions_obtained":[],"is_trial":false,"path_per_floor":["M","?","?","M","M","R","E","R","T","R","M","E","M","M","R","B",null,"M","?","$","?","M","R","?","R","T","M","M","R","T","$","R","B",null,"M","?","$","M","M","E","M","E","T","R","$","E","R","E","R","B",null],"character_chosen":"Angela","items_purchased":["PreservedInsect","Dramatic Entrance+1","Moonlight+1","MerchantsRug","Dramatic Entrance+1","Nunchaku","Regret_ego+1","Orrery","Flash of Steel+1"],"campfire_rested":0,"item_purchase_floors":[20,20,20,20,31,45,45,45,45],"current_hp_per_floor":[59,66,59,61,63,63,54,54,54,54,59,52,21,35,35,53,89,68,52,52,52,68,68,23,23,23,47,46,46,46,46,46,58,122,126,126,126,151,178,184,190,196,196,196,196,202,202,208,208,212],"gold":158,"neow_bonus":"RANDOM_COLORLESS_2","is_daily":false,"chose_seed":false,"campfire_upgraded":0,"win_rate":0.0,"timestamp":1608797995,"path_taken":["M","?","?","M","?","R","E","R","T","R","M","E","M","M","R","BOSS","M","?","$","?","M","R","?","R","T","M","?","R","?","$","R","BOSS","M","?","$","?","M","E","M","E","T","R","$","E","R","E","R","BOSS"],"items_purchased_type":["Relic","Card","Card","Relic","Card","Relic","Card","Relic","Card"],"build_version":"2020-12-22","purchased_purges":0,"victory":true,"max_hp_per_floor":[70,77,77,77,77,77,77,77,77,77,81,85,89,95,95,101,101,107,107,107,107,113,113,113,113,113,131,137,137,137,137,137,143,143,149,149,149,155,178,184,190,196,196,196,196,202,202,208,208,212],"card_choices":[{"not_picked":["Midas Touch","Mayhem"],"picked":"HandOfGreed","floor":0.0},{"not_picked":["LittleHelper","VoidDream"],"picked":"OldLady","floor":1.0},{"not_picked":["Horn","Wingbeat"],"picked":"SKIP","floor":1.0},{"not_picked":["Murderer","VoidDream"],"picked":"BigBird","floor":4.0},{"not_picked":["Tough"],"picked":"Twilight","floor":4.0},{"not_picked":["TodaysExpression","Laetitia_ego"],"picked":"SKIP","floor":4.0},{"not_picked":["Regret_ego"],"picked":"SolemnVow","floor":5.0},{"not_picked":["BeautyBeast","MHz"],"picked":"VoidDream","floor":5.0},{"not_picked":["Horn","Penitence"],"picked":"SKIP","floor":5.0},{"not_picked":["Murderer","QueenBee"],"picked":"CherryBlossoms","floor":7.0},{"not_picked":["Soda"],"picked":"Harvest","floor":7.0},{"not_picked":["Penitence","Harmony"],"picked":"SKIP","floor":7.0},{"not_picked":["Tough","Soda"],"picked":"ShedSkin","floor":11.0},{"not_picked":["FairyFestival","MeatLantern"],"picked":"Bloodbath","floor":11.0},{"not_picked":["CherryBlossom","Noise"],"picked":"WristCuter","floor":11.0},{"not_picked":["Mercenary","SpiderBud","OSAHOGD"],"picked":"Singing Bowl","floor":12.0},{"not_picked":["WhitesApple","LittleHelper"],"picked":"Wellcheers","floor":12.0},{"not_picked":["BearPaw","RedEyes"],"picked":"BlueScar","floor":12.0},{"not_picked":["MeltingLove","MHz"],"picked":"ShyLook","floor":13.0},{"not_picked":["ShedSkin","Regret_ego","Penitence"],"picked":"SKIP","floor":13.0},{"not_picked":["FeatherOfHonor","Logging"],"picked":"CENSORED_ego","floor":14.0},{"not_picked":["BeautyBeast","RedShoes","WallGazer"],"picked":"Singing Bowl","floor":14.0},{"not_picked":["MHz","WallGazer"],"picked":"Murderer","floor":14.0},{"not_picked":["Wingbeat","Soda"],"picked":"GrinderMk4","floor":14.0},{"not_picked":["SoundOfStar+1","CENSORED_ego+1"],"picked":"GoldRush+1","floor":16.0},{"not_picked":["MHz","BlackSwan","WhitesApple"],"picked":"Singing Bowl","floor":16.0},{"not_picked":["RedShoes","Scorched"],"picked":"FieryBird","floor":16.0},{"not_picked":["ParadiseLost+1","TheSmile+1"],"picked":"DaCapo+1","floor":16.0},{"not_picked":["WallGazer","GalaxyChild"],"picked":"SnowQueen","floor":18.0},{"not_picked":["Pleasure+1","BlueScar+1"],"picked":"DaCapo+1","floor":18.0},{"not_picked":["RapturousDream+1","Tough+1","Horn+1"],"picked":"SKIP","floor":18.0},{"not_picked":["GalaxyChild","RedShoes"],"picked":"UniverseFragment","floor":22.0},{"not_picked":["Regret_ego+1","TodaysExpression+1"],"picked":"Justitia+1","floor":22.0},{"not_picked":["WhiteNight","DreamingCurrent","HeroicMonk"],"picked":"Singing Bowl","floor":27},{"not_picked":["WallGazer","SpiderBud"],"picked":"Variant","floor":27},{"not_picked":["Ecstasy+1","Loneliness+1","FourthMatchFlame+1"],"picked":"SKIP","floor":27},{"not_picked":["Porccubus","WhitesApple","MeatLantern"],"picked":"Singing Bowl","floor":28},{"not_picked":["BeautyBeast","MeatLantern"],"picked":"LongBird","floor":28},{"not_picked":["Soda+1","Penitence+1","CUTE+1"],"picked":"SKIP","floor":28},{"not_picked":["BigBadWolf","Rudolta"],"picked":"Alriune","floor":33},{"not_picked":["Adoration+1","Pinks+1"],"picked":"Twilight+1","floor":33},{"not_picked":["DespairKnight","SilentOrchestra","Funeral"],"picked":"Singing Bowl","floor":35},{"not_picked":["Laetitia","MHz"],"picked":"DreamingCurrent","floor":35},{"not_picked":["TodaysExpression+1","GreenStem+1","RapturousDream+1"],"picked":"SKIP","floor":35},{"not_picked":["MeltingLove","DespairKnight","LittleHelper"],"picked":"Singing Bowl","floor":38},{"not_picked":["MHz","WhitesApple"],"picked":"SpiderBud","floor":38},{"not_picked":["Amita+1","RedEyes+1","RapturousDream+1"],"picked":"SKIP","floor":38},{"not_picked":["LittlePrince","SingingMachine","NakedNest"],"picked":"Singing Bowl","floor":39},{"not_picked":["Yin","MeatLantern"],"picked":"BlueStar","floor":39},{"not_picked":["TodaysExpression+1","Spore+1"],"picked":"Logging+1","floor":39},{"not_picked":["BlackSwan","FairyFestival"],"picked":"CENSORED","floor":40},{"not_picked":["Noise+1","Diffraction+1"],"picked":"CENSORED_ego+1","floor":40},{"not_picked":["BeautyBeast","WallGazer","Rudolta"],"picked":"Singing Bowl","floor":41},{"not_picked":["GreedKing","LittleHelper"],"picked":"QueenOfHatred","floor":41},{"not_picked":["TodaysExpression+1","FourthMatchFlame+1","Lantern+1"],"picked":"SKIP","floor":41},{"not_picked":["Woodsman","WhiteNight","Scarecrow"],"picked":"Singing Bowl","floor":42},{"not_picked":["BlackSwan","Yin"],"picked":"Porccubus","floor":42},{"not_picked":["Horn+1","Lantern+1"],"picked":"Logging+1","floor":42},{"not_picked":["Beak+1","Amita+1"],"picked":"WristCuter+1","floor":45},{"not_picked":["Loneliness+1","TodaysExpression+1"],"picked":"CherryBlossom+1","floor":45},{"not_picked":["Freischutz","QueenBee","Rudolta"],"picked":"Singing Bowl","floor":46},{"not_picked":["MHz","SingingMachine"],"picked":"BeautyBeast","floor":46},{"not_picked":["TodaysExpression+1","FourthMatchFlame+1"],"picked":"SwordSharpenedByTears+1","floor":46},{"not_picked":["NakedNest","BlackSwan","LittlePrince"],"picked":"Singing Bowl","floor":48},{"not_picked":["MeatLantern","HappyTeddy"],"picked":"Yin","floor":48},{"not_picked":["Loneliness+1","ShedSkin+1","Mimicry+1"],"picked":"SKIP","floor":48}],"player_experience":1013836,"relics_obtained":[{"floor":7.0,"key":"Unceasing Top"},{"floor":9.0,"key":"Pet Ghost"},{"floor":12.0,"key":"Meat on the Bone"},{"floor":19.0,"key":"Necronomicon"},{"floor":24.0,"key":"DemoMod:Bottle"},{"floor":26.0,"key":"DemoMod:NanoMachines"},{"floor":30,"key":"Golden Egg"},{"floor":39,"key":"AtMidnight"},{"floor":40,"key":"Grinning Jar"},{"floor":42,"key":"Boot"},{"floor":43,"key":"Replay:Wax Seal"},{"floor":46,"key":"ReplayTheSpireMod:Ninjato"},{"floor":48,"key":"CaptainsWheel"}],"event_choices":[{"damage_healed":0.0,"max_hp_gain":0.0,"max_hp_loss":0.0,"gold_gain":0.0,"event_name":"Big Fish","player_choice":"Box","floor":2.0,"gold_loss":0.0,"damage_taken":0.0,"relics_obtained":["Strawberry"],"cards_obtained":["Regret"]},{"damage_healed":0.0,"max_hp_gain":0.0,"max_hp_loss":0.0,"gold_gain":0.0,"event_name":"Scrap Ooze","player_choice":"Success","floor":3.0,"gold_loss":0.0,"damage_taken":7.0,"relics_obtained":["DemoMod:ClearGuonStone"]},{"damage_healed":0.0,"max_hp_gain":0.0,"max_hp_loss":0.0,"gold_gain":0.0,"event_name":"Cursed Tome","player_choice":"Obtained Book","floor":19.0,"gold_loss":0.0,"damage_taken":16.0},{"damage_healed":0,"gold_gain":0,"player_choice":"1 cards matched","damage_taken":0,"max_hp_gain":0,"max_hp_loss":0,"event_name":"Match and Keep!","floor":36,"gold_loss":0,"cards_obtained":["Flash of Steel"]}],"is_beta":false,"boss_relics":[{"not_picked":["Abe\u0027s Treasure","Replay:Fungal Core"],"picked":"Sozu"},{"not_picked":["Coffee Dripper","Velvet Choker","Painkiller Herb"]}],"items_purged_floors":[],"is_endless":false,"potions_floor_spawned":[22,33,41],"ascension_level":7}}