{"host":"e7sl0pd4xxdbbdh2","time":1608779463,"event":{"mods":["BaseMod","Better Third Choice","Colored Map","Colored Powertips","Hubris","Minty Spire (QoL Compilation)","Replay The Spire","StSLib","SuperFastMode"],"gold_per_floor":[119,134,152,167,186,186,215,215,240,256,256,256],"floor_reached":11,"playtime":692,"items_purged":[],"score":154,"play_id":"58a72c95-738f-4fc1-94b5-9a56f696803b","local_time":"20201224001103","is_ascension_mode":true,"campfire_choices":[{"data":"Draining Mist","floor":6,"key":"SMITH"},{"floor":8,"key":"REST"}],"circlet_count":0,"master_deck":["AscendersBane","Strike_G","Strike_G","Strike_G","Strike_G","Strike_G","Defend_G","Defend_G","Defend_G","Defend_G","Defend_G","Survivor","Neutralize","Defend_P","Defend_G","Bane","Infinite Blades","Dagger Spray","Wraith Form v2","Backstab","ReplayTheSpireMod:Speed Training","Draining Mist+1","Terror","Sucker Punch","Tools of the Trade","Poisoned Stab"],"relics":["Ring of the Snake","Prayer Wheel","Boot","ReplayTheSpireMod:Lightbulb"],"acts_visited":["Exordium"],"potions_floor_usage":[10],"damage_taken":[{"damage":3.0,"enemies":"Jaw Worm","floor":1.0,"turns":8.0},{"damage":5.0,"enemies":"Small Slimes","floor":2.0,"turns":6.0},{"damage":2.0,"enemies":"2 Louse","floor":3.0,"turns":4.0},{"damage":10.0,"enemies":"Lots of Slimes","floor":4.0,"turns":5.0},{"damage":12,"enemies":"Looter","floor":5,"turns":3},{"damage":17,"enemies":"Gremlin Nob","floor":7,"turns":4},{"damage":9,"enemies":"Gremlin Gang","floor":10,"turns":5},{"damage":29,"enemies":"Lagavulin","floor":11,"turns":7}],"seed_played":"-4841718582427449417","potions_obtained":[{"floor":5,"key":"Dexterity Potion"},{"floor":7,"key":"ColorlessPotion"}],"is_trial":false,"path_per_floor":["M","M","M","M","M","R","E","R","T","M","E"],"character_chosen":"THE_SILENT","items_purchased":[],"campfire_rested":1,"item_purchase_floors":[],"current_hp_per_floor":[56,51,49,39,27,27,10,29,29,20,0,0],"gold":256,"neow_bonus":"ONE_RARE_RELIC","is_daily":false,"chose_seed":false,"campfire_upgraded":1,"win_rate":0.0,"timestamp":1608779463,"path_taken":["M","M","M","M","M","R","E","R","T","M","E"],"items_purchased_type":[],"build_version":"2020-12-22","purchased_purges":0,"victory":false,"max_hp_per_floor":[66,66,66,66,66,66,66,66,66,66,66,66],"card_choices":[{"not_picked":["Cloak And Dagger","Hidden Blade"],"picked":"Bane","floor":1.0},{"not_picked":["hubris:SlightOfHand","Underhanded Strike","Prepared"],"picked":"SKIP","floor":1.0},{"not_picked":["Backflip","Quick Slash"],"picked":"Infinite Blades","floor":2.0},{"not_picked":["Underhanded Strike","Blur"],"picked":"Dagger Spray","floor":2.0},{"not_picked":["Sucker Punch","Blade Dance"],"picked":"Wraith Form v2","floor":3.0},{"not_picked":["Distraction","ReplayTheSpireMod:Exploit Weakness"],"picked":"Backstab","floor":3.0},{"not_picked":["hubris:Counter","Reflex"],"picked":"ReplayTheSpireMod:Speed Training","floor":4.0},{"not_picked":["Deadly Poison","Cloak And Dagger"],"picked":"Draining Mist","floor":4.0},{"not_picked":["Prepared","hubris:SlightOfHand"],"picked":"Terror","floor":5},{"not_picked":["Concentrate","Acrobatics"],"picked":"Sucker Punch","floor":5},{"not_picked":["Dagger Throw","Bane"],"picked":"Tools of the Trade","floor":7},{"not_picked":["Prepared","Blur"],"picked":"Poisoned Stab","floor":10},{"not_picked":["Deflect","hubris:Sniper","Slice"],"picked":"SKIP","floor":10}],"player_experience":1597701,"relics_obtained":[{"floor":7,"key":"Boot"},{"floor":9,"key":"ReplayTheSpireMod:Lightbulb"}],"event_choices":[],"is_beta":false,"boss_relics":[],"items_purged_floors":[],"is_endless":false,"potions_floor_spawned":[5,7],"killed_by":"Lagavulin","ascension_level":20}}