{"host":"lhth1efayex2023z","time":1608849808,"event":{"mods":["BaseMod","Colored Map","Googly Eyes","Minty Spire (QoL Compilation)","StSLib"],"gold_per_floor":[114,289,289,134,151,182,182,213,265,265,265,285,300,315,315,315,315],"floor_reached":16,"playtime":485,"items_purged":["Regret"],"score":176,"play_id":"61702304-5dfc-4ec0-bd1d-8d7d90c87739","local_time":"20201224154328","is_ascension_mode":true,"campfire_choices":[{"floor":7.0,"key":"REST"},{"data":"Dualcast","floor":11,"key":"SMITH"},{"floor":15,"key":"REST"}],"circlet_count":0,"master_deck":["AscendersBane","Strike_B","Strike_B","Strike_B","Strike_B","Defend_B","Defend_B","Defend_B","Defend_B","Zap+1","Dualcast+1","Conserve Battery","Doubt","Scrape","All For One","Redo","Gash"],"relics":["Cracked Core","Nunchaku","MealTicket","Sundial","Bag of Marbles"],"acts_visited":["Exordium"],"potions_floor_usage":[16,16],"damage_taken":[{"damage":1.0,"enemies":"Small Slimes","floor":1.0,"turns":3.0},{"damage":4.0,"enemies":"2 Louse","floor":5.0,"turns":3.0},{"damage":38.0,"enemies":"3 Sentries","floor":6.0,"turns":8.0},{"damage":26.0,"enemies":"Gremlin Nob","floor":8.0,"turns":4.0},{"damage":5,"enemies":"Jaw Worm","floor":12,"turns":2},{"damage":7,"enemies":"Looter","floor":13,"turns":3},{"damage":1,"enemies":"2 Fungi Beasts","floor":14,"turns":2},{"damage":32,"enemies":"Hexaghost","floor":16,"turns":10}],"seed_played":"-3390891687461719728","potions_obtained":[{"floor":5.0,"key":"Ancient Potion"},{"floor":8.0,"key":"Energy Potion"},{"floor":12,"key":"Weak Potion"},{"floor":13,"key":"SkillPotion"}],"is_trial":false,"path_per_floor":["M","?","?","$","M","E","R","E","T","?","R","M","M","M","R","B"],"character_chosen":"DEFECT","items_purchased":["Scrape"],"campfire_rested":2,"item_purchase_floors":[4],"current_hp_per_floor":[67,67,67,67,63,25,47,21,21,21,21,16,9,8,30,0,0],"gold":315,"neow_bonus":"UPGRADE_CARD","is_daily":false,"chose_seed":false,"campfire_upgraded":1,"win_rate":0.0,"timestamp":1608849808,"path_taken":["M","?","?","$","M","E","R","E","T","?","R","M","?","M","R","BOSS"],"items_purchased_type":["Card"],"build_version":"2020-12-22","purchased_purges":1,"victory":false,"max_hp_per_floor":[75,75,75,75,75,75,75,75,75,75,75,75,75,75,75,75,75],"card_choices":[{"not_picked":["Beam Cell","Turbo"],"picked":"Conserve Battery","floor":1.0},{"not_picked":["Coolheaded","Sweeping Beam","Recycle"],"picked":"SKIP","floor":5.0},{"not_picked":["Steam","Coolheaded"],"picked":"All For One","floor":6.0},{"not_picked":["Melter","Machine Learning","Conserve Battery"],"picked":"SKIP","floor":8.0},{"not_picked":["Stack","Sweeping Beam"],"picked":"Redo","floor":12},{"not_picked":["Rebound","Turbo"],"picked":"Gash","floor":13},{"not_picked":["Echo Form","Defragment","Barrage"],"picked":"SKIP","floor":14},{"not_picked":["Echo Form","Defragment","Barrage"],"picked":"SKIP","floor":14}],"player_experience":389908,"relics_obtained":[{"floor":6.0,"key":"MealTicket"},{"floor":8.0,"key":"Sundial"},{"floor":9.0,"key":"Bag of Marbles"}],"event_choices":[{"damage_healed":0.0,"max_hp_gain":0.0,"max_hp_loss":0.0,"gold_gain":175.0,"event_name":"Liars Game","player_choice":"AGREE","floor":2.0,"gold_loss":0.0,"damage_taken":0.0,"cards_obtained":["Doubt"]},{"damage_healed":0.0,"max_hp_gain":0.0,"max_hp_loss":0.0,"gold_gain":0.0,"event_name":"Big Fish","player_choice":"Box","floor":3.0,"gold_loss":0.0,"damage_taken":0.0,"relics_obtained":["Nunchaku"],"cards_obtained":["Regret"]},{"damage_healed":0,"gold_gain":0,"player_choice":"Searched \u00270\u0027 times","damage_taken":0,"max_hp_gain":0,"max_hp_loss":0,"event_name":"Dead Adventurer","floor":10,"gold_loss":0}],"is_beta":false,"boss_relics":[],"items_purged_floors":[4],"is_endless":false,"potions_floor_spawned":[5,8,12,13,14],"killed_by":"Hexaghost","ascension_level":12}}