{"host":"ejwrda5cjllq8zfn","time":1608818791,"event":{"mods":["2.2 Compatiblity","Act Like it!","Astrologer","BaseMod","Challenge The Spire","Colored Map","Colored Powertips","Defuse TimeMaze Blight","Energized Spire","Hermit","Highlight Path","Hubris","Infinite Spire","Lobotomy","Mad Scientist","Marisa????????","Minty Spire (QoL Compilation)","Random Character Button","Replay The Spire","StSLib","SuperFastMode","The Bladedancer","The Cursed","The Gatherer","The Jungle","The Mystic","The Spell Scribe","Unceasing Turn Reminder","vexMod"],"gold_per_floor":[113,113,113,126,46,75,75,75,75,75,75,75,0,0,10,29,29,29,29],"floor_reached":18,"playtime":891,"items_purged":["blademaster:LightningCrash"],"score":108,"play_id":"76a502c3-d7be-43ff-8833-31cade19f8b7","local_time":"20201224150631","is_ascension_mode":false,"campfire_choices":[{"data":"blademaster:IcyWind","floor":7,"key":"SMITH"},{"data":"blademaster:Bloodbath","floor":12,"key":"SMITH"},{"data":"blademaster:Gust","floor":14,"key":"SMITH"},{"floor":17,"key":"REST"}],"circlet_count":0,"master_deck":["blademaster:Strike","blademaster:Strike","blademaster:Strike","blademaster:Defend","blademaster:Defend","blademaster:Defend","blademaster:Defend","blademaster:RagingBlow","blademaster:HighVoltage","Wellcheers","blademaster:Bloodbath+1","OldLady","blademaster:Gust+1","blademaster:EyeOfTheTornado","QueenOfHatred","blademaster:IcyWind+1","MeatLantern","blademaster:Bloodbath","CherryBlossoms","blademaster:SharpBlades"],"relics":["blademaster:DancersAmulet","CogitoBucket","Replay:Bottled Flurry","vexMod:RedPlottingStone"],"acts_visited":["Exordium"],"potions_floor_usage":[18],"damage_taken":[{"damage":0,"enemies":"Jaw Worm","floor":1,"turns":4},{"damage":14,"enemies":"2 Louse","floor":4,"turns":7},{"damage":27,"enemies":"Replay:BlueRogue","floor":6,"turns":14},{"damage":4,"enemies":"Cultist","floor":15,"turns":4},{"damage":41,"enemies":"Looter","floor":16,"turns":4},{"damage":32,"enemies":"Slime Boss","floor":18,"turns":2}],"seed_played":"794508508164835507","potions_obtained":[{"floor":1,"key":"Swift Potion"},{"floor":6,"key":"LifebloodPotion"}],"is_trial":false,"path_per_floor":["M","?","?","M","$","E","R","?","T","PTL","PTL","R","$","R","M","M","R","B"],"character_chosen":"THE_BLADEMASTER","items_purchased":["blademaster:EyeOfTheTornado"],"campfire_rested":1,"item_purchase_floors":[5],"current_hp_per_floor":[75,75,75,61,61,40,40,40,40,40,40,40,40,40,39,1,23,0,0],"gold":29,"neow_bonus":"","is_daily":false,"chose_seed":false,"campfire_upgraded":3,"win_rate":0.0,"timestamp":1608818791,"path_taken":["M","?","?","M","?","E","R","?","T","PTL","PTL","R","$","R","M","M","R","BOSS"],"items_purchased_type":["Card"],"build_version":"2020-12-22","purchased_purges":1,"victory":false,"max_hp_per_floor":[75,75,75,75,75,75,75,75,75,75,75,75,75,75,75,75,75,75,75],"card_choices":[{"not_picked":["FairyFestival","Bloodbath"],"picked":"Wellcheers","floor":1},{"not_picked":["blademaster:EyeOfTheStorm","blademaster:Safeguard"],"picked":"blademaster:Bloodbath","floor":1},{"not_picked":["CherryBlossoms","UniverseFragment"],"picked":"OldLady","floor":4},{"not_picked":["blademaster:ThunderSlash","blademaster:Slice"],"picked":"blademaster:Gust","floor":4},{"not_picked":["CrumblingArmor","Yin"],"picked":"QueenOfHatred","floor":6},{"not_picked":["blademaster:AncestralHealing","blademaster:DragonStrike"],"picked":"blademaster:IcyWind","floor":6},{"not_picked":["SpiderBud","MeltingLove"],"picked":"MeatLantern","floor":15},{"not_picked":["blademaster:Momentum","blademaster:Overcharge"],"picked":"blademaster:Bloodbath","floor":15},{"not_picked":["UniverseFragment","Scorched"],"picked":"CherryBlossoms","floor":16},{"not_picked":["blademaster:SlyStabs","blademaster:LightningCrash"],"picked":"blademaster:SharpBlades","floor":16}],"player_experience":166149,"relics_obtained":[{"floor":6,"key":"blademaster:WindChargePerk"},{"floor":6,"key":"Replay:Bottled Flurry"},{"floor":9,"key":"vexMod:RedPlottingStone"}],"event_choices":[{"damage_healed":0,"gold_gain":0,"player_choice":"Ignored","damage_taken":0,"max_hp_gain":0,"max_hp_loss":0,"event_name":"Liars Game","floor":2,"gold_loss":0},{"damage_healed":0,"gold_gain":0,"player_choice":"Ignored","damage_taken":0,"max_hp_gain":0,"max_hp_loss":0,"event_name":"Golden Idol","floor":3,"gold_loss":0},{"damage_healed":0,"gold_gain":0,"cards_transformed":["blademaster:Strike"],"player_choice":"Transformed","damage_taken":0,"max_hp_gain":0,"max_hp_loss":0,"event_name":"Transmorgrifier","floor":8,"gold_loss":0,"cards_obtained":["blademaster:LightningCrash"]}],"is_beta":false,"boss_relics":[],"items_purged_floors":[13],"is_endless":false,"potions_floor_spawned":[1,6],"killed_by":"Slime Boss","ascension_level":0}}