{"host":"lytueob6x0yvfkof","time":1608813492,"event":{"mods":["Act Like it!","Aspiration","Bard","BaseMod","Beaked The Cultist","Colored Map","Conspire","Downfall","Glutton Mod","Halation","Hallownest","HololiveMod","Hubris","Infinite Spire","Jedi Mod","Mad Scientist","Marisa????????","Mimic Mod","Minty Spire (QoL Compilation)","Potionbrewer","Reimu??????","Remilia??????","Replay The Spire","Somnambulant","StSLib","The Bug Knight","The Clintock","The Construct","The Cursed","The Disciple","The Elementalist","The Exalted","The Forsaken","The Hierophant","The Jungle","The Mystic","The Runesmith","The Servant 0.9.4","TheArtist","TheBandit","Yuyuko","vexMod"],"gold_per_floor":[194,223,250,281,281,328,361,422,463,497,497,510,564,581,581,687,687,713,713,713,731,501,534,203,234,281,42,42,65,78,78,78,180,180,199,199,0,0,20,69,69,69,117,117,135,135,135,146,157,173,173,209],"floor_reached":53,"playtime":4606,"items_purged":["Hololive_Strike","Decay","Hololive_Strike"],"score":1134,"play_id":"9b99e959-c36b-4d7c-b5f3-d135ec52b44f","local_time":"20201224123812","is_ascension_mode":false,"campfire_choices":[{"data":"Hololive_CallSpadeEcho","floor":15,"key":"SMITH"},{"floor":32,"key":"DIG"},{"data":"Hololive_CallHimemoriLuna","floor":41,"key":"SMITH"},{"data":"Hololive_IdolExercise","floor":44,"key":"SMITH"},{"data":"Hololive_MaximGun","floor":51,"key":"SMITH"}],"circlet_count":0,"master_deck":["Hololive_Defend","Hololive_Defend","Hololive_Psychosis","Hololive_CallAkaiHaato","Hololive_CallNatsuiroMatsuri","Hololive_CallTsunomakiWatame","Hololive_CallSpadeEcho+1","Hololive_CallSpadeEcho","Hololive_CallSakuraMiko","Hololive_CallShishiroBotan","Hololive_FlyingPonyTail","Hololive_CallMomosuzuNene+11","Hololive_CallShirakamiFubuki","Hololive_CallHimemoriLuna+1","Hololive_CallNakiriAyame","Hololive_CallMoonaHoshinova","Hololive_Psychosis","Hololive_CallYogiri","Hololive_CocoNews","Hololive_Rebound","Hololive_IdolExercise+1","Hololive_CocoNews+1","Hololive_CallOkamiMio","Hololive_OvertimeWork","Hololive_FlyingPonyTail+1","Hololive_CallInugamiKorone","Hololive_HuntDinosaur","Hololive_CallShiroganeNoel","Hololive_BringToTrial","Hololive_MaximGun+1","Hololive_Recruit","Hololive_CallMoonaHoshinova+1","Hololive_CallMurasakiShion+1","Hololive_DevilCharm","Hololive_CallKiryuuCoco+1","Hololive_CocoNews","Hololive_DDD","Hololive_CallNekomataOkayu+1","Hololive_CallOkamiMio+1","Hololive_CallOkamiMio+1","Hololive_CallArtia+1","Hololive_StrengthChampion+1","Hololive_CallOmaruPolka+1","Hololive_SummonFox","Hololive_ILoveYou+1","Hololive_FlyingPonyTail+1"],"relics":["Hololive_TheStar","potionbrewer:Torch","Anchor","Pet Ghost","infinitespire:Beetle Shell","hubris:TinFlute","construct:ClawGrip","construct:WeddingRing","Hololive_LightStick","CaptainsWheel","Frozen Egg 2","halation:EternalFortune","Bronze Scales","ChewingGum","Ring of Fury","infinitespire:PuzzleCube","aspiration:TomeofQuesting","ReplayFunnel"],"acts_visited":["Exordium","TheCity","TheBeyond"],"potions_floor_usage":[],"damage_taken":[{"damage":0,"enemies":"Cultist","floor":1,"turns":3},{"damage":0,"enemies":"Jaw Worm","floor":2,"turns":2},{"damage":0,"enemies":"infinitespire:Voidling","floor":3,"turns":3},{"damage":0,"enemies":"2 Fungi Beasts","floor":4,"turns":3},{"damage":0,"enemies":"Gremlin Nob","floor":6,"turns":4},{"damage":0,"enemies":"Large Slime","floor":7,"turns":2},{"damage":0,"enemies":"3 Sentries","floor":8,"turns":4},{"damage":0,"enemies":"Looter","floor":9,"turns":3},{"damage":0,"enemies":"Gremlin Nob","floor":10,"turns":3},{"damage":0,"enemies":"Looter","floor":12,"turns":2},{"damage":0,"enemies":"Replay:BlueRogue","floor":13,"turns":3},{"damage":0,"enemies":"2 Fungi Beasts","floor":14,"turns":2},{"damage":0,"enemies":"Slime Boss","floor":16,"turns":3},{"damage":0,"enemies":"Chosen","floor":18,"turns":3},{"damage":0,"enemies":"Spheric Guardian","floor":21,"turns":3},{"damage":0,"enemies":"Slavers","floor":23,"turns":5},{"damage":0,"enemies":"Gremlin Leader","floor":25,"turns":3},{"damage":0,"enemies":"Snake Plant","floor":26,"turns":3},{"damage":0,"enemies":"Snake Plant","floor":29,"turns":2},{"damage":0,"enemies":"Centurion and Healer","floor":30,"turns":3},{"damage":0,"enemies":"Collector","floor":33,"turns":8},{"damage":0,"enemies":"3 Darklings","floor":35,"turns":3},{"damage":0,"enemies":"3 Shapes","floor":39,"turns":3},{"damage":0,"enemies":"Reptomancer","floor":40,"turns":4},{"damage":0,"enemies":"Transient","floor":45,"turns":5},{"damage":0,"enemies":"3 Darklings","floor":48,"turns":4},{"damage":0,"enemies":"Jaw Worm Horde","floor":49,"turns":4},{"damage":0,"enemies":"Maw","floor":50,"turns":5},{"damage":0,"enemies":"hubris:GrandSnecko","floor":52,"turns":6}],"seed_played":"-5941054984084496554","potions_obtained":[{"floor":4,"key":"jedi:StrikingPotion"},{"floor":7,"key":"jedi:StrikingPotion"},{"floor":8,"key":"potionbrewer:AcidPotion"}],"is_trial":false,"path_per_floor":["M","M","M","M","?","E","M","E","MIM","E","?","M","E","M","R","B",null,"M","?","AVR","M","$","E","$","E","MIM","$","?","M","M","?","R_BF","B",null,"M","?","$","?","M","E","R","?","T","R","M","PTL","PTL","M","M","M","R","B",null],"character_chosen":"Hololive_HololiveCharacter","items_purchased":["Hololive_FlyingPonyTail+1","Hololive_CallInugamiKorone","Hololive_HuntDinosaur","Hololive_BringToTrial","Hololive_MaximGun","Hololive_CallMurasakiShion+1","Hololive_DevilCharm","Hololive_CallOkamiMio+1","infinitespire:PuzzleCube"],"campfire_rested":0,"item_purchase_floors":[22,22,22,24,24,27,27,37,37],"current_hp_per_floor":[35,35,35,35,35,35,35,35,35,35,35,35,35,35,35,35,35,35,35,35,35,35,35,35,35,35,35,35,35,35,38,38,38,38,41,41,41,41,41,41,41,41,41,41,41,41,41,41,41,41,41,41],"gold":209,"neow_bonus":"HUNDRED_GOLD","is_daily":false,"chose_seed":false,"campfire_upgraded":4,"win_rate":0.0,"timestamp":1608813492,"path_taken":["M","?","M","M","?","E","?","E","MIM","E","?","M","E","M","R","BOSS","M","?","AVR","M","$","E","?","E","MIM","$","?","?","M","?","R_BF","BOSS","M","?","$","?","?","E","R","?","T","R","M","PTL","PTL","M","M","M","R","BOSS"],"items_purchased_type":["Card","Card","Card","Card","Card","Card","Card","Card","Relic"],"build_version":"2020-12-22","purchased_purges":3,"victory":true,"max_hp_per_floor":[35,35,35,35,35,35,35,35,35,35,35,35,35,35,35,35,35,35,35,35,35,35,35,35,35,35,35,35,35,35,38,38,38,38,41,41,41,41,41,41,41,41,41,41,41,41,41,41,41,41,41,41],"card_choices":[{"not_picked":["Hololive_CocoNews","Hololive_Drill","Hololive_Sequa"],"picked":"Hololive_CallSakuraMiko","floor":1},{"not_picked":["Hololive_HuntDinosaur","Hololive_RevenueBasedLive","Hololive_CallAkaiHaato"],"picked":"Hololive_CallShishiroBotan","floor":2},{"not_picked":["Hololive_StrengthChampion","Hololive_RevenueBasedLive","Hololive_LuckPotion"],"picked":"Hololive_FlyingPonyTail","floor":3},{"not_picked":["Hololive_Sequa","Hololive_Drill","Hololive_LuckPotion"],"picked":"Hololive_CallMomosuzuNene","floor":4},{"not_picked":["Hololive_Sequa","Hololive_HuntDinosaur","Hololive_Breathe"],"picked":"Hololive_CallShirakamiFubuki","floor":6},{"not_picked":["Hololive_Thief","Hololive_CallNakiriAyame","Hololive_Psychosis"],"picked":"Hololive_CallHimemoriLuna","floor":7},{"not_picked":["Hololive_CallMinatoAqua","Hololive_Yoholoon","Hololive_HuntDinosaur"],"picked":"Hololive_CallNakiriAyame","floor":8},{"not_picked":["Hololive_SummonFox","Hololive_Sequa","Hololive_CallAmaneKanata"],"picked":"Hololive_CallMoonaHoshinova","floor":9},{"not_picked":["Hololive_HuntDinosaur","Hololive_OvertimeWork","Hololive_ScarfAndHalo"],"picked":"Hololive_Psychosis","floor":10},{"not_picked":["Hololive_Psychosis","Hololive_Breathe","Hololive_OvertimeWork"],"picked":"Hololive_CallYogiri","floor":12},{"not_picked":["Hololive_CallYuzukiChoco","Hololive_BringToTrial","Hololive_CallUruhaRushia"],"picked":"Hololive_CocoNews","floor":13},{"not_picked":["Hololive_ILoveYou","Hololive_RevenueBasedLive","Hololive_Sequa"],"picked":"Hololive_Rebound","floor":14},{"not_picked":["Hololive_FlareMind","Hololive_DiamondStrike","Hololive_Thief"],"picked":"Hololive_IdolExercise","floor":16},{"not_picked":["Hololive_CallNakiriAyame","Hololive_DevilCharm","Hololive_Breathe"],"picked":"Hololive_CocoNews+1","floor":18},{"not_picked":["Hololive_CallShishiroBotan","Hololive_Breathe+1","Hololive_CallUruhaRushia"],"picked":"Hololive_OvertimeWork","floor":21},{"not_picked":["Hololive_RevenueBasedLive","Hololive_FlyingPonyTail+1","Hololive_CallAmaneKanata"],"picked":"Hololive_CallShiroganeNoel","floor":23},{"not_picked":["Hololive_CallTokinoSora","Hololive_Psychosis+1","Hololive_CallNatsuiroMatsuri"],"picked":"Hololive_Recruit","floor":25},{"not_picked":["Hololive_LuckPotion","Hololive_FlyingPonyTail+1","Hololive_Trident+1"],"picked":"Hololive_CallMoonaHoshinova+1","floor":26},{"not_picked":["Hololive_CocoNews","Hololive_Psychosis","Hololive_CallShiroganeNoel+1"],"picked":"Hololive_CallKiryuuCoco+1","floor":29},{"not_picked":["Hololive_Psychosis","Hololive_CallNatsuiroMatsuri+1","Hololive_LuckPotion"],"picked":"Hololive_CocoNews","floor":30},{"not_picked":["Hololive_FlareMind","Hololive_Thief","Hololive_Recruit"],"picked":"Hololive_DDD","floor":33},{"not_picked":["Hololive_Psychosis+1","Hololive_CallUruhaRushia+1","Hololive_RevenueBasedLive"],"picked":"Hololive_CallNekomataOkayu+1","floor":35},{"not_picked":["Hololive_CallHoshimachiSuisei+1","Hololive_Trident","Hololive_Sequa"],"picked":"Hololive_CallArtia+1","floor":39},{"not_picked":["Hololive_Thief","Hololive_FlyingPonyTail+1","Hololive_CocoNews"],"picked":"Hololive_StrengthChampion+1","floor":40},{"not_picked":["Hololive_OvertimeWork","Hololive_CocoNews","Hololive_CallYuzukiChoco+1"],"picked":"Hololive_CallOmaruPolka+1","floor":45},{"not_picked":["Hololive_CallSakuraMiko+1","Hololive_Sequa","Hololive_HuntDinosaur"],"picked":"Hololive_SummonFox","floor":48},{"not_picked":["Hololive_HuntDinosaur","Hololive_CallYogiri+1","Hololive_Psychosis+1"],"picked":"Hololive_ILoveYou+1","floor":49},{"not_picked":["Hololive_CallOkamiMio+1","Hololive_Sequa+1","Hololive_Breathe+1"],"picked":"Hololive_FlyingPonyTail+1","floor":50}],"player_experience":201204,"relics_obtained":[{"floor":6,"key":"potionbrewer:Torch"},{"floor":8,"key":"Anchor"},{"floor":9,"key":"Pet Ghost"},{"floor":10,"key":"infinitespire:Beetle Shell"},{"floor":13,"key":"hubris:TinFlute"},{"floor":23,"key":"Hololive_LightStick"},{"floor":25,"key":"CaptainsWheel"},{"floor":26,"key":"Frozen Egg 2"},{"floor":32,"key":"Bronze Scales"},{"floor":35,"key":"halation:EternalFortune"},{"floor":36,"key":"Ring of Fury"},{"floor":40,"key":"aspiration:TomeofQuesting"},{"floor":43,"key":"ReplayFunnel"}],"event_choices":[{"damage_healed":0,"gold_gain":0,"player_choice":"Cursed","damage_taken":0,"max_hp_gain":0,"max_hp_loss":0,"event_name":"Wheel of Change","floor":5,"gold_loss":0,"cards_obtained":["Decay"]},{"damage_healed":0,"gold_gain":0,"player_choice":"Read","damage_taken":0,"max_hp_gain":0,"max_hp_loss":0,"event_name":"The Library","floor":19,"gold_loss":0,"cards_obtained":["Hololive_CallOkamiMio"]},{"damage_healed":0,"gold_gain":0,"player_choice":"Cursed","damage_taken":0,"max_hp_gain":0,"max_hp_loss":0,"event_name":"Wheel of Change","floor":28,"gold_loss":0,"cards_obtained":["Decay"]},{"cards_removed":["Languid","Decay"],"damage_healed":0,"gold_gain":0,"player_choice":"Removed Curses","damage_taken":0,"max_hp_gain":0,"max_hp_loss":0,"event_name":"Fountain of Cleansing","floor":38,"gold_loss":0},{"damage_healed":0,"gold_gain":0,"player_choice":"Bought 0 Potions","damage_taken":0,"max_hp_gain":0,"max_hp_loss":0,"event_name":"The Woman in Blue","floor":42,"gold_loss":0}],"is_beta":false,"boss_relics":[{"not_picked":["aspiration:RunicSpoon","Bromod:ArcaneEnergize"],"picked":"construct:ClawGrip"},{"not_picked":["vexMod:EndlessSickness","Replay:Grab Bag"],"picked":"ChewingGum"}],"items_purged_floors":[22,24,27],"is_endless":false,"potions_floor_spawned":[4,7,8,12,14,21,23,25,29,30,35,39,45,50],"ascension_level":0}}