{"host":"32dedufnxebqtmo3","time":1608791672,"event":{"mods":["AchievementEnabler","BaseMod","Better Third Choice","Card Filter","Colored Powertips","Defuse TimeMaze Blight","Downfall","GifTheSpireLib","Minty Spire (QoL Compilation)","Permanent Neow","Relic Filter","Relic Stats","Remove Card Discount Mod","Shop Mod","StSLib","The Cursed","Unceasing Turn Reminder"],"gold_per_floor":[99,99,24,7,7,39,65,65,92,17,34,64,77,77,96,201,201,126,136,136,77,77,110,110,143,143,153,153,56,39,139,159,257,257,257,222,222,222,31,51,51,51,81,81,100,111,51,77,97,97,97,130,6,6,6],"floor_reached":56,"playtime":5801,"items_purged":["Regret","champ:Strike","champ:Strike","champ:ViciousMockery","champ:Strike","champ:Defend","champ:FlashCut","champ:StrikeOfGenius","champ:Defend","champ:StrikeOfGenius+1","Parasite"],"score":1190,"play_id":"176d5d04-041a-404f-86d5-ef2cb99211a5","local_time":"20201223223432","is_ascension_mode":false,"campfire_choices":[{"floor":1.0,"key":"RECALL"},{"data":"champ:Taunt","floor":3.0,"key":"SMITH"},{"data":"champ:SkillfulDodge","floor":5.0,"key":"SMITH"},{"floor":8.0,"key":"REST"},{"data":"champ:StrikeOfGenius","floor":10.0,"key":"SMITH"},{"data":"champ:VampiricStrike","floor":18.0,"key":"SMITH"},{"data":"champ:Circumvent","floor":20.0,"key":"SMITH"},{"data":"champ:PreciseThrust","floor":26.0,"key":"SMITH"},{"data":"champ:Improvising","floor":35.0,"key":"SMITH"},{"data":"champ:Backstep","floor":37.0,"key":"SMITH"},{"data":"champ:HoldFirm","floor":44.0,"key":"SMITH"},{"data":"champ:VampiricStrike","floor":54,"key":"SMITH"}],"circlet_count":0,"master_deck":["champ:Strike+1","champ:Defend+1","champ:Defend+1","champ:Execute+1","champ:Taunt+1","champ:SkillfulDodge+1","champ:Circumvent+1","champ:VampiricStrike+1","champ:FlashCut+1","champ:IronFortress","champ:Backstep+1","champ:PreciseThrust+1","champ:HoldFirm+1","champ:RisingSlash","champ:Improvising+1","champ:VampiricStrike+1","champ:ShieldWall+1","champ:IronFortress","champ:Encircle+1","champ:RisingSlash+1","champ:Duel+1","champ:RecklessLeap+1","champ:Duel+1"],"relics":["champ:ChampionCrown","downfall:HeartBlessingRed","Dream Catcher","Gambling Chip","downfall:HeartBlessingGreen","Odd Mushroom","Velvet Choker","downfall:HeartBlessingBlue","Tiny Chest","Darkstone Periapt","Singing Bowl","MutagenicStrength","SacredBark","Molten Egg 2","Orichalcum","The Courier","Bronze Scales","Bottled Lightning","champ:GladiatorsBookOfMartialProwess","Juzu Bracelet","Bag of Preparation","champ:BerserkersGuideToSlaughter"],"acts_visited":["Exordium","TheCity","TheBeyond","TheEnding"],"potions_floor_usage":[55,55,55],"damage_taken":[{"damage":12.0,"enemies":"downfall:FleeingMerchant","floor":4.0,"turns":4.0},{"damage":29.0,"enemies":"Lagavulin","floor":6.0,"turns":6.0},{"damage":25.0,"enemies":"3 Sentries","floor":9.0,"turns":10.0},{"damage":9.0,"enemies":"2 Louse","floor":11.0,"turns":4.0},{"damage":13.0,"enemies":"The Mushroom Lair","floor":12.0,"turns":5.0},{"damage":10.0,"enemies":"Jaw Worm","floor":13.0,"turns":4.0},{"damage":0.0,"enemies":"Small Slimes","floor":15.0,"turns":3.0},{"damage":55.0,"enemies":"downfall:Defect","floor":16.0,"turns":12.0},{"damage":9.0,"enemies":"Spheric Guardian","floor":19.0,"turns":4.0},{"damage":16.0,"enemies":"downfall:FleeingMerchant","floor":21.0,"turns":4.0},{"damage":6.0,"enemies":"Book of Stabbing","floor":23.0,"turns":5.0},{"damage":4.0,"enemies":"Slavers","floor":25.0,"turns":6.0},{"damage":5.0,"enemies":"3 Byrds","floor":27.0,"turns":6.0},{"damage":1.0,"enemies":"downfall:FleeingMerchant","floor":29.0,"turns":4.0},{"damage":7.0,"enemies":"downfall:FleeingMerchant","floor":30.0,"turns":4.0},{"damage":28.0,"enemies":"downfall:Augmenter","floor":31.0,"turns":6.0},{"damage":6.0,"enemies":"Snecko","floor":32.0,"turns":5.0},{"damage":25.0,"enemies":"downfall:Silent","floor":33.0,"turns":10.0},{"damage":11.0,"enemies":"downfall:FleeingMerchant","floor":36.0,"turns":4.0},{"damage":17.0,"enemies":"3 Shapes","floor":40.0,"turns":5.0},{"damage":9.0,"enemies":"Reptomancer","floor":43.0,"turns":6.0},{"damage":9.0,"enemies":"3 Darklings","floor":45.0,"turns":6.0},{"damage":27.0,"enemies":"Maw","floor":46.0,"turns":9.0},{"damage":33.0,"enemies":"Writhing Mass","floor":49.0,"turns":6.0},{"damage":112,"enemies":"downfall:Ironclad","floor":50,"turns":10},{"damage":104,"enemies":"downfall:CharBossMerchant","floor":52,"turns":9},{"damage":43,"enemies":"downfall:NeowBoss","floor":55,"turns":26}],"seed_played":"-985284714682852842","potions_obtained":[{"floor":0.0,"key":"SmokeBomb"},{"floor":0.0,"key":"champ:TechniquePotion"},{"floor":0.0,"key":"DuplicationPotion"},{"floor":9.0,"key":"DuplicationPotion"},{"floor":11.0,"key":"SkillPotion"},{"floor":15.0,"key":"hexamod:EctoCoolerPotion"},{"floor":19.0,"key":"EntropicBrew"},{"floor":22.0,"key":"CultistPotion"},{"floor":25.0,"key":"Block Potion"},{"floor":43.0,"key":"Slimebound:ThreeZeroPotion"}],"is_trial":false,"path_per_floor":["R","?","R","$","R","E","T","R","E","R","M","?","M","?","M","B",null,"R","M","R","$","?","E","T","E","R","M","?","$","$","?","M","B",null,"R","$","R","T","$","M","T","?","E","R","M","M","$","?","M","B",null,"E","$","R","B",null],"character_chosen":"THE_CHAMP","items_purchased":["champ:IronFortress","champ:ShieldWall","Molten Egg 2","Orichalcum","Bronze Scales","champ:IronFortress","champ:Encircle+1","champ:Duel+1","champ:BerserkersGuideToSlaughter"],"campfire_rested":1,"item_purchase_floors":[21,29,36,36,39,39,39,47,53],"current_hp_per_floor":[90,90,90,88,88,69,69,90,70,70,66,58,54,54,54,7,90,100,91,91,83,83,99,99,100,100,102,102,101,102,98,108,85,108,108,108,108,108,108,100,100,100,112,112,112,114,114,114,120,101,120,95,95,95,81],"gold":6,"neow_bonus":"THREE_SMALL_POTIONS","is_daily":false,"chose_seed":false,"campfire_upgraded":10,"win_rate":0.0,"timestamp":1608791672,"path_taken":["R","?","R","?","R","E","T","R","E","R","M","?","M","?","M","BOSS","R","M","R","$","?","E","T","E","R","M","?","?","$","?","M","BOSS","R","$","R","?","$","M","T","?","E","R","M","M","?","?","M","BOSS","E","$","R","BOSS"],"items_purchased_type":["Card","Card","Relic","Relic","Relic","Card","Card","Card","Relic"],"build_version":"2020-12-22","purchased_purges":11,"victory":true,"max_hp_per_floor":[90,90,90,90,90,90,90,90,90,90,90,90,90,90,90,90,90,100,100,100,100,100,100,100,100,100,102,102,102,102,106,108,108,108,108,108,108,108,108,110,110,110,112,112,112,114,114,114,120,120,120,120,117,117,117],"relic_stats":{"Darkstone Periapt":6,"Dream Catcher":1,"Singing Bowl":14,"counters":[27,183],"Gambling Chip":[36],"Bronze Scales":[153],"Tiny Chest":1,"Juzu Bracelet":0,"Bag of Preparation":[2],"Orichalcum":[24],"obtain_stats":[{"Darkstone Periapt":24,"downfall:HeartBlessingRed":3,"Singing Bowl":25,"SacredBark":34,"Velvet Choker":17,"champ:ChampionCrown":0,"downfall:HeartBlessingGreen":10,"The Courier":38,"Juzu Bracelet":48,"Bag of Preparation":52,"Odd Mushroom":12,"Orichalcum":36,"champ:GladiatorsBookOfMartialProwess":43,"Dream Catcher":6,"downfall:HeartBlessingBlue":18,"Gambling Chip":9,"MutagenicStrength":31,"Bronze Scales":39,"Tiny Chest":23,"Molten Egg 2":36,"Bottled Lightning":41,"champ:BerserkersGuideToSlaughter":53},{"Darkstone Periapt":11,"downfall:HeartBlessingRed":0,"Singing Bowl":12,"SacredBark":18,"Velvet Choker":8,"champ:ChampionCrown":0,"downfall:HeartBlessingGreen":3,"The Courier":19,"Juzu Bracelet":23,"Bag of Preparation":26,"Odd Mushroom":5,"Orichalcum":19,"champ:GladiatorsBookOfMartialProwess":21,"Dream Catcher":2,"downfall:HeartBlessingBlue":8,"Gambling Chip":3,"MutagenicStrength":16,"Bronze Scales":19,"Tiny Chest":11,"Molten Egg 2":19,"Bottled Lightning":20,"champ:BerserkersGuideToSlaughter":26},{"Darkstone Periapt":61,"downfall:HeartBlessingRed":0,"Singing Bowl":67,"SacredBark":102,"Velvet Choker":48,"champ:ChampionCrown":0,"downfall:HeartBlessingGreen":20,"The Courier":106,"Juzu Bracelet":132,"Bag of Preparation":157,"Odd Mushroom":29,"Orichalcum":106,"champ:GladiatorsBookOfMartialProwess":117,"Dream Catcher":10,"downfall:HeartBlessingBlue":48,"Gambling Chip":20,"MutagenicStrength":87,"Bronze Scales":106,"Tiny Chest":61,"Molten Egg 2":106,"Bottled Lightning":111,"champ:BerserkersGuideToSlaughter":157}]},"card_choices":[{"not_picked":["champ:EnGarde","champ:GladiatorsShout"],"picked":"champ:SkillfulDodge","floor":4.0},{"not_picked":["champ:CrookedStrike","champ:AdrenalArmor","champ:BladeFlurry"],"picked":"SKIP","floor":6.0},{"not_picked":["champ:FanOfKnives","champ:StanceDance"],"picked":"champ:Circumvent","floor":8.0},{"not_picked":["champ:BerserkersShout","champ:BerserkerStyle"],"picked":"champ:StrikeOfGenius","floor":9.0},{"not_picked":["champ:BladeFlurry","champ:PerfectedStrike"],"picked":"champ:ViciousMockery","floor":11.0},{"not_picked":["champ:HeartStrike","champ:AdrenalArmor"],"picked":"champ:RapidStrikes","floor":12.0},{"not_picked":["champ:Backstep","champ:FightOn"],"picked":"champ:FlashCut","floor":13.0},{"not_picked":["champ:Haymaker","champ:Balance"],"picked":"champ:RisingSlash","floor":15.0},{"not_picked":["champ:Devastate","champ:CrownThrow"],"picked":"champ:VampiricStrike","floor":16.0},{"not_picked":["champ:FaceSlap","champ:FanOfKnives+1"],"picked":"champ:FlashCut+1","floor":19.0},{"not_picked":["champ:Shatter","champ:GladiatorsShout","champ:StanceDance"],"picked":"SKIP","floor":21.0},{"not_picked":["champ:GladiatorStyle","champ:Haymaker"],"picked":"champ:Backstep","floor":23.0},{"not_picked":["champ:FocusedBerserking","champ:BerserkersShout"],"picked":"champ:PreciseThrust","floor":25.0},{"not_picked":["champ:Balance","champ:Circumvent","champ:StanceDance"],"picked":"Singing Bowl","floor":27.0},{"not_picked":["champ:AdrenalArmor","champ:FocusedGladiator+1"],"picked":"champ:HoldFirm","floor":29.0},{"not_picked":["champ:Encircle","champ:Balance"],"picked":"champ:RisingSlash","floor":30.0},{"not_picked":["J.A.X."],"picked":"Singing Bowl","floor":31.0},{"not_picked":["champ:Encircle","champ:Control","champ:BerserkersShout"],"picked":"Singing Bowl","floor":31.0},{"not_picked":["champ:Encircle","champ:StanceDance","champ:GladiatorsShout+1"],"picked":"Singing Bowl","floor":32.0},{"not_picked":["champ:LastStand","champ:SwordThrow"],"picked":"champ:VampiricStrike","floor":33.0},{"not_picked":["champ:CrookedStrike","champ:RisingSlash+1"],"picked":"champ:ShieldWall+1","floor":36.0},{"not_picked":["champ:GladiatorsShout+1","champ:CrookedStrike+1","champ:BerserkersShout"],"picked":"Singing Bowl","floor":40.0},{"not_picked":["champ:FlashCut+1","champ:Circumvent","champ:Haymaker+1"],"picked":"Singing Bowl","floor":43.0},{"not_picked":["champ:Backstep","champ:DancingMaster"],"picked":"champ:RisingSlash+1","floor":45.0},{"not_picked":["champ:FocusedDefense","champ:ShieldWall+1","champ:FanOfKnives+1"],"picked":"Singing Bowl","floor":46.0},{"not_picked":["champ:GladiatorsShout","champ:DefensiveShout+1"],"picked":"champ:RecklessLeap+1","floor":49.0},{"not_picked":["champ:PreciseThrust+1","champ:TornadoPunch+1"],"picked":"champ:Duel+1","floor":52}],"player_experience":785266,"relics_obtained":[{"floor":6.0,"key":"Dream Catcher"},{"floor":9.0,"key":"Gambling Chip"},{"floor":12.0,"key":"Odd Mushroom"},{"floor":23.0,"key":"Tiny Chest"},{"floor":24.0,"key":"Darkstone Periapt"},{"floor":25.0,"key":"Singing Bowl"},{"floor":31.0,"key":"MutagenicStrength"},{"floor":38.0,"key":"The Courier"},{"floor":41.0,"key":"Bottled Lightning"},{"floor":43.0,"key":"champ:GladiatorsBookOfMartialProwess"},{"floor":48.0,"key":"Juzu Bracelet"},{"floor":52,"key":"Bag of Preparation"}],"event_choices":[{"damage_healed":0.0,"max_hp_gain":0.0,"max_hp_loss":0.0,"gold_gain":0.0,"event_name":"Mushrooms","player_choice":"Fought Mushrooms","floor":12.0,"gold_loss":0.0,"damage_taken":0.0},{"damage_healed":0.0,"max_hp_gain":0.0,"max_hp_loss":0.0,"gold_gain":0.0,"event_name":"Upgrade Shrine","player_choice":"Upgraded","floor":14.0,"gold_loss":0.0,"damage_taken":0.0,"cards_upgraded":["champ:Defend"]},{"damage_healed":0.0,"max_hp_gain":0.0,"max_hp_loss":0.0,"gold_gain":0.0,"event_name":"Vampires","player_choice":"Ignored","floor":28.0,"gold_loss":0.0,"damage_taken":0.0},{"cards_removed":["champ:RapidStrikes"],"damage_healed":0.0,"max_hp_gain":0.0,"max_hp_loss":0.0,"gold_gain":0.0,"event_name":"Falling","player_choice":"Removed Attack","floor":42.0,"gold_loss":0.0,"damage_taken":0.0}],"is_beta":false,"boss_relics":[{"not_picked":["Pandora\u0027s Box","Cursed Key"],"picked":"Velvet Choker"},{"not_picked":["Sozu","Astrolabe"],"picked":"SacredBark"}],"items_purged_floors":[4,21,21,29,29,29,30,36,36,53,53],"is_endless":false,"potions_floor_spawned":[9,11,15,19,25,33,43,45,46,49],"ascension_level":0}}