{"host":"mytek2nu1hrzdnew","time":1608845832,"event":{"mods":["Aspiration","BaseMod","ChefMod","Conspire","GifTheSpireLib","Gold Saver","Hubris","Minty Spire (QoL Compilation)","Replay The Spire","StSLib","Stuff the Spire"],"gold_per_floor":[338,61,136,136,154,154,173,173,173,473,491,510,529,643,643,643,643],"floor_reached":16,"playtime":761,"items_purged":[],"score":119,"play_id":"bb9d49bb-8ce7-4e30-9783-247f32a20d95","local_time":"20201224163712","is_ascension_mode":false,"campfire_choices":[{"data":"chefmod:TodaysSpecial","floor":6,"key":"SMITH"},{"floor":15,"key":"REST"}],"circlet_count":0,"master_deck":["chefmod:Strike","chefmod:Strike","chefmod:Strike","chefmod:Strike","chefmod:Strike","chefmod:Defend","chefmod:Defend","chefmod:Defend","chefmod:QuickThaw","chefmod:TodaysSpecial+1","chefmod:MonsterBait","chefmod:FiveAlarmChili","chefmod:Fillet","chefmod:FiveAlarmChili","chefmod:Chop","chefmod:ColdSteel","chefmod:Flambe","chefmod:Escargot"],"relics":["chefmod:TrustyPot","Anchor","hubris:Icosahedron","Darkstone Periapt","Old Coin"],"acts_visited":["Exordium"],"potions_floor_usage":[5,11],"damage_taken":[{"damage":9,"enemies":"2 Louse","floor":1,"turns":3},{"damage":14,"enemies":"Small Slimes","floor":5,"turns":4},{"damage":1,"enemies":"Cultist","floor":7,"turns":4},{"damage":33,"enemies":"Large Slime","floor":11,"turns":5},{"damage":4,"enemies":"Red Slaver","floor":12,"turns":4},{"damage":6,"enemies":"Exordium Wildlife","floor":13,"turns":4},{"damage":5,"enemies":"2 Fungi Beasts","floor":14,"turns":4},{"damage":46,"enemies":"Hexaghost","floor":16,"turns":8}],"seed_played":"-7327295675726330025","potions_obtained":[{"floor":1,"key":"conspire:TimeTravelPotion"},{"floor":5,"key":"Fruit Juice"}],"is_trial":false,"path_per_floor":["M","$","?","?","M","R","M","?","T","?","M","M","M","M","R","B"],"character_chosen":"THE_CHEF","items_purchased":["chefmod:FiveAlarmChili","chefmod:Fillet","Anchor"],"campfire_rested":1,"item_purchase_floors":[2,2,2],"current_hp_per_floor":[74,74,63,63,54,54,53,56,56,44,27,23,17,12,39,0,0],"gold":643,"neow_bonus":"TEN_PERCENT_HP_BONUS","is_daily":false,"chose_seed":false,"campfire_upgraded":1,"win_rate":0.0,"timestamp":1608845832,"path_taken":["M","$","?","?","M","R","M","?","T","?","M","M","M","M","R","BOSS"],"items_purchased_type":["Card","Card","Relic"],"build_version":"2020-12-22","purchased_purges":0,"victory":false,"max_hp_per_floor":[83,83,83,83,88,88,88,91,91,91,91,91,91,91,91,91,91],"card_choices":[{"not_picked":["chefmod:CleanHouse","chefmod:Fillet"],"picked":"chefmod:MonsterBait","floor":1},{"not_picked":["chefmod:FryPan","chefmod:CuttingBoard"],"picked":"chefmod:FiveAlarmChili","floor":5},{"not_picked":["chefmod:KnifeFlurry","chefmod:SaveForLater"],"picked":"chefmod:Chop","floor":7},{"not_picked":["chefmod:SliceAndDice","chefmod:HotSoup"],"picked":"chefmod:ColdSteel","floor":11},{"not_picked":["chefmod:HotSoup","chefmod:SliceAndDice"],"picked":"chefmod:Flambe","floor":12},{"not_picked":["chefmod:DimSum","chefmod:Fillet"],"picked":"chefmod:Escargot","floor":13},{"not_picked":["chefmod:RisingDough","chefmod:SpaghettiCarbonara","chefmod:Granita"],"picked":"SKIP","floor":14}],"player_experience":925210,"relics_obtained":[{"floor":9,"key":"Darkstone Periapt"}],"event_choices":[{"damage_healed":0,"gold_gain":75,"player_choice":"Gather Gold","damage_taken":11,"max_hp_gain":0,"max_hp_loss":0,"event_name":"World of Goop","floor":3,"gold_loss":0},{"damage_healed":0,"gold_gain":0,"player_choice":"Success","damage_taken":12,"relics_obtained":["Old Coin"],"max_hp_gain":0,"max_hp_loss":0,"event_name":"Scrap Ooze","floor":10,"gold_loss":0}],"is_beta":false,"boss_relics":[],"items_purged_floors":[],"is_endless":false,"potions_floor_spawned":[1,5],"killed_by":"Hexaghost","ascension_level":0}}