{"host":"yd9r7zy2pq4z3cad","time":1608830250,"event":{"mods":["AchievementEnabler","Act Like it!","Astrologer","BaseMod","Beaked The Cultist","Better Third Choice","BetterRewards","Colored Map","Colored Powertips","Conspire","Curses Come First","Displayed Cursed Tome","Downfall","Elementarium","GifTheSpireLib","Halation","Hallownest","Hermit","Highlight Path","Hubris","Infinite Spire","Jorbs\u0027s Wanderer Trilogy","Menagerie","Minty Spire (QoL Compilation)","Pale of the Ancients","Permanent Neow","Rare Cards Sparkle","Relic Sorter","Relic Stats","Replay The Spire","Shade Mod","StSLib","Stuff the Spire","The Alterego","The Blackbeard","The Bladedancer","The Bug Knight","The Cursed","The Dragon Tamer","The Exalted","The Factory","The Forsaken","The Gatherer","The Hierophant","The Jungle","The Mystic","The Necromancer","The Problem Sleuth","The Runesmith","The Servant 0.9.4","The Spell Scribe","vexMod"],"gold_per_floor":[111,36,55,55,169,169,198,216,216,231,231,231,231,249,249,249,249],"floor_reached":16,"playtime":714,"items_purged":["Regret"],"score":125,"play_id":"6f91ab1a-f6f4-4809-a34e-08c4d6acd921","local_time":"20201224221730","is_ascension_mode":false,"campfire_choices":[{"data":"TheCursedMod:Stigma","floor":6,"key":"SMITH"},{"floor":15,"key":"REST"}],"circlet_count":0,"master_deck":["TheCursedMod:Strike_TheCursed","TheCursedMod:Strike_TheCursed","TheCursedMod:Strike_TheCursed","TheCursedMod:Strike_TheCursed","TheCursedMod:Defend_TheCursed","TheCursedMod:Defend_TheCursed","TheCursedMod:Defend_TheCursed","TheCursedMod:Defend_TheCursed","TheCursedMod:CursedWand","TheCursedMod:CleanUpWorkshop","TheCursedMod:Dregs","TheCursedMod:WearCloak","TheCursedMod:Stigma+1","TheCursedMod:CircleOfFlame","TheCursedMod:Hemoplague","TheCursedMod:Torture","stsjorbsmod:Procrastination"],"relics":["TheCursedMod:BlackMagic101","hubris:Icosahedron","Lantern","StuffTheSpire:Experiment12","halation:BottledLove","Golden Egg"],"acts_visited":["Exordium"],"potions_floor_usage":[7,7,14,14,16],"damage_taken":[{"damage":2,"enemies":"2 Louse","floor":1,"turns":3},{"damage":0,"enemies":"Small Slimes","floor":3,"turns":4},{"damage":4,"enemies":"Cultist","floor":5,"turns":4},{"damage":0,"enemies":"Gremlin Nob","floor":7,"turns":4},{"damage":8,"enemies":"Red Slaver","floor":8,"turns":5},{"damage":50,"enemies":"Gremlin Nob","floor":10,"turns":5},{"damage":7,"enemies":"Blue Slaver","floor":14,"turns":4},{"damage":52,"enemies":"Slime Boss","floor":16,"turns":6}],"seed_played":"-9221133629889489634","potions_obtained":[{"floor":3,"key":"LifebloodPotion"},{"floor":8,"key":"FearPotion"},{"floor":10,"key":"Adrenaline Potion"}],"is_trial":false,"path_per_floor":["M","$","M","?","M","R","E","M","T","?","?","?","?","M","R","B"],"character_chosen":"THE_CURSED","items_purchased":[],"campfire_rested":1,"item_purchase_floors":[],"current_hp_per_floor":[73,73,73,73,69,69,69,61,61,11,11,11,11,4,26,0,0],"gold":249,"neow_bonus":"RANDOM_EVENT","is_daily":false,"chose_seed":false,"campfire_upgraded":1,"win_rate":0.0,"timestamp":1608830250,"path_taken":["M","$","M","?","M","R","E","M","T","?","?","?","?","M","R","BOSS"],"items_purchased_type":[],"build_version":"2020-12-22","purchased_purges":1,"victory":false,"max_hp_per_floor":[75,75,75,75,75,75,75,75,75,75,75,75,75,75,75,75,75],"relic_stats":{"counters":[19,104],"obtain_stats":[{"TheCursedMod:BlackMagic101":0,"StuffTheSpire:Experiment12":7,"Golden Egg":10,"Lantern":0,"hubris:Icosahedron":4,"halation:BottledLove":9,"hubris:ScarierMask":17,"Hallownest:DreamNailRelic":4,"Letter Opener":6,"Runesmith:AutoHammer":20,"Hallownest:TeacherSealRelic":3,"conspire:TopHat":9},{"TheCursedMod:BlackMagic101":0,"StuffTheSpire:Experiment12":15,"Golden Egg":17,"Lantern":11,"hubris:Icosahedron":13,"halation:BottledLove":16,"hubris:ScarierMask":7,"Hallownest:DreamNailRelic":1,"Letter Opener":3,"Runesmith:AutoHammer":9,"Hallownest:TeacherSealRelic":1,"conspire:TopHat":4},{"TheCursedMod:BlackMagic101":0,"StuffTheSpire:Experiment12":84,"Golden Egg":94,"Lantern":69,"hubris:Icosahedron":76,"halation:BottledLove":89,"hubris:ScarierMask":35,"Hallownest:DreamNailRelic":4,"Letter Opener":13,"Runesmith:AutoHammer":49,"Hallownest:TeacherSealRelic":4,"conspire:TopHat":15}]},"card_choices":[{"not_picked":["TheCursedMod:PrepareRite","TheCursedMod:CursedShiv"],"picked":"TheCursedMod:WearCloak","floor":1},{"not_picked":["TheCursedMod:DoubleShield","TheCursedMod:CursedBoomerang"],"picked":"TheCursedMod:Stigma","floor":3},{"not_picked":["TheCursedMod:Stigma","TheCursedMod:RavingStaff","TheCursedMod:ManaBullet"],"picked":"SKIP","floor":5},{"not_picked":["TheCursedMod:SpitefulStrike","TheCursedMod:Obscuration"],"picked":"TheCursedMod:CircleOfFlame","floor":7},{"not_picked":["TheCursedMod:Stretching","TheCursedMod:CircleOfFocus"],"picked":"TheCursedMod:Hemoplague","floor":8},{"not_picked":["TheCursedMod:SpitefulPray","TheCursedMod:RavingStaff"],"picked":"TheCursedMod:Torture","floor":10},{"not_picked":["TheCursedMod:Stigma","TheCursedMod:CursedSpellbook","TheCursedMod:BlessingInDisguise"],"picked":"SKIP","floor":14}],"player_experience":158148,"relics_obtained":[{"floor":7,"key":"StuffTheSpire:Experiment12"},{"floor":9,"key":"halation:BottledLove"},{"floor":10,"key":"Golden Egg"}],"event_choices":[{"damage_healed":0,"gold_gain":0,"player_choice":"Box","damage_taken":0,"relics_obtained":["Lantern"],"max_hp_gain":0,"max_hp_loss":0,"event_name":"Big Fish","floor":0,"gold_loss":0,"cards_obtained":["Regret"]},{"damage_healed":0,"gold_gain":0,"player_choice":"Searched \u00271\u0027 times","damage_taken":0,"max_hp_gain":0,"max_hp_loss":0,"event_name":"Dead Adventurer","floor":10,"gold_loss":0},{"damage_healed":0,"gold_gain":0,"player_choice":"Ignored","damage_taken":0,"max_hp_gain":0,"max_hp_loss":0,"event_name":"Golden Wing","floor":12,"gold_loss":0},{"cards_removed":["hubris:Despair"],"damage_healed":0,"gold_gain":0,"player_choice":"Forget","damage_taken":0,"max_hp_gain":0,"max_hp_loss":0,"event_name":"Living Wall","floor":13,"gold_loss":0}],"is_beta":false,"boss_relics":[],"items_purged_floors":[2],"is_endless":false,"potions_floor_spawned":[3,8,10],"killed_by":"Slime Boss","ascension_level":0}}