{"host":"sc0o2qwpf9j16a4i","time":1608853355,"event":{"mods":["AchievementEnabler","BaseMod","BetterRewards","Block Reminder","Colored Map","Colored Powertips","Custom Start","Highlight Path","Minty Spire (QoL Compilation)","Relic Stats"],"gold_per_floor":[113,263,278,290,50,50,80,80,80,105,118,187,219,219,219,292,292,292,292,15,15,15,15,15,15,15,15,15,15,15,15,15,15,15,15,15,15,15,15,15,15,15,15,15,15],"floor_reached":44,"playtime":1501,"items_purged":["Doubt","Strike_R"],"score":1582,"play_id":"c351b016-5e24-441f-b43f-a706d2557dc0","local_time":"20201225014235","is_ascension_mode":true,"campfire_choices":[{"data":"Inflame","floor":6.0,"key":"SMITH"},{"floor":8.0,"key":"REST"},{"floor":15,"key":"REST"},{"data":"Feel No Pain","floor":23,"key":"SMITH"},{"data":"Battle Trance","floor":32,"key":"SMITH"}],"circlet_count":0,"master_deck":["AscendersBane","Strike_R","Strike_R","Defend_R","Defend_R","Defend_R","Defend_R","Bash","Feel No Pain+1","Hemokinesis+1","Hemokinesis","Battle Trance+1","Inflame+1","Anger","Offering+1","Combust","Blood for Blood","Reaper","Shrug It Off+1","Reaper","Exhume+1","Armaments+1","Bloodletting+1","Spot Weakness+1","Exhume+1","Limit Break+1","Limit Break+1","Battle Trance+1","True Grit+1","Fiend Fire","Seeing Red+1"],"relics":["Burning Blood","Self Forming Clay","Pantograph","ClockworkSouvenir","Question Card","Eternal Feather","Red Skull","Toxic Egg 2","Ectoplasm","Sundial","Tiny Chest","Meat on the Bone","Singing Bowl","Bottled Tornado","SlaversCollar","Juzu Bracelet","Art of War"],"acts_visited":["Exordium","TheCity","TheBeyond"],"potions_floor_usage":[16,22,22,22,27,44,44],"damage_taken":[{"damage":4.0,"enemies":"2 Louse","floor":1.0,"turns":3.0},{"damage":7.0,"enemies":"Small Slimes","floor":3.0,"turns":4.0},{"damage":2.0,"enemies":"Cultist","floor":4.0,"turns":2.0},{"damage":9.0,"enemies":"Gremlin Nob","floor":7.0,"turns":3.0},{"damage":19.0,"enemies":"Lagavulin","floor":10.0,"turns":5.0},{"damage":14.0,"enemies":"Lots of Slimes","floor":11.0,"turns":4.0},{"damage":9,"enemies":"Gremlin Nob","floor":13,"turns":3},{"damage":13,"enemies":"Slime Boss","floor":16,"turns":5},{"damage":19,"enemies":"3 Byrds","floor":18,"turns":4},{"damage":22,"enemies":"Shell Parasite","floor":19,"turns":3},{"damage":26,"enemies":"Sentry and Sphere","floor":21,"turns":4},{"damage":50,"enemies":"Shelled Parasite and Fungi","floor":22,"turns":4},{"damage":58,"enemies":"Slavers","floor":24,"turns":8},{"damage":15,"enemies":"Snake Plant","floor":25,"turns":3},{"damage":32,"enemies":"Book of Stabbing","floor":27,"turns":4},{"damage":20,"enemies":"Centurion and Healer","floor":28,"turns":5},{"damage":32,"enemies":"Gremlin Leader","floor":29,"turns":5},{"damage":43,"enemies":"Slavers","floor":31,"turns":4},{"damage":57,"enemies":"Automaton","floor":33,"turns":7},{"damage":37,"enemies":"3 Darklings","floor":35,"turns":3},{"damage":15,"enemies":"Orb Walker","floor":36,"turns":1},{"damage":22,"enemies":"Sphere and 2 Shapes","floor":38,"turns":4},{"damage":60,"enemies":"Nemesis","floor":40,"turns":5},{"damage":12,"enemies":"Reptomancer","floor":42,"turns":1},{"damage":111,"enemies":"Giant Head","floor":44,"turns":6}],"seed_played":"-4993097777544476144","potions_obtained":[{"floor":4.0,"key":"DistilledChaos"},{"floor":7.0,"key":"EntropicBrew"},{"floor":11.0,"key":"CultistPotion"},{"floor":13,"key":"SteroidPotion"},{"floor":18,"key":"BlessingOfTheForge"},{"floor":24,"key":"SkillPotion"},{"floor":29,"key":"GamblersBrew"},{"floor":35,"key":"Fruit Juice"}],"is_trial":false,"path_per_floor":["M","?","M","M","$","R","E","R","T","E","M","?","E","?","R","B",null,"M","M","$","M","M","R","E","M","T","E","M","E","$","E","R","B",null,"M","M","?","M","?","E","?","E","T","E"],"character_chosen":"IRONCLAD","items_purchased":["Self Forming Clay","Pantograph","ClockworkSouvenir","Feel No Pain","Inflame","LiquidMemories","Reaper"],"campfire_rested":2,"item_purchase_floors":[0,0,0,0,5,5,20],"current_hp_per_floor":[37,37,36,40,40,40,37,59,59,46,38,38,35,12,46,64,72,65,59,59,49,54,66,31,29,29,37,69,77,77,77,77,76,77,79,81,77,77,77,47,47,74,74,0,0],"gold":15,"neow_bonus":"","is_daily":false,"chose_seed":false,"campfire_upgraded":3,"win_rate":0.0,"timestamp":1608853355,"path_taken":["M","?","M","M","$","R","E","R","T","E","M","?","E","?","R","BOSS","M","M","$","M","M","R","E","M","T","E","M","E","$","E","R","BOSS","M","M","?","M","?","E","?","E","T","E"],"items_purchased_type":["Relic","Relic","Relic","Card","Card","Potion","Card"],"build_version":"2020-12-22","purchased_purges":2,"victory":false,"max_hp_per_floor":[75,75,75,75,75,75,75,75,75,75,75,75,75,75,75,75,75,75,75,75,75,75,75,75,75,75,75,75,77,77,77,77,77,77,79,81,77,77,77,77,77,77,77,82,82],"relic_stats":{"Singing Bowl":30,"counters":[55,271],"Self Forming Clay":[435],"Eternal Feather":24,"Juzu Bracelet":2,"Question Card":20,"Burning Blood":288,"Sundial":[10],"Pantograph":25,"Tiny Chest":0,"Ectoplasm":426,"Art of War":[0],"obtain_stats":[{"Regal Pillow":47,"Singing Bowl":27,"Torii":48,"Mango":26,"Juzu Bracelet":6,"Bottled Tornado":45,"Ancient Tea Set":24,"Smiling Mask":30,"Burning Blood":0,"ClockworkSouvenir":0,"Blood Vial":2,"Centennial Puzzle":41,"Shovel":39,"Sundial":49,"Pantograph":0,"Tiny Chest":26,"Toxic Egg 2":13,"Red Skull":9,"InkBottle":54,"Paper Frog":37,"NeowsBlessing":0,"Self Forming Clay":0,"Dead Branch":28,"Oddly Smooth Stone":10,"Velvet Choker":34,"Eternal Feather":9,"Question Card":7,"Mercury Hourglass":28,"SlaversCollar":34,"Orrery":27,"Molten Egg 2":12,"Pandora\u0027s Box":17,"Ectoplasm":17,"Bag of Marbles":40,"Art of War":42,"Meat on the Bone":27},{"Regal Pillow":26,"Singing Bowl":13,"Torii":27,"Mango":13,"Juzu Bracelet":4,"Bottled Tornado":25,"Ancient Tea Set":13,"Smiling Mask":17,"Burning Blood":0,"ClockworkSouvenir":30,"Blood Vial":1,"Centennial Puzzle":23,"Shovel":22,"Sundial":27,"Pantograph":30,"Tiny Chest":44,"Toxic Egg 2":37,"Red Skull":4,"InkBottle":29,"Paper Frog":20,"NeowsBlessing":0,"Self Forming Clay":30,"Dead Branch":15,"Oddly Smooth Stone":5,"Velvet Choker":19,"Eternal Feather":34,"Question Card":34,"Mercury Hourglass":15,"SlaversCollar":49,"Orrery":13,"Molten Egg 2":7,"Pandora\u0027s Box":9,"Ectoplasm":38,"Bag of Marbles":22,"Art of War":54,"Meat on the Bone":45},{"Regal Pillow":124,"Singing Bowl":51,"Torii":133,"Mango":51,"Juzu Bracelet":13,"Bottled Tornado":116,"Ancient Tea Set":51,"Smiling Mask":72,"Burning Blood":0,"ClockworkSouvenir":171,"Blood Vial":1,"Centennial Puzzle":106,"Shovel":97,"Sundial":133,"Pantograph":171,"Tiny Chest":226,"Toxic Egg 2":195,"Red Skull":13,"InkBottle":154,"Paper Frog":92,"NeowsBlessing":0,"Self Forming Clay":171,"Dead Branch":60,"Oddly Smooth Stone":20,"Velvet Choker":88,"Eternal Feather":183,"Question Card":183,"Mercury Hourglass":60,"SlaversCollar":251,"Orrery":51,"Molten Egg 2":26,"Pandora\u0027s Box":35,"Ectoplasm":200,"Bag of Marbles":97,"Art of War":265,"Meat on the Bone":230}],"Meat on the Bone":0},"card_choices":[{"not_picked":["Twin Strike","Clash"],"picked":"Hemokinesis","floor":1.0},{"not_picked":["Perfected Strike","True Grit"],"picked":"Hemokinesis","floor":3.0},{"not_picked":["Shrug It Off","Havoc"],"picked":"Battle Trance","floor":4.0},{"not_picked":["Clash","Anger","Wild Strike"],"picked":"SKIP","floor":7.0},{"not_picked":["Clash","Wild Strike"],"picked":"Anger","floor":7.0},{"not_picked":["Dropkick","Flame Barrier","Perfected Strike"],"picked":"Offering","floor":10.0},{"not_picked":["Cleave","Warcry","Clash"],"picked":"Combust","floor":11.0},{"not_picked":["Feel No Pain","Burning Pact+1","Hemokinesis"],"picked":"Blood for Blood","floor":13},{"not_picked":["Impervious+1","Bludgeon","Immolate"],"picked":"Reaper","floor":16},{"not_picked":["Twin Strike","True Grit+1","Hemokinesis"],"picked":"Shrug It Off+1","floor":18},{"not_picked":["Wild Strike","Reckless Charge","Pommel Strike","Twin Strike"],"picked":"SKIP","floor":19},{"not_picked":["Wild Strike","Thunderclap+1","Clash"],"picked":"Exhume+1","floor":21},{"not_picked":["Heavy Blade","Body Slam","Anger"],"picked":"Armaments+1","floor":22},{"not_picked":["Wild Strike","Carnage","Rage+1"],"picked":"Bloodletting+1","floor":24},{"not_picked":["Warcry+1","Whirlwind+1","Power Through+1"],"picked":"Spot Weakness+1","floor":25},{"not_picked":["Ghostly Armor+1","Spot Weakness+1","Bloodletting+1"],"picked":"Exhume+1","floor":27},{"not_picked":["Wild Strike","Spot Weakness+1","Flex+1","Clash+1"],"picked":"SKIP","floor":28},{"not_picked":["Pommel Strike","Havoc+1","Rampage","Dropkick"],"picked":"Singing Bowl","floor":29},{"not_picked":["Second Wind+1","Anger","Feed"],"picked":"Limit Break+1","floor":31},{"not_picked":["Bludgeon","Double Tap+1","Reaper"],"picked":"Limit Break+1","floor":33},{"not_picked":["Cleave","Rampage+1","Heavy Blade","Wild Strike+1"],"picked":"Singing Bowl","floor":35},{"not_picked":["Clash+1","Anger","Dropkick","Perfected Strike+1"],"picked":"Singing Bowl","floor":36},{"not_picked":["Anger","Wild Strike","Dark Embrace"],"picked":"Battle Trance+1","floor":38},{"not_picked":["Perfected Strike","Armaments+1","Clash"],"picked":"True Grit+1","floor":40},{"not_picked":["Bloodletting+1","Body Slam","Anger+1"],"picked":"Seeing Red+1","floor":42}],"player_experience":362941,"relics_obtained":[{"floor":7.0,"key":"Question Card"},{"floor":9.0,"key":"Eternal Feather"},{"floor":10.0,"key":"Red Skull"},{"floor":13,"key":"Toxic Egg 2"},{"floor":24,"key":"Sundial"},{"floor":26,"key":"Tiny Chest"},{"floor":27,"key":"Meat on the Bone"},{"floor":29,"key":"Singing Bowl"},{"floor":31,"key":"Bottled Tornado"},{"floor":40,"key":"Juzu Bracelet"},{"floor":42,"key":"Art of War"}],"event_choices":[{"damage_healed":0.0,"max_hp_gain":0.0,"max_hp_loss":0.0,"gold_gain":150.0,"event_name":"Liars Game","player_choice":"AGREE","floor":2.0,"gold_loss":0.0,"damage_taken":0.0,"cards_obtained":["Doubt"]},{"damage_healed":0.0,"max_hp_gain":0.0,"max_hp_loss":0.0,"gold_gain":69.0,"event_name":"Golden Wing","player_choice":"Gained Gold","floor":12.0,"gold_loss":0.0,"damage_taken":0.0},{"damage_healed":0,"gold_gain":0,"player_choice":"Entered Light","damage_taken":23,"max_hp_gain":0,"max_hp_loss":0,"event_name":"Shining Light","floor":14,"gold_loss":0,"cards_upgraded":["Hemokinesis","Offering"]},{"damage_healed":0,"gold_gain":0,"player_choice":"Max HP","damage_taken":0,"max_hp_gain":0,"max_hp_loss":4,"event_name":"Winding Halls","floor":37,"gold_loss":0},{"cards_removed":["Strike_R"],"damage_healed":0,"gold_gain":0,"player_choice":"Purged","damage_taken":0,"max_hp_gain":0,"max_hp_loss":0,"event_name":"Purifier","floor":39,"gold_loss":0},{"damage_healed":0,"gold_gain":0,"cards_transformed":["Strike_R"],"player_choice":"Transformed","damage_taken":0,"max_hp_gain":0,"max_hp_loss":0,"event_name":"Transmorgrifier","floor":41,"gold_loss":0,"cards_obtained":["Fiend Fire"]}],"is_beta":false,"boss_relics":[{"not_picked":["Tiny House","Empty Cage"],"picked":"Ectoplasm"},{"not_picked":["Mark of Pain","Fusion Hammer"],"picked":"SlaversCollar"}],"items_purged_floors":[5,20],"is_endless":false,"potions_floor_spawned":[4,7,11,13,18,21,24,25,29,31,35,38],"killed_by":"Giant Head","ascension_level":20}}