{"host":"7o30bgpqouqblh42","time":1608784431,"event":{"mods":["AchievementEnabler","Aspiration","BaseMod","Colored Map","Downfall","Highlight Path","Minty Spire (QoL Compilation)","StSLib","SuperFastMode"],"gold_per_floor":[0,0,0,15,30,50,75,91,16,34,34,19,38,38,54,155,205,205,220,320,320,339,195,248,248,248,302,319,333,258,268,288,385,385,385,385,85,85,85,98,98,109,159,170,264,290,215,244,256,256,256,281,106,106,106,106,106],"floor_reached":55,"playtime":5000,"items_purged":["Regret","Survivor","Eviscerate"],"score":744,"play_id":"dca52ae2-f2f1-4354-896e-875577ed64ab","local_time":"20201223233351","is_ascension_mode":false,"campfire_choices":[{"floor":1,"key":"RECALL"},{"data":"Guardian:ChargeCore","floor":9,"key":"SMITH"},{"data":"Guardian:TwinSlam","floor":18,"key":"SMITH"},{"data":"Guardian:RollAttack","floor":26,"key":"SMITH"},{"floor":30,"key":"REST"},{"data":"Guardian:GatlingBeam","floor":35,"key":"SMITH"},{"data":"Guardian:Preprogram","floor":47,"key":"SMITH"},{"floor":54,"key":"REST"}],"circlet_count":0,"master_deck":["Guardian:CurlUp+1","Guardian:TwinSlam+1","Guardian:Incinerate","Guardian:EvasiveProtocol+1","Guardian:PiercingHide","Guardian:ChargeCore+1","Guardian:Orbwalk","Guardian:Recover+1","Guardian:ChargeCore","Guardian:RollAttack+1","Guardian:FuturePlans","JustLucky+1","Guardian:GatlingBeam+1","Guardian:Preprogram+1","Consecrate+1","Dual Wield+1","Whirlwind"],"relics":["Guardian:ModeShifter","War Paint","Bag of Preparation","downfall:HeartBlessingRed","NlothsMask","Tiny House","Pocketwatch","Pantograph","PrismaticShard","downfall:HeartBlessingBlue","Empty Cage","Bottled Lightning","Kunai","CaptainsWheel","Lantern","Frozen Egg 2","downfall:HeartBlessingGreen","HornCleat","aspiration:Lifesprig"],"acts_visited":["Exordium","TheCity","TheBeyond","TheEnding"],"potions_floor_usage":[8,8,22,22,31,32,37,46,46,46,46,48,55],"damage_taken":[{"damage":1,"enemies":"2 Louse","floor":4,"turns":2},{"damage":2,"enemies":"Cultist","floor":5,"turns":4},{"damage":1,"enemies":"Jaw Worm","floor":6,"turns":4},{"damage":6,"enemies":"Exordium Thugs","floor":8,"turns":5},{"damage":3,"enemies":"Blue Slaver","floor":10,"turns":3},{"damage":7,"enemies":"downfall:FleeingMerchant","floor":12,"turns":4},{"damage":3,"enemies":"3 Louse","floor":13,"turns":3},{"damage":5,"enemies":"2 Fungi Beasts","floor":15,"turns":3},{"damage":39,"enemies":"downfall:Ironclad","floor":16,"turns":8},{"damage":6,"enemies":"3 Byrds","floor":19,"turns":4},{"damage":38,"enemies":"Colosseum Nobs","floor":20,"turns":6},{"damage":3,"enemies":"Chosen","floor":22,"turns":3},{"damage":7,"enemies":"downfall:FleeingMerchant","floor":23,"turns":4},{"damage":2,"enemies":"Snake Plant","floor":28,"turns":4},{"damage":0,"enemies":"Centurion and Healer","floor":29,"turns":4},{"damage":0,"enemies":"3 Cultists","floor":31,"turns":3},{"damage":0,"enemies":"Snecko","floor":32,"turns":4},{"damage":2,"enemies":"downfall:Defect","floor":33,"turns":9},{"damage":7,"enemies":"downfall:FleeingMerchant","floor":37,"turns":4},{"damage":2,"enemies":"3 Shapes","floor":40,"turns":3},{"damage":17,"enemies":"3 Darklings","floor":42,"turns":4},{"damage":12,"enemies":"Mind Bloom Boss Battle","floor":43,"turns":4},{"damage":4,"enemies":"Spire Growth","floor":44,"turns":4},{"damage":0,"enemies":"downfall:FleeingMerchant","floor":45,"turns":1},{"damage":39,"enemies":"Nemesis","floor":46,"turns":7},{"damage":3,"enemies":"Giant Head","floor":48,"turns":6},{"damage":15,"enemies":"Maw","floor":49,"turns":6},{"damage":10,"enemies":"downfall:Watcher","floor":50,"turns":8},{"damage":74,"enemies":"downfall:CharBossMerchant","floor":52,"turns":8},{"damage":33,"enemies":"downfall:NeowBoss","floor":55,"turns":9}],"seed_played":"-8004491103646375686","potions_obtained":[{"floor":4,"key":"Guardian:DefensiveModePotion"},{"floor":5,"key":"Explosive Potion"},{"floor":15,"key":"FearPotion"},{"floor":17,"key":"Energy Potion"},{"floor":20,"key":"ColorlessPotion"},{"floor":22,"key":"sneckomod:MuddlingPotion"},{"floor":28,"key":"Energy Potion"},{"floor":33,"key":"EntropicBrew"},{"floor":42,"key":"Weak Potion"},{"floor":46,"key":"Guardian:DefensiveModePotion"},{"floor":49,"key":"Swift Potion"},{"floor":52,"key":"SmokeBomb"}],"is_trial":false,"path_per_floor":["R","?","?","M","M","M","T","M","R","M","?","$","M","?","M","B",null,"R","M","?","?","M","$","T","?","R","T","M","M","R","M","M","B",null,"R","?","$","?","?","M","T","M","?","M","$","E","R","E","M","B",null,"E","$","R","B"],"character_chosen":"GUARDIAN","items_purchased":["Guardian:RollAttack","Guardian:Preprogram","Bottled Lightning","Lantern","SteroidPotion"],"campfire_rested":2,"item_purchase_floors":[23,37,37,45,53],"current_hp_per_floor":[80,80,80,79,77,76,76,70,70,67,67,60,57,57,52,13,85,85,79,41,33,30,23,23,23,23,23,21,21,59,59,59,82,95,95,95,88,88,88,86,86,69,82,78,78,39,39,36,21,36,95,21,21,49,41,41,41],"gold":106,"neow_bonus":"TRANSFORM_TWO_CARDS","is_daily":false,"chose_seed":false,"campfire_upgraded":5,"win_rate":0.0,"timestamp":1608784431,"path_taken":["R","?","?","?","M","M","T","M","R","M","?","?","M","?","M","BOSS","R","M","?","?","M","$","T","?","R","?","M","M","R","?","M","BOSS","R","?","$","?","?","M","T","M","?","M","$","E","R","E","M","BOSS","E","$","R","BOSS"],"items_purchased_type":["Card","Card","Relic","Relic","Potion"],"build_version":"2020-12-22","purchased_purges":3,"victory":false,"max_hp_per_floor":[80,80,80,80,80,80,80,80,80,80,80,80,80,80,80,80,85,85,85,85,85,85,85,85,85,85,85,85,85,95,95,95,95,95,95,95,95,95,95,95,95,95,95,95,95,95,95,95,95,95,95,95,95,95,95,95,95],"card_choices":[{"not_picked":["Guardian:PiercingHide","Guardian:Emergency"],"picked":"Guardian:EvasiveProtocol","floor":4},{"not_picked":["Guardian:Preprogram","Guardian:Gem_Crimson"],"picked":"Guardian:TemporalShield","floor":5},{"not_picked":["Guardian:TemporalStrike","Guardian:CrystalBeam"],"picked":"Guardian:PiercingHide","floor":6},{"not_picked":["Guardian:ArmoredProtocol","Guardian:WalkerClaw"],"picked":"Guardian:ChargeCore","floor":8},{"not_picked":["Guardian:Gem_Green","Guardian:EvasiveProtocol"],"picked":"Guardian:Gem_Crimson","floor":10},{"not_picked":["Guardian:WalkerClaw","Guardian:FuturePlans","Guardian:Incinerate"],"picked":"SKIP","floor":12},{"not_picked":["Guardian:Repulse","Guardian:Gem_Red","Guardian:Incinerate"],"picked":"SKIP","floor":13},{"not_picked":["Guardian:TemporalStrike","Guardian:Planning"],"picked":"Guardian:Orbwalk","floor":15},{"not_picked":["Guardian:StasisEngine","Guardian:FastForward"],"picked":"Guardian:Gem_Orange","floor":16},{"not_picked":["Guardian:Gem_Red","Guardian:TemporalShield+1"],"picked":"Guardian:Recover+1","floor":19},{"not_picked":["Guardian:TimeCapacitor","Guardian:BronzeArmor"],"picked":"Guardian:Gem_Purple","floor":20},{"not_picked":["Guardian:TemporalStrike","Guardian:Gem_Green"],"picked":"Guardian:ChargeCore","floor":21},{"not_picked":["Slimebound:SlimeBrawl","champ:FlashCut","Guardian:Emergency"],"picked":"SKIP","floor":22},{"not_picked":["Slimebound:Grow","Conclude","Barrage"],"picked":"SKIP","floor":23},{"not_picked":["sneckomod:Unknown3Cost","Tantrum","All Out Attack"],"picked":"SKIP","floor":28},{"not_picked":["hexamod:Hexaguard","sneckomod:IronFang"],"picked":"Guardian:FuturePlans","floor":29},{"not_picked":["Slimebound:GoopTackle","sneckomod:UnknownCommonAttack"],"picked":"JustLucky+1","floor":31},{"not_picked":["Sword Boomerang","hexamod:Firestarter","Guardian:Gem_Lightblue"],"picked":"SKIP","floor":32},{"not_picked":["Guardian:GemFinder","Double Tap"],"picked":"Guardian:GatlingBeam","floor":33},{"not_picked":["Pummel+1","Beam Cell","hexamod:Again"],"picked":"SKIP","floor":37},{"not_picked":["Guardian:VentSteam","hexamod:BurningTouch","Guardian:SentryBeam"],"picked":"SKIP","floor":40},{"not_picked":["Slimebound:FinishingTackle","champ:TornadoPunch+1"],"picked":"Consecrate+1","floor":42},{"not_picked":["Conserve Battery+1","Ball Lightning+1"],"picked":"Dual Wield+1","floor":44},{"not_picked":["A Thousand Cuts","Iron Wave"],"picked":"Whirlwind","floor":45},{"not_picked":["sneckomod:QuickBite","Guardian:WalkerClaw","Halt"],"picked":"SKIP","floor":46},{"not_picked":["champ:ViciousMockery+1","Tempest+1","Slimebound:FinishingTackle"],"picked":"SKIP","floor":48},{"not_picked":["Whirlwind+1","Perfected Strike","Slimebound:TongueLash"],"picked":"SKIP","floor":49},{"not_picked":["sneckomod:SoulRoll+1","Rainbow","sneckomod:UnknownClassGUARDIAN"],"picked":"SKIP","floor":52}],"player_experience":115790,"relics_obtained":[{"floor":7,"key":"Bag of Preparation"},{"floor":20,"key":"Pocketwatch"},{"floor":20,"key":"Pantograph"},{"floor":21,"key":"PrismaticShard"},{"floor":41,"key":"Kunai"},{"floor":43,"key":"CaptainsWheel"},{"floor":46,"key":"Frozen Egg 2"},{"floor":48,"key":"HornCleat"},{"floor":52,"key":"aspiration:Lifesprig"}],"event_choices":[{"damage_healed":0,"gold_gain":0,"player_choice":"Box","damage_taken":0,"relics_obtained":["War Paint"],"max_hp_gain":0,"max_hp_loss":0,"event_name":"Big Fish","floor":2,"gold_loss":0,"cards_obtained":["Regret"]},{"damage_healed":0,"gold_gain":0,"player_choice":"Trade","damage_taken":0,"relics_obtained":["NlothsMask"],"max_hp_gain":0,"max_hp_loss":0,"event_name":"FaceTrader","floor":11,"gold_loss":0},{"cards_removed":["Guardian:Defend_Guardian"],"damage_healed":0,"gold_gain":0,"player_choice":"Forget","damage_taken":0,"max_hp_gain":0,"max_hp_loss":0,"event_name":"Living Wall","floor":14,"gold_loss":0},{"cards_removed":["Guardian:Strike_Guardian"],"damage_healed":0,"gold_gain":0,"player_choice":"Elegance","damage_taken":0,"max_hp_gain":0,"max_hp_loss":0,"event_name":"Back to Basics","floor":25,"gold_loss":0}],"is_beta":false,"boss_relics":[{"not_picked":["Busted Crown","Philosopher\u0027s Stone"],"picked":"Tiny House"},{"not_picked":["Cursed Key","aspiration:WatcherSkillbook"],"picked":"Empty Cage"}],"items_purged_floors":[23,45,53],"is_endless":false,"potions_floor_spawned":[4,5,15,20,22,28,33,42,46,49,52],"killed_by":"downfall:NeowBoss","ascension_level":0}}