{"host":"6he3f0ic6yesrium","time":1608832898,"event":{"mods":["BaseMod","Colored Map","Downfall","Minty Spire (QoL Compilation)","StSLib"],"gold_per_floor":[99,110,122,122,136,151,176,195,195,195,195,207,225,242,253,253,253,253],"floor_reached":16,"playtime":615,"items_purged":[],"score":98,"play_id":"6748d766-19eb-48ea-b631-d1e76ab45683","local_time":"20201224130138","is_ascension_mode":false,"campfire_choices":[{"data":"champ:Execute","floor":1,"key":"SMITH"},{"floor":9,"key":"REST"},{"data":"champ:BerserkerStyle","floor":11,"key":"SMITH"}],"circlet_count":0,"master_deck":["champ:Strike","champ:Strike","champ:Strike","champ:Strike","champ:Defend","champ:Defend","champ:Defend","champ:Defend","champ:Execute+1","champ:Taunt+1","champ:HeartStrike","champ:PerfectedStrike","champ:PerfectedStrike","champ:BerserkerStyle+1","champ:FanOfKnives","champ:FocusedBerserking","champ:RapidStrikes","champ:BerserkersShout"],"relics":["champ:ChampionCrown","downfall:ShatteredFragment","Bag of Marbles"],"acts_visited":["Exordium"],"potions_floor_usage":[6,6,16],"damage_taken":[{"damage":10,"enemies":"Small Slimes","floor":2,"turns":4},{"damage":8,"enemies":"2 Louse","floor":3,"turns":3},{"damage":8,"enemies":"Jaw Worm","floor":5,"turns":2},{"damage":16,"enemies":"Large Slime","floor":6,"turns":6},{"damage":7,"enemies":"Blue Slaver","floor":8,"turns":2},{"damage":17,"enemies":"Exordium Thugs","floor":12,"turns":3},{"damage":2,"enemies":"Exordium Wildlife","floor":13,"turns":3},{"damage":32,"enemies":"Blue Slaver","floor":14,"turns":4},{"damage":20,"enemies":"2 Fungi Beasts","floor":15,"turns":3},{"damage":58,"enemies":"downfall:Silent","floor":16,"turns":4}],"seed_played":"2020361888372143463","potions_obtained":[{"floor":3,"key":"PowerPotion"},{"floor":5,"key":"DistilledChaos"},{"floor":8,"key":"Strength Potion"}],"is_trial":false,"path_per_floor":["R","M","M","?","M","M","T","M","R","?","R","M","M","M","M","B"],"character_chosen":"THE_CHAMP","items_purchased":[],"campfire_rested":1,"item_purchase_floors":[],"current_hp_per_floor":[90,85,82,55,47,31,31,24,51,81,81,64,64,46,36,0,0,0],"gold":253,"neow_bonus":"UPGRADE_CARD","is_daily":false,"chose_seed":false,"campfire_upgraded":2,"win_rate":0.0,"timestamp":1608832898,"path_taken":["R","M","M","?","M","M","T","M","R","?","R","M","?","M","M","BOSS"],"items_purchased_type":[],"build_version":"2020-12-22","purchased_purges":0,"victory":false,"max_hp_per_floor":[90,90,90,90,90,90,90,90,90,90,90,90,90,90,90,90,90,90],"card_choices":[{"not_picked":["champ:Lariat","champ:CalledShot"],"picked":"champ:HeartStrike","floor":2},{"not_picked":["champ:Balance","champ:FlashCut"],"picked":"champ:PerfectedStrike","floor":3},{"not_picked":["champ:GladiatorsShout","champ:CrookedStrike"],"picked":"champ:PerfectedStrike","floor":5},{"not_picked":["champ:DefensiveShout","champ:Haymaker"],"picked":"champ:BerserkerStyle","floor":6},{"not_picked":["champ:SwordThrow","champ:FaceSlap"],"picked":"champ:FanOfKnives","floor":8},{"not_picked":["champ:EndlessRage","champ:Circumvent"],"picked":"champ:FocusedBerserking","floor":12},{"not_picked":["champ:FightOn","champ:EndlessRage"],"picked":"champ:RapidStrikes","floor":13},{"not_picked":["champ:ViciousMockery","champ:Balance"],"picked":"champ:BerserkersShout","floor":14},{"not_picked":["champ:GladiatorsShout","champ:RapidStrikes","champ:Backstep"],"picked":"SKIP","floor":15}],"player_experience":267639,"relics_obtained":[{"floor":7,"key":"Bag of Marbles"}],"event_choices":[{"damage_healed":30,"gold_gain":0,"player_choice":"Banana","damage_taken":0,"max_hp_gain":0,"max_hp_loss":0,"event_name":"Big Fish","floor":10,"gold_loss":0}],"is_beta":false,"boss_relics":[],"items_purged_floors":[],"is_endless":false,"potions_floor_spawned":[3,5,8],"killed_by":"downfall:Silent","ascension_level":0}}