{"host":"uflv0e3ja7hvnij7","time":1608847245,"event":{"mods":["Aspiration","BaseMod","Better Altar","Better Match","Better Note","Better Sensory Stone","Better Skull","Better Third Choice","Infinite Spire","Minty Spire (QoL Compilation)","Permanent Neow","StSLib"],"gold_per_floor":[109,125,138,138,152,152,179,191,266,341,341,354,91,106,106,207,207,223,198,218,228,228,228,260,260,311,234,254,254,2,13,13,13,13],"floor_reached":33,"playtime":1943,"items_purged":[],"score":323,"play_id":"da349888-3988-4b12-a295-52b43ad51a8e","local_time":"20201224170045","is_ascension_mode":true,"campfire_choices":[{"data":"Eruption","floor":6,"key":"SMITH"},{"floor":11,"key":"REST"},{"floor":15,"key":"REST"},{"floor":23,"key":"REST"},{"floor":32,"key":"REST"}],"circlet_count":0,"master_deck":["Strike_P","Strike_P","Strike_P","Strike_P","Defend_P","Defend_P","Defend_P","Defend_P","Eruption+1","Vigilance","Dagger Throw","Cloak And Dagger","SandsOfTime","Deflect+1","Infinite Blades","Blade Dance","CutThroughFate","Infinite Blades","Quick Slash","Die Die Die","Flying Knee","Quick Slash","Riddle With Holes+1","Backflip+1","RitualDagger","Blade Dance+1","SandsOfTime","Adaptation+1","Trip","WindmillStrike+1"],"relics":["aspiration:SilentSkillbook","Pen Nib","StrikeDummy","aspiration:FutureDiary","War Paint","Nunchaku","Lantern"],"acts_visited":["Exordium","TheCity"],"potions_floor_usage":[7,8,20,24,28,31],"damage_taken":[{"damage":0,"enemies":"Cultist","floor":1,"turns":4},{"damage":0,"enemies":"2 Louse","floor":2,"turns":2},{"damage":0,"enemies":"Jaw Worm","floor":3,"turns":3},{"damage":0,"enemies":"Blue Slaver","floor":5,"turns":3},{"damage":0,"enemies":"Lagavulin","floor":7,"turns":4},{"damage":18,"enemies":"Gremlin Gang","floor":8,"turns":3},{"damage":14,"enemies":"Exordium Thugs","floor":12,"turns":3},{"damage":0,"enemies":"Large Slime","floor":14,"turns":3},{"damage":30,"enemies":"The Guardian","floor":16,"turns":6},{"damage":7,"enemies":"3 Byrds","floor":18,"turns":3},{"damage":1,"enemies":"2 Thieves","floor":20,"turns":2},{"damage":9,"enemies":"Snecko","floor":21,"turns":3},{"damage":30,"enemies":"Book of Stabbing","floor":24,"turns":3},{"damage":24,"enemies":"Cultist and Chosen","floor":28,"turns":3},{"damage":39,"enemies":"Shelled Parasite and Fungi","floor":31,"turns":3},{"damage":68,"enemies":"Champ","floor":33,"turns":8}],"seed_played":"924750906749188870","potions_obtained":[{"floor":2,"key":"LiquidMemories"},{"floor":7,"key":"Regen Potion"},{"floor":14,"key":"BlessingOfTheForge"},{"floor":16,"key":"infinitespire:BlackPotion"},{"floor":18,"key":"DuplicationPotion"},{"floor":20,"key":"Regen Potion"},{"floor":31,"key":"SpeedPotion"}],"is_trial":false,"path_per_floor":["M","M","M","$","M","R","E","M","T","?","R","M","$","M","R","B",null,"M","$","M","M","?","R","E","?","T","$","M","AVR","$","M","R","B"],"character_chosen":"WATCHER","items_purchased":["Infinite Blades","Violence","Quick Slash","SandsOfTime","Lantern","Trip"],"campfire_rested":4,"item_purchase_floors":[13,13,19,27,30,30],"current_hp_per_floor":[72,72,72,72,72,72,72,58,58,47,68,54,54,54,72,42,72,65,65,64,55,49,70,40,82,82,82,63,63,63,24,48,0,0],"gold":13,"neow_bonus":"BOSS_RELIC","is_daily":false,"chose_seed":false,"campfire_upgraded":1,"win_rate":0.0,"timestamp":1608847245,"path_taken":["M","M","M","$","M","R","E","?","T","?","R","M","$","M","R","BOSS","M","$","M","M","?","R","E","?","T","$","?","AVR","?","M","R","BOSS"],"items_purchased_type":["Card","Card","Card","Card","Relic","Card"],"build_version":"2020-12-22","purchased_purges":0,"victory":false,"max_hp_per_floor":[72,72,72,72,72,72,72,72,72,72,72,72,72,72,72,72,72,72,72,72,72,72,72,72,82,82,82,82,82,82,82,82,82,82],"card_choices":[{"not_picked":["FlyingSleeves","Acrobatics","Deflect"],"picked":"Dagger Throw","floor":1},{"not_picked":["EmptyBody","Sucker Punch","Sanctity"],"picked":"Cloak And Dagger","floor":2},{"not_picked":["Acrobatics","Heel Hook","SashWhip"],"picked":"SandsOfTime","floor":3},{"not_picked":["WheelKick","BowlingBash","Sanctity"],"picked":"Deflect","floor":5},{"not_picked":["Tactician","Nirvana","Evaluate"],"picked":"Infinite Blades","floor":7},{"not_picked":["ReachHeaven","SandsOfTime","Flying Knee"],"picked":"Blade Dance","floor":8},{"not_picked":["Protect","FlyingSleeves","Quick Slash"],"picked":"CutThroughFate","floor":12},{"not_picked":["Evaluate","Flying Knee","Deflect"],"picked":"Quick Slash","floor":14},{"not_picked":["DeusExMachina","Corpse Explosion","Grand Finale"],"picked":"Die Die Die","floor":16},{"not_picked":["Pray","Swivel","SignatureMove+1"],"picked":"Flying Knee","floor":18},{"not_picked":["Crescendo","Blade Dance+1","Dagger Spray"],"picked":"Riddle With Holes+1","floor":20},{"not_picked":["ThirdEye","Leg Sweep","Halt"],"picked":"Backflip","floor":21},{"not_picked":["BattleHymn+1","TalkToTheHand+1","ThirdEye+1"],"picked":"Blade Dance+1","floor":24},{"not_picked":["Escape Plan","EmptyFist","WaveOfTheHand+1"],"picked":"Adaptation+1","floor":28},{"not_picked":["Quick Slash","JustLucky","Bane"],"picked":"WindmillStrike+1","floor":31}],"player_experience":330724,"relics_obtained":[{"floor":7,"key":"Pen Nib"},{"floor":9,"key":"StrikeDummy"},{"floor":24,"key":"War Paint"},{"floor":26,"key":"Nunchaku"}],"event_choices":[{"damage_healed":0,"gold_gain":75,"player_choice":"Gold","damage_taken":11,"max_hp_gain":0,"max_hp_loss":0,"event_name":"betterThird:BetterGoop","floor":10,"gold_loss":0},{"damage_healed":0,"gold_gain":0,"player_choice":"Dagger","damage_taken":6,"max_hp_gain":0,"max_hp_loss":0,"event_name":"betterThird:BetterNest","floor":22,"gold_loss":0,"cards_obtained":["RitualDagger"]},{"cards_removed":["Violence"],"damage_healed":32,"gold_gain":0,"player_choice":"Offered Rare","damage_taken":0,"max_hp_gain":10,"max_hp_loss":0,"event_name":"Bonfire Elementals","floor":25,"gold_loss":0}],"is_beta":false,"boss_relics":[{"not_picked":["Black Star","SlaversCollar"],"picked":"aspiration:FutureDiary"}],"items_purged_floors":[],"is_endless":false,"potions_floor_spawned":[2,7,14,16,18,20,31],"killed_by":"Champ","ascension_level":2}}