{"host":"126yiuos2nq86se7","time":1608781155,"event":{"mods":["AchievementEnabler","Act Like it!","BaseMod","Colored Map","Colored Powertips","Downfall","Friendly Minions","Halation","Highlight Path","Minty Spire (QoL Compilation)","StSLib","SuperFastMode","The Animator"],"gold_per_floor":[111,127,12,12,12,12,12,12,12,27,27,63,85,106,106,215,215,257,257,247,63,98,98,8,16,16],"floor_reached":25,"playtime":795,"items_purged":["Bash"],"score":201,"play_id":"2ef26d3f-0bb8-4d8b-9aea-efde5595fa57","local_time":"20201224143915","is_ascension_mode":false,"campfire_choices":[{"data":"Pommel Strike","floor":6,"key":"SMITH"},{"data":"Infernal Blade","floor":11,"key":"SMITH"},{"floor":15,"key":"REST"},{"floor":23,"key":"REST"}],"circlet_count":0,"master_deck":["Strike_R","Strike_R","Strike_R","Defend_R","Defend_R","Defend_R","Defend_R","Pommel Strike+1","Perfected Strike+1","Battle Trance","Infernal Blade+1","Feel No Pain","Power Through+1","Infernal Blade+1","Burning Pact+1","Mayhem","Perfected Strike+1","expansioncontent:DecasProtection"],"relics":["Black Blood","halation:EternalFortune","halation:PinkSoulGem","halation:IllGainedPizza","Bag of Marbles"],"acts_visited":["Exordium","TheCity"],"potions_floor_usage":[12,16,16],"damage_taken":[{"damage":3,"enemies":"Small Slimes","floor":1,"turns":3},{"damage":9,"enemies":"2 Louse","floor":2,"turns":3},{"damage":6,"enemies":"Cultist","floor":10,"turns":3},{"damage":18,"enemies":"Lagavulin","floor":12,"turns":3},{"damage":3,"enemies":"Lots of Slimes","floor":13,"turns":4},{"damage":4,"enemies":"Exordium Thugs","floor":14,"turns":5},{"damage":64,"enemies":"Slime Boss","floor":16,"turns":15},{"damage":69,"enemies":"Shell Parasite","floor":18,"turns":18},{"damage":10,"enemies":"2 Thieves","floor":20,"turns":4},{"damage":22,"enemies":"Shelled Parasite and Fungi","floor":22,"turns":8},{"damage":63,"enemies":"3 Cultists","floor":25,"turns":6}],"seed_played":"-9103834651051827422","potions_obtained":[{"floor":2,"key":"FearPotion"},{"floor":13,"key":"DuplicationPotion"},{"floor":14,"key":"Regen Potion"},{"floor":18,"key":"Energy Potion"},{"floor":22,"key":"Strength Potion"}],"is_trial":false,"path_per_floor":["M","M","$","?","?","R","?","?","T","M","R","E","M","M","R","B",null,"M","?","M","$","M","R","$","M"],"character_chosen":"IRONCLAD","items_purchased":["Battle Trance","Mayhem","expansioncontent:DecasProtection"],"campfire_rested":2,"item_purchase_floors":[3,21,24],"current_hp_per_floor":[59,56,56,59,64,64,64,64,64,64,64,52,55,57,83,40,88,31,31,33,33,23,49,49,0,0],"gold":16,"neow_bonus":"REMOVE_TWO","is_daily":false,"chose_seed":false,"campfire_upgraded":2,"win_rate":0.0,"timestamp":1608781155,"path_taken":["M","M","$","?","?","R","?","?","T","M","R","E","M","M","R","BOSS","M","?","?","$","M","R","$","M"],"items_purchased_type":["Card","Card","Card"],"build_version":"2020-12-22","purchased_purges":1,"victory":false,"max_hp_per_floor":[80,80,80,83,88,88,88,88,88,88,88,88,88,88,88,88,88,88,88,88,88,88,88,88,88,88],"card_choices":[{"not_picked":["Flex","Clash"],"picked":"Pommel Strike","floor":1},{"not_picked":["Bloodletting","Flex"],"picked":"Perfected Strike","floor":2},{"not_picked":["Brutality","Perfected Strike"],"picked":"Infernal Blade","floor":10},{"not_picked":["Flex","Sword Boomerang","Heavy Blade"],"picked":"SKIP","floor":12},{"not_picked":["Bludgeon","Rupture"],"picked":"Feel No Pain","floor":13},{"not_picked":["Clash","Heavy Blade","Sword Boomerang"],"picked":"SKIP","floor":14},{"not_picked":["Warcry+1","Wild Strike"],"picked":"Power Through+1","floor":18},{"not_picked":["Flex","Thunderclap"],"picked":"Burning Pact+1","floor":20},{"not_picked":["Wild Strike+1","Battle Trance+1"],"picked":"Perfected Strike+1","floor":22}],"player_experience":1593076,"relics_obtained":[{"floor":9,"key":"halation:IllGainedPizza"},{"floor":12,"key":"Bag of Marbles"}],"event_choices":[{"damage_healed":0,"gold_gain":0,"player_choice":"Donut","damage_taken":0,"max_hp_gain":5,"max_hp_loss":0,"event_name":"Big Fish","floor":5,"gold_loss":0},{"damage_healed":0,"gold_gain":0,"player_choice":"Grow","damage_taken":0,"max_hp_gain":0,"max_hp_loss":0,"event_name":"Living Wall","floor":7,"gold_loss":0,"cards_upgraded":["Perfected Strike"]},{"damage_healed":0,"gold_gain":0,"player_choice":"Copied","damage_taken":0,"max_hp_gain":0,"max_hp_loss":0,"event_name":"Duplicator","floor":19,"gold_loss":0,"cards_obtained":["Infernal Blade"]}],"is_beta":false,"boss_relics":[{"not_picked":["halation:Risk","halation:MonkeysPaw"],"picked":"Black Blood"}],"items_purged_floors":[3],"is_endless":false,"potions_floor_spawned":[2,13,14,18,22],"killed_by":"3 Cultists","ascension_level":0}}