{"host":"uflv0e3ja7hvnij7","time":1608835363,"event":{"mods":["Aspiration","BaseMod","Better Altar","Better Match","Better Note","Better Sensory Stone","Better Skull","Better Third Choice","Infinite Spire","Minty Spire (QoL Compilation)","Permanent Neow","StSLib"],"gold_per_floor":[114,114,39,53,73,73,106,106,106,106,106,106,123,142,142,243,243,256,8,108,24,44,79,79,4,4,4,31,31,47,47,47,146,146,160,160,160],"floor_reached":36,"playtime":1775,"items_purged":["Injury","Amplify+1"],"score":503,"play_id":"9f89d22f-8c33-4e05-b685-0c24f20cbc18","local_time":"20201224134243","is_ascension_mode":true,"campfire_choices":[{"data":"White Noise","floor":6,"key":"SMITH"},{"floor":10,"key":"REST"},{"data":"Gash","floor":12,"key":"SMITH"},{"data":"BootSequence","floor":15,"key":"SMITH"},{"floor":24,"key":"REST"},{"floor":32,"key":"REST"}],"circlet_count":0,"master_deck":["Strike_B","Strike_B","Defend_B","Defend_B","Defend_B","Defend_B","Gash+1","BootSequence+1","Gash+1","Gash+1","Gash+1","All For One+1","Fusion+1","Tempest+1","Sweeping Beam+1","All For One+1","Madness","Steam","Streamline+1","Steam","Chrysalis","Violence","Echo Form"],"relics":["Cracked Core","aspiration:DSix","Molten Egg 2","Meat on the Bone","Astrolabe","DollysMirror","DataDisk","Vajra","HornCleat","Fusion Hammer"],"acts_visited":["Exordium","TheCity","TheBeyond"],"potions_floor_usage":[7,28,28,28,33],"damage_taken":[{"damage":0,"enemies":"2 Louse","floor":1,"turns":2},{"damage":9,"enemies":"Small Slimes","floor":4,"turns":4},{"damage":1,"enemies":"Cultist","floor":5,"turns":3},{"damage":45,"enemies":"3 Sentries","floor":7,"turns":8},{"damage":0,"enemies":"Gremlin Gang","floor":13,"turns":4},{"damage":0,"enemies":"Red Slaver","floor":14,"turns":2},{"damage":39,"enemies":"The Guardian","floor":16,"turns":8},{"damage":0,"enemies":"Spheric Guardian","floor":18,"turns":2},{"damage":14,"enemies":"Shell Parasite","floor":22,"turns":3},{"damage":50,"enemies":"Gremlin Leader","floor":23,"turns":5},{"damage":17,"enemies":"Nightmare","floor":28,"turns":5},{"damage":1,"enemies":"Snake Plant","floor":30,"turns":4},{"damage":47,"enemies":"Champ","floor":33,"turns":6},{"damage":0,"enemies":"3 Shapes","floor":35,"turns":3},{"damage":57,"enemies":"infinitespire:Three Voidlings","floor":36,"turns":4},{"damage":48,"enemies":"Nightmare_Alpha","floor":36,"turns":5}],"seed_played":"6439029599829289256","potions_obtained":[{"floor":1,"key":"SteroidPotion"},{"floor":7,"key":"Fire Potion"},{"floor":13,"key":"EssenceOfSteel"},{"floor":16,"key":"EssenceOfSteel"},{"floor":28,"key":"Energy Potion"},{"floor":33,"key":"FearPotion"}],"is_trial":false,"path_per_floor":["M","?","$","M","M","R","E","?","T","R","?","R","M","M","R","B",null,"M","$","?","$","M","E","R","?","T","?","NM","$","M","?","R","B",null,"M","?"],"character_chosen":"DEFECT","items_purchased":["DollysMirror","Madness"],"campfire_rested":3,"item_purchase_floors":[19,21],"current_hp_per_floor":[75,75,75,66,65,65,20,20,20,42,75,75,75,75,75,48,75,75,75,75,75,61,23,45,45,45,27,22,22,33,33,55,20,75,75,0,0],"gold":160,"neow_bonus":"DSIX","is_daily":false,"chose_seed":false,"campfire_upgraded":3,"win_rate":0.0,"timestamp":1608835363,"path_taken":["M","?","$","M","M","R","E","?","T","R","?","R","?","?","R","BOSS","M","?","?","$","?","E","R","?","T","?","NM","$","M","?","R","BOSS","M","?"],"items_purchased_type":["Relic","Card"],"build_version":"2020-12-22","purchased_purges":2,"victory":false,"max_hp_per_floor":[75,75,75,75,75,75,75,75,75,75,75,75,75,75,75,75,75,75,75,75,75,75,75,75,75,75,75,75,75,75,75,75,75,75,75,75,75],"card_choices":[{"not_picked":["Coolheaded","Hello World"],"picked":"Gash","floor":1},{"not_picked":["Aggregate","Capacitor"],"picked":"White Noise","floor":4},{"not_picked":["White Noise","Fusion"],"picked":"BootSequence","floor":5},{"not_picked":["Tempest","Skim"],"picked":"Gash+1","floor":7},{"not_picked":["Streamline+1","Tempest"],"picked":"Gash+1","floor":13},{"not_picked":["Heatsinks","Ball Lightning+1"],"picked":"Gash+1","floor":14},{"not_picked":["Creative AI","Electrodynamics"],"picked":"All For One+1","floor":16},{"not_picked":["Leap","Coolheaded"],"picked":"Sweeping Beam+1","floor":18},{"not_picked":["Rip and Tear+1","Streamline+1","Rainbow"],"picked":"SKIP","floor":22},{"not_picked":["Hologram","Doom and Gloom+1"],"picked":"Steam","floor":23},{"not_picked":["Steam Power","Defragment+1"],"picked":"Streamline+1","floor":28},{"not_picked":["Glacier","Hello World"],"picked":"Steam","floor":30},{"not_picked":["Deep Breath","Magnetism"],"picked":"Chrysalis","floor":31},{"not_picked":["Enlightenment","Bandage Up"],"picked":"Violence","floor":31},{"not_picked":["Biased Cognition","Multi-Cast"],"picked":"Echo Form","floor":33},{"not_picked":["Turbo","Blizzard+1","Aggregate+1"],"picked":"SKIP","floor":35}],"player_experience":319128,"relics_obtained":[{"floor":7,"key":"Meat on the Bone"},{"floor":23,"key":"DataDisk"},{"floor":26,"key":"Vajra"},{"floor":28,"key":"HornCleat"}],"event_choices":[{"damage_healed":0,"gold_gain":0,"player_choice":"Ignored","damage_taken":106,"max_hp_gain":0,"max_hp_loss":0,"event_name":"betterThird:BetterSerpent","floor":8,"gold_loss":0},{"cards_removed":["White Noise"],"damage_healed":33,"gold_gain":0,"player_choice":"Offered Uncommon","damage_taken":0,"max_hp_gain":0,"max_hp_loss":0,"event_name":"Bonfire Elementals","floor":11,"gold_loss":0},{"damage_healed":0,"gold_gain":100,"player_choice":"Pray","damage_taken":0,"max_hp_gain":0,"max_hp_loss":0,"event_name":"Golden Shrine","floor":20,"gold_loss":0},{"cards_removed":["Strike_B"],"damage_healed":0,"gold_gain":0,"player_choice":"Gave Gold","damage_taken":0,"max_hp_gain":0,"max_hp_loss":0,"event_name":"Beggar","floor":25,"gold_loss":75},{"damage_healed":0,"gold_gain":0,"player_choice":" Potion ","damage_taken":18,"relics_obtained":[],"max_hp_gain":45,"max_hp_loss":27,"event_name":"betterAltar:BetterAltar","floor":27,"potions_obtained":["betterAltar:AltarPotion"],"relics_lost":[],"gold_loss":0},{"damage_healed":0,"gold_gain":2,"player_choice":"1","damage_taken":0,"max_hp_gain":0,"max_hp_loss":0,"event_name":"betterStone:BetterStone","floor":31,"gold_loss":0}],"is_beta":false,"boss_relics":[{"not_picked":["Snecko Eye","Tiny House"],"picked":"Astrolabe"},{"not_picked":["aspiration:FutureDiary","aspiration:RunicSpoon"],"picked":"Fusion Hammer"}],"items_purged_floors":[3,19],"is_endless":true,"potions_floor_spawned":[1,7,13,16,22,28,33],"killed_by":"Nightmare_Alpha","ascension_level":4}}