{"host":"ldbx2jhnvtia1ouf","time":1608802299,"event":{"mods":["BaseMod","Better Note","Better Sensory Stone","Better Skull","Better Third Choice","Block Reminder","Colored Map","Colored Powertips","Curses Come First","Highlight Path","Minty Spire (QoL Compilation)","Permanent Neow","Spicy Shops","StSLib","Transform Curses","Unceasing Turn Reminder"],"gold_per_floor":[110,110,125,139,149,149,177,193,193,193,226,226,105,123,123,224,224,242,14,27,27,27,53,53,64,64,78,96,96,109,123,123,223,223,241,291,291,311,326,361,361,361,408,427,440,440,459,10,10,10],"floor_reached":51,"playtime":4592,"items_purged":["Strike_G","Pain","Strike_G"],"score":713,"play_id":"fcb3b614-6c0a-49e7-8a27-973bbb355fed","local_time":"20201224193139","is_ascension_mode":false,"campfire_choices":[{"data":"Infinite Blades","floor":6,"key":"SMITH"},{"data":"Envenom","floor":12,"key":"SMITH"},{"data":"Infinite Blades","floor":15,"key":"SMITH"},{"floor":24,"key":"REST"},{"data":"Venomology","floor":32,"key":"SMITH"},{"floor":42,"key":"REST"},{"data":"Accuracy","floor":46,"key":"SMITH"},{"floor":49,"key":"REST"}],"circlet_count":0,"master_deck":["Strike_G","Defend_G","Defend_G","Defend_G","Defend_G","Survivor","Neutralize","Skewer","Leg Sweep","Slice","Prepared","Infinite Blades+1","Envenom+1","Flying Knee","Blur","Infinite Blades+1","Flying Knee","Finisher","Venomology+1","Infinite Blades","Bouncing Flask+1","Neutralize","Leg Sweep+1","Accuracy+1","Accuracy+1","Deflect+1","Deflect","Phantasmal Killer","Dagger Throw+1","Choke+1","Parasite","Tactician+1","Prepared+1","Blade Dance+1","Cloak And Dagger","Blur"],"relics":["Ring of the Serpent","Kunai","Orichalcum","Bird Faced Urn","Sundial","SacredBark","Lantern","WarpedTongs","InkBottle","Shuriken","CaptainsWheel","Question Card","Boot","Nunchaku"],"acts_visited":["Exordium","TheCity","TheBeyond"],"potions_floor_usage":[16,16,16,18,20,20,20,23,23,28,30,31,33,33,33,36,39,40,40,45,47,50,50,50],"damage_taken":[{"damage":0,"enemies":"Cultist","floor":1,"turns":4},{"damage":0,"enemies":"Small Slimes","floor":3,"turns":3},{"damage":0,"enemies":"2 Louse","floor":4,"turns":2},{"damage":3,"enemies":"2 Fungi Beasts","floor":5,"turns":4},{"damage":16,"enemies":"Gremlin Nob","floor":7,"turns":5},{"damage":0,"enemies":"Looter","floor":8,"turns":4},{"damage":3,"enemies":"Lagavulin","floor":11,"turns":5},{"damage":3,"enemies":"Large Slime","floor":14,"turns":6},{"damage":21,"enemies":"Hexaghost","floor":16,"turns":6},{"damage":32,"enemies":"2 Thieves","floor":18,"turns":4},{"damage":4,"enemies":"3 Byrds","floor":20,"turns":4},{"damage":26,"enemies":"Slavers","floor":23,"turns":5},{"damage":5,"enemies":"Cultist and Chosen","floor":25,"turns":5},{"damage":2,"enemies":"Shelled Parasite and Fungi","floor":27,"turns":4},{"damage":15,"enemies":"Snecko","floor":28,"turns":5},{"damage":8,"enemies":"Cultist and Chosen","floor":30,"turns":5},{"damage":10,"enemies":"Shelled Parasite and Fungi","floor":31,"turns":4},{"damage":19,"enemies":"Champ","floor":33,"turns":6},{"damage":11,"enemies":"Orb Walker","floor":35,"turns":4},{"damage":22,"enemies":"Mind Bloom Boss Battle","floor":36,"turns":5},{"damage":2,"enemies":"3 Shapes","floor":38,"turns":3},{"damage":8,"enemies":"Writhing Mass","floor":39,"turns":5},{"damage":30,"enemies":"Nemesis","floor":40,"turns":5},{"damage":31,"enemies":"3 Darklings","floor":44,"turns":4},{"damage":15,"enemies":"Sphere and 2 Shapes","floor":45,"turns":4},{"damage":12,"enemies":"Maw","floor":47,"turns":6},{"damage":17,"enemies":"Time Eater","floor":50,"turns":9}],"seed_played":"-746886555086386355","potions_obtained":[{"floor":1,"key":"DuplicationPotion"},{"floor":3,"key":"Poison Potion"},{"floor":11,"key":"Regen Potion"},{"floor":16,"key":"CultistPotion"},{"floor":20,"key":"Fruit Juice"},{"floor":27,"key":"AttackPotion"},{"floor":28,"key":"Dexterity Potion"},{"floor":30,"key":"GhostInAJar"},{"floor":36,"key":"Strength Potion"},{"floor":38,"key":"SpeedPotion"},{"floor":44,"key":"AttackPotion"},{"floor":45,"key":"DuplicationPotion"}],"is_trial":false,"path_per_floor":["M","T","M","M","M","R","E","M","T","?","E","R","$","M","R","B",null,"M","$","M","?","?","E","R","M","T","M","M","?","M","M","R","B",null,"M","?","?","M","M","E","?","R","T","M","M","R","M","$","R","B",null],"character_chosen":"THE_SILENT","items_purchased":["Infinite Blades","Flying Knee","Lantern","Nunchaku","Blur"],"campfire_rested":3,"item_purchase_floors":[13,13,19,48,48],"current_hp_per_floor":[70,70,70,70,67,67,51,51,51,51,52,52,52,55,55,54,70,40,40,54,54,54,36,60,61,61,65,62,90,88,80,80,73,90,79,69,69,73,77,59,59,86,86,65,58,58,58,58,85,80],"gold":10,"neow_bonus":"TRANSFORM_TWO_CARDS","is_daily":false,"chose_seed":false,"campfire_upgraded":5,"win_rate":0.0,"timestamp":1608802299,"path_taken":["M","?","?","M","M","R","E","M","T","?","E","R","?","M","R","BOSS","M","$","M","?","?","E","R","M","T","?","M","?","M","M","R","BOSS","M","?","?","M","M","E","?","R","T","M","?","R","M","$","R","BOSS"],"items_purchased_type":["Card","Card","Relic","Relic","Card"],"build_version":"2020-12-22","purchased_purges":3,"victory":true,"max_hp_per_floor":[70,70,70,70,70,70,70,70,70,70,70,70,70,70,70,70,70,70,70,80,80,80,80,80,80,80,80,80,90,90,90,90,90,90,90,90,90,90,90,90,90,90,90,90,90,90,90,90,90,90],"card_choices":[{"not_picked":["Distraction","Caltrops"],"picked":"Slice","floor":1},{"not_picked":["Expertise","PiercingWail"],"picked":"Prepared","floor":3},{"not_picked":["Flying Knee","Acrobatics"],"picked":"Infinite Blades","floor":4},{"not_picked":["Sucker Punch","Masterful Stab","Deadly Poison"],"picked":"SKIP","floor":5},{"not_picked":["Slice","Deflect"],"picked":"Envenom","floor":7},{"not_picked":["Expertise","Dagger Spray"],"picked":"Flying Knee","floor":8},{"not_picked":["Bane","Underhanded Strike"],"picked":"Blur","floor":11},{"not_picked":["Outmaneuver","Acrobatics"],"picked":"Finisher","floor":14},{"not_picked":["Malaise","Corpse Explosion"],"picked":"Venomology","floor":16},{"not_picked":["Poisoned Stab","Underhanded Strike"],"picked":"Infinite Blades","floor":18},{"not_picked":["Quick Slash","Slice"],"picked":"Bouncing Flask+1","floor":20},{"not_picked":["Terror+1","Escape Plan"],"picked":"Leg Sweep+1","floor":23},{"not_picked":["Dagger Throw","Masterful Stab"],"picked":"Accuracy","floor":25},{"not_picked":["Backflip","Underhanded Strike"],"picked":"Accuracy","floor":27},{"not_picked":["Finisher","Deadly Poison"],"picked":"Deflect+1","floor":28},{"not_picked":["Backflip","Catalyst","Flying Knee"],"picked":"SKIP","floor":30},{"not_picked":["PiercingWail","Dagger Spray"],"picked":"Deflect","floor":31},{"not_picked":["After Image","Adrenaline"],"picked":"Phantasmal Killer","floor":33},{"not_picked":["Terror","PiercingWail"],"picked":"Dagger Throw+1","floor":35},{"not_picked":["Underhanded Strike+1","Distraction"],"picked":"Choke+1","floor":38},{"not_picked":["Underhanded Strike","Dagger Throw","Sucker Punch+1"],"picked":"SKIP","floor":39},{"not_picked":["Deadly Poison","Deflect"],"picked":"Tactician+1","floor":40},{"not_picked":["Outmaneuver","Deflect","Masterful Stab"],"picked":"Prepared+1","floor":44},{"not_picked":["Underhanded Strike","Dodge and Roll","Deadly Poison"],"picked":"Blade Dance+1","floor":45},{"not_picked":["Blur","Deflect","Bane+1"],"picked":"Cloak And Dagger","floor":47}],"player_experience":65899,"relics_obtained":[{"floor":2,"key":"Kunai"},{"floor":7,"key":"Orichalcum"},{"floor":9,"key":"Bird Faced Urn"},{"floor":11,"key":"Sundial"},{"floor":23,"key":"InkBottle"},{"floor":26,"key":"Shuriken"},{"floor":36,"key":"CaptainsWheel"},{"floor":40,"key":"Question Card"},{"floor":43,"key":"Boot"}],"event_choices":[{"cards_removed":["Writhe"],"damage_healed":0,"gold_gain":0,"player_choice":"Removed Curses","damage_taken":0,"max_hp_gain":0,"max_hp_loss":0,"event_name":"Fountain of Cleansing","floor":10,"gold_loss":0},{"damage_healed":0,"gold_gain":0,"player_choice":"2 cards matched","damage_taken":0,"max_hp_gain":0,"max_hp_loss":0,"event_name":"Match and Keep!","floor":21,"gold_loss":0,"cards_obtained":["Neutralize","Doppelganger"]},{"damage_healed":0,"gold_gain":0,"player_choice":"Rummage","damage_taken":0,"relics_obtained":["WarpedTongs"],"max_hp_gain":0,"max_hp_loss":0,"event_name":"Accursed Blacksmith","floor":22,"gold_loss":0,"cards_obtained":["Pain"]},{"cards_removed":["Doppelganger"],"damage_healed":18,"gold_gain":0,"player_choice":"Offered Rare","damage_taken":0,"max_hp_gain":10,"max_hp_loss":0,"event_name":"Bonfire Elementals","floor":29,"gold_loss":0},{"damage_healed":0,"gold_gain":0,"player_choice":"Fight","damage_taken":0,"max_hp_gain":0,"max_hp_loss":0,"event_name":"MindBloom","floor":36,"gold_loss":0},{"cards_removed":["Strike_G"],"damage_healed":0,"gold_gain":0,"player_choice":"Removed Attack","damage_taken":0,"max_hp_gain":0,"max_hp_loss":0,"event_name":"Falling","floor":37,"gold_loss":0},{"damage_healed":0,"gold_gain":0,"player_choice":"Upgraded","damage_taken":0,"max_hp_gain":0,"max_hp_loss":0,"event_name":"Upgrade Shrine","floor":41,"gold_loss":0,"cards_upgraded":["Accuracy"]}],"is_beta":false,"boss_relics":[{"not_picked":["Astrolabe","Sozu"],"picked":"SacredBark"},{"not_picked":["Coffee Dripper","Fusion Hammer"],"picked":"Ring of the Serpent"}],"items_purged_floors":[19,48,48],"is_endless":false,"potions_floor_spawned":[1,3,11,14,16,20,27,28,30,36,38,44,45],"ascension_level":0}}