{"host":"2lrkmsuh7nz013qb","time":1608803947,"event":{"mods":["BaseMod","Colored Map","DeckTracker","Minty Spire (QoL Compilation)","SuperFastMode","everything is the same but u backflip on backflip"],"gold_per_floor":[118,138,151,166,185,215,215,247,300,300,7,37,37,55,55,154,154,172,172,81,100,25,44,44,55,55,71,71,71],"floor_reached":28,"playtime":894,"items_purged":["Strike_B"],"score":339,"play_id":"639b4ce9-9667-4583-8c13-3adfe6cebf3d","local_time":"20201224185907","is_ascension_mode":true,"campfire_choices":[{"data":"Melter","floor":7.0,"key":"SMITH"},{"data":"Dualcast","floor":10.0,"key":"SMITH"},{"floor":15.0,"key":"REST"},{"floor":24.0,"key":"REST"}],"circlet_count":0,"master_deck":["Strike_B","Strike_B","Strike_B","Defend_B","Defend_B","Defend_B","Defend_B","Zap","Dualcast+1","Swift Strike","Conserve Battery","Ball Lightning","Melter+1","Undo","Capacitor","Heatsinks","Beam Cell","Compile Driver","Echo Form","Chaos+1","Hologram+1","Defragment","Turbo+1","Blizzard+1","Coolheaded+1","Glacier+1","Conserve Battery+1","Compile Driver","Recycle+1"],"relics":["Cracked Core","Prayer Wheel","MealTicket","Pen Nib","Toxic Egg 2","Kunai","Sozu","Eternal Feather"],"acts_visited":["Exordium","TheCity"],"potions_floor_usage":[28],"damage_taken":[{"damage":1.0,"enemies":"Cultist","floor":1.0,"turns":3.0},{"damage":0.0,"enemies":"Small Slimes","floor":2.0,"turns":3.0},{"damage":2.0,"enemies":"Jaw Worm","floor":3.0,"turns":2.0},{"damage":5.0,"enemies":"2 Fungi Beasts","floor":4.0,"turns":4.0},{"damage":2.0,"enemies":"Red Slaver","floor":5.0,"turns":3.0},{"damage":23.0,"enemies":"3 Sentries","floor":6.0,"turns":7.0},{"damage":11.0,"enemies":"Lagavulin","floor":8.0,"turns":5.0},{"damage":33.0,"enemies":"Gremlin Nob","floor":12.0,"turns":4.0},{"damage":0.0,"enemies":"Lots of Slimes","floor":14.0,"turns":4.0},{"damage":27.0,"enemies":"Slime Boss","floor":16.0,"turns":7.0},{"damage":32.0,"enemies":"3 Byrds","floor":18.0,"turns":5.0},{"damage":11.0,"enemies":"Shell Parasite","floor":21.0,"turns":3.0},{"damage":29.0,"enemies":"Snake Plant","floor":23.0,"turns":4.0},{"damage":19,"enemies":"Cultist and Chosen","floor":25,"turns":7},{"damage":1,"enemies":"Snecko","floor":27,"turns":5},{"damage":20,"enemies":"Gremlin Leader","floor":28,"turns":4}],"seed_played":"6931634183851172250","potions_obtained":[{"floor":4.0,"key":"SteroidPotion"},{"floor":5.0,"key":"EssenceOfSteel"},{"floor":12.0,"key":"Swift Potion"},{"floor":14.0,"key":"BlessingOfTheForge"},{"floor":16.0,"key":"PowerPotion"}],"is_trial":false,"path_per_floor":["M","M","M","M","M","E","R","E","T","R","$","E","?","M","R","B",null,"M","?","$","M","$","M","R","M","T","M","E"],"character_chosen":"DEFECT","items_purchased":["Toxic Egg 2","Strength Potion","Defragment","Turbo+1"],"campfire_rested":2,"item_purchase_floors":[11,11,20,20],"current_hp_per_floor":[67,67,65,60,58,35,35,24,24,24,39,6,6,6,28,1,57,25,25,40,29,44,15,37,18,18,17,0,0],"gold":71,"neow_bonus":"RANDOM_COLORLESS","is_daily":false,"chose_seed":false,"campfire_upgraded":2,"win_rate":0.0,"timestamp":1608803947,"path_taken":["M","M","M","M","M","E","R","E","T","R","$","E","?","M","R","BOSS","M","?","$","M","$","M","R","M","T","M","E"],"items_purchased_type":["Relic","Potion","Card","Card"],"build_version":"2020-12-22","purchased_purges":1,"victory":false,"max_hp_per_floor":[75,75,75,75,75,75,75,75,75,75,75,75,75,75,75,75,75,75,75,75,75,75,75,75,75,75,75,75,75],"card_choices":[{"not_picked":["Purity","Impatience"],"picked":"Swift Strike","floor":0.0},{"not_picked":["Barrage","Go for the Eyes","Redo"],"picked":"SKIP","floor":1.0},{"not_picked":["Storm","Scrape","Steam"],"picked":"SKIP","floor":2.0},{"not_picked":["Gash","Storm"],"picked":"Conserve Battery","floor":3.0},{"not_picked":["Rebound","BootSequence"],"picked":"Ball Lightning","floor":4.0},{"not_picked":["Cold Snap","Redo"],"picked":"Melter","floor":5.0},{"not_picked":["Hologram","Conserve Battery"],"picked":"Undo","floor":6.0},{"not_picked":["Leap","Darkness"],"picked":"Capacitor","floor":8.0},{"not_picked":["Aggregate+1","Stack+1"],"picked":"Heatsinks","floor":12.0},{"not_picked":["Storm","Steam+1"],"picked":"Beam Cell","floor":14.0},{"not_picked":["Redo+1","Sweeping Beam"],"picked":"Compile Driver","floor":14.0},{"not_picked":["Meteor Strike","Fission+1"],"picked":"Echo Form","floor":16.0},{"not_picked":["Scrape","Double Energy+1"],"picked":"Chaos+1","floor":18.0},{"not_picked":["Steam+1","Streamline+1"],"picked":"Hologram+1","floor":18.0},{"not_picked":["Gash","Melter"],"picked":"Blizzard+1","floor":21.0},{"not_picked":["Conserve Battery+1","Barrage","Streamline"],"picked":"SKIP","floor":21.0},{"not_picked":["Steam+1","Cold Snap"],"picked":"Coolheaded+1","floor":23.0},{"not_picked":["White Noise+1","Streamline","Consume+1"],"picked":"SKIP","floor":23.0},{"not_picked":["Steam Power+1","Scrape+1"],"picked":"Glacier+1","floor":25},{"not_picked":["Capacitor","Rebound"],"picked":"Conserve Battery+1","floor":25},{"not_picked":["Aggregate+1","Ball Lightning"],"picked":"Compile Driver","floor":27},{"not_picked":["Undo+1","Ball Lightning+1"],"picked":"Recycle+1","floor":27}],"player_experience":692168,"relics_obtained":[{"floor":6.0,"key":"Prayer Wheel"},{"floor":8.0,"key":"MealTicket"},{"floor":9.0,"key":"Pen Nib"},{"floor":12.0,"key":"Kunai"},{"floor":26,"key":"Eternal Feather"}],"event_choices":[{"damage_healed":0.0,"max_hp_gain":0.0,"max_hp_loss":0.0,"gold_gain":0.0,"event_name":"Golden Idol","player_choice":"Ignored","floor":13.0,"gold_loss":0.0,"damage_taken":0.0},{"damage_healed":0.0,"max_hp_gain":0.0,"max_hp_loss":0.0,"gold_gain":0.0,"event_name":"Vampires","player_choice":"Ignored","floor":19.0,"gold_loss":0.0,"damage_taken":0.0}],"is_beta":false,"boss_relics":[{"not_picked":["Runic Pyramid","Runic Dome"],"picked":"Sozu"}],"items_purged_floors":[22],"is_endless":false,"potions_floor_spawned":[4,5,12,14,16,23,27],"killed_by":"Gremlin Leader","ascension_level":8}}