{"host":"rwzz6mk6bpmb57ql","time":1608851425,"event":{"mods":["AchievementEnabler","BaseMod","BetterRewards","Colored Map","Highlight Path","Hubris","Minty Spire (QoL Compilation)","Replay The Spire","StSLib"],"gold_per_floor":[6609,6609,5951,5965,5979,5979,6008,6019,6042,6042,6072,6082,6082,6102,6102,6204,6204,6223,6236,5775,5789,5802,5814,5814,5839,5839,5839,5764,5764,5704,5714,5714,5819,5819,5838,5112,5123,5123,4805,4805,4818,4853,4899,4934,4954,4954,4986,5001,5001,5001,5001,5001,4848,4876,4876],"floor_reached":56,"playtime":3684,"items_purged":["Strike_G","Strike_G","Strike_G","Defend_G"],"score":2239,"play_id":"6631fe07-0a24-45c3-a873-acb5a5930066","local_time":"20201224171025","is_ascension_mode":true,"campfire_choices":[{"data":"Neutralize","floor":6,"key":"SMITH"},{"floor":13,"key":"RECALL"},{"data":"After Image","floor":15,"key":"SMITH"},{"data":"Replay:Poison Smokescreen","floor":24,"key":"SMITH"},{"data":"Dodge and Roll","floor":27,"key":"SMITH"},{"data":"Fluid Movement","floor":29,"key":"SMITH"},{"data":"Defend_G","floor":32,"key":"SMITH"},{"data":"Replay:Poison Smokescreen","floor":40,"key":"SMITH"},{"floor":49,"key":"REST"}],"circlet_count":0,"master_deck":["ReplayTheSpireMod:Brewmster+1","Defend_G+1","Defend_G+1","Defend_G+1","Defend_G+1","Survivor+1","Neutralize+1","ReplayTheSpireMod:Speed Training+1","Prepared+1","Venomology+1","Fluid Movement+1","A Thousand Cuts+1","Caltrops+1","Dodge and Roll+1","After Image+1","Dodge and Roll+1","Replay:Poison Smokescreen+1","Replay:Poison Smokescreen+1","Footwork+1","Replay:Poison Smokescreen+1","Footwork+1","Fluid Movement+1"],"relics":["Ring of the Snake","Chameleon Ring","SacredBark","Potion Belt","Nunchaku","hubris:MysteriousPyramids","Pear","War Paint","hubris:Towel","Meat on the Bone","HoveringKite","Omamori","ClockworkSouvenir","Matryoshka","Toy Ornithopter","MealTicket","hubris:Backtick","Mummified Hand","Replay:Baseball","Paper Crane","Sundial","ReplayFunnel","hubris:SlimyHat","Singing Bowl","Mark of the Bloom","Bird Faced Urn","hubris:EmptyBottle","ReplayTheSpireMod:TigerMarble"],"acts_visited":["Exordium","TheCity","TheBeyond","TheEnding"],"potions_floor_usage":[1,4,5,5,7,7,7,7,8,11,11,12,12,14,14,14,14,16,16,16,16,16,16,16,16,16,16,16,18,18,18,18,18,19,19,19,19,19,21,21,21,21,21,21,21,22,22,22,22,22,23,23,23,23,23,23,23,23,23,23,23,23,23,23,23,23,23,23,23,23,25,25,25,25,31,31,31,33,33,33,33,33,33,33,33,33,35,35,35,37,37,37,37,41,41,41,41,42,42,42,42,42,42,44,44,44,44,44,45,45,45,45,45,45,45,45,45,47,47,47,47,47,47,47,47,48,48,48,48,48,50,50,50,50,50,50,50,50,50,50,50,54,54,54,54,54,54,54,54,55,55,55,55,55,55,55,55,55,55,55,55,55,55,55,55,55,55,55,55,55,55,55,55,55,55],"damage_taken":[{"damage":10,"enemies":"Cultist","floor":1,"turns":5},{"damage":0,"enemies":"2 Louse","floor":4,"turns":4},{"damage":0,"enemies":"Small Slimes","floor":5,"turns":2},{"damage":9,"enemies":"Lagavulin","floor":7,"turns":4},{"damage":2,"enemies":"Looter","floor":8,"turns":2},{"damage":10,"enemies":"Replay:BlueRogue","floor":11,"turns":1},{"damage":18,"enemies":"3 Louse","floor":12,"turns":3},{"damage":0,"enemies":"Blue Slaver","floor":14,"turns":4},{"damage":0,"enemies":"Fading Forest","floor":16,"turns":11},{"damage":0,"enemies":"Spheric Guardian","floor":18,"turns":6},{"damage":10,"enemies":"Shell Parasite","floor":19,"turns":4},{"damage":6,"enemies":"Centurion and Healer","floor":21,"turns":6},{"damage":12,"enemies":"Cultist and Chosen","floor":22,"turns":5},{"damage":10,"enemies":"Chosen and Byrds","floor":23,"turns":7},{"damage":0,"enemies":"Replay:Snechameleon","floor":25,"turns":5},{"damage":0,"enemies":"Snecko","floor":31,"turns":4},{"damage":0,"enemies":"Automaton","floor":33,"turns":9},{"damage":0,"enemies":"Orb Walker","floor":35,"turns":4},{"damage":0,"enemies":"3 Darklings","floor":37,"turns":5},{"damage":0,"enemies":"Jaw Worm Horde","floor":41,"turns":3},{"damage":0,"enemies":"Giant Head","floor":42,"turns":6},{"damage":0,"enemies":"R_Hoarder","floor":44,"turns":6},{"damage":0,"enemies":"4 Shapes","floor":45,"turns":7},{"damage":0,"enemies":"Giant Head","floor":47,"turns":6},{"damage":0,"enemies":"Writhing Mass","floor":48,"turns":4},{"damage":0,"enemies":"hubris:GrandSnecko","floor":50,"turns":12},{"damage":0,"enemies":"Shield and Spear","floor":54,"turns":5},{"damage":0,"enemies":"The Heart","floor":55,"turns":8}],"seed_played":"5816913973041176900","potions_obtained":[{"floor":5,"key":"GhostInAJar"},{"floor":8,"key":"Regen Potion"},{"floor":11,"key":"Ancient Potion"},{"floor":19,"key":"Weak Potion"},{"floor":21,"key":"FearPotion"},{"floor":25,"key":"Poison Potion"},{"floor":33,"key":"Strength Potion"},{"floor":35,"key":"AttackPotion"},{"floor":41,"key":"ColorlessPotion"},{"floor":48,"key":"ColorlessPotion"},{"floor":52,"key":"Strength Potion"},{"floor":54,"key":"EssenceOfSteel"}],"is_trial":false,"path_per_floor":["M","T","$","M","M","R","E","M","T","?","E","M","R","M","R","B",null,"M","M","$","M","M","M","R","E","T","R","?","R","?","M","R","B",null,"M","$","M","?","$","R","M","E","T","E","M","?","E","M","R","B",null,"R","$","E","B",null],"character_chosen":"THE_SILENT","items_purchased":["Nunchaku","Venomology+1","Fluid Movement","hubris:MysteriousPyramids","Omamori","ClockworkSouvenir","Poison Potion","Replay:Poison Smokescreen","Footwork","Replay:Baseball","Paper Crane","LifebloodPotion","Replay:Poison Smokescreen","Footwork","PowerPotion","hubris:EmptyBottle"],"campfire_rested":1,"item_purchase_floors":[3,3,3,3,20,20,20,36,36,36,36,36,39,39,39,53],"current_hp_per_floor":[123,123,123,123,123,123,124,122,122,122,112,94,94,94,94,94,136,136,126,126,120,108,98,98,98,98,98,98,98,98,113,113,150,150,150,150,150,150,150,150,150,150,150,152,152,152,152,152,152,152,152,152,152,152,152],"gold":4876,"neow_bonus":"TRANSFORM_CARD","is_daily":false,"chose_seed":false,"campfire_upgraded":7,"win_rate":0.0,"timestamp":1608851425,"path_taken":["M","?","$","M","M","R","E","M","T","?","E","M","R","M","R","BOSS","M","M","$","M","M","M","R","E","T","R","?","R","?","M","R","BOSS","M","$","M","?","$","R","M","E","T","E","M","?","E","M","R","BOSS","R","$","E","BOSS"],"items_purchased_type":["Relic","Card","Card","Relic","Relic","Relic","Potion","Card","Card","Relic","Relic","Potion","Card","Card","Potion","Relic"],"build_version":"2020-12-22","purchased_purges":4,"victory":true,"max_hp_per_floor":[140,140,140,140,140,140,150,150,150,150,150,150,150,150,150,150,150,150,150,150,150,150,150,150,150,150,150,150,150,150,150,150,150,150,150,150,150,150,150,150,150,150,150,152,152,152,154,156,156,156,156,156,156,158,158],"card_choices":[{"not_picked":["Underhanded Strike","Endless Agony"],"picked":"Prepared","floor":1},{"not_picked":["Slice","Catalyst","hubris:SlightOfHand"],"picked":"SKIP","floor":4},{"not_picked":["Bane","Poisoned Stab","Sucker Punch"],"picked":"SKIP","floor":5},{"not_picked":["Noxious Fumes","Hidden Blade"],"picked":"A Thousand Cuts","floor":7},{"not_picked":["Finisher","Slice","Endless Agony"],"picked":"SKIP","floor":8},{"not_picked":["Slice","Acrobatics"],"picked":"Caltrops","floor":11},{"not_picked":["Deflect","Flying Knee"],"picked":"Dodge and Roll","floor":12},{"not_picked":["Hidden Blade","Dodge and Roll"],"picked":"After Image","floor":14},{"not_picked":["Prepared","Sucker Punch"],"picked":"Dodge and Roll+1","floor":18},{"not_picked":["Flying Knee+1","Blade Dance","Quick Slash"],"picked":"SKIP","floor":19},{"not_picked":["Poisoned Stab","Sucker Punch","Bane"],"picked":"SKIP","floor":21},{"not_picked":["Slice","Endless Agony+1","Blade Dance+1"],"picked":"SKIP","floor":22},{"not_picked":["Deadly Poison","Dodge and Roll"],"picked":"Replay:Poison Smokescreen","floor":23},{"not_picked":["Distraction+1","PiercingWail","Expertise+1"],"picked":"SKIP","floor":25},{"not_picked":["Dodge and Roll+1","Flechettes+1","Leg Sweep"],"picked":"SKIP","floor":31},{"not_picked":["Outmaneuver","Deflect","Infinite Blades"],"picked":"SKIP","floor":35},{"not_picked":["Slice+1","Hidden Blade+1","All Out Attack+1"],"picked":"SKIP","floor":37},{"not_picked":["Skewer","Eviscerate+1","Deflect+1"],"picked":"SKIP","floor":41},{"not_picked":["Backstab+1","Underhanded Strike+1","Acrobatics+1"],"picked":"SKIP","floor":42},{"not_picked":["Blade Dance+1","Bane+1","Calculated Gamble+1"],"picked":"Singing Bowl","floor":44},{"not_picked":["Outmaneuver","Catalyst"],"picked":"Fluid Movement+1","floor":45},{"not_picked":["Prepared","Acrobatics+1","Poisoned Stab+1"],"picked":"Singing Bowl","floor":47},{"not_picked":["Blade Dance+1","Deflect","Predator+1"],"picked":"Singing Bowl","floor":48},{"not_picked":["Poisoned Stab+1","Deflect","Escape Plan"],"picked":"Singing Bowl","floor":54}],"player_experience":134720,"relics_obtained":[{"floor":7,"key":"Pear"},{"floor":9,"key":"War Paint"},{"floor":11,"key":"Meat on the Bone"},{"floor":25,"key":"Matryoshka"},{"floor":26,"key":"Toy Ornithopter"},{"floor":26,"key":"MealTicket"},{"floor":42,"key":"Sundial"},{"floor":43,"key":"ReplayFunnel"},{"floor":43,"key":"hubris:SlimyHat"},{"floor":44,"key":"Singing Bowl"},{"floor":47,"key":"Bird Faced Urn"},{"floor":54,"key":"ReplayTheSpireMod:TigerMarble"}],"event_choices":[{"cards_removed":["Strike_G"],"damage_healed":0,"gold_gain":0,"player_choice":"Gave Gold","damage_taken":0,"max_hp_gain":0,"max_hp_loss":0,"event_name":"Beggar","floor":28,"gold_loss":75},{"damage_healed":0,"gold_gain":0,"player_choice":"Upgrade","damage_taken":0,"relics_obtained":["Mark of the Bloom"],"max_hp_gain":0,"max_hp_loss":0,"event_name":"MindBloom","floor":46,"gold_loss":0,"cards_upgraded":["Defend_G","Defend_G","ReplayTheSpireMod:Speed Training","Prepared","A Thousand Cuts","Caltrops","Replay:Poison Smokescreen","Footwork","Footwork"]}],"is_beta":false,"boss_relics":[{"not_picked":["Velvet Choker","Snecko Scales"],"picked":"HoveringKite"},{"not_picked":["hubris:BlackHole","Snecko Eye"],"picked":"hubris:Backtick"}],"items_purged_floors":[3,20,36,39],"is_endless":false,"potions_floor_spawned":[5,8,11,12,19,21,25,31,33,35,41,44,48,54],"ascension_level":7}}