{"host":"fevvm7bbzuh4s1jc","time":1608839705,"event":{"mods":["BaseMod","Highlight Path","Minty Spire (QoL Compilation)","Relic Stats"],"gold_per_floor":[117,134,134,134,59,59,88,88,88,145,145,165,175,206,206,283,283,293,293,321,337,347,375,375,395,422,432,463,198,198,208,208,287,287,304,229,245,265,278,278,311,322,322,349,61,92,110,122,122,122,122,122,122,27,58,58],"floor_reached":57,"playtime":5080,"items_purged":["Strike_R","Strike_R","Strike_R"],"score":2838,"play_id":"da1b2d78-da20-4e58-8219-bf8fe34abc93","local_time":"20201224145505","is_ascension_mode":true,"campfire_choices":[{"data":"Bash","floor":6.0,"key":"SMITH"},{"data":"Flame Barrier","floor":8.0,"key":"SMITH"},{"data":"Body Slam","floor":15.0,"key":"SMITH"},{"data":"J.A.X.","floor":24,"key":"SMITH"},{"data":"Double Tap","floor":30,"key":"SMITH"},{"data":"Burning Pact","floor":32,"key":"SMITH"},{"data":"Brutality","floor":40,"key":"SMITH"},{"floor":49,"key":"RECALL"},{"data":"Dual Wield","floor":53,"key":"SMITH"}],"circlet_count":0,"master_deck":["AscendersBane","Strike_R","Defend_R","Defend_R","Defend_R","Bash+1","Anger+1","Flame Barrier+1","Flame Barrier","Body Slam+1","Whirlwind","Uppercut+1","Reaper+1","J.A.X.+1","Warcry+1","Shockwave","Feel No Pain","Brutality+1","Burning Pact+1","Feed+1","Double Tap+1","True Grit+1","Impervious","Shrug It Off","Barricade","Dropkick+1","Sword Boomerang+1","Feel No Pain","Power Through","Power Through+1","Feel No Pain","Dual Wield+1","Evolve+1","Rupture"],"relics":["Burning Blood","NeowsBlessing","Orichalcum","Kunai","Meat on the Bone","Shuriken","GremlinMask","Molten Egg 2","Coffee Dripper","Red Mask","Pear","Vajra","Gremlin Horn","Philosopher\u0027s Stone","Red Skull","Paper Frog","Bag of Preparation","Pen Nib","Bronze Scales"],"acts_visited":["Exordium","TheCity","TheBeyond","TheEnding"],"potions_floor_usage":[23,46,56,56],"damage_taken":[{"damage":1.0,"enemies":"2 Louse","floor":1.0,"turns":2.0},{"damage":0.0,"enemies":"Small Slimes","floor":2.0,"turns":1.0},{"damage":0.0,"enemies":"Gremlin Nob","floor":7.0,"turns":1.0},{"damage":47.0,"enemies":"Lagavulin Event","floor":10.0,"turns":7.0},{"damage":0.0,"enemies":"Cultist","floor":12.0,"turns":2.0},{"damage":4.0,"enemies":"Large Slime","floor":13.0,"turns":6.0},{"damage":29.0,"enemies":"Lagavulin","floor":14.0,"turns":7.0},{"damage":7.0,"enemies":"The Guardian","floor":16.0,"turns":11.0},{"damage":25.0,"enemies":"2 Thieves","floor":18.0,"turns":5.0},{"damage":33.0,"enemies":"Masked Bandits","floor":20.0,"turns":4.0},{"damage":19.0,"enemies":"Spheric Guardian","floor":21.0,"turns":4.0},{"damage":12.0,"enemies":"3 Cultists","floor":22.0,"turns":4.0},{"damage":25,"enemies":"Gremlin Leader","floor":23,"turns":6},{"damage":23,"enemies":"Shelled Parasite and Fungi","floor":25,"turns":5},{"damage":3,"enemies":"Centurion and Healer","floor":27,"turns":6},{"damage":32,"enemies":"Book of Stabbing","floor":28,"turns":5},{"damage":17,"enemies":"Snecko","floor":31,"turns":4},{"damage":88,"enemies":"Collector","floor":33,"turns":10},{"damage":49,"enemies":"3 Shapes","floor":35,"turns":6},{"damage":7,"enemies":"Orb Walker","floor":37,"turns":2},{"damage":40,"enemies":"Writhing Mass","floor":38,"turns":11},{"damage":38,"enemies":"Spire Growth","floor":39,"turns":6},{"damage":45,"enemies":"Giant Head","floor":41,"turns":7},{"damage":12,"enemies":"4 Shapes","floor":42,"turns":8},{"damage":18,"enemies":"Nemesis","floor":44,"turns":9},{"damage":17,"enemies":"Reptomancer","floor":46,"turns":6},{"damage":14,"enemies":"Sphere and 2 Shapes","floor":47,"turns":6},{"damage":19,"enemies":"Spire Growth","floor":48,"turns":4},{"damage":55,"enemies":"Donu and Deca","floor":50,"turns":19},{"damage":52,"enemies":"Time Eater","floor":51,"turns":14},{"damage":77,"enemies":"Shield and Spear","floor":55,"turns":6},{"damage":91,"enemies":"The Heart","floor":56,"turns":9}],"seed_played":"-3858493542328735478","potions_obtained":[{"floor":1.0,"key":"Dexterity Potion"},{"floor":10.0,"key":"AttackPotion"},{"floor":16.0,"key":"SneckoOil"},{"floor":20.0,"key":"Strength Potion"},{"floor":21.0,"key":"PowerPotion"},{"floor":41,"key":"AttackPotion"},{"floor":48,"key":"LiquidBronze"},{"floor":55,"key":"LiquidMemories"}],"is_trial":false,"path_per_floor":["M","M","?","?","$","R","E","R","T","?","?","M","M","E","R","B",null,"M","?","?","M","M","E","R","M","T","M","E","$","R","M","R","B",null,"M","?","M","M","M","R","E","M","T","E","$","E","M","M","R","B","B",null,"R","$","E","B",null],"character_chosen":"IRONCLAD","items_purchased":["Double Tap","Bag of Preparation","Rupture","BlessingOfTheForge"],"campfire_rested":0,"item_purchase_floors":[29,45,54,54],"current_hp_per_floor":[73,75,64,64,64,64,70,70,70,41,41,47,49,38,38,49,69,62,62,57,44,68,81,81,64,64,82,62,62,62,70,70,25,73,59,59,58,58,51,51,51,62,62,69,69,76,102,93,93,108,96,121,121,121,85,85],"gold":58,"neow_bonus":"THREE_ENEMY_KILL","is_daily":false,"chose_seed":false,"campfire_upgraded":8,"win_rate":0.0,"timestamp":1608839705,"path_taken":["M","M","?","?","$","R","E","R","T","?","?","M","M","E","R","BOSS","M","?","?","M","M","E","R","?","T","M","E","$","R","M","R","BOSS","M","?","M","M","?","R","E","M","T","E","$","E","?","M","R","BOSS","BOSS","R","$","E","BOSS"],"items_purchased_type":["Card","Relic","Card","Potion"],"build_version":"2020-12-22","purchased_purges":3,"victory":true,"max_hp_per_floor":[75,75,75,75,75,75,75,75,75,75,75,75,75,75,75,75,75,75,75,75,75,75,85,85,85,85,85,85,85,85,89,89,89,89,93,93,93,97,101,101,105,109,109,113,113,113,117,121,121,125,129,129,129,129,133,133],"relic_stats":{"Gremlin Horn":[19,19],"counters":[32,203],"Shuriken":[67],"Bronze Scales":[141],"Pen Nib":[8],"Bag of Preparation":[14],"Kunai":[67],"Orichalcum":[306],"obtain_stats":[{"Pear":23,"NeowsBlessing":0,"Gremlin Horn":28,"Vajra":26,"GremlinMask":11,"Pen Nib":46,"Bag of Preparation":45,"Orichalcum":3,"Burning Blood":0,"Shuriken":10,"Bronze Scales":55,"Molten Egg 2":14,"Philosopher\u0027s Stone":34,"Coffee Dripper":17,"Red Mask":20,"Kunai":7,"Red Skull":41,"Meat on the Bone":9,"Paper Frog":44},{"Pear":13,"NeowsBlessing":0,"Gremlin Horn":16,"Vajra":14,"GremlinMask":4,"Pen Nib":26,"Bag of Preparation":25,"Orichalcum":2,"Burning Blood":0,"Shuriken":3,"Bronze Scales":31,"Molten Egg 2":7,"Philosopher\u0027s Stone":18,"Coffee Dripper":8,"Red Mask":10,"Kunai":3,"Red Skull":23,"Meat on the Bone":3,"Paper Frog":25},{"Pear":60,"NeowsBlessing":0,"Gremlin Horn":76,"Vajra":65,"GremlinMask":11,"Pen Nib":145,"Bag of Preparation":139,"Orichalcum":3,"Burning Blood":0,"Shuriken":4,"Bronze Scales":194,"Molten Egg 2":26,"Philosopher\u0027s Stone":90,"Coffee Dripper":37,"Red Mask":46,"Kunai":4,"Red Skull":122,"Meat on the Bone":4,"Paper Frog":139}],"Burning Blood":188,"Meat on the Bone":96},"card_choices":[{"not_picked":["Iron Wave","Warcry"],"picked":"Anger","floor":1.0},{"not_picked":["Wild Strike","Flex","Reckless Charge"],"picked":"SKIP","floor":2.0},{"not_picked":["Corruption","Shrug It Off"],"picked":"Flame Barrier","floor":7.0},{"not_picked":["Rampage","Flex"],"picked":"Flame Barrier","floor":10.0},{"not_picked":["Seeing Red","Cleave"],"picked":"Body Slam","floor":12.0},{"not_picked":["Intimidate","Warcry"],"picked":"Whirlwind","floor":13.0},{"not_picked":["Havoc","Sentinel"],"picked":"Uppercut+1","floor":14.0},{"not_picked":["Bludgeon+1","Exhume"],"picked":"Reaper+1","floor":16.0},{"not_picked":["Flame Barrier","Wild Strike+1","Clash+1"],"picked":"SKIP","floor":18.0},{"not_picked":["Heavy Blade+1","Power Through"],"picked":"Warcry+1","floor":20.0},{"not_picked":["Fire Breathing","Warcry"],"picked":"Shockwave","floor":21.0},{"not_picked":["Flex+1","Ghostly Armor","Dual Wield"],"picked":"SKIP","floor":22.0},{"not_picked":["Flex","Wild Strike+1"],"picked":"Feel No Pain","floor":23},{"not_picked":["Bloodletting","Dual Wield"],"picked":"Brutality","floor":25},{"not_picked":["Flex","Clash+1"],"picked":"Burning Pact","floor":27},{"not_picked":["Pommel Strike+1","Body Slam+1"],"picked":"Feed+1","floor":28},{"not_picked":["Spot Weakness+1","Carnage+1"],"picked":"True Grit+1","floor":31},{"not_picked":["Feed+1","Demon Form"],"picked":"Impervious","floor":33},{"not_picked":["Havoc","Power Through"],"picked":"Shrug It Off","floor":35},{"not_picked":["Iron Wave+1","Havoc"],"picked":"Sword Boomerang+1","floor":37},{"not_picked":["Hemokinesis+1","True Grit"],"picked":"Feel No Pain","floor":38},{"not_picked":["Dropkick+1","Cleave+1"],"picked":"Power Through","floor":39},{"not_picked":["True Grit","Bloodletting"],"picked":"Power Through+1","floor":41},{"not_picked":["Wild Strike+1","Clothesline+1"],"picked":"Feel No Pain","floor":42},{"not_picked":["Perfected Strike+1","Hemokinesis+1","Twin Strike+1"],"picked":"SKIP","floor":44},{"not_picked":["Perfected Strike+1","Hemokinesis+1","Twin Strike+1"],"picked":"SKIP","floor":44},{"not_picked":["Dropkick+1","Demon Form"],"picked":"Dual Wield","floor":46},{"not_picked":["Headbutt+1","Shockwave"],"picked":"Evolve+1","floor":47},{"not_picked":["Armaments","Blood for Blood+1","Shockwave"],"picked":"SKIP","floor":48},{"not_picked":["Clothesline+1","Cleave+1","Rage"],"picked":"SKIP","floor":55}],"player_experience":2573478,"relics_obtained":[{"floor":7.0,"key":"Kunai"},{"floor":9.0,"key":"Meat on the Bone"},{"floor":14.0,"key":"Molten Egg 2"},{"floor":20.0,"key":"Red Mask"},{"floor":23,"key":"Pear"},{"floor":26,"key":"Vajra"},{"floor":28,"key":"Gremlin Horn"},{"floor":41,"key":"Red Skull"},{"floor":44,"key":"Paper Frog"},{"floor":46,"key":"Pen Nib"},{"floor":55,"key":"Bronze Scales"}],"event_choices":[{"damage_healed":0.0,"max_hp_gain":0.0,"max_hp_loss":0.0,"gold_gain":0.0,"event_name":"Scrap Ooze","player_choice":"Success","floor":3.0,"gold_loss":0.0,"damage_taken":11.0,"relics_obtained":["Orichalcum"]},{"damage_healed":0.0,"max_hp_gain":0.0,"max_hp_loss":0.0,"gold_gain":0.0,"event_name":"Living Wall","player_choice":"Grow","floor":4.0,"gold_loss":0.0,"damage_taken":0.0,"cards_upgraded":["Anger"]},{"damage_healed":0.0,"max_hp_gain":0.0,"max_hp_loss":0.0,"gold_gain":0.0,"event_name":"Dead Adventurer","player_choice":"Searched \u00273\u0027 times","floor":10.0,"gold_loss":0.0,"damage_taken":0.0,"relics_obtained":["Shuriken"]},{"damage_healed":0.0,"max_hp_gain":0.0,"max_hp_loss":0.0,"gold_gain":0.0,"event_name":"FaceTrader","player_choice":"Trade","floor":11.0,"gold_loss":0.0,"damage_taken":0.0,"relics_obtained":["GremlinMask"]},{"damage_healed":0.0,"max_hp_gain":0.0,"max_hp_loss":0.0,"gold_gain":0.0,"event_name":"Drug Dealer","player_choice":"Obtain J.A.X.","floor":19.0,"gold_loss":0.0,"damage_taken":0.0,"cards_obtained":["J.A.X."]},{"damage_healed":0.0,"max_hp_gain":0.0,"max_hp_loss":0.0,"gold_gain":0.0,"event_name":"Masked Bandits","player_choice":"Fought Bandits","floor":20.0,"gold_loss":0.0,"damage_taken":0.0},{"damage_healed":0,"gold_gain":0,"cards_transformed":["Strike_R","Defend_R"],"player_choice":"Transformed Cards","damage_taken":0,"max_hp_gain":0,"max_hp_loss":0,"event_name":"Designer","floor":36,"gold_loss":75,"cards_obtained":["Barricade","Dropkick"]}],"is_beta":false,"boss_relics":[{"not_picked":["Runic Pyramid","Black Blood"],"picked":"Coffee Dripper"},{"not_picked":["Runic Cube","SacredBark"],"picked":"Philosopher\u0027s Stone"}],"items_purged_floors":[5,29,45],"is_endless":false,"potions_floor_spawned":[1,10,16,20,21,22,41,42,48,55],"ascension_level":20}}