{"host":"jlioisuqr94vbevf","time":1608810398,"event":{"mods":["BaseMod","Colored Powertips","Minty Spire (QoL Compilation)","StSLib"],"gold_per_floor":[109,33,33,33,52,52,96,119,144,177,202,202,268,284,284,412,412,425,475,71,94,113,113,147,170,215,215,355,389,389,408,408,532,532,547,597,611,611,611],"floor_reached":38,"playtime":2258,"items_purged":["Strike_G"],"score":735,"play_id":"8cd7f804-7f04-45ca-a396-7ab536007cd5","local_time":"20201224124638","is_ascension_mode":true,"campfire_choices":[{"data":"Neutralize","floor":6,"key":"SMITH"},{"data":"Poisoned Stab","floor":12,"key":"SMITH"},{"floor":15,"key":"REST"},{"floor":23,"key":"REST"},{"floor":27,"key":"REST"},{"data":"Footwork","floor":30,"key":"SMITH"},{"floor":32,"key":"REST"}],"circlet_count":0,"master_deck":["Strike_G","Strike_G","Defend_G","Defend_G","Defend_G","Defend_G","Defend_G","Survivor","Neutralize+1","Quick Slash","Footwork","Escape Plan","Backflip","Poisoned Stab+1","Deflect","Sucker Punch","Dagger Throw","Deadly Poison","Quick Slash+1","Endless Agony+1","Burst+1","Footwork+1","Footwork+1","PiercingWail","Bouncing Flask+1","Cloak And Dagger+1","Distraction+1","Dagger Throw+1","Calculated Gamble+1","Leg Sweep","Tools of the Trade","Crippling Poison+1","Poisoned Stab"],"relics":["Ring of the Snake","NeowsBlessing","Golden Idol","SsserpentHead","Snake Skull","Toy Ornithopter","StoneCalendar","Astrolabe","Paper Crane","Peace Pipe","Smiling Mask","Ornamental Fan","SlaversCollar"],"acts_visited":["Exordium","TheCity","TheBeyond"],"potions_floor_usage":[16,24,24,29,29,33,37,38],"damage_taken":[{"damage":0,"enemies":"2 Louse","floor":1,"turns":1},{"damage":0,"enemies":"Jaw Worm","floor":5,"turns":1},{"damage":0,"enemies":"Gremlin Nob","floor":7,"turns":1},{"damage":0,"enemies":"Cultist","floor":8,"turns":3},{"damage":9,"enemies":"Lagavulin","floor":10,"turns":9},{"damage":0,"enemies":"Looter","floor":11,"turns":4},{"damage":2,"enemies":"Red Slaver","floor":13,"turns":4},{"damage":5,"enemies":"Exordium Wildlife","floor":14,"turns":4},{"damage":0,"enemies":"Hexaghost","floor":16,"turns":9},{"damage":5,"enemies":"3 Byrds","floor":18,"turns":6},{"damage":7,"enemies":"Shell Parasite","floor":21,"turns":7},{"damage":15,"enemies":"Chosen and Byrds","floor":22,"turns":7},{"damage":40,"enemies":"Slavers","floor":24,"turns":7},{"damage":3,"enemies":"Snake Plant","floor":25,"turns":4},{"damage":0,"enemies":"Gremlin Leader","floor":29,"turns":3},{"damage":0,"enemies":"Cultist and Chosen","floor":31,"turns":7},{"damage":28,"enemies":"Automaton","floor":33,"turns":13},{"damage":20,"enemies":"3 Shapes","floor":35,"turns":6},{"damage":19,"enemies":"3 Darklings","floor":37,"turns":6},{"damage":35,"enemies":"Maw","floor":38,"turns":7}],"seed_played":"-3281561119738772856","potions_obtained":[{"floor":8,"key":"Energy Potion"},{"floor":14,"key":"SkillPotion"},{"floor":16,"key":"CultistPotion"},{"floor":22,"key":"Weak Potion"},{"floor":24,"key":"Dexterity Potion"},{"floor":25,"key":"Strength Potion"},{"floor":35,"key":"Explosive Potion"},{"floor":37,"key":"SpeedPotion"}],"is_trial":false,"path_per_floor":["M","$","?","?","M","R","E","M","T","E","M","R","M","M","R","B",null,"M","?","$","M","M","R","E","M","T","R","?","E","R","M","R","B",null,"M","?","M","M"],"character_chosen":"THE_SILENT","items_purchased":["Footwork","Paper Crane","Footwork","PiercingWail"],"campfire_rested":4,"item_purchase_floors":[2,20,20,20],"current_hp_per_floor":[63,63,46,46,46,46,46,46,46,37,37,37,35,30,51,56,67,62,62,62,55,40,61,30,27,27,48,36,46,46,46,67,44,64,44,44,30,0,0],"gold":611,"neow_bonus":"THREE_ENEMY_KILL","is_daily":false,"chose_seed":false,"campfire_upgraded":3,"win_rate":0.0,"timestamp":1608810398,"path_taken":["M","$","?","?","M","R","E","M","T","E","M","R","?","M","R","BOSS","M","?","$","M","M","R","E","M","T","R","?","E","R","M","R","BOSS","M","?","M","M"],"items_purchased_type":["Card","Relic","Card","Card"],"build_version":"2020-12-22","purchased_purges":1,"victory":false,"max_hp_per_floor":[70,70,70,70,70,70,70,70,70,70,70,70,70,70,70,70,70,70,70,70,70,70,70,70,70,70,70,70,70,70,70,70,70,70,70,70,70,70,70],"card_choices":[{"not_picked":["Deflect","Masterful Stab"],"picked":"Quick Slash","floor":1},{"not_picked":["Bane","Underhanded Strike"],"picked":"Escape Plan","floor":5},{"not_picked":["Acrobatics","All Out Attack"],"picked":"Backflip","floor":7},{"not_picked":["Caltrops","Acrobatics"],"picked":"Poisoned Stab","floor":8},{"not_picked":["Sucker Punch","Setup"],"picked":"Deflect","floor":10},{"not_picked":["Underhanded Strike","Heel Hook"],"picked":"Sucker Punch","floor":11},{"not_picked":["Unload","Finisher"],"picked":"Dagger Throw","floor":13},{"not_picked":["Backflip","Quick Slash"],"picked":"Deadly Poison","floor":14},{"not_picked":["Grand Finale","Bullet Time"],"picked":"Tools of the Trade","floor":16},{"not_picked":["Cloak And Dagger","Skewer"],"picked":"Footwork+1","floor":18},{"not_picked":["Deflect","All Out Attack+1"],"picked":"Bouncing Flask+1","floor":21},{"not_picked":["Quick Slash","Slice"],"picked":"Cloak And Dagger+1","floor":22},{"not_picked":["Riddle With Holes","Caltrops"],"picked":"Distraction+1","floor":24},{"not_picked":["Underhanded Strike","Finisher"],"picked":"Dagger Throw+1","floor":25},{"not_picked":["Backflip","Wraith Form v2"],"picked":"Calculated Gamble+1","floor":29},{"not_picked":["Blur","Blade Dance"],"picked":"Leg Sweep","floor":31},{"not_picked":["Unload","Malaise"],"picked":"Tools of the Trade","floor":33},{"not_picked":["Finisher","Blade Dance+1"],"picked":"Crippling Poison+1","floor":35},{"not_picked":["Finisher+1","Well Laid Plans+1"],"picked":"Poisoned Stab","floor":37}],"player_experience":349056,"relics_obtained":[{"floor":7,"key":"Snake Skull"},{"floor":9,"key":"Toy Ornithopter"},{"floor":10,"key":"StoneCalendar"},{"floor":24,"key":"Peace Pipe"},{"floor":26,"key":"Smiling Mask"},{"floor":29,"key":"Ornamental Fan"}],"event_choices":[{"damage_healed":0,"gold_gain":0,"player_choice":"Take Damage","damage_taken":17,"relics_obtained":["Golden Idol"],"max_hp_gain":0,"max_hp_loss":0,"event_name":"Golden Idol","floor":3,"gold_loss":0},{"damage_healed":0,"gold_gain":0,"player_choice":"Trade","damage_taken":0,"relics_obtained":["SsserpentHead"],"max_hp_gain":0,"max_hp_loss":0,"event_name":"FaceTrader","floor":4,"gold_loss":0},{"damage_healed":0,"gold_gain":0,"player_choice":"Ignored","damage_taken":0,"max_hp_gain":0,"max_hp_loss":0,"event_name":"Ghosts","floor":19,"gold_loss":0},{"damage_healed":0,"gold_gain":90,"player_choice":"GOLD ","damage_taken":12,"max_hp_gain":0,"max_hp_loss":0,"event_name":"Knowing Skull","floor":28,"potions_obtained":[],"gold_loss":0,"cards_obtained":[]},{"damage_healed":0,"gold_gain":0,"player_choice":"Ignored","damage_taken":0,"max_hp_gain":0,"max_hp_loss":0,"event_name":"Tomb of Lord Red Mask","floor":36,"gold_loss":0}],"is_beta":false,"boss_relics":[{"not_picked":["Snecko Eye","Velvet Choker"],"picked":"Astrolabe"},{"not_picked":["Pandora\u0027s Box","Calling Bell"],"picked":"SlaversCollar"}],"items_purged_floors":[20],"is_endless":false,"potions_floor_spawned":[8,14,16,22,24,25,35,37],"killed_by":"Maw","ascension_level":7}}