{"host":"nnt34ungdh9fkcmy","time":1608850621,"event":{"mods":["BaseMod","Downfall","Minty Spire (QoL Compilation)","StSLib","SuperFastMode"],"gold_per_floor":[99,117,134,134,584,618,618,393,422,433,43,65,77,108,128,227,227,227,247,263,263,263,282,282,432,442,442,442,470,480,480,494,597,597,597,612,629,276,276,305,330,330,330,330,118,118,136,163,179,179],"floor_reached":51,"playtime":3355,"items_purged":["Slimebound:Icky","Slimebound:Icky","Guardian:Defend_Guardian+1"],"score":865,"play_id":"0c360c98-1bbb-4b0c-a7ee-2d302a4b74b6","local_time":"20201224155701","is_ascension_mode":true,"campfire_choices":[{"floor":1,"key":"RECALL"},{"floor":8,"key":"REST"},{"data":"Guardian:Orbwalk","floor":18,"key":"SMITH"},{"data":"Guardian:Orbwalk","floor":27,"key":"SMITH"},{"floor":35,"key":"REST"},{"floor":42,"key":"REST"},{"floor":44,"key":"REST"}],"circlet_count":0,"master_deck":["Guardian:Strike_Guardian+1","Guardian:Strike_Guardian+1","Guardian:Strike_Guardian+1","Guardian:Strike_Guardian+1","Guardian:Defend_Guardian+1","Guardian:Defend_Guardian+1","Guardian:Defend_Guardian+1","Guardian:CurlUp+1","Guardian:TwinSlam+1","Guardian:ChargeUp+1","Guardian:Orbwalk+1","Guardian:Recover+1","Guardian:Orbwalk+1","Guardian:BronzeOrb+1","expansioncontent:ChargeUp+1","champ:DefensiveStyle+1","Slimebound:SplitLeeching+1","Rainbow+1","Quick Slash+1","Sanctity+1","Necronomicurse","Guardian:VentSteam+1","Feel No Pain+1","champ:Haymaker+1","champ:EnchantSword+1","Underhanded Strike+1","Disarm+1","Guardian:TimeCapacitor+1","Guardian:RollAttack+1","Guardian:CompilePackage+1","Prepared+1","Crippling Poison+1","Guardian:Repulse","expansioncontent:CaCaw","expansioncontent:YouAreMine","champ:LastStand","expansioncontent:GuardianWhirl+1"],"relics":["Guardian:ModeShifter","Nunchaku","Kunai","PrismaticShard","Odd Mushroom","Orichalcum","Sozu","Necronomicon","Bronze Scales","Blood Vial","Bottled Tornado","Strawberry","Fusion Hammer","Bag of Preparation","Dream Catcher","Lantern"],"acts_visited":["Exordium","TheCity","TheBeyond"],"potions_floor_usage":[6,26,29,32],"damage_taken":[{"damage":0,"enemies":"Jaw Worm","floor":2,"turns":4},{"damage":0,"enemies":"Small Slimes","floor":3,"turns":2},{"damage":41,"enemies":"Lagavulin","floor":6,"turns":11},{"damage":34,"enemies":"Gremlin Nob","floor":9,"turns":5},{"damage":0,"enemies":"2 Louse","floor":10,"turns":2},{"damage":1,"enemies":"downfall:FleeingMerchant","floor":11,"turns":4},{"damage":7,"enemies":"The Mushroom Lair","floor":12,"turns":6},{"damage":0,"enemies":"Exordium Thugs","floor":13,"turns":3},{"damage":1,"enemies":"Lagavulin","floor":14,"turns":7},{"damage":4,"enemies":"Exordium Wildlife","floor":15,"turns":6},{"damage":5,"enemies":"downfall:Watcher","floor":16,"turns":13},{"damage":15,"enemies":"Spheric Guardian","floor":19,"turns":6},{"damage":10,"enemies":"Snecko","floor":20,"turns":6},{"damage":4,"enemies":"Centurion and Healer","floor":23,"turns":6},{"damage":14,"enemies":"3 Cultists","floor":26,"turns":6},{"damage":8,"enemies":"Slavers","floor":29,"turns":6},{"damage":14,"enemies":"Snake Plant","floor":30,"turns":4},{"damage":16,"enemies":"Snecko","floor":32,"turns":7},{"damage":15,"enemies":"downfall:Silent","floor":33,"turns":8},{"damage":4,"enemies":"Orb Walker","floor":36,"turns":4},{"damage":25,"enemies":"3 Darklings","floor":37,"turns":6},{"damage":4,"enemies":"downfall:FleeingMerchant","floor":38,"turns":4},{"damage":54,"enemies":"Nemesis","floor":40,"turns":6},{"damage":0,"enemies":"downfall:FleeingMerchant","floor":45,"turns":4},{"damage":25,"enemies":"Transient","floor":47,"turns":5},{"damage":43,"enemies":"Reptomancer","floor":48,"turns":6},{"damage":0,"enemies":"Jaw Worm Horde","floor":49,"turns":3},{"damage":10,"enemies":"downfall:Ironclad","floor":50,"turns":9}],"seed_played":"-4781032208342730190","potions_obtained":[{"floor":2,"key":"GamblersBrew"},{"floor":14,"key":"Swift Potion"},{"floor":15,"key":"Swift Potion"},{"floor":16,"key":"Guardian:BlockOnCardUsePotion"}],"is_trial":false,"path_per_floor":["R","M","M","?","?","E","T","R","E","M","$","?","M","E","M","B",null,"R","M","M","?","?","M","T","?","M","R","?","E","M","T","M","B",null,"R","M","M","$","?","E","T","R","?","R","$","?","M","E","M","B",null],"character_chosen":"GUARDIAN","items_purchased":["Guardian:Gem_Purple","Guardian:BronzeOrb","PrismaticShard","Guardian:TimeCapacitor","Guardian:RollAttack","Guardian:CompilePackage","Guardian:Repulse"],"campfire_rested":4,"item_purchase_floors":[11,11,11,38,38,38,45],"current_hp_per_floor":[80,80,80,68,68,27,27,64,30,30,29,22,22,21,17,16,90,90,79,73,73,57,57,57,57,43,43,43,41,33,40,30,21,97,97,97,76,78,78,30,30,59,59,88,90,85,62,21,23,15],"gold":179,"neow_bonus":"UPGRADE_CARD","is_daily":false,"chose_seed":false,"campfire_upgraded":2,"win_rate":0.0,"timestamp":1608850621,"path_taken":["R","M","M","?","?","E","T","R","E","M","$","?","M","E","M","BOSS","R","M","M","?","?","M","T","?","?","R","?","E","M","?","M","BOSS","R","M","M","$","?","E","T","R","?","R","$","?","?","E","M","BOSS"],"items_purchased_type":["Card","Card","Relic","Card","Card","Card","Card"],"build_version":"2020-12-22","purchased_purges":3,"victory":true,"max_hp_per_floor":[80,80,80,80,80,80,80,90,90,90,90,90,90,90,90,90,90,90,90,90,90,90,90,90,90,90,90,90,90,90,97,97,97,97,97,97,97,97,97,97,97,97,97,97,97,97,97,97,97,97],"card_choices":[{"not_picked":["Guardian:WalkerClaw","Guardian:ShieldCharger"],"picked":"Guardian:ChargeUp","floor":2},{"not_picked":["Guardian:Incinerate","Guardian:Gem_Green"],"picked":"Guardian:Gem_Cyan","floor":3},{"not_picked":["Guardian:Gem_Fragmented","Guardian:ShieldCharger","Guardian:HyperBeam_Guardian"],"picked":"SKIP","floor":6},{"not_picked":["Guardian:DonusPower","Guardian:ChargeCore"],"picked":"Guardian:Orbwalk","floor":9},{"not_picked":["Guardian:SpikerProtocol","Guardian:TemporalStrike"],"picked":"Guardian:Recover","floor":10},{"not_picked":["Guardian:SpikerProtocol","Guardian:PrismaticBarrier"],"picked":"Guardian:Orbwalk","floor":11},{"not_picked":["hexamod:ShieldOfDarkness","Anger"],"picked":"expansioncontent:ChargeUp","floor":13},{"not_picked":["champ:FocusedDefense","Lockon"],"picked":"champ:DefensiveStyle","floor":14},{"not_picked":["Compile Driver","Guardian:DonusPower"],"picked":"Slimebound:SplitLeeching","floor":15},{"not_picked":["Slimebound:WasteNot","champ:PerfectForm"],"picked":"Rainbow","floor":16},{"not_picked":["Catalyst","Consecrate"],"picked":"Quick Slash","floor":19},{"not_picked":["Beam Cell","Slimebound:Equalize"],"picked":"Sanctity","floor":20},{"not_picked":["expansioncontent:TimeRipple","Steam"],"picked":"Guardian:VentSteam+1","floor":23},{"not_picked":["Cleave","champ:Haymaker"],"picked":"Feel No Pain+1","floor":26},{"not_picked":["champ:EndlessRage","Slimebound:GrowthPunch","Slimebound:LeechEnergy"],"picked":"SKIP","floor":29},{"not_picked":["Deflect","sneckomod:UnknownCommonSkill","Protect"],"picked":"SKIP","floor":30},{"not_picked":["champ:GladiatorsShout","SashWhip"],"picked":"champ:Haymaker","floor":32},{"not_picked":["Guardian:RevengeProtocol","sneckomod:DangerNoodle"],"picked":"champ:EnchantSword","floor":33},{"not_picked":["hexamod:Firestarter+1","PiercingWail"],"picked":"Underhanded Strike+1","floor":36},{"not_picked":["Crescendo+1","Guardian:TimeBomb+1"],"picked":"Disarm","floor":37},{"not_picked":["sneckomod:WideSting+1","Rebound"],"picked":"Slimebound:Replication+1","floor":38},{"not_picked":["hexamod:SpectersWail+1","Rebound"],"picked":"Prepared+1","floor":40},{"not_picked":["champ:HoldFirm","sneckomod:RainOfDice"],"picked":"Crippling Poison+1","floor":45},{"not_picked":["expansioncontent:DonusPower","expansioncontent:Chronoboost"],"picked":"expansioncontent:CaCaw","floor":46},{"not_picked":["expansioncontent:FaceSlap","expansioncontent:PrepareCrush"],"picked":"expansioncontent:YouAreMine","floor":46},{"not_picked":["Gash","expansioncontent:DonusPower","PiercingWail"],"picked":"SKIP","floor":47},{"not_picked":["champ:FalseCounter","Stack"],"picked":"champ:LastStand","floor":48},{"not_picked":["Doom and Gloom+1","Slimebound:DisruptingSlam+1"],"picked":"expansioncontent:GuardianWhirl+1","floor":49}],"player_experience":208775,"relics_obtained":[{"floor":6,"key":"Nunchaku"},{"floor":9,"key":"Kunai"},{"floor":12,"key":"Odd Mushroom"},{"floor":14,"key":"Orichalcum"},{"floor":22,"key":"Necronomicon"},{"floor":24,"key":"Bronze Scales"},{"floor":29,"key":"Bottled Tornado"},{"floor":31,"key":"Strawberry"},{"floor":40,"key":"Bag of Preparation"},{"floor":41,"key":"Dream Catcher"},{"floor":48,"key":"Lantern"}],"event_choices":[{"damage_healed":0,"gold_gain":0,"player_choice":"Fought Mushrooms","damage_taken":0,"max_hp_gain":0,"max_hp_loss":0,"event_name":"Mushrooms","floor":12,"gold_loss":0},{"cards_removed":["Slimebound:Replication"],"damage_healed":0,"gold_gain":0,"player_choice":"Removed Skill","damage_taken":0,"max_hp_gain":0,"max_hp_loss":0,"event_name":"Falling","floor":39,"gold_loss":0}],"is_beta":false,"boss_relics":[{"not_picked":["Snecko Eye","Velvet Choker"],"picked":"Sozu"},{"not_picked":["Tiny House","Coffee Dripper"],"picked":"Fusion Hammer"}],"items_purged_floors":[11,38,45],"is_endless":false,"potions_floor_spawned":[2,14,15,16,20,23,30,32,37,40,47],"ascension_level":2}}