{"host":"7khtwbkyze7y134w","time":1608834565,"event":{"mods":["AchievementEnabler","BaseMod","Bestiary","Colored Map","Colored Powertips","Highlight Path","Minty Spire (QoL Compilation)","Quick Restart","Relic Stats","Slay-I","StSLib","SuperFastMode"],"gold_per_floor":[116,132,144,159,124,124,150,163,163,163,174,174,192,224,224,324,324,334,18,18,30,30,65,84,84,84,84,112,125,125,155,155,258,258,270,16,16,66,66,92,92,124,124,149,149,149,24,41,41,41,41,41,15,46,46,46],"floor_reached":55,"playtime":6878,"items_purged":["Strike_P","Defend_P+1","Strike_P+1"],"score":746,"play_id":"f985d2de-b2d0-4ae8-8e2b-52fa6feafe25","local_time":"20201224182925","is_ascension_mode":false,"campfire_choices":[{"data":"Apotheosis","floor":6.0,"key":"SMITH"},{"floor":12.0,"key":"REST"},{"floor":15,"key":"REST"},{"data":"MentalFortress","floor":25,"key":"SMITH"},{"data":"TalkToTheHand","floor":27,"key":"SMITH"},{"data":"TalkToTheHand","floor":32,"key":"SMITH"},{"floor":41,"key":"RECALL"},{"floor":46,"key":"REST"},{"floor":49,"key":"REST"},{"data":"Fasting2","floor":52,"key":"SMITH"}],"circlet_count":0,"master_deck":["Strike_P+1","Strike_P+1","Defend_P+1","Defend_P+1","Eruption+1","Vigilance+1","Apotheosis+1","ClearTheMind","Fasting2+1","Indignation","FlurryOfBlows+1","TalkToTheHand+1","Crescendo+1","EmptyBody+1","EmptyFist","MentalFortress+1","Crescendo","EmptyFist","ClearTheMind","MentalFortress+1","TalkToTheHand+1","CurseOfTheBell","EmptyFist+1","InnerPeace","Trip","DeusExMachina","Halt"],"relics":["PureWater","Gremlin Horn","Pear","Mummified Hand","Happy Flower","Sozu","PreservedInsect","Whetstone","Shuriken","Lantern","MutagenicStrength","Red Mask","Calling Bell","Orichalcum","Matryoshka","Pocketwatch","War Paint","TungstenRod","Mercury Hourglass","Darkstone Periapt","Ancient Tea Set","Omamori","Bag of Preparation","Pantograph"],"acts_visited":["Exordium","TheCity","TheBeyond","TheEnding"],"potions_floor_usage":[14,16,21],"damage_taken":[{"damage":5.0,"enemies":"Small Slimes","floor":1.0,"turns":4.0},{"damage":7.0,"enemies":"2 Louse","floor":2.0,"turns":4.0},{"damage":3.0,"enemies":"Jaw Worm","floor":3.0,"turns":2.0},{"damage":4.0,"enemies":"Looter","floor":4.0,"turns":4.0},{"damage":23.0,"enemies":"3 Sentries","floor":7.0,"turns":5.0},{"damage":1.0,"enemies":"Exordium Thugs","floor":8.0,"turns":2.0},{"damage":7.0,"enemies":"Exordium Wildlife","floor":11.0,"turns":3.0},{"damage":4.0,"enemies":"Looter","floor":13.0,"turns":3.0},{"damage":22,"enemies":"Gremlin Nob","floor":14,"turns":4},{"damage":4,"enemies":"Slime Boss","floor":16,"turns":5},{"damage":0,"enemies":"Spheric Guardian","floor":18,"turns":3},{"damage":8,"enemies":"Shell Parasite","floor":21,"turns":4},{"damage":4,"enemies":"Slavers","floor":23,"turns":4},{"damage":3,"enemies":"Chosen and Byrds","floor":24,"turns":6},{"damage":0,"enemies":"Gremlin Leader","floor":28,"turns":4},{"damage":3,"enemies":"Centurion and Healer","floor":29,"turns":5},{"damage":0,"enemies":"Masked Bandits","floor":31,"turns":2},{"damage":12,"enemies":"Collector","floor":33,"turns":8},{"damage":1,"enemies":"Orb Walker","floor":35,"turns":3},{"damage":13,"enemies":"Mind Bloom Boss Battle","floor":38,"turns":6},{"damage":3,"enemies":"Nemesis","floor":40,"turns":5},{"damage":45,"enemies":"Reptomancer","floor":42,"turns":4},{"damage":0,"enemies":"3 Darklings","floor":48,"turns":5},{"damage":11,"enemies":"Donu and Deca","floor":50,"turns":6},{"damage":3,"enemies":"Shield and Spear","floor":54,"turns":5},{"damage":165,"enemies":"The Heart","floor":55,"turns":3}],"seed_played":"-9070645138931640409","potions_obtained":[{"floor":1.0,"key":"SkillPotion"},{"floor":2.0,"key":"PowerPotion"},{"floor":7.0,"key":"BlessingOfTheForge"},{"floor":11.0,"key":"Swift Potion"},{"floor":13.0,"key":"StancePotion"},{"floor":16,"key":"Regen Potion"}],"is_trial":false,"path_per_floor":["M","M","M","M","?","R","E","M","T","?","M","R","M","E","R","B",null,"M","$","?","M","?","E","M","R","T","R","E","M","?","?","R","B",null,"M","$","?","?","?","E","R","E","T","T","?","R","$","M","R","B",null,"R","$","E","B"],"character_chosen":"WATCHER","items_purchased":["EmptyFist","MentalFortress","PreservedInsect","War Paint","Halt"],"campfire_rested":4,"item_purchase_floors":[19,19,19,36,53],"current_hp_per_floor":[60,53,50,46,62,62,39,38,48,23,16,38,34,12,34,30,75,75,75,75,67,67,63,60,60,60,60,60,57,57,57,57,45,75,74,74,71,58,58,55,55,10,10,10,10,31,31,31,52,41,71,71,71,68,0,0],"gold":46,"neow_bonus":"RANDOM_COLORLESS_2","is_daily":false,"chose_seed":false,"campfire_upgraded":5,"win_rate":0.0,"timestamp":1608834565,"path_taken":["M","M","M","M","?","R","E","M","T","?","M","R","M","E","R","BOSS","M","$","?","M","?","E","M","R","T","R","E","?","?","?","R","BOSS","M","$","?","?","?","E","R","E","T","?","?","R","?","?","R","BOSS","R","$","E","BOSS"],"items_purchased_type":["Card","Card","Relic","Relic","Card"],"build_version":"2020-12-22","purchased_purges":3,"victory":false,"max_hp_per_floor":[65,65,65,65,65,65,65,65,75,75,75,75,75,75,75,75,75,75,75,75,75,75,75,75,75,75,75,75,75,75,75,75,75,75,75,75,71,71,71,71,71,71,71,71,71,71,71,71,71,71,71,71,71,71,71,71],"relic_stats":{"Darkstone Periapt":0,"Gremlin Horn":[28,28],"Happy Flower":[26],"counters":[26,109],"PreservedInsect":256,"Bag of Preparation":[8],"Whetstone":["FlurryOfBlows","Eruption"],"Orichalcum":[24],"War Paint":["Vigilance","Crescendo"],"Mercury Hourglass":[108],"Sozu":8,"Mummified Hand":[44],"Shuriken":[33],"Pantograph":3,"obtain_stats":[{"Darkstone Periapt":42,"Lantern":28,"Pear":9,"Gremlin Horn":7,"Happy Flower":14,"PreservedInsect":19,"Omamori":44,"Bag of Preparation":44,"Whetstone":23,"Orichalcum":34,"War Paint":36,"Ancient Tea Set":43,"Mercury Hourglass":40,"Sozu":17,"Calling Bell":34,"Matryoshka":34,"Mummified Hand":10,"Shuriken":26,"MutagenicStrength":30,"Pantograph":54,"Red Mask":31,"PureWater":0,"TungstenRod":38,"Pocketwatch":34},{"Darkstone Periapt":22,"Lantern":15,"Pear":6,"Gremlin Horn":5,"Happy Flower":9,"PreservedInsect":11,"Omamori":22,"Bag of Preparation":22,"Whetstone":13,"Orichalcum":18,"War Paint":19,"Ancient Tea Set":22,"Mercury Hourglass":21,"Sozu":10,"Calling Bell":18,"Matryoshka":18,"Mummified Hand":6,"Shuriken":14,"MutagenicStrength":16,"Pantograph":25,"Red Mask":17,"PureWater":0,"TungstenRod":20,"Pocketwatch":18},{"Darkstone Periapt":90,"Lantern":57,"Pear":21,"Gremlin Horn":19,"Happy Flower":31,"PreservedInsect":39,"Omamori":90,"Bag of Preparation":90,"Whetstone":47,"Orichalcum":72,"War Paint":75,"Ancient Tea Set":90,"Mercury Hourglass":86,"Sozu":36,"Calling Bell":72,"Matryoshka":72,"Mummified Hand":21,"Shuriken":53,"MutagenicStrength":62,"Pantograph":106,"Red Mask":64,"PureWater":0,"TungstenRod":81,"Pocketwatch":72}],"TungstenRod":26,"Pocketwatch":[3]},"card_choices":[{"not_picked":["Sadistic Nature","Transmutation"],"picked":"Apotheosis","floor":0.0},{"not_picked":["Wireheading","FollowUp"],"picked":"ClearTheMind","floor":1.0},{"not_picked":["FlyingSleeves","Consecrate"],"picked":"Fasting2","floor":2.0},{"not_picked":["PathToVictory","Evaluate","Conclude"],"picked":"SKIP","floor":3.0},{"not_picked":["BowlingBash","JustLucky","ThirdEye"],"picked":"SKIP","floor":4.0},{"not_picked":["Crescendo","Devotion"],"picked":"Indignation","floor":7.0},{"not_picked":["FollowUp","Adaptation"],"picked":"FlurryOfBlows","floor":8.0},{"not_picked":["FearNoEvil","WaveOfTheHand"],"picked":"TalkToTheHand","floor":11.0},{"not_picked":["Indignation","Perseverance"],"picked":"Crescendo","floor":13.0},{"not_picked":["WreathOfFlame","Perseverance","Prostrate"],"picked":"SKIP","floor":14},{"not_picked":["SashWhip","WreathOfFlame"],"picked":"EmptyBody+1","floor":18},{"not_picked":["Conclude","Prostrate+1"],"picked":"Crescendo","floor":21},{"not_picked":["DeceiveReality","SashWhip"],"picked":"ClearTheMind","floor":23},{"not_picked":["WindmillStrike","ClearTheMind+1"],"picked":"MentalFortress+1","floor":24},{"not_picked":["CrushJoints+1","FearNoEvil+1"],"picked":"TalkToTheHand","floor":28},{"not_picked":["FollowUp","CutThroughFate","ThirdEye"],"picked":"SKIP","floor":29},{"not_picked":["Crescendo+1","FollowUp+1"],"picked":"EmptyFist+1","floor":35},{"not_picked":["Adaptation","ConjureBlade"],"picked":"InnerPeace","floor":38},{"not_picked":["Discovery","Forethought"],"picked":"Trip","floor":39},{"not_picked":["Worship+1","Consecrate"],"picked":"DeusExMachina","floor":40},{"not_picked":["Collect+1","FlyingSleeves+1","ThirdEye+1"],"picked":"SKIP","floor":42},{"not_picked":["LikeWater+1","ForeignInfluence+1","Weave"],"picked":"SKIP","floor":48},{"not_picked":["SpiritShield","CutThroughFate+1","JustLucky"],"picked":"SKIP","floor":54}],"player_experience":45867,"relics_obtained":[{"floor":7.0,"key":"Gremlin Horn"},{"floor":9.0,"key":"Pear"},{"floor":14,"key":"Happy Flower"},{"floor":23,"key":"Whetstone"},{"floor":26,"key":"Shuriken"},{"floor":28,"key":"Lantern"},{"floor":31,"key":"Red Mask"},{"floor":34,"key":"Orichalcum"},{"floor":34,"key":"Matryoshka"},{"floor":34,"key":"Pocketwatch"},{"floor":38,"key":"TungstenRod"},{"floor":40,"key":"Mercury Hourglass"},{"floor":42,"key":"Darkstone Periapt"},{"floor":43,"key":"Ancient Tea Set"},{"floor":44,"key":"Omamori"},{"floor":44,"key":"Bag of Preparation"},{"floor":54,"key":"Pantograph"}],"event_choices":[{"damage_healed":16.0,"max_hp_gain":0.0,"max_hp_loss":0.0,"gold_gain":0.0,"event_name":"The Cleric","player_choice":"Healed","floor":5.0,"gold_loss":35.0,"damage_taken":0.0},{"damage_healed":0.0,"max_hp_gain":0.0,"max_hp_loss":0.0,"gold_gain":0.0,"event_name":"Scrap Ooze","player_choice":"Success","floor":10.0,"gold_loss":0.0,"damage_taken":25.0,"relics_obtained":["Mummified Hand"]},{"damage_healed":0,"gold_gain":0,"player_choice":"Simplicity","damage_taken":0,"max_hp_gain":0,"max_hp_loss":0,"event_name":"Back to Basics","floor":20,"gold_loss":0,"cards_upgraded":["Strike_P","Strike_P","Strike_P","Defend_P","Defend_P","Defend_P","Defend_P"]},{"damage_healed":0,"gold_gain":0,"player_choice":"Read","damage_taken":0,"max_hp_gain":0,"max_hp_loss":0,"event_name":"The Library","floor":22,"gold_loss":0,"cards_obtained":["EmptyFist"]},{"damage_healed":0,"gold_gain":0,"player_choice":"Inject Mutagens","damage_taken":0,"relics_obtained":["MutagenicStrength"],"max_hp_gain":0,"max_hp_loss":0,"event_name":"Drug Dealer","floor":30,"gold_loss":0},{"damage_healed":0,"gold_gain":0,"player_choice":"Fought Bandits","damage_taken":0,"max_hp_gain":0,"max_hp_loss":0,"event_name":"Masked Bandits","floor":31,"gold_loss":0},{"damage_healed":0,"gold_gain":0,"player_choice":"Max HP","damage_taken":0,"max_hp_gain":0,"max_hp_loss":4,"event_name":"Winding Halls","floor":37,"gold_loss":0},{"damage_healed":0,"gold_gain":0,"player_choice":"Fight","damage_taken":0,"max_hp_gain":0,"max_hp_loss":0,"event_name":"MindBloom","floor":38,"gold_loss":0},{"damage_healed":0,"gold_gain":0,"player_choice":"Memory 1","damage_taken":0,"max_hp_gain":0,"max_hp_loss":0,"event_name":"SensoryStone","floor":39,"gold_loss":0},{"cards_removed":["Defend_P"],"damage_healed":0,"gold_gain":0,"player_choice":"Removed Skill","damage_taken":0,"max_hp_gain":0,"max_hp_loss":0,"event_name":"Falling","floor":45,"gold_loss":0}],"is_beta":false,"boss_relics":[{"not_picked":["Runic Dome","Velvet Choker"],"picked":"Sozu"},{"not_picked":["SlaversCollar","Black Star"],"picked":"Calling Bell"}],"items_purged_floors":[19,36,47],"is_endless":false,"potions_floor_spawned":[1,2,7,11,13,16,18,23,24,31,38,40,42,54],"killed_by":"The Heart","ascension_level":0}}