{"host":"diy71vlueofrnn1o","time":1608807966,"event":{"mods":["2.2 Compatiblity","AchievementEnabler","BaseMod","Best Route Mod","Colored Map","Curses Come First","DeckTracker","Minty Spire (QoL Compilation)","Quick Restart","Rare Cards Sparkle","StSLib","SuperFastMode"],"gold_per_floor":[119,132,150,164,114,141,141,26,78,78,253,264,294,294,294,294,294],"floor_reached":16,"playtime":423,"items_purged":["Defend_G"],"score":149,"play_id":"d72988b5-033a-4ac2-9fdb-048b76e14058","local_time":"20201224120606","is_ascension_mode":true,"campfire_choices":[{"data":"Dash","floor":7,"key":"SMITH"},{"floor":15,"key":"REST"}],"circlet_count":0,"master_deck":["Strike_G","Strike_G","Strike_G","Strike_G","Defend_G","Defend_G","Defend_G","Defend_G","Survivor","Neutralize","Tactician","Bane","Dash+1","Crippling Poison","Doubt","Deflect","Quick Slash"],"relics":["Busted Crown","Frozen Egg 2","Oddly Smooth Stone","Lantern","Singing Bowl"],"acts_visited":["Exordium"],"potions_floor_usage":[6,6,16],"damage_taken":[{"damage":2,"enemies":"Jaw Worm","floor":1,"turns":4},{"damage":3,"enemies":"Small Slimes","floor":2,"turns":4},{"damage":0,"enemies":"2 Louse","floor":3,"turns":3},{"damage":0,"enemies":"2 Fungi Beasts","floor":4,"turns":4},{"damage":28,"enemies":"Lagavulin","floor":6,"turns":7},{"damage":6,"enemies":"Lots of Slimes","floor":12,"turns":4},{"damage":21,"enemies":"3 Sentries","floor":13,"turns":14},{"damage":30,"enemies":"The Guardian","floor":16,"turns":9}],"seed_played":"-4246420587181646851","potions_obtained":[{"floor":1,"key":"Dexterity Potion"},{"floor":4,"key":"CunningPotion"},{"floor":6,"key":"CultistPotion"}],"is_trial":false,"path_per_floor":["M","M","M","M","?","E","R","$","T","?","?","M","E","?","R","B"],"character_chosen":"THE_SILENT","items_purchased":["Crippling Poison"],"campfire_rested":1,"item_purchase_floors":[8],"current_hp_per_floor":[61,58,58,58,58,30,30,30,30,53,53,47,26,8,29,0,0],"gold":294,"neow_bonus":"BOSS_RELIC","is_daily":false,"chose_seed":false,"campfire_upgraded":1,"win_rate":0.0,"timestamp":1608807966,"path_taken":["M","M","M","M","?","E","R","$","T","?","?","M","E","?","R","BOSS"],"items_purchased_type":["Card"],"build_version":"2020-12-22","purchased_purges":1,"victory":false,"max_hp_per_floor":[70,70,70,70,70,70,70,70,70,70,70,70,70,70,70,70,70],"card_choices":[{"not_picked":[],"picked":"Tactician","floor":1},{"not_picked":[],"picked":"Bane","floor":2},{"not_picked":[],"picked":"Dash","floor":3},{"not_picked":["Accuracy"],"picked":"SKIP","floor":4},{"not_picked":["PiercingWail"],"picked":"SKIP","floor":6},{"not_picked":[],"picked":"Deflect","floor":12},{"not_picked":[],"picked":"Quick Slash","floor":13}],"player_experience":390554,"relics_obtained":[{"floor":6,"key":"Frozen Egg 2"},{"floor":9,"key":"Oddly Smooth Stone"},{"floor":13,"key":"Lantern"}],"event_choices":[{"cards_removed":["Strike_G"],"damage_healed":0,"gold_gain":0,"player_choice":"Card Removal","damage_taken":0,"max_hp_gain":0,"max_hp_loss":0,"event_name":"The Cleric","floor":5,"gold_loss":50},{"damage_healed":23,"gold_gain":0,"player_choice":"Banana","damage_taken":0,"max_hp_gain":0,"max_hp_loss":0,"event_name":"Big Fish","floor":10,"gold_loss":0},{"damage_healed":0,"gold_gain":175,"player_choice":"AGREE","damage_taken":0,"max_hp_gain":0,"max_hp_loss":0,"event_name":"Liars Game","floor":11,"gold_loss":0,"cards_obtained":["Doubt"]},{"damage_healed":0,"gold_gain":0,"player_choice":"Success","damage_taken":18,"relics_obtained":["Singing Bowl"],"max_hp_gain":0,"max_hp_loss":0,"event_name":"Scrap Ooze","floor":14,"gold_loss":0}],"is_beta":false,"boss_relics":[],"items_purged_floors":[8],"is_endless":false,"potions_floor_spawned":[1,4,6],"killed_by":"The Guardian","ascension_level":7}}