{"host":"i049bb8eva028e9z","time":1608786515,"event":{"mods":["BaseMod","Colored Map","Colored Powertips","Minty Spire (QoL Compilation)","StSLib","SuperFastMode","The Animator"],"gold_per_floor":[112,137,151,175,175,202,183,195,207,219,219],"floor_reached":10,"playtime":1116,"items_purged":[],"score":68,"play_id":"7f872cae-d570-45d0-a369-a69d2bde369e","local_time":"20201223230835","is_ascension_mode":false,"campfire_choices":[{"floor":8,"key":"REST"}],"circlet_count":0,"master_deck":["animator:Strike_Konosuba","animator:Defend_Konosuba","animator:Strike","animator:Strike","animator:Strike","animator:Defend","animator:Defend","animator:Defend","animator:Kazuma","animator:Aqua","animator:Souei","animator:Verdia","animator:Vanir"],"relics":["animator:LivingPicture","animator:TheMissingPiece","CloakClasp","MawBank","CaptainsWheel"],"acts_visited":["Exordium"],"potions_floor_usage":[6],"damage_taken":[{"damage":12,"enemies":"Cultist","floor":1,"turns":6},{"damage":0,"enemies":"Small Slimes","floor":3,"turns":7},{"damage":3,"enemies":"Jaw Worm","floor":4,"turns":5},{"damage":30,"enemies":"Lagavulin","floor":6,"turns":12},{"damage":9,"enemies":"Exordium Thugs","floor":7,"turns":5},{"damage":53,"enemies":"Gremlin Nob","floor":10,"turns":5}],"seed_played":"8329652629752171611","potions_obtained":[{"floor":1,"key":"Block Potion"},{"floor":7,"key":"Weak Potion"}],"is_trial":false,"path_per_floor":["M","T","M","M","?","E","M","R","T","E"],"character_chosen":"THE_ANIMATOR","items_purchased":[],"campfire_rested":1,"item_purchase_floors":[],"current_hp_per_floor":[60,60,62,61,58,31,24,45,45,0,0],"gold":219,"neow_bonus":"TEN_PERCENT_HP_BONUS","is_daily":false,"chose_seed":false,"campfire_upgraded":0,"win_rate":0.0,"timestamp":1608786515,"path_taken":["M","?","?","M","?","E","M","R","T","E"],"items_purchased_type":[],"build_version":"2020-12-22","purchased_purges":0,"victory":false,"max_hp_per_floor":[72,72,72,72,72,73,73,73,73,73,73],"card_choices":[{"not_picked":["animator:Add","animator:HiiragiShinya","animator:Ciel"],"picked":"SKIP","floor":1},{"not_picked":["animator:Tyuule","animator:YaoHaDucy"],"picked":"animator:Souei","floor":3},{"not_picked":["animator:DolaRiku","animator:Add"],"picked":"animator:Verdia","floor":4},{"not_picked":["animator:Mitsurugi","animator:Aqua"],"picked":"animator:Vanir","floor":6},{"not_picked":["animator:OrikoMikuni","animator:Shigure","animator:Ara"],"picked":"SKIP","floor":7}],"player_experience":25159,"relics_obtained":[{"floor":6,"key":"MawBank"},{"floor":9,"key":"CaptainsWheel"}],"event_choices":[{"damage_healed":0,"gold_gain":0,"player_choice":"Success","damage_taken":3,"relics_obtained":["CloakClasp"],"max_hp_gain":0,"max_hp_loss":0,"event_name":"Scrap Ooze","floor":5,"gold_loss":0}],"is_beta":false,"boss_relics":[],"items_purged_floors":[],"is_endless":false,"potions_floor_spawned":[1,7],"killed_by":"Gremlin Nob","ascension_level":0}}