{"host":"x4x6fw95e6eqd4n0","time":1608797007,"event":{"mods":["AchievementEnabler","BaseMod","Colored Map","Colored Powertips","DeckTracker","Minty Spire (QoL Compilation)"],"gold_per_floor":[116,5,5,24,24,24,64,78,103,34,48,48,68,101,101,220,220,241,241,275,28,42,42,76,26,26,66,66,66,66],"floor_reached":29,"playtime":1081,"items_purged":["Strike_B"],"score":309,"play_id":"ad10be72-295f-44aa-a6cc-5ad473eb1a9c","local_time":"20201224100327","is_ascension_mode":true,"campfire_choices":[{"data":"Fusion","floor":6,"key":"SMITH"},{"data":"Hello World","floor":12,"key":"SMITH"},{"floor":15,"key":"REST"},{"data":"Echo Form","floor":23,"key":"SMITH"},{"data":"Sunder","floor":28,"key":"SMITH"}],"circlet_count":0,"master_deck":["Strike_B","Defend_B","Defend_B","Defend_B","Defend_B","Zap","Dualcast","Fusion+1","Double Energy","Ball Lightning","Aggregate","Sunder+1","Hello World+1","Glacier","Turbo","White Noise+1","Echo Form+1","White Noise+1","Streamline+1","Sweeping Beam","Steam+1","Beam Cell"],"relics":["Cracked Core","NeowsBlessing","Golden Idol","Boot","Bronze Scales","Toxic Egg 2","Busted Crown","Red Mask","Mercury Hourglass","Oddly Smooth Stone","Omamori","Peace Pipe"],"acts_visited":["Exordium","TheCity"],"potions_floor_usage":[14,16,24,27,29,29],"damage_taken":[{"damage":0,"enemies":"2 Louse","floor":1,"turns":1},{"damage":0,"enemies":"Cultist","floor":4,"turns":1},{"damage":0,"enemies":"Gremlin Nob","floor":7,"turns":1},{"damage":6,"enemies":"Jaw Worm","floor":8,"turns":2},{"damage":16,"enemies":"Exordium Wildlife","floor":11,"turns":5},{"damage":2,"enemies":"Red Slaver","floor":13,"turns":4},{"damage":15,"enemies":"Lagavulin","floor":14,"turns":5},{"damage":5,"enemies":"Slime Boss","floor":16,"turns":4},{"damage":1,"enemies":"Shell Parasite","floor":18,"turns":8},{"damage":17,"enemies":"Masked Bandits","floor":20,"turns":5},{"damage":1,"enemies":"Chosen","floor":22,"turns":4},{"damage":12,"enemies":"Book of Stabbing","floor":24,"turns":5},{"damage":21,"enemies":"Gremlin Leader","floor":27,"turns":5},{"damage":24,"enemies":"Snake Plant","floor":29,"turns":2}],"seed_played":"-6910516079174472867","potions_obtained":[{"floor":1,"key":"Fire Potion"},{"floor":4,"key":"Energy Potion"},{"floor":8,"key":"Dexterity Potion"},{"floor":20,"key":"Energy Potion"},{"floor":22,"key":"EssenceOfSteel"},{"floor":27,"key":"Dexterity Potion"}],"is_trial":false,"path_per_floor":["M","$","?","M","?","R","E","M","T","$","M","R","M","E","R","B",null,"M","?","?","$","M","R","E","?","T","E","R","M"],"character_chosen":"DEFECT","items_purchased":["Double Energy","Hello World","Mercury Hourglass"],"campfire_rested":1,"item_purchase_floors":[2,10,21],"current_hp_per_floor":[75,75,75,75,57,57,57,51,51,51,35,35,33,18,40,35,75,74,74,57,57,56,56,44,44,44,23,23,0,0],"gold":66,"neow_bonus":"THREE_ENEMY_KILL","is_daily":false,"chose_seed":false,"campfire_upgraded":4,"win_rate":0.0,"timestamp":1608797007,"path_taken":["M","$","?","?","?","R","E","M","T","?","?","R","M","E","R","BOSS","M","?","?","$","M","R","E","?","T","E","R","?"],"items_purchased_type":["Card","Card","Relic"],"build_version":"2020-12-13","purchased_purges":1,"victory":false,"max_hp_per_floor":[75,75,75,75,75,75,75,75,75,75,75,75,75,75,75,75,75,75,75,75,75,75,75,75,75,75,75,75,75,75],"card_choices":[{"not_picked":["Hologram","Steam"],"picked":"Fusion","floor":1},{"not_picked":["Sweeping Beam","Leap"],"picked":"Ball Lightning","floor":4},{"not_picked":["Sweeping Beam","Turbo"],"picked":"Aggregate","floor":7},{"not_picked":["Biased Cognition","Consume"],"picked":"Sunder","floor":8},{"not_picked":["Recycle","Stack"],"picked":"Glacier","floor":11},{"not_picked":["Beam Cell","Stack"],"picked":"Turbo","floor":13},{"not_picked":["Undo+1","FTL"],"picked":"White Noise+1","floor":14},{"not_picked":["Core Surge","Meteor Strike"],"picked":"Echo Form","floor":16},{"not_picked":[],"picked":"White Noise+1","floor":18},{"not_picked":[],"picked":"Streamline+1","floor":20},{"not_picked":[],"picked":"Sweeping Beam","floor":22},{"not_picked":[],"picked":"Steam+1","floor":24},{"not_picked":[],"picked":"Beam Cell","floor":27}],"player_experience":68584,"relics_obtained":[{"floor":7,"key":"Boot"},{"floor":9,"key":"Bronze Scales"},{"floor":14,"key":"Toxic Egg 2"},{"floor":20,"key":"Red Mask"},{"floor":24,"key":"Oddly Smooth Stone"},{"floor":26,"key":"Omamori"},{"floor":27,"key":"Peace Pipe"}],"event_choices":[{"cards_removed":["Strike_B"],"damage_healed":0,"gold_gain":0,"player_choice":"Offered Basic","damage_taken":0,"max_hp_gain":0,"max_hp_loss":0,"event_name":"Bonfire Elementals","floor":3,"gold_loss":0},{"damage_healed":0,"gold_gain":0,"player_choice":"Take Damage","damage_taken":18,"relics_obtained":["Golden Idol"],"max_hp_gain":0,"max_hp_loss":0,"event_name":"Golden Idol","floor":5,"gold_loss":0},{"cards_removed":["Strike_B"],"damage_healed":0,"gold_gain":0,"player_choice":"Elegance","damage_taken":0,"max_hp_gain":0,"max_hp_loss":0,"event_name":"Back to Basics","floor":19,"gold_loss":0},{"damage_healed":0,"gold_gain":0,"player_choice":"Fought Bandits","damage_taken":0,"max_hp_gain":0,"max_hp_loss":0,"event_name":"Masked Bandits","floor":20,"gold_loss":0},{"damage_healed":0,"gold_gain":0,"player_choice":"Bet on Murderer","damage_taken":0,"max_hp_gain":0,"max_hp_loss":0,"event_name":"The Joust","floor":25,"gold_loss":50}],"is_beta":false,"boss_relics":[{"not_picked":["SacredBark","Runic Dome"],"picked":"Busted Crown"}],"items_purged_floors":[2],"is_endless":false,"potions_floor_spawned":[1,4,8,20,22,27],"killed_by":"Snake Plant","ascension_level":1}}