{"host":"vc42n08di9czm3e7","time":1608769375,"event":{"mods":["AchievementEnabler","Act Like it!","BaseMod","Colored Powertips","Downfall","Friendly Minions","GifTheSpireLib","Minty Spire (QoL Compilation)","Rare Cards Sparkle","StSLib"],"gold_per_floor":[99,112,64,80,95,112,112,112,112,112,123,30,30,48,67,163,163,163,173,188,202,202,202,229,229,229,248,35,48,33,33,44,149,149,149,168,218,231,41,41,41,41,14,14,14],"floor_reached":44,"playtime":2512,"items_purged":[],"score":477,"play_id":"44585928-307d-4021-bf7f-8cb887ee1c82","local_time":"20201223192255","is_ascension_mode":false,"campfire_choices":[{"data":"sneckomod:Unknown","floor":1,"key":"SMITH"},{"data":"sneckomod:Unknown3Cost","floor":8,"key":"SMITH"},{"data":"sneckomod:Defend","floor":10,"key":"SMITH"},{"data":"sneckomod:MorePower","floor":18,"key":"SMITH"},{"floor":25,"key":"RECALL"},{"data":"sneckomod:UnknownRareAttack","floor":35,"key":"SMITH"},{"data":"sneckomod:SerpentIdol","floor":42,"key":"SMITH"}],"circlet_count":0,"master_deck":["sneckomod:Strike","sneckomod:Strike","sneckomod:Defend+1","sneckomod:Defend","sneckomod:TailWhip","sneckomod:SnekBite","sneckomod:Unknown+1","sneckomod:Unknown+1","sneckomod:UnknownClassTHE_CHAMP_GRAY+1","sneckomod:Unknown3Cost+1","sneckomod:SlitherStrike","sneckomod:UnknownClassRED","sneckomod:QuickMove","sneckomod:QuickBite","sneckomod:UnknownRareSkill","sneckomod:UnknownRareAttack+1","sneckomod:SoulCleanse","sneckomod:CheapStock","sneckomod:UnknownUncommonPower","sneckomod:MorePower+1","sneckomod:UnknownDexterity+1","sneckomod:UnknownClassPURPLE+1","sneckomod:UnknownClassGREEN+1","sneckomod:CheapStock+1","sneckomod:Unknown3Cost+1","sneckomod:WideSting","sneckomod:UnknownRareSkill+1","sneckomod:UnknownRareAttack+1","sneckomod:UnknownBlock","sneckomod:UnknownStrike+1","sneckomod:SoulDraw+1","sneckomod:UnknownRareAttack+1","sneckomod:Unknown0Cost+1","sneckomod:UnknownClassTHE_CHAMP_GRAY+1","sneckomod:SoulExchange","sneckomod:UnknownColorless+1","sneckomod:DefensiveFlair","sneckomod:SerpentIdol+1","expansioncontent:DonusPower","sneckomod:UnknownBlock"],"relics":["sneckomod:SneckoSoul","Mummified Hand","Velvet Choker","War Paint","Lee\u0027s Waffle","Coffee Dripper","Mango","Kunai","Strange Spoon","Anchor","InkBottle"],"acts_visited":["Exordium","TheCity","TheBeyond"],"potions_floor_usage":[16,19,21,29,31,33,33,33],"damage_taken":[{"damage":0,"enemies":"Cultist","floor":2,"turns":3},{"damage":0,"enemies":"downfall:FleeingMerchant","floor":3,"turns":4},{"damage":0,"enemies":"Small Slimes","floor":4,"turns":3},{"damage":2,"enemies":"2 Louse","floor":5,"turns":3},{"damage":25,"enemies":"Blue Slaver","floor":6,"turns":6},{"damage":0,"enemies":"3 Louse","floor":11,"turns":1},{"damage":2,"enemies":"downfall:FleeingMerchant","floor":12,"turns":4},{"damage":13,"enemies":"Lots of Slimes","floor":14,"turns":3},{"damage":0,"enemies":"Large Slime","floor":15,"turns":7},{"damage":39,"enemies":"downfall:Silent","floor":16,"turns":7},{"damage":10,"enemies":"Spheric Guardian","floor":19,"turns":3},{"damage":27,"enemies":"3 Cultists","floor":20,"turns":5},{"damage":2,"enemies":"Snake Plant","floor":21,"turns":3},{"damage":17,"enemies":"Centurion and Healer","floor":27,"turns":8},{"damage":20,"enemies":"downfall:FleeingMerchant","floor":28,"turns":4},{"damage":0,"enemies":"Snecko","floor":29,"turns":3},{"damage":8,"enemies":"downfall:FleeingMerchant","floor":30,"turns":4},{"damage":3,"enemies":"Cultist and Chosen","floor":31,"turns":6},{"damage":52,"enemies":"Shelled Parasite and Fungi","floor":32,"turns":6},{"damage":79,"enemies":"downfall:Ironclad","floor":33,"turns":7},{"damage":16,"enemies":"3 Darklings","floor":36,"turns":4},{"damage":50,"enemies":"Mind Bloom Boss Battle","floor":37,"turns":5},{"damage":9,"enemies":"3 Shapes","floor":38,"turns":1},{"damage":30,"enemies":"downfall:FleeingMerchant","floor":39,"turns":3},{"damage":63,"enemies":"Maw","floor":44,"turns":6}],"seed_played":"-8206915226676751519","potions_obtained":[{"floor":5,"key":"sneckomod:DiceRollPotion"},{"floor":6,"key":"Strength Potion"},{"floor":14,"key":"hexamod:EctoCoolerPotion"},{"floor":16,"key":"SmokeBomb"},{"floor":20,"key":"SneckoOil"},{"floor":21,"key":"Fire Potion"},{"floor":32,"key":"Regen Potion"},{"floor":32,"key":"SpeedPotion"},{"floor":33,"key":"EntropicBrew"},{"floor":36,"key":"DuplicationPotion"}],"is_trial":false,"path_per_floor":["R","M","$","M","M","M","T","R","?","R","M","$","?","M","M","B",null,"R","M","M","M","?","?","T","R","?","M","$","M","$","M","M","B",null,"R","M","?","M","$","?","T","R","$","M"],"character_chosen":"THE_SNECKO","items_purchased":["sneckomod:SlitherStrike","sneckomod:CheapStock","Lee\u0027s Waffle","sneckomod:UnknownBlock","Kunai","Strange Spoon","Anchor","sneckomod:UnknownBlock"],"campfire_rested":0,"item_purchase_floors":[3,12,28,28,39,39,39,43],"current_hp_per_floor":[99,100,101,102,100,75,75,75,76,76,77,75,75,63,63,24,105,105,97,86,85,85,85,85,85,109,105,119,120,113,120,73,9,123,123,112,83,74,44,44,44,44,45,0,0],"gold":14,"neow_bonus":"TEN_PERCENT_HP_BONUS","is_daily":false,"chose_seed":false,"campfire_upgraded":6,"win_rate":0.0,"timestamp":1608769375,"path_taken":["R","M","?","M","M","M","T","R","?","R","M","$","?","?","M","BOSS","R","M","M","M","?","?","T","R","?","M","$","M","$","?","M","BOSS","R","M","?","M","$","?","T","R","?","M"],"items_purchased_type":["Card","Card","Relic","Card","Relic","Relic","Relic","Card"],"build_version":"2020-12-22","purchased_purges":0,"victory":false,"max_hp_per_floor":[99,100,101,102,102,102,102,102,103,103,104,104,104,105,105,105,105,105,107,108,109,109,109,109,109,109,110,119,120,121,121,122,123,123,123,128,142,142,142,142,142,142,143,143,143],"card_choices":[{"not_picked":["sneckomod:UnknownVulnerable","sneckomod:DiceBlock"],"picked":"sneckomod:UnknownClassTHE_CHAMP_GRAY","floor":2},{"not_picked":["sneckomod:UnknownClassTHE_CHAMP_GRAY","sneckomod:UnknownClassSLIMEBOUND"],"picked":"sneckomod:Unknown3Cost","floor":3},{"not_picked":["sneckomod:UnknownUncommonAttack","sneckomod:SlitherStrike"],"picked":"sneckomod:UnknownClassRED","floor":4},{"not_picked":["sneckomod:SoulRoll","sneckomod:UnknownWeak"],"picked":"sneckomod:QuickMove","floor":5},{"not_picked":["sneckomod:UnknownClassRED","sneckomod:Unknown1Cost"],"picked":"sneckomod:QuickBite","floor":6},{"not_picked":["sneckomod:UnknownStrike","sneckomod:DiceCrush"],"picked":"sneckomod:UnknownRareAttack","floor":11},{"not_picked":["sneckomod:UnknownClassBLUE","sneckomod:SoulRoll"],"picked":"sneckomod:SoulCleanse","floor":12},{"not_picked":["sneckomod:SnakeSap","sneckomod:QuickBite"],"picked":"sneckomod:UnknownUncommonPower","floor":14},{"not_picked":["sneckomod:DiceCrush","sneckomod:Unknown1Cost","sneckomod:CheapStock"],"picked":"SKIP","floor":15},{"not_picked":["sneckomod:SerpentMind","sneckomod:UnknownRarePower"],"picked":"sneckomod:MorePower","floor":16},{"not_picked":["sneckomod:UnknownWeak+1","sneckomod:UnknownUncommonSkill+1"],"picked":"sneckomod:UnknownDexterity+1","floor":19},{"not_picked":["sneckomod:QuickBite+1","sneckomod:UnknownBlock"],"picked":"sneckomod:UnknownClassPURPLE+1","floor":19},{"not_picked":["sneckomod:Unknown2Cost+1","sneckomod:UnknownClassPURPLE+1"],"picked":"sneckomod:UnknownClassGREEN+1","floor":20},{"not_picked":["sneckomod:UnknownX","sneckomod:SnakeSap"],"picked":"sneckomod:CheapStock+1","floor":20},{"not_picked":["sneckomod:UnknownClassSLIMEBOUND+1","sneckomod:UnknownClassGREEN+1"],"picked":"sneckomod:Unknown3Cost+1","floor":21},{"not_picked":["sneckomod:UnknownStrike+1","sneckomod:SoulDraw"],"picked":"sneckomod:WideSting","floor":21},{"not_picked":["sneckomod:UnknownClassGREEN+1","sneckomod:UnknownDexterity+1"],"picked":"sneckomod:UnknownRareSkill+1","floor":27},{"not_picked":["sneckomod:UnknownStrike","sneckomod:SoulDraw","sneckomod:WideSting"],"picked":"SKIP","floor":27},{"not_picked":["sneckomod:UnknownCommonSkill+1","sneckomod:UnknownClassSLIMEBOUND+1"],"picked":"sneckomod:UnknownRareAttack+1","floor":28},{"not_picked":["sneckomod:UnknownX","sneckomod:UnknownClassSLIMEBOUND","sneckomod:Nope"],"picked":"SKIP","floor":28},{"not_picked":["sneckomod:Unknown+1","sneckomod:UnknownClassRED+1"],"picked":"sneckomod:UnknownStrike+1","floor":29},{"not_picked":["sneckomod:SoulRoll","sneckomod:IronFang"],"picked":"sneckomod:SoulDraw+1","floor":29},{"not_picked":["sneckomod:UnknownClassTHE_CHAMP_GRAY+1","sneckomod:UnknownEthereal+1"],"picked":"sneckomod:UnknownRareAttack+1","floor":30},{"not_picked":["sneckomod:Unknown1Cost","sneckomod:UnknownBlock+1","sneckomod:UnknownUncommonSkill"],"picked":"SKIP","floor":30},{"not_picked":["sneckomod:Unknown1Cost+1","sneckomod:UnknownDexterity+1"],"picked":"sneckomod:Unknown0Cost+1","floor":32},{"not_picked":["sneckomod:Unknown1Cost","sneckomod:IronFang+1","sneckomod:UnknownClassRED"],"picked":"SKIP","floor":32},{"not_picked":["sneckomod:Unknown1Cost+1","sneckomod:UnknownExhaust+1"],"picked":"sneckomod:UnknownClassTHE_CHAMP_GRAY+1","floor":33},{"not_picked":["sneckomod:SerpentMind","sneckomod:UnknownRareSkill"],"picked":"sneckomod:SoulExchange","floor":33},{"not_picked":["sneckomod:UnknownClassBLUE+1","sneckomod:UnknownCommonAttack+1"],"picked":"sneckomod:UnknownColorless+1","floor":36},{"not_picked":["sneckomod:UnknownClassSLIMEBOUND","sneckomod:UnknownVulnerable","sneckomod:SnakeSap+1"],"picked":"SKIP","floor":36},{"not_picked":["sneckomod:UnknownStrike","sneckomod:IronFang+1"],"picked":"sneckomod:DefensiveFlair","floor":38},{"not_picked":["sneckomod:WideSting+1","sneckomod:IronFang"],"picked":"sneckomod:SerpentIdol","floor":39},{"not_picked":["expansioncontent:DefensiveMode","expansioncontent:Sear"],"picked":"expansioncontent:DonusPower","floor":40}],"player_experience":188802,"relics_obtained":[{"floor":7,"key":"Mummified Hand"},{"floor":24,"key":"War Paint"},{"floor":37,"key":"Mango"},{"floor":41,"key":"InkBottle"}],"event_choices":[{"damage_healed":0,"gold_gain":0,"cards_transformed":["sneckomod:Defend"],"player_choice":"Change","damage_taken":0,"max_hp_gain":0,"max_hp_loss":0,"event_name":"Living Wall","floor":9,"gold_loss":0,"cards_obtained":["sneckomod:UnknownRareSkill"]},{"damage_healed":24,"gold_gain":0,"player_choice":"Full Heal","damage_taken":0,"max_hp_gain":0,"max_hp_loss":0,"event_name":"Wheel of Change","floor":26,"gold_loss":0}],"is_beta":false,"boss_relics":[{"not_picked":["Cursed Key","Runic Dome"],"picked":"Velvet Choker"},{"not_picked":["Runic Pyramid","Snecko Eye"],"picked":"Coffee Dripper"}],"items_purged_floors":[],"is_endless":false,"potions_floor_spawned":[5,6,14,15,16,20,21,31,32,33,36],"killed_by":"Maw","ascension_level":0}}