{"host":"5f8ute538gzudddu","time":1608771910,"event":{"mods":["BaseMod","Highlight Path","Minty Spire (QoL Compilation)","Relic Stats","StSLib"],"gold_per_floor":[109,120,131,131,146,146,177,177,201,39,69,82,82,115,115,204,204,217,142,142,173,373,417,417,452,498,532,532,546,107,132,132,228,228,244,257,590,590,606,606,623,651,651,663,690,101,132,152,152,152,152,152,152,46,73,73],"floor_reached":57,"playtime":3071,"items_purged":["Strike_P","Strike_P","Defend_P"],"score":3266,"play_id":"ef770c75-c516-4c33-8d93-f925e405e033","local_time":"20201223170510","is_ascension_mode":true,"campfire_choices":[{"data":"Eruption","floor":6.0,"key":"SMITH"},{"floor":13.0,"key":"REST"},{"data":"Inflame","floor":15.0,"key":"SMITH"},{"data":"Ghostly","floor":24.0,"key":"SMITH"},{"data":"Ghostly","floor":28.0,"key":"SMITH"},{"data":"Ghostly","floor":32.0,"key":"SMITH"},{"data":"Adrenaline","floor":40.0,"key":"SMITH"},{"floor":49.0,"key":"RECALL"},{"data":"TalkToTheHand","floor":53.0,"key":"SMITH"}],"circlet_count":0,"master_deck":["AscendersBane","Strike_P+1","Defend_P","Eruption+1","Vigilance","Omniscience+1","SandsOfTime","BattleHymn","DeceiveReality","Tantrum","Inflame+1","Meteor Strike","Ghostly+1","Ghostly+1","Ghostly+1","ThirdEye","Backflip+1","Adrenaline+1","Uppercut+1","Deflect+1","Double Energy+1","Secret Technique","Prepared+1","Dual Wield","ClearTheMind","Hologram","TalkToTheHand+1","ThirdEye","Battle Trance","Sanctity+1"],"relics":["PureWater","Centennial Puzzle","Pen Nib","PrismaticShard","Smiling Mask","Philosopher\u0027s Stone","Red Mask","Incense Burner","PreservedInsect","Potion Belt","TeardropLocket","Orrery","Toy Ornithopter","Coffee Dripper","Thread and Needle","White Beast Statue","Anchor","GoldenEye","Omamori","Sundial"],"acts_visited":["Exordium","TheCity","TheBeyond","TheEnding"],"potions_floor_usage":[56,56,56,56],"damage_taken":[{"damage":0.0,"enemies":"2 Louse","floor":1.0,"turns":1.0},{"damage":2.0,"enemies":"Small Slimes","floor":2.0,"turns":3.0},{"damage":0.0,"enemies":"Cultist","floor":3.0,"turns":2.0},{"damage":6.0,"enemies":"Exordium Thugs","floor":5.0,"turns":6.0},{"damage":0.0,"enemies":"Lagavulin","floor":7.0,"turns":5.0},{"damage":3.0,"enemies":"Blue Slaver","floor":12.0,"turns":2.0},{"damage":14.0,"enemies":"Gremlin Nob","floor":14.0,"turns":3.0},{"damage":0.0,"enemies":"Slime Boss","floor":16.0,"turns":3.0},{"damage":4.0,"enemies":"3 Byrds","floor":18.0,"turns":2.0},{"damage":3.0,"enemies":"Masked Bandits","floor":21.0,"turns":4.0},{"damage":4.0,"enemies":"Gremlin Leader","floor":23.0,"turns":4.0},{"damage":0.0,"enemies":"Book of Stabbing","floor":25.0,"turns":4.0},{"damage":3.0,"enemies":"Gremlin Leader","floor":27.0,"turns":3.0},{"damage":0.0,"enemies":"Chosen","floor":29.0,"turns":3.0},{"damage":0.0,"enemies":"Sentry and Sphere","floor":31.0,"turns":3.0},{"damage":1.0,"enemies":"Automaton","floor":33.0,"turns":7.0},{"damage":0.0,"enemies":"3 Darklings","floor":35.0,"turns":4.0},{"damage":2.0,"enemies":"3 Shapes","floor":36.0,"turns":3.0},{"damage":0.0,"enemies":"Spire Growth","floor":39.0,"turns":7.0},{"damage":1.0,"enemies":"Maw","floor":41.0,"turns":5.0},{"damage":0.0,"enemies":"Giant Head","floor":42.0,"turns":5.0},{"damage":0.0,"enemies":"3 Darklings","floor":44.0,"turns":9.0},{"damage":0.0,"enemies":"Nemesis","floor":45.0,"turns":3.0},{"damage":2.0,"enemies":"Reptomancer","floor":47.0,"turns":3.0},{"damage":0.0,"enemies":"Spire Growth","floor":48.0,"turns":6.0},{"damage":17.0,"enemies":"Time Eater","floor":50.0,"turns":8.0},{"damage":0.0,"enemies":"Awakened One","floor":51.0,"turns":12.0},{"damage":0.0,"enemies":"Shield and Spear","floor":55.0,"turns":3.0},{"damage":4,"enemies":"The Heart","floor":56,"turns":7}],"seed_played":"-954978137671794537","potions_obtained":[{"floor":1.0,"key":"SpeedPotion"},{"floor":2.0,"key":"BottledMiracle"},{"floor":14.0,"key":"Explosive Potion"},{"floor":16.0,"key":"Ancient Potion"},{"floor":23.0,"key":"ColorlessPotion"},{"floor":27.0,"key":"DuplicationPotion"},{"floor":33.0,"key":"DistilledChaos"},{"floor":48.0,"key":"LiquidBronze"},{"floor":55.0,"key":"CultistPotion"}],"is_trial":false,"path_per_floor":["M","M","M","?","M","R","E","?","T","$","?","M","R","E","R","B",null,"M","?","?","?","?","E","R","E","T","E","R","M","$","M","R","B",null,"M","M","?","?","M","R","M","E","T","M","E","$","E","M","R","B","B",null,"R","$","E","B",null],"character_chosen":"WATCHER","items_purchased":["PrismaticShard","Orrery","Toy Ornithopter","Energy Potion","Anchor","ThirdEye","GoldenEye","SpeedPotion"],"campfire_rested":1,"item_purchase_floors":[10,30,30,30,46,46,46,54],"current_hp_per_floor":[43,41,41,21,15,15,15,15,15,15,15,12,30,16,16,16,51,47,47,31,28,28,24,24,24,24,21,21,21,21,21,21,25,30,30,28,28,28,28,28,27,27,27,27,27,27,25,25,25,8,13,27,27,27,27,30],"gold":73,"neow_bonus":"TRANSFORM_TWO_CARDS","is_daily":false,"chose_seed":false,"campfire_upgraded":7,"win_rate":0.0,"timestamp":1608771910,"path_taken":["M","M","M","?","M","R","E","?","T","$","?","M","R","E","R","BOSS","M","?","?","?","?","E","R","E","T","E","R","?","?","M","R","BOSS","M","M","?","?","M","R","M","E","T","?","E","$","E","M","R","BOSS","BOSS","R","$","E","BOSS"],"items_purchased_type":["Relic","Relic","Relic","Potion","Relic","Card","Relic","Potion"],"build_version":"2020-12-22","purchased_purges":3,"victory":true,"max_hp_per_floor":[68,68,68,68,68,68,68,62,62,62,62,62,62,62,62,62,62,62,62,31,31,31,31,31,31,31,31,31,31,31,31,31,31,31,31,31,31,31,31,31,31,31,31,31,31,31,31,31,31,31,31,31,31,31,31,31],"relic_stats":{"Centennial Puzzle":[36],"counters":[29,130],"Sundial":[0],"Pen Nib":[22],"PreservedInsect":365,"Smiling Mask":150,"GoldenEye":[30],"obtain_stats":[{"Potion Belt":26,"Golden Idol":8,"Thread and Needle":42,"Pen Nib":9,"PreservedInsect":25,"Incense Burner":23,"Omamori":47,"TeardropLocket":27,"PrismaticShard":10,"Smiling Mask":14,"GoldenEye":46,"White Beast Statue":45,"Centennial Puzzle":7,"Anchor":46,"Sundial":55,"Orrery":30,"Philosopher\u0027s Stone":17,"Red Mask":21,"Coffee Dripper":34,"PureWater":0,"Toy Ornithopter":30},{"Potion Belt":12,"Golden Idol":5,"Thread and Needle":21,"Pen Nib":5,"PreservedInsect":12,"Incense Burner":11,"Omamori":24,"TeardropLocket":13,"PrismaticShard":5,"Smiling Mask":7,"GoldenEye":23,"White Beast Statue":23,"Centennial Puzzle":5,"Anchor":23,"Sundial":28,"Orrery":14,"Philosopher\u0027s Stone":8,"Red Mask":10,"Coffee Dripper":16,"PureWater":0,"Toy Ornithopter":14},{"Potion Belt":39,"Golden Idol":17,"Thread and Needle":79,"Pen Nib":17,"PreservedInsect":39,"Incense Burner":35,"Omamori":94,"TeardropLocket":42,"PrismaticShard":17,"Smiling Mask":22,"GoldenEye":91,"White Beast Statue":91,"Centennial Puzzle":17,"Anchor":91,"Sundial":123,"Orrery":45,"Philosopher\u0027s Stone":25,"Red Mask":31,"Coffee Dripper":55,"PureWater":0,"Toy Ornithopter":45}],"Toy Ornithopter":17},"card_choices":[{"not_picked":["SignatureMove","CutThroughFate"],"picked":"BattleHymn","floor":1.0},{"not_picked":["ClearTheMind","Halt","FlurryOfBlows"],"picked":"SKIP","floor":2.0},{"not_picked":["Halt","Alpha"],"picked":"DeceiveReality","floor":3.0},{"not_picked":["FollowUp","BowlingBash","PathToVictory"],"picked":"SKIP","floor":5.0},{"not_picked":["ThirdEye","ReachHeaven"],"picked":"Tantrum","floor":7.0},{"not_picked":["WindmillStrike","Anger","Pommel Strike"],"picked":"SKIP","floor":12.0},{"not_picked":["Rainbow","Discovery"],"picked":"Inflame","floor":14.0},{"not_picked":["Brutality","Brilliance"],"picked":"Meteor Strike","floor":16.0},{"not_picked":["Flex","Go for the Eyes","Finesse"],"picked":"SKIP","floor":18.0},{"not_picked":["Second Wind","WreathOfFlame"],"picked":"ThirdEye","floor":21.0},{"not_picked":["Brutality","Nirvana","Protect"],"picked":"SKIP","floor":23.0},{"not_picked":["Slice","Blizzard+1","Coolheaded"],"picked":"SKIP","floor":25.0},{"not_picked":["Infinite Blades","Uppercut","Wild Strike"],"picked":"SKIP","floor":27.0},{"not_picked":["Wild Strike","Seeing Red","Poisoned Stab"],"picked":"SKIP","floor":29.0},{"not_picked":["Warcry+1","Infinite Blades"],"picked":"Backflip+1","floor":30.0},{"not_picked":["Quick Slash","Malaise"],"picked":"Adrenaline","floor":30.0},{"not_picked":["Clothesline","Conserve Battery+1"],"picked":"Uppercut+1","floor":30.0},{"not_picked":["EmptyBody","FlyingSleeves"],"picked":"Deflect+1","floor":30.0},{"not_picked":["FlyingSleeves","Stack"],"picked":"Double Energy+1","floor":30.0},{"not_picked":["Second Wind","PathToVictory","Underhanded Strike"],"picked":"SKIP","floor":31.0},{"not_picked":["Bullet Time","ConjureBlade"],"picked":"Secret Technique","floor":33.0},{"not_picked":["PiercingWail","Havoc"],"picked":"Prepared+1","floor":35.0},{"not_picked":["Slice+1","Endless Agony+1"],"picked":"Dual Wield","floor":36.0},{"not_picked":["Consecrate","Rupture"],"picked":"ClearTheMind","floor":39.0},{"not_picked":["Finesse","Cold Snap"],"picked":"Hologram","floor":41.0},{"not_picked":["Accuracy+1","Barrage","Study"],"picked":"SKIP","floor":42.0},{"not_picked":["Perseverance","Glass Knife","Cold Snap"],"picked":"SKIP","floor":44.0},{"not_picked":["Bane","Chaos+1"],"picked":"TalkToTheHand","floor":45.0},{"not_picked":["Fusion","FlurryOfBlows","PanicButton"],"picked":"SKIP","floor":47.0},{"not_picked":["EmptyBody","True Grit"],"picked":"Battle Trance","floor":48.0},{"not_picked":["Good Instincts","True Grit"],"picked":"Sanctity+1","floor":55.0}],"player_experience":908284,"relics_obtained":[{"floor":7.0,"key":"Centennial Puzzle"},{"floor":9.0,"key":"Pen Nib"},{"floor":14.0,"key":"Smiling Mask"},{"floor":21.0,"key":"Red Mask"},{"floor":23.0,"key":"Incense Burner"},{"floor":25.0,"key":"PreservedInsect"},{"floor":26.0,"key":"Potion Belt"},{"floor":27.0,"key":"TeardropLocket"},{"floor":42.0,"key":"Thread and Needle"},{"floor":45.0,"key":"White Beast Statue"},{"floor":47.0,"key":"Omamori"},{"floor":55.0,"key":"Sundial"}],"event_choices":[{"damage_healed":0.0,"max_hp_gain":0.0,"max_hp_loss":0.0,"gold_gain":0.0,"event_name":"Shining Light","player_choice":"Entered Light","floor":4.0,"gold_loss":0.0,"damage_taken":20.0,"cards_upgraded":["Strike_P","Omniscience"]},{"damage_healed":0.0,"max_hp_gain":0.0,"max_hp_loss":6.0,"gold_gain":0.0,"event_name":"Golden Idol","player_choice":"Lose Max HP","floor":8.0,"gold_loss":0.0,"damage_taken":0.0,"relics_obtained":["Golden Idol"]},{"damage_healed":0.0,"max_hp_gain":0.0,"max_hp_loss":0.0,"gold_gain":30.0,"event_name":"Dead Adventurer","player_choice":"Searched \u00271\u0027 times","floor":11.0,"gold_loss":0.0,"damage_taken":0.0},{"cards_removed":["Strike_P"],"damage_healed":0.0,"max_hp_gain":0.0,"max_hp_loss":0.0,"gold_gain":0.0,"event_name":"Beggar","player_choice":"Gave Gold","floor":19.0,"gold_loss":75.0,"damage_taken":0.0},{"damage_healed":0.0,"max_hp_gain":0.0,"max_hp_loss":31.0,"gold_gain":0.0,"event_name":"Ghosts","player_choice":"Became a Ghost","floor":20.0,"gold_loss":0.0,"damage_taken":0.0,"cards_obtained":["Ghostly","Ghostly","Ghostly"]},{"damage_healed":0.0,"max_hp_gain":0.0,"max_hp_loss":0.0,"gold_gain":0.0,"event_name":"Masked Bandits","player_choice":"Fought Bandits","floor":21.0,"gold_loss":0.0,"damage_taken":0.0},{"damage_healed":0.0,"max_hp_gain":0.0,"max_hp_loss":0.0,"gold_gain":250.0,"event_name":"The Joust","player_choice":"Bet on Owner","floor":22.0,"gold_loss":50.0,"damage_taken":0.0},{"damage_healed":0.0,"max_hp_gain":0.0,"max_hp_loss":0.0,"gold_gain":333.0,"event_name":"The Moai Head","player_choice":"Gave Idol","floor":37.0,"relics_lost":["Golden Idol"],"gold_loss":0.0,"damage_taken":0.0},{"damage_healed":0.0,"max_hp_gain":0.0,"max_hp_loss":0.0,"gold_gain":0.0,"event_name":"SecretPortal","player_choice":"Ignored","floor":38.0,"gold_loss":0.0,"damage_taken":0.0}],"is_beta":false,"boss_relics":[{"not_picked":["Calling Bell","Busted Crown"],"picked":"Philosopher\u0027s Stone"},{"not_picked":["VioletLotus","Empty Cage"],"picked":"Coffee Dripper"}],"items_purged_floors":[30,46,54],"is_endless":false,"potions_floor_spawned":[1,2,14,16,23,25,27,33,36,39,44,47,48,55],"ascension_level":20}}