{"host":"djfsqftupta9xgss","time":1608817981,"event":{"mods":["ATMod(°¢èªMod)","Act Like it!","BaseMod","Gensokyo","Minty Spire (QoL Compilation)","MostiFishMod","Replay The Spire","Spicy Shops","StSLib","TestMod"],"gold_per_floor":[116,202,215,215,235,235,260,57,57,73,73,0,0,19,19,93,93,103,123,123,310,26,59,59,84,84,84,99,291,308,28,28,106,106,124,524,524,474,484,517,517,358,358,744,937,165,165,165,165,3,3,3,3,3,3,3,35,35],"floor_reached":59,"playtime":2074,"items_purged":["Strike_P","Strike_P","Strike_P","Strike_P","Defend_P"],"score":3507,"play_id":"3b196cae-c013-4be0-bc3f-252ae3d8143a","local_time":"20201224215301","is_ascension_mode":true,"campfire_choices":[{"floor":6.0,"key":"REST"},{"data":"MostiFishMod:Kaleido","floor":11,"key":"SMITH"},{"data":"Eruption","floor":13,"key":"SMITH"},{"data":"Ragnarok","floor":15,"key":"SMITH"},{"floor":24,"key":"REST"},{"floor":27,"key":"RECALL"},{"floor":32,"key":"REST"},{"data":"Gensokyo:MonkeysPaw","floor":41,"key":"SMITH"},{"data":"1","floor":51,"key":"LIFT"},{"data":"2","floor":55,"key":"LIFT"}],"circlet_count":0,"master_deck":["AscendersBane","Defend_P","Defend_P","Eruption+1","Vigilance","AT_ChampionStep","MostiFishMod:Kaleido+1","BowlingBash","Prostrate","TalkToTheHand","AT_OneInchPunch+1","Crescendo","ClearTheMind","Ragnarok+1","DeusExMachina","Gensokyo:MonkeysPaw+1","MostiFishMod:PathToVictory","MostiFishMod:Adaptation","EmptyMind+1","MostiFishMod:Speedup","MostiFishMod:Adaptation","Madness","Madness","Replay:Vibes","DeusExMachina","FlurryOfBlows","TalkToTheHand","MostiFishMod:LegendTransform","Pray+1"],"relics":["PureWater","DaveBox","testmod-TestBox","ChiXiaoBlade","testmod-Motorcycle","SynthV:TestCard","AT_RedNoBalance","Membership Card","Snecko Eye","Replay:Wax Seal","testmod-ObsoleteBoomerang","White Beast Statue","Blood Vial","Replay:Bottled Snecko","Replay:Bottled Eggs","Potion Belt","BirthdayGift-Tetrahedron","BirthdayGift-Icosahedron","testmod-TimeTraveler","BargainBundle","StrikeDummy","AT_ArchangelStaff","ClockworkSouvenir","Turnip","Simple Rune","testmod-ThousandKnives","TimeFreeze","Replay:Bottled Steam","Girya","Lee\u0027s Waffle","Meat on the Bone","testmod-Hope","testmod-RealStoneCalender","testmod-Maize","Strawberry","Orrery","BionicSphere"],"acts_visited":["Exordium","Gensokyo:Gensokyo","TheBeyond","TheEnding"],"potions_floor_usage":[21,28,29,33,33,38,58],"damage_taken":[{"damage":5.0,"enemies":"Gensokyo:Python","floor":1.0,"turns":3.0},{"damage":0.0,"enemies":"Gensokyo:2_Kodama","floor":3.0,"turns":3.0},{"damage":1.0,"enemies":"Gensokyo:3_Fairies","floor":5.0,"turns":5.0},{"damage":2.0,"enemies":"Gensokyo:Aya","floor":7.0,"turns":3.0},{"damage":6,"enemies":"Gensokyo:2_Rabbits","floor":10,"turns":3},{"damage":6,"enemies":"Gensokyo:CorruptedTreant","floor":14,"turns":1},{"damage":12,"enemies":"Gensokyo:Reimu","floor":16,"turns":4},{"damage":0,"enemies":"Gensokyo:Chomper","floor":18,"turns":2},{"damage":0,"enemies":"Gensokyo:2_Gloops","floor":19,"turns":3},{"damage":24,"enemies":"Gensokyo:Mirror_and_Dog","floor":21,"turns":2},{"damage":0,"enemies":"Gensokyo:Tenshi","floor":23,"turns":1},{"damage":0,"enemies":"Gensokyo:Koishi","floor":25,"turns":2},{"damage":2,"enemies":"Gensokyo:Monolith_and_Dog","floor":28,"turns":3},{"damage":16,"enemies":"Gensokyo:Tenshi","floor":29,"turns":2},{"damage":0,"enemies":"Gensokyo:Slime_Group","floor":30,"turns":1},{"damage":1,"enemies":"Gensokyo:Kaguya","floor":33,"turns":2},{"damage":0,"enemies":"3 Shapes","floor":35,"turns":1},{"damage":0,"enemies":"3 Darklings","floor":39,"turns":1},{"damage":0,"enemies":"Giant Head","floor":40,"turns":1},{"damage":29,"enemies":"R_Hoarder","floor":44,"turns":2},{"damage":14,"enemies":"Spire Growth","floor":45,"turns":1},{"damage":1,"enemies":"Awakened One","floor":52,"turns":2},{"damage":18,"enemies":"Donu and Deca","floor":53,"turns":2},{"damage":0,"enemies":"Shield and Spear","floor":57,"turns":1},{"damage":5,"enemies":"The Heart","floor":58,"turns":4}],"seed_played":"-8136541954649896498","potions_obtained":[{"floor":5.0,"key":"Swift Potion"},{"floor":7.0,"key":"Venom Potion"},{"floor":18,"key":"Block Potion"},{"floor":23,"key":"Weak Potion"},{"floor":28,"key":"testmod-TestPotion"},{"floor":29,"key":"testmod-SpacePotion"},{"floor":30,"key":"SkillPotion"},{"floor":33,"key":"GamblersBrew"},{"floor":35,"key":"Ambrosia"},{"floor":40,"key":"BottledMiracle"},{"floor":45,"key":"Elixir"}],"is_trial":false,"path_per_floor":["M","?","M","?","M","R","E","$","T","M","R","?","R","M","R","B",null,"M","M","?","M","$","E","R","E","T","R","M","E","M","COS","R","B",null,"M","?","?","$","M","E","R","$","T","E","M","$","?","PTL","PTL","$","R","B","B",null,"R","$","E","B",null],"character_chosen":"WATCHER","items_purchased":["Membership Card","Replay:Wax Seal","testmod-ObsoleteBoomerang","White Beast Statue","BargainBundle","StrikeDummy","AT_ArchangelStaff","ClockworkSouvenir","Turnip","Simple Rune","SteroidPotion","Fire Potion","Fire Potion","TimeFreeze","Lee\u0027s Waffle","Meat on the Bone","testmod-Hope","testmod-RealStoneCalender","testmod-Maize","Strawberry","Orrery"],"campfire_rested":3,"item_purchase_floors":[8,22,22,22,38,38,38,38,38,38,38,38,38,42,46,46,46,46,46,50,50],"current_hp_per_floor":[38,16,16,16,15,35,33,33,33,28,28,64,64,28,28,22,57,34,34,34,10,10,10,28,30,30,30,30,16,18,18,36,38,55,58,58,47,47,50,53,53,53,53,27,16,67,67,67,67,74,74,74,57,70,70,70,73,70],"gold":35,"neow_bonus":"RANDOM_COLORLESS_2","is_daily":false,"chose_seed":false,"campfire_upgraded":4,"win_rate":0.0,"timestamp":1608817981,"path_taken":["M","?","M","?","M","R","E","?","T","M","R","?","R","?","R","BOSS","M","?","?","M","$","E","R","E","T","R","M","E","M","COS","R","BOSS","M","?","?","?","M","E","R","$","T","E","?","$","?","PTL","PTL","$","R","BOSS","BOSS","R","$","E","BOSS"],"items_purchased_type":["Relic","Relic","Relic","Relic","Relic","Relic","Relic","Relic","Relic","Relic","Potion","Potion","Potion","Relic","Relic","Relic","Relic","Relic","Relic","Relic","Relic"],"build_version":"2020-12-22","purchased_purges":5,"victory":true,"max_hp_per_floor":[68,68,68,68,68,68,68,68,68,68,68,68,68,68,68,68,68,68,68,60,60,60,60,60,60,60,60,60,60,60,60,60,60,60,60,60,60,60,60,60,60,60,60,60,60,67,67,67,67,74,74,74,74,74,74,74,74,74],"card_choices":[{"not_picked":["Sadistic Nature","testmod-EnhanceArmerment"],"picked":"MostiFishMod:Kaleido","floor":0.0},{"not_picked":["Halt","Evaluate","Consecrate"],"picked":"SKIP","floor":1.0},{"not_picked":["Crescendo","FollowUp","MostiFishMod:Clarity","Meditate"],"picked":"BowlingBash","floor":2.0},{"not_picked":["PathToVictory","SashWhip","SignatureMove","Consecrate"],"picked":"Prostrate","floor":2.0},{"not_picked":["Replay:AtTheReady","Consecrate","WindmillStrike","Judgement"],"picked":"TalkToTheHand","floor":3.0},{"not_picked":["EmptyMind","Consecrate","CrushJoints","Evaluate"],"picked":"Crescendo","floor":5.0},{"not_picked":["PathToVictory","Prostrate","BattleHymn","Replay:AllIn","ThirdEye"],"picked":"SKIP","floor":7.0},{"not_picked":["Consecrate","CutThroughFate","CrushJoints","Nirvana"],"picked":"ClearTheMind","floor":10},{"not_picked":["FlyingSleeves","BowlingBash","Protect","Halt"],"picked":"Ragnarok","floor":14},{"not_picked":["Devotion","ConjureBlade","MostiFishMod:DisColor","MostiFishMod:Disappear"],"picked":"DeusExMachina","floor":16},{"not_picked":["FlyingSleeves","JustLucky","Evaluate","BowlingBash","FollowUp"],"picked":"SKIP","floor":18},{"not_picked":["Replay:AtTheReady","FollowUp","ClearTheMind","Vengeance","SashWhip"],"picked":"SKIP","floor":19},{"not_picked":["Gensokyo:MissMary","Gensokyo:HAARP","Gensokyo:SlitMouthedWoman","Gensokyo:ManorOfTheDishes"],"picked":"Gensokyo:MonkeysPaw","floor":20},{"not_picked":["EmptyFist","MostiFishMod:Clarity","CrushJoints+1","JustLucky+1"],"picked":"MostiFishMod:PathToVictory","floor":21},{"not_picked":["Fasting2","Judgement","Evaluate","ThirdEye"],"picked":"MostiFishMod:Adaptation","floor":23},{"not_picked":["Replay:ManipulateFuture","JustLucky+1","ReachHeaven","CrushJoints","Replay:BluntJabs"],"picked":"SKIP","floor":25},{"not_picked":["Sanctity","Prostrate","ForeignInfluence","ClearTheMind"],"picked":"EmptyMind+1","floor":28},{"not_picked":["AT_ChampionStep","CrushJoints","Meditate","Halt","Replay:Anticipation"],"picked":"SKIP","floor":29},{"not_picked":["SashWhip+1","ClearTheMind","InnerPeace","Establishment"],"picked":"MostiFishMod:Speedup","floor":30},{"not_picked":["ConjureBlade","MostiFishMod:DisColor","MostiFishMod:Pointsdynamics","Brilliance"],"picked":"MostiFishMod:Adaptation","floor":33},{"not_picked":["FlyingSleeves+1","Protect","WaveOfTheHand","Halt+1","MostiFishMod:FlowState"],"picked":"SKIP","floor":35},{"not_picked":["SashWhip","Halt+1","AT_ChampionStep","FlyingSleeves","Consecrate+1"],"picked":"SKIP","floor":39},{"not_picked":["CrushJoints","Crescendo","Replay:ManipulateFuture","BowlingBash","MostiFishMod:Disappear"],"picked":"SKIP","floor":40},{"not_picked":["CutThroughFate+1","MostiFishMod:Clarity+1","Replay:AtTheReady","Worship","Vengeance+1"],"picked":"SKIP","floor":44},{"not_picked":["Replay:Cycle","Protect","FollowUp","Nirvana+1","Wireheading"],"picked":"SKIP","floor":45},{"not_picked":["ClearTheMind","AT_RealFormLess","Evaluate","Protect"],"picked":"DeusExMachina","floor":50},{"not_picked":["MentalFortress","Brilliance","FollowUp+1","Crescendo"],"picked":"FlurryOfBlows","floor":50},{"not_picked":["FlyingSleeves","CrushJoints","Indignation","MostiFishMod:Unraveling"],"picked":"TalkToTheHand","floor":50},{"not_picked":["EmptyFist","Evaluate","WindmillStrike","FlyingSleeves"],"picked":"MostiFishMod:LegendTransform","floor":50},{"not_picked":["Study","CrushJoints","EmptyBody","ClearTheMind"],"picked":"Pray+1","floor":57}],"player_experience":332682,"relics_obtained":[{"floor":1.0,"key":"SynthV:TestCard"},{"floor":7.0,"key":"AT_SilverBalance"},{"floor":23,"key":"Blood Vial"},{"floor":25,"key":"Replay:Bottled Snecko"},{"floor":26,"key":"Replay:Bottled Eggs"},{"floor":29,"key":"Potion Belt"},{"floor":40,"key":"testmod-ThousandKnives"},{"floor":43,"key":"Replay:Bottled Steam"},{"floor":44,"key":"Girya"},{"floor":57,"key":"BionicSphere"}],"event_choices":[{"damage_healed":0,"gold_gain":400,"player_choice":"Sell","damage_taken":0,"max_hp_gain":0,"max_hp_loss":0,"event_name":"¶÷ÂåË¹µÄÅÌ×Ó","floor":36,"relics_lost":["AT_ATBox"],"gold_loss":0},{"damage_healed":0,"gold_gain":0,"player_choice":"Embrace Madness","damage_taken":11,"max_hp_gain":0,"max_hp_loss":0,"event_name":"Winding Halls","floor":37,"gold_loss":0,"cards_obtained":["Madness","Madness"]},{"damage_healed":0,"gold_gain":0,"cards_transformed":["Defend_P"],"player_choice":"Transformed","damage_taken":0,"max_hp_gain":0,"max_hp_loss":0,"event_name":"Transmorgrifier","floor":47,"gold_loss":0,"cards_obtained":["Replay:Vibes"]}],"is_beta":false,"boss_relics":[{"not_picked":["xbg","testmod-EnergyCheck"],"picked":"Snecko Eye"},{"not_picked":["Jackal-EndForJourney","Painkiller Herb"],"picked":"testmod-TimeTraveler"}],"items_purged_floors":[8,38,38,42,46],"is_endless":false,"potions_floor_spawned":[5,7,14,18,19,23,25,28,29,30,33,35,39,40,44,45,57],"ascension_level":20}}