{"host":"f5n4tidiz2n5sooh","time":1608821612,"event":{"mods":["BaseMod","Bestiary","Colored Map","Minty Spire (QoL Compilation)","Relic Stats","StSLib"],"gold_per_floor":[116,7,7,24,37,68,68,94,146,156,188,188,253,266,266,360,360,370,67,67,67,79,79,94,119,119,146,165,165,180,180,180,180,180],"floor_reached":33,"playtime":2440,"items_purged":["Strike_B"],"score":830,"play_id":"cc13a876-380b-40e0-88cc-f02cd48a84ac","local_time":"20201224085332","is_ascension_mode":true,"campfire_choices":[{"floor":7.0,"key":"REST"},{"data":"Defragment","floor":15.0,"key":"SMITH"},{"data":"Zap","floor":23,"key":"SMITH"},{"data":"Reinforced Body","floor":32,"key":"SMITH"}],"circlet_count":0,"master_deck":["AscendersBane","Strike_B+1","Strike_B+1","Strike_B+1","Defend_B+1","Defend_B+1","Defend_B+1","Defend_B+1","Zap+1","Dualcast","Barrage","Go for the Eyes","Defragment+1","Conserve Battery","Glacier+1","Rip and Tear","Reinforced Body+1","Hologram","Defragment+1","Melter","Electrodynamics","Cold Snap","Shame","Ball Lightning+1","Hologram","Reinforced Body","Echo Form"],"relics":["FrozenCore","Bottled Tornado","DataDisk","Bag of Preparation","Vajra","Meat on the Bone","Ancient Tea Set","War Paint","Potion Belt","Happy Flower","Akabeko"],"acts_visited":["Exordium","TheCity"],"potions_floor_usage":[16,16,25,28,33],"damage_taken":[{"damage":3.0,"enemies":"Small Slimes","floor":1.0,"turns":3.0},{"damage":1.0,"enemies":"2 Louse","floor":4.0,"turns":2.0},{"damage":1.0,"enemies":"Cultist","floor":5.0,"turns":3.0},{"damage":29.0,"enemies":"Gremlin Nob","floor":6.0,"turns":6.0},{"damage":17.0,"enemies":"3 Sentries","floor":8.0,"turns":10.0},{"damage":0.0,"enemies":"Lots of Slimes","floor":10.0,"turns":5.0},{"damage":4.0,"enemies":"Gremlin Nob","floor":11.0,"turns":6.0},{"damage":0.0,"enemies":"3 Sentries","floor":13.0,"turns":9.0},{"damage":3.0,"enemies":"Looter","floor":14.0,"turns":3.0},{"damage":0,"enemies":"Slime Boss","floor":16,"turns":9},{"damage":16,"enemies":"Shell Parasite","floor":18,"turns":5},{"damage":0,"enemies":"2 Thieves","floor":22,"turns":5},{"damage":10,"enemies":"Snecko","floor":24,"turns":6},{"damage":0,"enemies":"Book of Stabbing","floor":25,"turns":6},{"damage":24,"enemies":"Slavers","floor":27,"turns":4},{"damage":16,"enemies":"Shelled Parasite and Fungi","floor":28,"turns":4},{"damage":0,"enemies":"Snake Plant","floor":30,"turns":4},{"damage":57,"enemies":"Champ","floor":33,"turns":10}],"seed_played":"5201054590693281987","potions_obtained":[{"floor":4.0,"key":"Block Potion"},{"floor":5.0,"key":"Energy Potion"},{"floor":10.0,"key":"Swift Potion"},{"floor":12.0,"key":"ColorlessPotion"},{"floor":12.0,"key":"Block Potion"},{"floor":13.0,"key":"ColorlessPotion"},{"floor":14.0,"key":"SteroidPotion"},{"floor":22,"key":"FocusPotion"},{"floor":24,"key":"DistilledChaos"},{"floor":30,"key":"SpeedPotion"}],"is_trial":false,"path_per_floor":["M","$","?","M","M","E","R","E","T","M","E","?","E","M","R","B",null,"M","$","?","T","M","R","M","E","T","E","M","?","M","?","R","B"],"character_chosen":"DEFECT","items_purchased":["Defragment","Conserve Battery","Ancient Tea Set","PowerPotion"],"campfire_rested":1,"item_purchase_floors":[2,2,19,19],"current_hp_per_floor":[61,61,40,39,38,9,30,13,13,13,9,9,9,18,18,30,61,45,45,45,45,45,45,47,47,47,35,31,31,43,43,43,0,0],"gold":180,"neow_bonus":"THREE_CARDS","is_daily":false,"chose_seed":false,"campfire_upgraded":3,"win_rate":0.0,"timestamp":1608821612,"path_taken":["M","$","?","M","M","E","R","E","T","M","E","?","E","?","R","BOSS","M","?","?","?","?","R","M","E","T","E","M","?","M","?","R","BOSS"],"items_purchased_type":["Card","Card","Relic","Potion"],"build_version":"2020-12-22","purchased_purges":1,"victory":false,"max_hp_per_floor":[71,71,71,71,71,71,71,71,71,71,71,71,71,71,71,71,71,71,71,71,71,71,71,71,71,71,71,71,71,71,71,71,71,71],"relic_stats":{"Happy Flower":[7],"counters":[18,100],"Bag of Preparation":[26],"War Paint":["Defend_B","Glacier"],"obtain_stats":[{"Potion Belt":21,"DataDisk":8,"Happy Flower":25,"Vajra":11,"Bag of Preparation":9,"Bottled Tornado":6,"War Paint":20,"Cracked Core":0,"Ancient Tea Set":19,"Akabeko":27,"Meat on the Bone":13,"FrozenCore":17},{"Potion Belt":11,"DataDisk":5,"Happy Flower":14,"Vajra":7,"Bag of Preparation":5,"Bottled Tornado":4,"War Paint":11,"Cracked Core":0,"Ancient Tea Set":11,"Akabeko":15,"Meat on the Bone":8,"FrozenCore":10},{"Potion Belt":61,"DataDisk":24,"Happy Flower":78,"Vajra":35,"Bag of Preparation":24,"Bottled Tornado":14,"War Paint":61,"Cracked Core":0,"Ancient Tea Set":61,"Akabeko":82,"Meat on the Bone":44,"FrozenCore":56}],"FrozenCore":[11],"Meat on the Bone":72},"card_choices":[{"not_picked":["Stack","Turbo"],"picked":"Barrage","floor":0.0},{"not_picked":["Redo","Barrage"],"picked":"Go for the Eyes","floor":1.0},{"not_picked":["Coolheaded","Genetic Algorithm"],"picked":"Glacier","floor":4.0},{"not_picked":["Redo","Steam"],"picked":"Rip and Tear","floor":5.0},{"not_picked":["Beam Cell","Force Field"],"picked":"Reinforced Body","floor":6.0},{"not_picked":["Aggregate","Amplify"],"picked":"Hologram","floor":8.0},{"not_picked":["Aggregate","Reinforced Body","Rebound"],"picked":"SKIP","floor":10.0},{"not_picked":["Melter","Steam"],"picked":"Defragment","floor":11.0},{"not_picked":["Go for the Eyes","Sweeping Beam","Steam Power"],"picked":"SKIP","floor":13.0},{"not_picked":["Gash","Recycle"],"picked":"Melter","floor":14.0},{"not_picked":["Amplify","Multi-Cast"],"picked":"Electrodynamics","floor":16},{"not_picked":["Melter","Recycle"],"picked":"Cold Snap","floor":18},{"not_picked":["Turbo+1","Steam","Redo"],"picked":"SKIP","floor":22},{"not_picked":["Auto Shields","Skim"],"picked":"Ball Lightning+1","floor":24},{"not_picked":["Barrage","Go for the Eyes"],"picked":"Hologram","floor":25},{"not_picked":["Melter","Storm+1"],"picked":"Reinforced Body","floor":27},{"not_picked":["Loop","Ball Lightning","Turbo"],"picked":"SKIP","floor":28},{"not_picked":["Chaos","Streamline"],"picked":"Echo Form","floor":30}],"player_experience":1927675,"relics_obtained":[{"floor":6.0,"key":"Bottled Tornado"},{"floor":8.0,"key":"DataDisk"},{"floor":9.0,"key":"Bag of Preparation"},{"floor":11.0,"key":"Vajra"},{"floor":13.0,"key":"Meat on the Bone"},{"floor":21,"key":"Potion Belt"},{"floor":25,"key":"Happy Flower"},{"floor":27,"key":"Akabeko"}],"event_choices":[{"damage_healed":0.0,"max_hp_gain":0.0,"max_hp_loss":0.0,"gold_gain":0.0,"event_name":"Shining Light","player_choice":"Entered Light","floor":3.0,"gold_loss":0.0,"damage_taken":21.0,"cards_upgraded":["Defend_B","Defragment"]},{"damage_healed":0.0,"max_hp_gain":0.0,"max_hp_loss":0.0,"gold_gain":0.0,"event_name":"Lab","player_choice":"Got Potions","floor":12.0,"gold_loss":0.0,"damage_taken":0.0},{"damage_healed":0,"gold_gain":0,"player_choice":"Stole Relic","damage_taken":0,"relics_obtained":["War Paint"],"max_hp_gain":0,"max_hp_loss":0,"event_name":"Addict","floor":20,"gold_loss":0,"cards_obtained":["Shame"]},{"damage_healed":0,"gold_gain":0,"player_choice":"Ignored","damage_taken":0,"max_hp_gain":0,"max_hp_loss":0,"event_name":"The Mausoleum","floor":29,"gold_loss":0},{"damage_healed":0,"gold_gain":0,"player_choice":"Simplicity","damage_taken":0,"max_hp_gain":0,"max_hp_loss":0,"event_name":"Back to Basics","floor":31,"gold_loss":0,"cards_upgraded":["Strike_B","Strike_B","Strike_B","Defend_B","Defend_B"]}],"is_beta":false,"boss_relics":[{"not_picked":["Nuclear Battery","Calling Bell"],"picked":"FrozenCore"}],"items_purged_floors":[19],"is_endless":false,"potions_floor_spawned":[4,5,10,13,14,22,24,30],"killed_by":"Champ","ascension_level":20}}