{"host":"ttx8tv95o5vka1nm","time":1608809152,"event":{"mods":["BaseMod","Downfall","Minty Spire (QoL Compilation)","Replay The Spire","StSLib"],"gold_per_floor":[112,130,140,154,171,205,259,276,276,276,290,290,290,316,316,411,411,426,446,446,38,53,86,102,129,152,164,192,211,211,241,241,341,341,357,367,386,386,397,731,731,731,731,761,779,779,806,81,81,81],"floor_reached":51,"playtime":6048,"items_purged":["Defend_G","Strike_G"],"score":1224,"play_id":"4c0c601e-7b47-4d7a-819c-09d27ea028fe","local_time":"20201224212552","is_ascension_mode":true,"campfire_choices":[{"data":"Toxin Wave","floor":10,"key":"SMITH"},{"data":"Neutralize","floor":10,"key":"SMITH"},{"data":"Adrenaline","floor":12,"key":"SMITH"},{"data":"Caltrops","floor":12,"key":"SMITH"},{"floor":15,"key":"REST"},{"data":"Prepared","floor":30,"key":"SMITH"},{"data":"Cloak And Dagger","floor":30,"key":"SMITH"},{"data":"Dash","floor":32,"key":"SMITH"},{"data":"Survivor","floor":32,"key":"SMITH"},{"data":"Tools of the Trade","floor":42,"key":"SMITH"},{"data":"Neutralize","floor":42,"key":"SMITH"},{"data":"Noxious Fumes","floor":46,"key":"SMITH"},{"data":"Night Terror","floor":46,"key":"SMITH"},{"data":"Accuracy","floor":49,"key":"SMITH"},{"data":"Corpse Explosion","floor":49,"key":"SMITH"}],"circlet_count":0,"master_deck":["Strike_G","Strike_G","Strike_G+1","Defend_G","Defend_G","Defend_G+1","Defend_G","Survivor+1","Neutralize+1","Acrobatics+1","Backstab","Backstab","Toxin Wave+1","Crippling Poison","Caltrops+1","Replay:Poison Smokescreen","Backstab","Adrenaline+1","Prepared+1","Corpse Explosion+1","Cloak And Dagger+1","Masterful Stab","Poisoned Stab","Blade Dance+1","Prepared+1","ReplayTheSpireMod:Scrap Shanks+1","Finisher+1","Dagger Throw+1","ReplayTheSpireMod:Scrap Shanks+1","Terror+1","Dash+1","Tools of the Trade+1","Choke+1","Well Laid Plans+1","Reflex+1","Night Terror+1","Neutralize+1","Noxious Fumes+1","Accuracy+1"],"relics":["Ring of the Snake","Replay:Arrowhead","Ornamental Fan","Bag of Marbles","Iron Hammer","Black Star","Ice Cream","Replay:Wax Seal","Mummified Hand","Mango","CaptainsWheel","Vajra","Omamori","War Paint","Bag of Preparation","InkBottle","WristBlade","Old Coin","Snack Pack","Simple Rune","Boot","Pen Nib","Lantern","Blood Vial","FossilizedHelix","ReplayTheSpireMod:Shallot"],"acts_visited":["Exordium","TheCity","TheBeyond"],"potions_floor_usage":[3,6,16,16,25,25,33],"damage_taken":[{"damage":21,"enemies":"Jaw Worm","floor":1,"turns":7},{"damage":2,"enemies":"Cultist","floor":2,"turns":4},{"damage":0,"enemies":"Small Slimes","floor":3,"turns":5},{"damage":8,"enemies":"Gremlin Gang","floor":4,"turns":7},{"damage":2,"enemies":"Looter","floor":5,"turns":3},{"damage":7,"enemies":"3 Sentries","floor":6,"turns":7},{"damage":3,"enemies":"Blue Slaver","floor":8,"turns":3},{"damage":0,"enemies":"2 Fungi Beasts","floor":11,"turns":1},{"damage":1,"enemies":"Replay:BlueRogue","floor":14,"turns":3},{"damage":15,"enemies":"Fading Forest","floor":16,"turns":11},{"damage":0,"enemies":"Shell Parasite","floor":18,"turns":1},{"damage":0,"enemies":"2 Thieves","floor":19,"turns":3},{"damage":1,"enemies":"Cultist and Chosen","floor":22,"turns":4},{"damage":8,"enemies":"Replay:Snechameleon","floor":23,"turns":3},{"damage":0,"enemies":"3 Cultists","floor":24,"turns":2},{"damage":7,"enemies":"Book of Stabbing","floor":25,"turns":3},{"damage":0,"enemies":"Shelled Parasite and Fungi","floor":27,"turns":1},{"damage":0,"enemies":"Slavers","floor":28,"turns":3},{"damage":0,"enemies":"Centurion and Healer","floor":29,"turns":2},{"damage":14,"enemies":"Gremlin Leader","floor":31,"turns":2},{"damage":12,"enemies":"Automaton","floor":33,"turns":4},{"damage":0,"enemies":"3 Shapes","floor":35,"turns":1},{"damage":0,"enemies":"3 Darklings","floor":36,"turns":1},{"damage":0,"enemies":"Spire Growth","floor":37,"turns":1},{"damage":2,"enemies":"4 Shapes","floor":39,"turns":1},{"damage":0,"enemies":"R_Hoarder","floor":40,"turns":2},{"damage":3,"enemies":"Nemesis","floor":44,"turns":3},{"damage":0,"enemies":"Sphere and 2 Shapes","floor":45,"turns":1},{"damage":2,"enemies":"R_Hoarder","floor":47,"turns":3},{"damage":0,"enemies":"Donu and Deca","floor":50,"turns":2}],"seed_played":"-396221763875008571","potions_obtained":[{"floor":2,"key":"BlessingOfTheForge"},{"floor":3,"key":"Death Potion"},{"floor":4,"key":"Explosive Potion"},{"floor":7,"key":"LiquidMemories"},{"floor":8,"key":"Explosive Potion"},{"floor":16,"key":"champ:CounterPotion"},{"floor":19,"key":"Weak Potion"},{"floor":22,"key":"LiquidBronze"},{"floor":24,"key":"PowerPotion"},{"floor":28,"key":"BlessingOfTheForge"},{"floor":29,"key":"Weak Potion"},{"floor":39,"key":"LifebloodPotion"},{"floor":40,"key":"Toxic Potion"}],"is_trial":false,"path_per_floor":["M","M","M","M","M","E","?","M","T","R","M","R","?","E","R","B",null,"M","M","?","$","M","E","M","E","T","M","E","M","R","E","R","B",null,"M","M","M","?","M","E","?","R","T","E","M","R","E","$","R","B",null],"character_chosen":"THE_SILENT","items_purchased":["Ice Cream","Poisoned Stab","Accuracy","FossilizedHelix","ReplayTheSpireMod:Shallot"],"campfire_rested":1,"item_purchase_floors":[21,21,48,48,48],"current_hp_per_floor":[56,54,54,46,44,37,37,34,34,34,34,34,27,26,49,48,77,77,77,77,77,76,68,68,75,75,75,75,75,75,61,61,49,91,91,91,91,91,89,89,89,89,89,88,91,91,89,89,89,91],"gold":81,"neow_bonus":"TEN_PERCENT_HP_BONUS","is_daily":false,"chose_seed":false,"campfire_upgraded":14,"win_rate":0.0,"timestamp":1608809152,"path_taken":["M","M","M","M","M","E","?","M","T","R","?","R","?","E","R","BOSS","M","?","?","$","M","E","M","E","T","M","E","M","R","E","R","BOSS","M","M","M","?","M","E","?","R","T","E","?","R","E","$","R","BOSS"],"items_purchased_type":["Relic","Card","Card","Relic","Relic"],"build_version":"2020-12-22","purchased_purges":2,"victory":true,"max_hp_per_floor":[77,77,77,77,77,77,77,77,77,77,77,77,77,77,77,77,77,77,77,77,77,77,77,77,91,91,91,91,91,91,91,91,91,91,91,91,91,91,91,91,91,91,91,91,91,91,91,91,91,91],"card_choices":[{"not_picked":["Deadly Poison","Masterful Stab"],"picked":"Acrobatics","floor":1},{"not_picked":["Blade Dance","Concentrate"],"picked":"Backstab","floor":2},{"not_picked":["ReplayTheSpireMod:Exploit Weakness","Acrobatics"],"picked":"Backstab","floor":3},{"not_picked":["PiercingWail","Blade Dance"],"picked":"Toxin Wave","floor":4},{"not_picked":["Skewer","Endless Agony"],"picked":"Crippling Poison","floor":5},{"not_picked":["Underhanded Strike","Blur"],"picked":"Caltrops","floor":6},{"not_picked":["Blade Dance","Predator"],"picked":"Replay:Poison Smokescreen","floor":7},{"not_picked":["Fluid Movement","Deflect"],"picked":"Backstab","floor":8},{"not_picked":["Slice","Backflip"],"picked":"Adrenaline","floor":11},{"not_picked":["Caltrops","ReplayTheSpireMod:Scrap Shanks"],"picked":"Prepared","floor":14},{"not_picked":["After Image","Glass Knife"],"picked":"Corpse Explosion","floor":16},{"not_picked":["ReplayTheSpireMod:Shiv Toss","Dodge and Roll"],"picked":"Cloak And Dagger","floor":18},{"not_picked":["Deadly Poison","Backstab"],"picked":"Masterful Stab","floor":19},{"not_picked":["Flechettes","Masterful Stab"],"picked":"Blade Dance","floor":22},{"not_picked":["Deadly Poison","Deflect+1"],"picked":"Prepared+1","floor":23},{"not_picked":["Footwork","Underhanded Strike"],"picked":"ReplayTheSpireMod:Scrap Shanks+1","floor":24},{"not_picked":["All Out Attack","Dagger Throw"],"picked":"Finisher+1","floor":25},{"not_picked":["Dagger Spray","ReplayTheSpireMod:Shiv Toss"],"picked":"Dagger Throw+1","floor":27},{"not_picked":["Atom Bomb","Slice"],"picked":"ReplayTheSpireMod:Scrap Shanks+1","floor":28},{"not_picked":["All Out Attack","Hidden Blade"],"picked":"Terror+1","floor":29},{"not_picked":["Dagger Spray","Riddle With Holes"],"picked":"Dash","floor":31},{"not_picked":["Venomology","ReplayTheSpireMod:From All Sides"],"picked":"Tools of the Trade","floor":33},{"not_picked":["Backflip+1","PiercingWail"],"picked":"Choke+1","floor":35},{"not_picked":["Finisher","Dagger Throw","Prepared+1"],"picked":"SKIP","floor":36},{"not_picked":["Prepared+1","Acrobatics+1","Quick Slash+1"],"picked":"SKIP","floor":37},{"not_picked":["Skewer","Noxious Fumes+1"],"picked":"Well Laid Plans+1","floor":39},{"not_picked":["Underhanded Strike","ReplayTheSpireMod:The Works"],"picked":"Reflex+1","floor":40},{"not_picked":["ReplayTheSpireMod:Tripwire+1","Dagger Spray+1","Acrobatics+1"],"picked":"SKIP","floor":44},{"not_picked":["Flying Knee","Sneak Up"],"picked":"Noxious Fumes","floor":45},{"not_picked":["Toxin Wave+1","Sucker Punch+1","Backflip+1"],"picked":"SKIP","floor":47}],"player_experience":382908,"relics_obtained":[{"floor":6,"key":"Replay:Arrowhead"},{"floor":7,"key":"Ornamental Fan"},{"floor":9,"key":"Bag of Marbles"},{"floor":14,"key":"Iron Hammer"},{"floor":23,"key":"Replay:Wax Seal"},{"floor":23,"key":"Mummified Hand"},{"floor":25,"key":"Mango"},{"floor":25,"key":"CaptainsWheel"},{"floor":26,"key":"Vajra"},{"floor":28,"key":"Omamori"},{"floor":28,"key":"War Paint"},{"floor":31,"key":"Bag of Preparation"},{"floor":31,"key":"InkBottle"},{"floor":40,"key":"Old Coin"},{"floor":40,"key":"Snack Pack"},{"floor":43,"key":"Simple Rune"},{"floor":44,"key":"Boot"},{"floor":44,"key":"Pen Nib"},{"floor":47,"key":"Lantern"},{"floor":47,"key":"Blood Vial"}],"event_choices":[{"damage_healed":0,"gold_gain":0,"player_choice":"Damaged","damage_taken":7,"max_hp_gain":0,"max_hp_loss":0,"event_name":"Wheel of Change","floor":13,"gold_loss":0},{"cards_removed":["Strike_G"],"damage_healed":0,"gold_gain":0,"player_choice":"Elegance","damage_taken":0,"max_hp_gain":0,"max_hp_loss":0,"event_name":"Back to Basics","floor":20,"gold_loss":0},{"damage_healed":0,"gold_gain":0,"player_choice":"Ignored","damage_taken":0,"max_hp_gain":0,"max_hp_loss":0,"event_name":"Tomb of Lord Red Mask","floor":38,"gold_loss":0},{"damage_healed":0,"gold_gain":0,"player_choice":"2 cards matched","damage_taken":0,"max_hp_gain":0,"max_hp_loss":0,"event_name":"Match and Keep!","floor":41,"gold_loss":0,"cards_obtained":["Night Terror","Neutralize"]}],"is_beta":false,"boss_relics":[{"not_picked":["Runic Dome","SacredBark"],"picked":"Black Star"},{"not_picked":["ChewingGum","Sozu"],"picked":"WristBlade"}],"items_purged_floors":[21,48],"is_endless":false,"potions_floor_spawned":[2,3,4,8,16,19,22,24,28,29,39,40,45],"ascension_level":3}}