{"host":"7krnriczr1b2ou5r","time":1608811699,"event":{"mods":["BaseMod","Keyboard Shortcuts","Minty Spire (QoL Compilation)","Relic Stats","StSLib"],"gold_per_floor":[109,120,132,147,147,147,153,153,178,210,235,5,5,30,30,108,108,127,144,144,162,162,195,207,242,265,265,277,277,291,72,72,149,149,161,161,161,180,180,206,217,29,29,56,68,68,93,111,111,111,111,111,111,7,42,42,42],"floor_reached":56,"playtime":2312,"items_purged":["Defend_P"],"score":2545,"play_id":"e43461b4-d32e-46e7-9842-f32c2f64376f","local_time":"20201224210819","is_ascension_mode":true,"campfire_choices":[{"data":"Pray","floor":6.0,"key":"SMITH"},{"data":"Eruption","floor":8.0,"key":"SMITH"},{"data":"Ragnarok","floor":15.0,"key":"SMITH"},{"data":"Vault","floor":27,"key":"SMITH"},{"data":"Omniscience","floor":32,"key":"SMITH"},{"data":"Deep Breath","floor":49,"key":"SMITH"},{"data":"Prostrate","floor":53,"key":"SMITH"}],"circlet_count":0,"master_deck":["AscendersBane","Defend_P","Eruption+1","Vigilance","MasterReality+1","Worship+1","Pray+1","BattleHymn","Ragnarok+1","Vault+1","Wallop+1","Deep Breath+1","Establishment","Brilliance+1","CurseOfTheBell","Necronomicurse","CarveReality+1","Prostrate+1","Omniscience+1","Flash of Steel","Scrawl+1","Devotion"],"relics":["PureWater","PreservedInsect","Tiny Chest","Anchor","Odd Mushroom","Membership Card","Sundial","Toy Ornithopter","Calling Bell","Nunchaku","Eternal Feather","Gambling Chip","The Courier","Necronomicon","Centennial Puzzle","Whetstone","Bag of Marbles","HandDrill","Damaru","Busted Crown","Bronze Scales","Akabeko","War Paint","Art of War","Vajra","Pocketwatch","Oddly Smooth Stone","Pantograph","Happy Flower","Blood Vial"],"acts_visited":["Exordium","TheCity","TheBeyond","TheEnding"],"potions_floor_usage":[18,25,56],"damage_taken":[{"damage":1.0,"enemies":"Cultist","floor":1.0,"turns":3.0},{"damage":13.0,"enemies":"Jaw Worm","floor":2.0,"turns":4.0},{"damage":3.0,"enemies":"2 Louse","floor":3.0,"turns":3.0},{"damage":0.0,"enemies":"Lots of Slimes","floor":4.0,"turns":1.0},{"damage":16.0,"enemies":"Gremlin Nob","floor":10.0,"turns":3.0},{"damage":0.0,"enemies":"The Mushroom Lair","floor":11.0,"turns":1.0},{"damage":0.0,"enemies":"Lagavulin","floor":14.0,"turns":3.0},{"damage":5.0,"enemies":"The Guardian","floor":16.0,"turns":4.0},{"damage":0,"enemies":"Chosen","floor":18,"turns":4},{"damage":6,"enemies":"Spheric Guardian","floor":19,"turns":3},{"damage":8,"enemies":"Snake Plant","floor":21,"turns":3},{"damage":0,"enemies":"Slavers","floor":23,"turns":3},{"damage":0,"enemies":"Centurion and Healer","floor":24,"turns":4},{"damage":0,"enemies":"Gremlin Leader","floor":25,"turns":3},{"damage":5,"enemies":"Sentry and Sphere","floor":28,"turns":3},{"damage":0,"enemies":"Snake Plant","floor":30,"turns":2},{"damage":3,"enemies":"Automaton","floor":33,"turns":4},{"damage":0,"enemies":"3 Shapes","floor":35,"turns":2},{"damage":12,"enemies":"Orb Walker","floor":38,"turns":3},{"damage":0,"enemies":"Reptomancer","floor":40,"turns":1},{"damage":0,"enemies":"Spire Growth","floor":41,"turns":1},{"damage":0,"enemies":"Giant Head","floor":44,"turns":3},{"damage":0,"enemies":"Jaw Worm Horde","floor":45,"turns":2},{"damage":0,"enemies":"Reptomancer","floor":47,"turns":2},{"damage":22,"enemies":"Writhing Mass","floor":48,"turns":2},{"damage":0,"enemies":"Donu and Deca","floor":50,"turns":3},{"damage":0,"enemies":"Time Eater","floor":51,"turns":3},{"damage":9,"enemies":"Shield and Spear","floor":55,"turns":2},{"damage":64,"enemies":"The Heart","floor":56,"turns":6}],"seed_played":"-7393531525328213090","potions_obtained":[{"floor":3.0,"key":"GamblersBrew"},{"floor":4.0,"key":"BlessingOfTheForge"},{"floor":16.0,"key":"BottledMiracle"},{"floor":21,"key":"StancePotion"},{"floor":25,"key":"EssenceOfSteel"},{"floor":35,"key":"Ambrosia"}],"is_trial":false,"path_per_floor":["M","M","M","M","?","R","$","R","T","E","?","$","?","E","R","B",null,"M","M","T","M","?","E","M","E","T","R","M","?","M","$","R","B",null,"M","?","T","M","?","E","M","$","T","E","M","$","E","M","R","B","B",null,"R","$","E","B"],"character_chosen":"WATCHER","items_purchased":["Ragnarok","PreservedInsect","Membership Card","Wallop","Deep Breath","Omniscience","HandDrill","Damaru","Flash of Steel","War Paint","Art of War","Vajra","Devotion","Happy Flower"],"campfire_rested":0,"item_purchase_floors":[7,7,12,12,12,31,31,31,31,42,42,42,54,54],"current_hp_per_floor":[60,47,44,44,37,37,37,37,37,21,21,21,21,21,21,16,55,60,54,54,46,25,25,25,30,30,39,34,34,34,34,46,43,62,62,62,62,50,50,50,50,50,50,50,50,50,50,28,40,65,65,65,65,65,56,6,6],"gold":42,"neow_bonus":"THREE_CARDS","is_daily":false,"chose_seed":false,"campfire_upgraded":7,"win_rate":0.0,"timestamp":1608811699,"path_taken":["M","M","M","M","?","R","$","R","T","E","?","$","?","E","R","BOSS","M","?","?","M","?","E","M","E","T","R","M","?","M","$","R","BOSS","M","?","?","M","?","E","M","$","T","E","M","$","E","M","R","BOSS","BOSS","R","$","E","BOSS"],"items_purchased_type":["Card","Relic","Relic","Card","Card","Card","Relic","Relic","Card","Relic","Relic","Relic","Card","Relic"],"build_version":"2020-12-22","purchased_purges":1,"victory":false,"max_hp_per_floor":[68,68,68,68,68,68,68,68,68,68,68,68,68,68,68,68,68,68,68,68,68,68,68,68,68,68,68,68,68,68,68,68,68,68,68,68,68,68,65,65,65,65,65,65,65,65,65,65,65,65,65,65,65,65,65,65,65],"relic_stats":{"Happy Flower":[2],"counters":[29,81],"Eternal Feather":33,"PreservedInsect":474,"Whetstone":["CarveReality","Wallop"],"War Paint":["Scrawl","Worship"],"Blood Vial":2,"Nunchaku":[11],"Centennial Puzzle":[18],"Busted Crown":20,"Sundial":[16],"Gambling Chip":[66],"Bronze Scales":[75],"Pantograph":32,"Tiny Chest":2,"Necronomicon":[25],"HandDrill":[12],"Art of War":[3],"obtain_stats":[{"Vajra":42,"Whetstone":25,"Blood Vial":55,"Nunchaku":17,"Centennial Puzzle":23,"Sundial":12,"Gambling Chip":17,"Pantograph":47,"Tiny Chest":9,"Necronomicon":22,"HandDrill":31,"Happy Flower":54,"Damaru":31,"Oddly Smooth Stone":44,"Eternal Feather":17,"PreservedInsect":7,"The Courier":20,"Odd Mushroom":11,"War Paint":42,"Akabeko":40,"Calling Bell":17,"Anchor":10,"Busted Crown":34,"Bronze Scales":37,"Bag of Marbles":26,"Art of War":42,"Membership Card":12,"PureWater":0,"Toy Ornithopter":14,"Pocketwatch":43},{"Vajra":21,"Whetstone":14,"Blood Vial":28,"Nunchaku":8,"Centennial Puzzle":12,"Sundial":6,"Gambling Chip":8,"Pantograph":24,"Tiny Chest":4,"Necronomicon":11,"HandDrill":16,"Happy Flower":27,"Damaru":16,"Oddly Smooth Stone":22,"Eternal Feather":8,"PreservedInsect":4,"The Courier":10,"Odd Mushroom":6,"War Paint":21,"Akabeko":20,"Calling Bell":8,"Anchor":5,"Busted Crown":17,"Bronze Scales":18,"Bag of Marbles":14,"Art of War":21,"Membership Card":6,"PureWater":0,"Toy Ornithopter":7,"Pocketwatch":21},{"Vajra":58,"Whetstone":42,"Blood Vial":75,"Nunchaku":22,"Centennial Puzzle":35,"Sundial":15,"Gambling Chip":22,"Pantograph":65,"Tiny Chest":11,"Necronomicon":32,"HandDrill":47,"Happy Flower":73,"Damaru":47,"Oddly Smooth Stone":61,"Eternal Feather":22,"PreservedInsect":11,"The Courier":29,"Odd Mushroom":15,"War Paint":58,"Akabeko":57,"Calling Bell":22,"Anchor":14,"Busted Crown":51,"Bronze Scales":53,"Bag of Marbles":42,"Art of War":58,"Membership Card":15,"PureWater":0,"Toy Ornithopter":18,"Pocketwatch":58}],"Toy Ornithopter":15,"Pocketwatch":[9]},"card_choices":[{"not_picked":["CutThroughFate","JustLucky"],"picked":"Evaluate","floor":0.0},{"not_picked":["CrushJoints","FlurryOfBlows"],"picked":"Worship","floor":1.0},{"not_picked":["ThirdEye","TalkToTheHand"],"picked":"Pray","floor":2.0},{"not_picked":["EmptyFist","EmptyMind","Evaluate"],"picked":"SKIP","floor":3.0},{"not_picked":["PathToVictory","ThirdEye"],"picked":"BattleHymn","floor":4.0},{"not_picked":["EmptyMind","Protect","FollowUp"],"picked":"SKIP","floor":10.0},{"not_picked":["EmptyFist","PathToVictory"],"picked":"Vault","floor":11.0},{"not_picked":["Wireheading","Conclude","Vengeance"],"picked":"SKIP","floor":14.0},{"not_picked":["Wish","Vault"],"picked":"Establishment","floor":16.0},{"not_picked":["Adaptation","CrushJoints","Collect"],"picked":"SKIP","floor":18},{"not_picked":["JustLucky","WindmillStrike","BowlingBash"],"picked":"SKIP","floor":19},{"not_picked":["CutThroughFate","Crescendo","Study"],"picked":"SKIP","floor":21},{"not_picked":["Judgement","EmptyFist"],"picked":"CarveReality","floor":23},{"not_picked":["Wallop","Sanctity"],"picked":"Prostrate","floor":24},{"not_picked":["Consecrate","ThirdEye","EmptyFist+1"],"picked":"SKIP","floor":25},{"not_picked":["ForeignInfluence","ReachHeaven","Protect"],"picked":"SKIP","floor":28},{"not_picked":["FollowUp","JustLucky","Protect+1"],"picked":"SKIP","floor":30},{"not_picked":["ConjureBlade","LessonLearned"],"picked":"Scrawl","floor":33},{"not_picked":["PathToVictory"],"picked":"SKIP","floor":35},{"not_picked":["Halt"],"picked":"SKIP","floor":38},{"not_picked":["ThirdEye+1"],"picked":"SKIP","floor":40},{"not_picked":["Fasting2"],"picked":"SKIP","floor":41},{"not_picked":["FollowUp+1"],"picked":"SKIP","floor":44},{"not_picked":["CutThroughFate"],"picked":"SKIP","floor":45},{"not_picked":["CrushJoints"],"picked":"SKIP","floor":47},{"not_picked":["Protect+1"],"picked":"SKIP","floor":48},{"not_picked":["EmptyBody"],"picked":"SKIP","floor":55}],"player_experience":1047355,"relics_obtained":[{"floor":9.0,"key":"Tiny Chest"},{"floor":10.0,"key":"Anchor"},{"floor":11.0,"key":"Odd Mushroom"},{"floor":14.0,"key":"Toy Ornithopter"},{"floor":17,"key":"Nunchaku"},{"floor":17,"key":"Eternal Feather"},{"floor":17,"key":"Gambling Chip"},{"floor":20,"key":"The Courier"},{"floor":22,"key":"Necronomicon"},{"floor":23,"key":"Centennial Puzzle"},{"floor":25,"key":"Whetstone"},{"floor":26,"key":"Bag of Marbles"},{"floor":37,"key":"Bronze Scales"},{"floor":40,"key":"Akabeko"},{"floor":43,"key":"Pocketwatch"},{"floor":44,"key":"Oddly Smooth Stone"},{"floor":47,"key":"Pantograph"},{"floor":55,"key":"Blood Vial"}],"event_choices":[{"cards_removed":["Strike_P"],"damage_healed":0.0,"max_hp_gain":0.0,"max_hp_loss":0.0,"gold_gain":0.0,"event_name":"Golden Wing","player_choice":"Card Removal","floor":5.0,"gold_loss":0.0,"damage_taken":7.0},{"damage_healed":0.0,"max_hp_gain":0.0,"max_hp_loss":0.0,"gold_gain":0.0,"event_name":"Mushrooms","player_choice":"Fought Mushrooms","floor":11.0,"gold_loss":0.0,"damage_taken":0.0},{"cards_removed":["Strike_P"],"damage_healed":0.0,"max_hp_gain":0.0,"max_hp_loss":0.0,"gold_gain":0.0,"event_name":"Bonfire Elementals","player_choice":"Offered Basic","floor":13.0,"gold_loss":0.0,"damage_taken":0.0},{"damage_healed":0,"gold_gain":0,"player_choice":"Obtained Book","damage_taken":21,"max_hp_gain":0,"max_hp_loss":0,"event_name":"Cursed Tome","floor":22,"gold_loss":0},{"cards_removed":["Evaluate"],"damage_healed":0,"gold_gain":0,"player_choice":"Elegance","damage_taken":0,"max_hp_gain":0,"max_hp_loss":0,"event_name":"Back to Basics","floor":29,"gold_loss":0},{"damage_healed":0,"gold_gain":0,"player_choice":"Memory 1","damage_taken":0,"max_hp_gain":0,"max_hp_loss":0,"event_name":"SensoryStone","floor":36,"gold_loss":0},{"damage_healed":0,"gold_gain":0,"player_choice":"Max HP","damage_taken":0,"max_hp_gain":0,"max_hp_loss":3,"event_name":"Winding Halls","floor":39,"gold_loss":0}],"is_beta":false,"boss_relics":[{"not_picked":["Velvet Choker","Pandora\u0027s Box"],"picked":"Calling Bell"},{"not_picked":["Snecko Eye","Philosopher\u0027s Stone"],"picked":"Busted Crown"}],"items_purged_floors":[7],"is_endless":false,"potions_floor_spawned":[3,4,16,21,23,24,25,33,35,38,44],"killed_by":"The Heart","ascension_level":20}}