{"host":"yuhibl5o0ay6idau","time":1608840151,"event":{"mods":["Aspiration","BaseMod","Better Altar","Better Match","Better Note","Better Sensory Stone","Better Skull","Better Third Choice","Colored Map","Colored Powertips","Conspire","Highlight Path","Minty Spire (QoL Compilation)","Quick Restart","Replay The Spire","StSLib","SuperFastMode"],"gold_per_floor":[12,51,70,85,105,105,135,152,176,209,223,239,239,239,239,339,339,354,368,380,479,479,510,510,536,536,564,664,684,699,709,709,805,805,822,872,872,347,363,363,397,397,397,424,437,451,57,72,72,72],"floor_reached":51,"playtime":4390,"items_purged":["Dualcast","Zap"],"score":1037,"play_id":"0f52a1ff-5679-4a43-ad2b-9db9b501c557","local_time":"20201224120231","is_ascension_mode":true,"campfire_choices":[{"floor":6,"key":"REST"},{"floor":13,"key":"REST"},{"data":"Reprogram","floor":15,"key":"SMITH"},{"floor":24,"key":"REST"},{"data":"Reprogram+1","floor":32,"key":"SMITH"},{"data":"Reprogram+2","floor":40,"key":"SMITH"},{"data":"Reprogram+3","floor":42,"key":"SMITH"},{"data":"Reprogram+4","floor":49,"key":"SMITH"}],"circlet_count":0,"master_deck":["conspire:GhostlyStrike","conspire:GhostlyStrike","conspire:GhostlyDefend","conspire:GhostlyDefend","conspire:GhostlyDefend","conspire:GhostlyDefend","Hyperbeam","Time Bomb","Go for the Eyes","Hologram","Go for the Eyes","Reprogram+5","Meteor Strike","Genetic Algorithm","Undo","Undo","Conserve Battery","BootSequence","Fusion","FTL+1","Hologram","Echo Form","AbeCurse","conspire:Rain+1","Sunder","Hyperbeam","aspiration:Polymerization","FTL+1","Reprogram+1"],"relics":["Cracked Core","Singing Bowl","Blue Doll","CaptainsWheel","Nuclear Battery","Prayer Wheel","conspire:GlowingRock","Prayer Wheel","Ice Cream","aspiration:FaultyCoupler","conspire:InfiniteJournal","Abe\u0027s Treasure","Prayer Wheel","Boot","StoneCalendar","ReplayFunnel","Ginger","Bronze Scales","Membership Card","Letter Opener","PreservedInsect"],"acts_visited":["Exordium","TheCity","TheBeyond"],"potions_floor_usage":[8,10,18,20,23,41,50,50,50],"damage_taken":[{"damage":7,"enemies":"Jaw Worm","floor":1,"turns":3},{"damage":5,"enemies":"Small Slimes","floor":3,"turns":2},{"damage":0,"enemies":"Cultist","floor":4,"turns":2},{"damage":1,"enemies":"3 Louse","floor":5,"turns":3},{"damage":17,"enemies":"Replay:BlueRogue","floor":7,"turns":4},{"damage":5,"enemies":"Looter","floor":8,"turns":3},{"damage":36,"enemies":"Lagavulin","floor":10,"turns":9},{"damage":3,"enemies":"Large Slime","floor":11,"turns":6},{"damage":5,"enemies":"2 Fungi Beasts","floor":12,"turns":3},{"damage":6,"enemies":"Slime Boss","floor":16,"turns":10},{"damage":0,"enemies":"conspire:FuzzyDice","floor":18,"turns":7},{"damage":9,"enemies":"Shell Parasite","floor":19,"turns":7},{"damage":5,"enemies":"Cultist and Chosen","floor":20,"turns":7},{"damage":56,"enemies":"Slavers","floor":23,"turns":10},{"damage":1,"enemies":"conspire:Head Lice","floor":25,"turns":8},{"damage":15,"enemies":"conspire:SneckoGhost","floor":27,"turns":11},{"damage":0,"enemies":"3 Cultists","floor":29,"turns":3},{"damage":0,"enemies":"conspire:HollyBat","floor":30,"turns":8},{"damage":0,"enemies":"Snake Plant","floor":31,"turns":5},{"damage":17,"enemies":"Collector","floor":33,"turns":10},{"damage":0,"enemies":"3 Darklings","floor":35,"turns":2},{"damage":0,"enemies":"Mind Bloom Boss Battle","floor":36,"turns":4},{"damage":3,"enemies":"Orb Walker","floor":39,"turns":3},{"damage":40,"enemies":"Nemesis","floor":41,"turns":7},{"damage":0,"enemies":"Giant Head","floor":44,"turns":6},{"damage":0,"enemies":"Jaw Worm Horde","floor":45,"turns":5},{"damage":0,"enemies":"Writhing Mass","floor":46,"turns":4},{"damage":8,"enemies":"Transient","floor":48,"turns":5},{"damage":33,"enemies":"Time Eater","floor":50,"turns":13}],"seed_played":"7592084925819968863","potions_obtained":[{"floor":2,"key":"GamblersBrew"},{"floor":2,"key":"Ancient Potion"},{"floor":2,"key":"Elixir"},{"floor":3,"key":"conspire:TimeTravelPotion"},{"floor":5,"key":"SneckoOil"},{"floor":7,"key":"Regen Potion"},{"floor":8,"key":"Fruit Juice"},{"floor":12,"key":"Strength Potion"},{"floor":16,"key":"SkillPotion"},{"floor":19,"key":"LifebloodPotion"},{"floor":20,"key":"FocusPotion"},{"floor":27,"key":"Milkshake"},{"floor":31,"key":"Weak Potion"},{"floor":35,"key":"Elixir"},{"floor":36,"key":"Weak Potion"},{"floor":44,"key":"Block Potion"}],"is_trial":false,"path_per_floor":["M","?","M","M","M","R","E","M","T","E","M","M","R","?","R","B",null,"M","M","M","?","?","E","R","E","T","E","?","M","M","M","R","B",null,"M","?","?","$","M","R","E","R","T","E","M","M","$","M","R","B",null],"character_chosen":"DEFECT","items_purchased":["Boot","StoneCalendar","Membership Card","Letter Opener","PreservedInsect"],"campfire_rested":3,"item_purchase_floors":[38,38,47,47,47],"current_hp_per_floor":[68,38,33,33,32,54,37,37,37,15,12,9,34,34,34,28,84,86,79,74,74,74,41,67,68,68,55,55,59,65,69,69,52,106,108,110,110,110,115,115,75,75,75,77,81,87,87,87,87,54],"gold":72,"neow_bonus":"TRANSFORM_TWO_CARDS","is_daily":false,"chose_seed":false,"campfire_upgraded":5,"win_rate":0.0,"timestamp":1608840151,"path_taken":["M","?","M","?","M","R","E","M","T","E","M","M","R","?","R","BOSS","M","M","M","?","?","E","R","E","T","E","?","?","M","M","R","BOSS","M","?","?","$","?","R","E","R","T","E","M","M","$","M","R","BOSS"],"items_purchased_type":["Relic","Relic","Relic","Relic","Relic"],"build_version":"2020-12-22","purchased_purges":2,"victory":true,"max_hp_per_floor":[75,75,75,75,75,75,75,80,80,82,82,84,84,84,84,84,84,86,88,88,88,88,88,88,90,90,92,92,96,102,106,106,106,106,108,110,110,110,118,118,118,118,118,120,124,130,130,138,138,138],"card_choices":[{"not_picked":["Coolheaded","Darkness"],"picked":"Go for the Eyes","floor":1},{"not_picked":["Barrage","ReplayTheSpireMod:Calculation Training"],"picked":"Hologram","floor":3},{"not_picked":["Cold Snap","ReplayTheSpireMod:Calculation Training"],"picked":"Go for the Eyes","floor":4},{"not_picked":["Darkness","Aggregate"],"picked":"Reprogram","floor":5},{"not_picked":["conspire:SharedLibrary","Sweeping Beam"],"picked":"Meteor Strike","floor":7},{"not_picked":["Cold Snap","Rebound"],"picked":"Genetic Algorithm","floor":8},{"not_picked":["Hologram","Rip and Tear","Gash"],"picked":"Singing Bowl","floor":10},{"not_picked":["Scrape","Loop"],"picked":"Undo","floor":11},{"not_picked":["Darkness","Self Repair","Heatsinks"],"picked":"Singing Bowl","floor":12},{"not_picked":["Hyperbeam","Seek"],"picked":"ReplayTheSpireMod:Fabricate Wheel","floor":16},{"not_picked":["Heatsinks+1","Loop","Redo+1"],"picked":"Singing Bowl","floor":18},{"not_picked":["Blizzard+1","Stack+1"],"picked":"Undo","floor":18},{"not_picked":["Gash","Steam"],"picked":"Conserve Battery","floor":19},{"not_picked":["Stack","ReplayTheSpireMod:Reroute Power","Gash"],"picked":"Singing Bowl","floor":19},{"not_picked":["Darkness","Scrape+1"],"picked":"BootSequence","floor":20},{"not_picked":["BasicCrystalCard","Redo"],"picked":"Fusion","floor":20},{"not_picked":["ReplaySolidLightProjector","ReplayTheSpireMod:System Scan"],"picked":"ReplayTheSpireMod:Fabricate Wheel","floor":23},{"not_picked":["Blizzard+1","Compile Driver","Ball Lightning+1"],"picked":"Singing Bowl","floor":25},{"not_picked":["ReplayTheSpireMod:GoodbyeWorld","Rebound","Aggregate"],"picked":"Singing Bowl","floor":27},{"not_picked":["Redo","ReplaySolidLightProjector"],"picked":"FTL+1","floor":29},{"not_picked":["Static Discharge","Go for the Eyes","Genetic Algorithm"],"picked":"Singing Bowl","floor":29},{"not_picked":["Cold Snap","Go for the Eyes","Steam+1"],"picked":"Singing Bowl","floor":29},{"not_picked":["Electrodynamics","BasicCrystalCard","ReplayTheSpireMod:Reroute Power"],"picked":"Singing Bowl","floor":30},{"not_picked":["Genetic Algorithm","BootSequence","Steam+1"],"picked":"Singing Bowl","floor":30},{"not_picked":["Conserve Battery","Ball Lightning","Compile Driver+1"],"picked":"Singing Bowl","floor":30},{"not_picked":["Chaos+1","Streamline"],"picked":"Hologram","floor":31},{"not_picked":["Coolheaded","Turbo","Amplify"],"picked":"Singing Bowl","floor":31},{"not_picked":["White Noise","Sweeping Beam","Gash"],"picked":"Singing Bowl","floor":31},{"not_picked":["Machine Learning","Rainbow"],"picked":"Echo Form","floor":33},{"not_picked":["Stack","Self Repair","Undo"],"picked":"Singing Bowl","floor":35},{"not_picked":["Compile Driver+1","ReplayTheSpireMod:System Scan+1"],"picked":"conspire:Rain+1","floor":35},{"not_picked":["Darkness","BootSequence+1"],"picked":"Sunder","floor":35},{"not_picked":["Leap","Chaos+1","Fusion"],"picked":"Singing Bowl","floor":36},{"not_picked":["conspire:SharedLibrary","Cold Snap","Compile Driver+1"],"picked":"Singing Bowl","floor":39},{"not_picked":["ReplayGash+1","Barrage","Heatsinks"],"picked":"Singing Bowl","floor":39},{"not_picked":["Panic Button+1","Coolheaded","Steam"],"picked":"Singing Bowl","floor":39},{"not_picked":["Barrage","Conserve Battery+1","Heatsinks"],"picked":"Singing Bowl","floor":39},{"not_picked":["Compile Driver","Genetic Algorithm+1"],"picked":"Hyperbeam","floor":41},{"not_picked":["Cold Snap","Steam","Gash"],"picked":"Singing Bowl","floor":44},{"not_picked":["Time Bomb+1","Scrape+1"],"picked":"aspiration:Polymerization","floor":45},{"not_picked":["Fission","Compile Driver+1"],"picked":"FTL+1","floor":45},{"not_picked":["Compile Driver","ReplayTheSpireMod:Calculation Training","Hello World"],"picked":"Singing Bowl","floor":45},{"not_picked":["Cold Snap+1","Turbo+1","Ball Lightning+1"],"picked":"Singing Bowl","floor":45},{"not_picked":["Panic Button+1","Cold Snap","ReplayGash+1"],"picked":"Singing Bowl","floor":46},{"not_picked":["Streamline","Gash+1","Multi-Cast"],"picked":"Singing Bowl","floor":46},{"not_picked":["Steam+1","aspiration:Polymerization"],"picked":"Reprogram+1","floor":46},{"not_picked":["Auto Shields+1","ReplayTheSpireMod:GoodbyeWorld","Recycle+1"],"picked":"Singing Bowl","floor":46},{"not_picked":["Turbo","Panic Button","Glacier"],"picked":"Singing Bowl","floor":48},{"not_picked":["Cold Snap","Barrage+1","Go for the Eyes+1"],"picked":"Singing Bowl","floor":48},{"not_picked":["Cold Snap+1","Beam Cell+1","Barrage+1"],"picked":"Singing Bowl","floor":48},{"not_picked":["Chill+1","Steam+1","Sweeping Beam+1"],"picked":"Singing Bowl","floor":48}],"player_experience":403643,"relics_obtained":[{"floor":7,"key":"Singing Bowl"},{"floor":9,"key":"Blue Doll"},{"floor":10,"key":"CaptainsWheel"},{"floor":23,"key":"conspire:GlowingRock"},{"floor":25,"key":"Ice Cream"},{"floor":26,"key":"aspiration:FaultyCoupler"},{"floor":27,"key":"conspire:InfiniteJournal"},{"floor":36,"key":"Prayer Wheel"},{"floor":41,"key":"ReplayFunnel"},{"floor":43,"key":"Ginger"},{"floor":44,"key":"Bronze Scales"}],"event_choices":[{"damage_healed":0,"gold_gain":0,"player_choice":"Agree","damage_taken":0,"max_hp_gain":0,"max_hp_loss":0,"event_name":"conspire:LoneGhost","floor":14,"gold_loss":0},{"damage_healed":0,"gold_gain":99,"player_choice":"Steal","damage_taken":0,"max_hp_gain":0,"max_hp_loss":0,"event_name":"betterThird:BetterNest","floor":21,"gold_loss":0},{"damage_healed":0,"gold_gain":0,"player_choice":"Leave","damage_taken":0,"max_hp_gain":0,"max_hp_loss":0,"event_name":"conspire:Investor","floor":22,"gold_loss":0},{"damage_healed":0,"gold_gain":100,"player_choice":"Pray","damage_taken":0,"max_hp_gain":0,"max_hp_loss":0,"event_name":"Golden Shrine","floor":28,"gold_loss":0},{"damage_healed":0,"gold_gain":0,"player_choice":"Fight","damage_taken":0,"max_hp_gain":0,"max_hp_loss":0,"event_name":"MindBloom","floor":36,"gold_loss":0},{"damage_healed":0,"gold_gain":0,"player_choice":"Bought 0 Potions","damage_taken":0,"max_hp_gain":0,"max_hp_loss":0,"event_name":"The Woman in Blue","floor":37,"gold_loss":0}],"is_beta":false,"boss_relics":[{"not_picked":["Replay:Bronze Core","Black Star"],"picked":"Nuclear Battery"},{"not_picked":["aspiration:RunicSpoon","Replay:Ancient Bell"],"picked":"Abe\u0027s Treasure"}],"items_purged_floors":[38,47],"is_endless":false,"potions_floor_spawned":[3,5,7,8,12,16,19,20,27,31,35,36,44,46],"ascension_level":4}}