{"host":"1637j8siz7lzgd5k","time":1608818215,"event":{"mods":["BaseMod","Colored Map","Minty Spire (QoL Compilation)","StSLib","SuperFastMode"],"gold_per_floor":[110,37,112,131,231,231,257,257,282,311,329,116,81,105,105,190,190,204,303,318,201,228,272,272,290,322,322,322],"floor_reached":27,"playtime":413,"items_purged":["Strike_P","Strike_P"],"score":534,"play_id":"b21207a9-ac37-4edf-ac96-e9b2d1e65ca1","local_time":"20201224225655","is_ascension_mode":true,"campfire_choices":[{"data":"Eruption","floor":6.0,"key":"SMITH"},{"data":"Adaptation","floor":8.0,"key":"SMITH"},{"data":"BattleHymn","floor":15.0,"key":"SMITH"},{"floor":24,"key":"REST"}],"circlet_count":0,"master_deck":["AscendersBane","Strike_P","Strike_P","Defend_P","Defend_P","Defend_P","Defend_P","Eruption+1","Vigilance","Adaptation+1","BattleHymn+1","Devotion","BattleHymn+1","SandsOfTime","Indignation","Injury"],"relics":["PureWater","NeowsBlessing","Mummified Hand","CeramicFish","Regal Pillow","Membership Card","Blood Vial","Cursed Key","DollysMirror","Kunai","Bag of Preparation"],"acts_visited":["Exordium","TheCity"],"potions_floor_usage":[23],"damage_taken":[{"damage":0.0,"enemies":"Small Slimes","floor":1.0,"turns":1.0},{"damage":0.0,"enemies":"Jaw Worm","floor":4.0,"turns":1.0},{"damage":0.0,"enemies":"3 Sentries","floor":7.0,"turns":1.0},{"damage":32.0,"enemies":"Lagavulin","floor":10.0,"turns":6.0},{"damage":0.0,"enemies":"Cultist","floor":11.0,"turns":3.0},{"damage":0.0,"enemies":"Slime Boss","floor":16.0,"turns":6.0},{"damage":9.0,"enemies":"2 Thieves","floor":18.0,"turns":4.0},{"damage":1.0,"enemies":"Spheric Guardian","floor":20.0,"turns":3.0},{"damage":15,"enemies":"Shelled Parasite and Fungi","floor":22,"turns":4},{"damage":42,"enemies":"Gremlin Leader","floor":23,"turns":5},{"damage":18,"enemies":"3 Cultists","floor":25,"turns":3},{"damage":25,"enemies":"Slavers","floor":27,"turns":2}],"seed_played":"6597060633656036629","potions_obtained":[{"floor":4.0,"key":"DuplicationPotion"},{"floor":7.0,"key":"Block Potion"},{"floor":20.0,"key":"LiquidBronze"},{"floor":25,"key":"Dexterity Potion"}],"is_trial":false,"path_per_floor":["M","$","?","M","?","R","E","R","T","E","M","$","?","T","R","B",null,"M","?","M","$","M","E","R","M","T","E"],"character_chosen":"WATCHER","items_purchased":["Adaptation","Membership Card","BattleHymn","DollysMirror"],"campfire_rested":1,"item_purchase_floors":[2,12,12,21],"current_hp_per_floor":[61,61,50,50,50,50,50,50,50,18,18,18,35,35,35,37,60,53,53,54,54,41,1,36,20,20,0,0],"gold":322,"neow_bonus":"THREE_ENEMY_KILL","is_daily":false,"chose_seed":false,"campfire_upgraded":3,"win_rate":0.0,"timestamp":1608818215,"path_taken":["M","$","?","M","?","R","E","R","T","E","?","$","?","?","R","BOSS","M","?","M","$","M","E","R","M","T","E"],"items_purchased_type":["Card","Relic","Card","Relic"],"build_version":"2020-12-22","purchased_purges":2,"victory":false,"max_hp_per_floor":[68,68,68,68,68,68,68,68,68,68,68,68,68,68,68,68,68,68,68,68,68,68,68,68,68,68,68,68],"card_choices":[{"not_picked":["Consecrate","PathToVictory","Vengeance"],"picked":"SKIP","floor":1.0},{"not_picked":["Indignation","Consecrate","Halt"],"picked":"SKIP","floor":4.0},{"not_picked":["WaveOfTheHand","Evaluate","Nirvana"],"picked":"SKIP","floor":7.0},{"not_picked":["LessonLearned","ReachHeaven","LikeWater"],"picked":"SKIP","floor":10.0},{"not_picked":["EmptyFist","TalkToTheHand","Evaluate"],"picked":"SKIP","floor":11.0},{"not_picked":["SpiritShield","DeusExMachina"],"picked":"Devotion","floor":16.0},{"not_picked":["EmptyBody","Wallop","ReachHeaven"],"picked":"SKIP","floor":18.0},{"not_picked":["BowlingBash+1","Study","CrushJoints"],"picked":"SKIP","floor":20.0},{"not_picked":["DeceiveReality","Protect"],"picked":"SandsOfTime","floor":22},{"not_picked":["ForeignInfluence","Weave"],"picked":"Indignation","floor":23},{"not_picked":["FlurryOfBlows+1","Prostrate","CutThroughFate+1"],"picked":"SKIP","floor":25}],"player_experience":815559,"relics_obtained":[{"floor":7.0,"key":"Mummified Hand"},{"floor":9.0,"key":"CeramicFish"},{"floor":10.0,"key":"Regal Pillow"},{"floor":14.0,"key":"Blood Vial"},{"floor":23,"key":"Kunai"},{"floor":26,"key":"Bag of Preparation"}],"event_choices":[{"damage_healed":0.0,"max_hp_gain":0.0,"max_hp_loss":0.0,"gold_gain":75.0,"event_name":"World of Goop","player_choice":"Gather Gold","floor":3.0,"gold_loss":0.0,"damage_taken":11.0},{"damage_healed":0.0,"max_hp_gain":0.0,"max_hp_loss":0.0,"gold_gain":100.0,"event_name":"Golden Shrine","player_choice":"Pray","floor":5.0,"gold_loss":0.0,"damage_taken":0.0},{"damage_healed":17.0,"max_hp_gain":0.0,"max_hp_loss":0.0,"gold_gain":0.0,"event_name":"The Cleric","player_choice":"Healed","floor":13.0,"gold_loss":35.0,"damage_taken":0.0},{"damage_healed":0.0,"max_hp_gain":0.0,"max_hp_loss":0.0,"gold_gain":99.0,"event_name":"Nest","player_choice":"Stole From Cult","floor":19.0,"gold_loss":0.0,"damage_taken":0.0}],"is_beta":false,"boss_relics":[{"not_picked":["Runic Pyramid","Fusion Hammer"],"picked":"Cursed Key"}],"items_purged_floors":[12,21],"is_endless":false,"potions_floor_spawned":[4,7,20,25],"killed_by":"Slavers","ascension_level":14}}