{"host":"mjau5a91be6b66g4","time":1608817388,"event":{"mods":["BaseMod","Minty Spire (QoL Compilation)","StSLib","The Animator","The Bug Knight","The Jungle"],"gold_per_floor":[116,70,85,13,30,30,30,30,30,42,42,56,69,69,69,170,170,188,188,205,205,205],"floor_reached":21,"playtime":765,"items_purged":[],"score":171,"play_id":"d0b22873-2a54-4026-8afe-8c6156cbc128","local_time":"20201224214308","is_ascension_mode":false,"campfire_choices":[{"data":"HollowMod:ShadowDash","floor":6,"key":"SMITH"},{"data":"HollowMod:RecoilStrike","floor":8,"key":"SMITH"},{"data":"HollowMod:FocusHealStart","floor":11,"key":"SMITH"},{"floor":15,"key":"REST"}],"circlet_count":0,"master_deck":["HollowMod:NailStrikeStart","HollowMod:NailStrikeStart","HollowMod:NailStrikeStart","HollowMod:NailStrikeStart","HollowMod:QuickDashStart","HollowMod:QuickDashStart","HollowMod:QuickDashStart","HollowMod:QuickDashStart","HollowMod:FocusHealStart+1","HollowMod:PogoStrike","HollowMod:NewLittleFool","HollowMod:WraithStrike","HollowMod:VengefulVoid","HollowMod:RecoilStrike+1","HollowMod:ShadowDash+1","HollowMod:SiblingsShadow","HollowMod:ShadowDash+1","HollowMod:LifebloodCore","HollowMod:DashSlash","HollowMod:QuirrelsAssistance+1"],"relics":["HollowMod:VesselMask","InkBottle","Nloth\u0027s Gift"],"acts_visited":["Exordium","TheCity"],"potions_floor_usage":[5,16,20],"damage_taken":[{"damage":6,"enemies":"Jaw Worm","floor":1,"turns":2},{"damage":4,"enemies":"Cultist","floor":3,"turns":4},{"damage":0,"enemies":"Small Slimes","floor":5,"turns":1},{"damage":5,"enemies":"Red Slaver","floor":10,"turns":3},{"damage":8,"enemies":"Exordium Wildlife","floor":12,"turns":2},{"damage":10,"enemies":"Looter","floor":13,"turns":3},{"damage":58,"enemies":"Hexaghost","floor":16,"turns":11},{"damage":39,"enemies":"Spheric Guardian","floor":18,"turns":6},{"damage":8,"enemies":"Shell Parasite","floor":20,"turns":4},{"damage":65,"enemies":"Cultist and Chosen","floor":21,"turns":5}],"seed_played":"4453230343578396583","potions_obtained":[{"floor":1,"key":"Explosive Potion"},{"floor":5,"key":"DistilledChaos"},{"floor":18,"key":"LiquidMemories"}],"is_trial":false,"path_per_floor":["M","$","M","$","M","R","?","R","T","M","R","M","M","?","R","B",null,"M","?","M","M"],"character_chosen":"THE_BUGKNIGHT","items_purchased":["HollowMod:WraithStrike","HollowMod:RecoilStrike"],"campfire_rested":1,"item_purchase_floors":[2,4],"current_hp_per_floor":[76,76,78,78,78,78,78,78,78,73,73,65,61,61,82,36,82,53,53,55,0,0],"gold":205,"neow_bonus":"TEN_PERCENT_HP_BONUS","is_daily":false,"chose_seed":false,"campfire_upgraded":3,"win_rate":0.0,"timestamp":1608817388,"path_taken":["M","$","M","$","M","R","?","R","T","M","R","M","?","?","R","BOSS","M","?","M","?"],"items_purchased_type":["Card","Card"],"build_version":"2020-12-22","purchased_purges":0,"victory":false,"max_hp_per_floor":[82,82,82,82,82,82,82,82,82,82,82,82,82,82,82,82,82,82,82,82,82,82],"card_choices":[{"not_picked":["HollowMod:GrimmsGift","HollowMod:ChannelNail"],"picked":"HollowMod:NewLittleFool","floor":1},{"not_picked":["HollowMod:SoulStrike","HollowMod:CloakDash"],"picked":"HollowMod:VengefulVoid","floor":3},{"not_picked":["HollowMod:CornifersMapStart","HollowMod:SoulMaster"],"picked":"HollowMod:ShadowDash","floor":5},{"not_picked":["HollowMod:LifebloodCocoon","HollowMod:WraithStrike"],"picked":"HollowMod:SiblingsShadow","floor":10},{"not_picked":["HollowMod:CycloneSlash","HollowMod:GoodIntentions","HollowMod:TaintedHusks"],"picked":"SKIP","floor":12},{"not_picked":["HollowMod:RecoilStrike","HollowMod:WraithStrike"],"picked":"HollowMod:ShadowDash","floor":13},{"not_picked":["HollowMod:AwokenDreamNail","HollowMod:ZotesMagnificence"],"picked":"HollowMod:LifebloodCore","floor":16},{"not_picked":["HollowMod:ShapeofUnn","HollowMod:DesolateDive"],"picked":"HollowMod:DashSlash","floor":18},{"not_picked":["HollowMod:DesolateDive","HollowMod:FastStrike+1"],"picked":"HollowMod:QuirrelsAssistance+1","floor":20}],"player_experience":222190,"relics_obtained":[{"floor":9,"key":"InkBottle"}],"event_choices":[{"damage_healed":0,"gold_gain":0,"player_choice":"Ignored","damage_taken":0,"max_hp_gain":0,"max_hp_loss":0,"event_name":"NoteForYourself","floor":7,"gold_loss":0},{"damage_healed":0,"gold_gain":0,"player_choice":"Forge","damage_taken":0,"max_hp_gain":0,"max_hp_loss":0,"event_name":"Accursed Blacksmith","floor":14,"gold_loss":0,"cards_upgraded":["HollowMod:ShadowDash"]},{"damage_healed":0,"gold_gain":0,"player_choice":"Traded Relic","damage_taken":0,"relics_obtained":["Nloth\u0027s Gift"],"max_hp_gain":0,"max_hp_loss":0,"event_name":"N\u0027loth","floor":19,"relics_lost":["SacredBark"],"gold_loss":0}],"is_beta":false,"boss_relics":[{"not_picked":["Sozu","Runic Dome"],"picked":"SacredBark"}],"items_purged_floors":[],"is_endless":false,"potions_floor_spawned":[1,5,18],"killed_by":"Cultist and Chosen","ascension_level":0}}