{"host":"zjc1tzo4ovig5lll","time":1608830283,"event":{"mods":["AchievementEnabler","Aspiration","BaseMod","Beaked The Cultist","Better Altar","Better Match","Better Note","Better Sensory Stone","Colored Map","Colored Powertips","Conspire","Energized Spire","Friendly Minions","GifTheSpireLib","Halation","Hermit","Hubris","Minty Spire (QoL Compilation)","Rare Cards Sparkle","Replay The Spire","Spikes Relics","StSLib","Stuff the Spire","The Bug Knight","The Construct","The Jungle","The Servant 0.9.4","everything is the same but u backflip on backflip","vexMod"],"gold_per_floor":[363,36,86,86,86,117,117,128,128,128,155,155,155,168,168,270,270,289,289,289,299,33,52,84,101,101,115,115,130,130,130],"floor_reached":30,"playtime":1670,"items_purged":[],"score":297,"play_id":"f126d641-456f-4d67-a88a-91be63234e5d","local_time":"20201224191803","is_ascension_mode":true,"campfire_choices":[{"floor":7,"key":"REST"},{"data":"Zap","floor":10,"key":"SMITH"},{"floor":12,"key":"REST"},{"floor":28,"key":"REST"}],"circlet_count":0,"master_deck":["Strike_B","Strike_B","Strike_B","Strike_B","Defend_B","Defend_B","Defend_B","Defend_B","Zap+1","Dualcast","StuffTheSpire:GnomedCurse","Mayhem+1","Conserve Battery","Deep Breath+1","StuffTheSpire:Coldhearted","Storm","Redo+1","DiskWipe","Conserve Battery","Beam Cell","Coolheaded","Machine Learning","Leap+1"],"relics":["Cracked Core","Centennial Puzzle","Replay:WaspNest","construct:BoolHorns","conspire:BottledYoYo","halation:LostSnail","Art of War","conspire:RunicOctahedron","hubris:Icosahedron","Replay:Frozen Program","hubris:Teleporter","vexMod:ScavengeHelm"],"acts_visited":["Exordium","Exordium"],"potions_floor_usage":[30],"damage_taken":[{"damage":1,"enemies":"Cultist","floor":1,"turns":3},{"damage":38,"enemies":"3 Sentries","floor":6,"turns":8},{"damage":1,"enemies":"2 Louse","floor":8,"turns":4},{"damage":21,"enemies":"Lagavulin","floor":11,"turns":9},{"damage":0,"enemies":"conspire:RoseBush","floor":14,"turns":2},{"damage":20,"enemies":"Hexaghost","floor":16,"turns":11},{"damage":3,"enemies":"theJungle:MUSHROOMGANG","floor":18,"turns":6},{"damage":6,"enemies":"theJungle:Flameango_and_Byrd","floor":21,"turns":7},{"damage":3,"enemies":"theJungle:SlimyTreeVines","floor":23,"turns":12},{"damage":17,"enemies":"theJungle:2_Phrogs","floor":24,"turns":9},{"damage":31,"enemies":"theJungle:JungleHuntersEncounter","floor":25,"turns":3},{"damage":16,"enemies":"theJungle:Snecko_Cultist_And_Trap","floor":27,"turns":5},{"damage":10,"enemies":"Snake Plant","floor":29,"turns":2},{"damage":25,"enemies":"theJungle:2_Snecko_Cultists","floor":30,"turns":2}],"seed_played":"3931595906356976415","potions_obtained":[{"floor":14,"key":"DuplicationPotion"},{"floor":29,"key":"EssenceOfDarkness"}],"is_trial":false,"path_per_floor":["M","$","T","?","?","E","R","M","T","R","E","R","$","M","R","B",null,"M","?","?","M","$","M","E","M","T","M","R","M","M"],"character_chosen":"DEFECT","items_purchased":["Mayhem","Conserve Battery","Deep Breath","halation:LostSnail","Art of War","DiskWipe","Conserve Battery","Replay:Frozen Program"],"campfire_rested":3,"item_purchase_floors":[2,2,2,13,13,22,22,22],"current_hp_per_floor":[74,74,74,74,74,36,58,57,57,57,36,58,43,43,43,23,75,72,72,72,66,66,69,52,21,21,5,27,17,0,0],"gold":130,"neow_bonus":"TWO_FIFTY_GOLD","is_daily":false,"chose_seed":false,"campfire_upgraded":1,"win_rate":0.0,"timestamp":1608830283,"path_taken":["M","$","?","?","?","E","R","M","T","R","E","R","?","M","R","BOSS","M","?","?","?","$","M","E","M","T","M","R","M","?"],"items_purchased_type":["Card","Card","Card","Relic","Relic","Card","Card","Relic"],"build_version":"2020-12-22","purchased_purges":0,"victory":false,"max_hp_per_floor":[75,75,75,75,75,75,75,75,75,75,75,75,75,75,75,75,75,75,75,75,75,75,75,75,75,75,75,75,75,75,75],"card_choices":[{"not_picked":["Go for the Eyes","conspire:Rain","Cold Snap"],"picked":"SKIP","floor":1},{"not_picked":["Blizzard","Skim"],"picked":"StuffTheSpire:Coldhearted","floor":6},{"not_picked":["Leap","Streamline"],"picked":"Storm","floor":8},{"not_picked":["Redo","ReplaySolidLightProjector","StuffTheSpire:Coldhearted"],"picked":"SKIP","floor":11},{"not_picked":["Turbo","Core Surge","conspire:Rain"],"picked":"SKIP","floor":14},{"not_picked":["Barrage","Stack+1"],"picked":"Redo+1","floor":18},{"not_picked":["Cold Snap+1","Barrage","Sweeping Beam"],"picked":"SKIP","floor":21},{"not_picked":["StuffTheSpire:Purify","Stack"],"picked":"Beam Cell","floor":23},{"not_picked":["StuffTheSpire:CleanHardDrive","Rebound"],"picked":"Coolheaded","floor":24},{"not_picked":["Hello World","StuffTheSpire:GlassShard+1","Hologram"],"picked":"SKIP","floor":25},{"not_picked":["ReplayTheSpireMod:Dual Polarity+1","StuffTheSpire:NuclearReactor"],"picked":"Machine Learning","floor":27},{"not_picked":["Streamline+1","Coolheaded"],"picked":"Leap+1","floor":29}],"player_experience":586892,"relics_obtained":[{"floor":3,"key":"Centennial Puzzle"},{"floor":6,"key":"Replay:WaspNest"},{"floor":9,"key":"construct:BoolHorns"},{"floor":11,"key":"conspire:BottledYoYo"},{"floor":24,"key":"hubris:Teleporter"},{"floor":26,"key":"vexMod:ScavengeHelm"}],"event_choices":[{"damage_healed":0,"gold_gain":0,"player_choice":"Grow","damage_taken":0,"max_hp_gain":0,"max_hp_loss":0,"event_name":"Living Wall","floor":4,"gold_loss":0,"cards_upgraded":["Mayhem"]},{"damage_healed":0,"gold_gain":0,"player_choice":"Ignored","damage_taken":0,"max_hp_gain":0,"max_hp_loss":0,"event_name":"Golden Idol","floor":5,"gold_loss":0},{"damage_healed":0,"gold_gain":0,"player_choice":"Upgraded","damage_taken":0,"max_hp_gain":0,"max_hp_loss":0,"event_name":"Upgrade Shrine","floor":20,"gold_loss":0,"cards_upgraded":["Deep Breath"]}],"is_beta":false,"boss_relics":[{"not_picked":["StuffTheSpire:ModemDavis","Ectoplasm"],"picked":"conspire:RunicOctahedron"}],"items_purged_floors":[],"is_endless":false,"potions_floor_spawned":[14,16,21,27,29],"killed_by":"theJungle:2_Snecko_Cultists","ascension_level":3}}