{"host":"q0v68qxgqt4jwmjg","time":1608848159,"event":{"mods":["Astrologer","BaseMod","CatGirl Mod","Chen","Colored Powertips","Friendly Minions","FutureSeer","Highlight Path","Infinite Spire","Kiyohime????","Koishi","Mad Scientist","Marisa????????","Mimic Mod","Minty Spire (QoL Compilation)","Onozuka Komachi Mod","Random Character Button","Remilia??????","Replay The Spire","StSLib","Td1madao Mod","The Administrix","The Animator","The Blackbeard","The Disciple","The Factory","The Forsaken","The Gatherer","The Judge","The Jungle","The Servant 0.9.4","Yohane!","Youmu??????","Yuri Mod","egg","slay the spire mod where everything is the same but ironclad has a cowboy hat","???mod?????"],"gold_per_floor":[116,134,134,134,150,150,150],"floor_reached":6,"playtime":361,"items_purged":[],"score":36,"play_id":"706b5de7-9721-4f5a-bce4-071eeef55269","local_time":"20201224171559","is_ascension_mode":false,"campfire_choices":[],"circlet_count":0,"master_deck":["Strike_P","Strike_P","Strike_P","Strike_P","Defend_P","Defend_P","Defend_P","Defend_P","Eruption+1","Vigilance","FollowUp"],"relics":["PureWater","NeowsBlessing","GremlinMask"],"acts_visited":["Exordium"],"potions_floor_usage":[],"damage_taken":[{"damage":0,"enemies":"2 Louse","floor":1,"turns":1},{"damage":0,"enemies":"Small Slimes","floor":2,"turns":1},{"damage":0,"enemies":"Cultist","floor":5,"turns":1},{"damage":31,"enemies":"3 Sentries","floor":6,"turns":6}],"seed_played":"5263852766504141680","potions_obtained":[{"floor":1,"key":"Dexterity Potion"}],"is_trial":false,"path_per_floor":["M","M","?","?","M","E"],"character_chosen":"WATCHER","items_purchased":[],"campfire_rested":0,"item_purchase_floors":[],"current_hp_per_floor":[72,72,72,72,72,41,41],"gold":150,"neow_bonus":"THREE_ENEMY_KILL","is_daily":false,"chose_seed":false,"campfire_upgraded":0,"win_rate":0.0,"timestamp":1608848159,"path_taken":["M","M","?","?","?","E"],"items_purchased_type":[],"build_version":"2020-12-22","purchased_purges":0,"victory":false,"max_hp_per_floor":[72,72,72,72,72,72,72],"card_choices":[{"not_picked":["PathToVictory","Consecrate","CutThroughFate"],"picked":"SKIP","floor":1},{"not_picked":["WheelKick","ReachHeaven","Evaluate"],"picked":"SKIP","floor":2},{"not_picked":["EmptyFist","Indignation"],"picked":"FollowUp","floor":5}],"player_experience":145900,"relics_obtained":[],"event_choices":[{"damage_healed":0,"gold_gain":0,"player_choice":"Trade","damage_taken":0,"relics_obtained":["GremlinMask"],"max_hp_gain":0,"max_hp_loss":0,"event_name":"FaceTrader","floor":4,"gold_loss":0}],"is_beta":false,"boss_relics":[],"items_purged_floors":[],"is_endless":false,"potions_floor_spawned":[1],"killed_by":"3 Sentries","ascension_level":0}}