{"host":"9b7hrp48q3pna783","time":1608806671,"event":{"mods":["BaseMod","Colored Map","Colored Powertips","Highlight Path","Minty Spire (QoL Compilation)","Relic Stats"],"gold_per_floor":[122,146,174,203,38,68,83,183,183,198,211,228,198,210,210,310,310,328,340,255,282,292,292,13,13,13,33,63,75,93,93,93],"floor_reached":31,"playtime":3050,"items_purged":["Strike_G","Strike_G"],"score":245,"play_id":"2274fb4c-4fe6-4990-a99e-c6638a83f02e","local_time":"20201224054431","is_ascension_mode":false,"campfire_choices":[{"data":"Catalyst","floor":15,"key":"SMITH"},{"data":"Envenom","floor":23,"key":"SMITH"},{"data":"Catalyst","floor":25,"key":"SMITH"}],"circlet_count":0,"master_deck":["Strike_G","Strike_G","Strike_G","Defend_G","Defend_G","Defend_G","Defend_G","Defend_G","Survivor","Neutralize","Deadly Poison","Leg Sweep","Outmaneuver","Flying Knee","Noxious Fumes","Flying Knee","Caltrops","Skewer","Poisoned Stab","Prepared","Leg Sweep","Catalyst+1","Envenom+1","Slice","Predator","Deflect+1","Noxious Fumes+1","Quick Slash","Catalyst+1","PiercingWail+1","Deflect+1","Slice"],"relics":["Ring of the Snake","MawBank","TungstenRod","Mango","Coffee Dripper","Frozen Egg 2","Bronze Scales","InkBottle","Red Mask"],"acts_visited":["Exordium","TheCity"],"potions_floor_usage":[4,12,16,27,27,28,31],"damage_taken":[{"damage":0,"enemies":"2 Louse","floor":1,"turns":4},{"damage":0,"enemies":"Cultist","floor":2,"turns":5},{"damage":0,"enemies":"Jaw Worm","floor":3,"turns":6},{"damage":10,"enemies":"Large Slime","floor":4,"turns":7},{"damage":20,"enemies":"Gremlin Nob","floor":6,"turns":5},{"damage":11,"enemies":"3 Louse","floor":7,"turns":5},{"damage":3,"enemies":"Gremlin Gang","floor":10,"turns":7},{"damage":1,"enemies":"2 Fungi Beasts","floor":11,"turns":4},{"damage":4,"enemies":"Exordium Wildlife","floor":12,"turns":6},{"damage":0,"enemies":"Looter","floor":13,"turns":4},{"damage":3,"enemies":"3 Louse","floor":14,"turns":6},{"damage":7,"enemies":"Hexaghost","floor":16,"turns":11},{"damage":0,"enemies":"Chosen","floor":18,"turns":5},{"damage":10,"enemies":"Shell Parasite","floor":19,"turns":5},{"damage":6,"enemies":"Shelled Parasite and Fungi","floor":22,"turns":5},{"damage":13,"enemies":"3 Cultists","floor":27,"turns":6},{"damage":28,"enemies":"Masked Bandits","floor":28,"turns":5},{"damage":5,"enemies":"Sentry and Sphere","floor":29,"turns":6},{"damage":0,"enemies":"Centurion and Healer","floor":30,"turns":5},{"damage":29,"enemies":"3 Cultists","floor":31,"turns":5}],"seed_played":"-3155036142762921015","potions_obtained":[{"floor":3,"key":"SteroidPotion"},{"floor":7,"key":"Weak Potion"},{"floor":10,"key":"PowerPotion"},{"floor":11,"key":"Ancient Potion"},{"floor":14,"key":"LiquidMemories"},{"floor":22,"key":"GamblersBrew"},{"floor":27,"key":"DistilledChaos"},{"floor":29,"key":"LiquidMemories"},{"floor":30,"key":"DuplicationPotion"}],"is_trial":false,"path_per_floor":["M","M","M","M","$","E","M","?","T","M","M","M","M","M","R","B",null,"M","M","?","T","M","R","$","R","T","M","?","M","M","M"],"character_chosen":"THE_SILENT","items_purchased":["Noxious Fumes","Flying Knee","Noxious Fumes+1","Quick Slash","Catalyst"],"campfire_rested":0,"item_purchase_floors":[5,5,24,24,24],"current_hp_per_floor":[70,70,70,60,60,40,29,29,43,40,39,35,35,32,32,25,84,84,74,74,74,68,68,68,68,68,55,27,22,22,0,0],"gold":93,"neow_bonus":"RANDOM_COMMON_RELIC","is_daily":false,"chose_seed":false,"campfire_upgraded":3,"win_rate":0.0,"timestamp":1608806671,"path_taken":["M","M","M","M","$","E","M","?","T","M","M","M","M","M","R","BOSS","M","?","?","?","M","R","$","R","T","M","?","M","M","M"],"items_purchased_type":["Card","Card","Card","Card","Card"],"build_version":"2020-12-22","purchased_purges":2,"victory":false,"max_hp_per_floor":[70,70,70,70,70,70,70,70,84,84,84,84,84,84,84,84,84,84,84,84,84,84,84,84,84,84,84,84,84,84,84,84],"relic_stats":{"counters":[20,112],"Bronze Scales":[86],"MawBank":60,"obtain_stats":[{"Bronze Scales":21,"Mango":9,"Coffee Dripper":17,"Red Mask":28,"Frozen Egg 2":20,"MawBank":0,"TungstenRod":6,"InkBottle":26,"Ring of the Snake":0},{"Bronze Scales":14,"Mango":6,"Coffee Dripper":12,"Red Mask":17,"Frozen Egg 2":14,"MawBank":0,"TungstenRod":5,"InkBottle":15,"Ring of the Snake":0},{"Bronze Scales":80,"Mango":32,"Coffee Dripper":70,"Red Mask":96,"Frozen Egg 2":80,"MawBank":0,"TungstenRod":27,"InkBottle":85,"Ring of the Snake":0}],"TungstenRod":28,"InkBottle":[13],"Ring of the Snake":[40]},"card_choices":[{"not_picked":["Prepared","Deflect"],"picked":"Deadly Poison","floor":1},{"not_picked":["Dagger Spray","Dodge and Roll"],"picked":"Leg Sweep","floor":2},{"not_picked":["Reflex","PiercingWail"],"picked":"Outmaneuver","floor":3},{"not_picked":["Dagger Throw","Eviscerate"],"picked":"Flying Knee","floor":4},{"not_picked":["Eviscerate","Blade Dance"],"picked":"Caltrops","floor":6},{"not_picked":["Footwork","Terror"],"picked":"Skewer","floor":7},{"not_picked":["Blade Dance","PiercingWail"],"picked":"Poisoned Stab","floor":10},{"not_picked":["Crippling Poison","Night Terror"],"picked":"Prepared","floor":11},{"not_picked":["Dagger Throw","PiercingWail"],"picked":"Leg Sweep","floor":12},{"not_picked":["Slice","Flechettes"],"picked":"Catalyst","floor":13},{"not_picked":["Backflip","Prepared","Acrobatics"],"picked":"SKIP","floor":14},{"not_picked":["Corpse Explosion","Adrenaline"],"picked":"Envenom","floor":16},{"not_picked":["Acrobatics","Choke"],"picked":"Slice","floor":18},{"not_picked":["Slice+1","Poisoned Stab"],"picked":"Predator","floor":19},{"not_picked":["Underhanded Strike","Burst"],"picked":"Deflect+1","floor":22},{"not_picked":["Calculated Gamble","Backstab"],"picked":"PiercingWail+1","floor":27},{"not_picked":["Distraction","PiercingWail"],"picked":"Deflect+1","floor":28},{"not_picked":["Outmaneuver","Deadly Poison","Skewer"],"picked":"SKIP","floor":29},{"not_picked":["Skewer+1","Finisher"],"picked":"Slice","floor":30}],"player_experience":31414,"relics_obtained":[{"floor":6,"key":"TungstenRod"},{"floor":9,"key":"Mango"},{"floor":21,"key":"Bronze Scales"},{"floor":26,"key":"InkBottle"},{"floor":28,"key":"Red Mask"}],"event_choices":[{"damage_healed":0,"gold_gain":100,"player_choice":"Gold","damage_taken":0,"max_hp_gain":0,"max_hp_loss":0,"event_name":"Wheel of Change","floor":8,"gold_loss":0},{"damage_healed":0,"gold_gain":0,"player_choice":"Obtained Relic","damage_taken":0,"relics_obtained":["Frozen Egg 2"],"max_hp_gain":0,"max_hp_loss":0,"event_name":"Addict","floor":20,"gold_loss":85},{"damage_healed":0,"gold_gain":0,"player_choice":"Fought Bandits","damage_taken":0,"max_hp_gain":0,"max_hp_loss":0,"event_name":"Masked Bandits","floor":28,"gold_loss":0}],"is_beta":false,"boss_relics":[{"not_picked":["SlaversCollar","Sozu"],"picked":"Coffee Dripper"}],"items_purged_floors":[5,24],"is_endless":false,"potions_floor_spawned":[3,7,10,11,14,22,27,29,30],"killed_by":"3 Cultists","ascension_level":0}}