{"host":"s7tmyr5e6xvpia4b","time":1608823167,"event":{"mods":["BaseMod","Bestiary","Better Synergies","Curses Come First","GifTheSpireLib","Luminous","Minty Spire (QoL Compilation)","StSLib","The Gatherer","noobMod"],"gold_per_floor":[117,117,117,42,63,63,94,94,94,137,62,105,5,41,41,161,161,186,186,186,61,160,199,199,234,234,84,104,119,162,175,175,294,294,307,325,127,148,171,206,539,0,0,35,47,59,96,133,145,157,169,181,71,101,101],"floor_reached":56,"playtime":3162,"items_purged":["Strike_B","Defend_B","Defend_B","Zap+1","Bite+1"],"score":1661,"play_id":"814f77cc-cfe1-460c-9ee3-8877aec499f4","local_time":"20201224231927","is_ascension_mode":true,"campfire_choices":[{"data":"Zap","floor":6.0,"key":"SMITH"},{"data":"Dualcast","floor":8.0,"key":"SMITH"},{"data":"Cold Snap","floor":15.0,"key":"SMITH"},{"data":"Creative AI","floor":24.0,"key":"SMITH"},{"data":"Heatsinks","floor":32.0,"key":"SMITH"},{"data":"White Noise","floor":45.0,"key":"SMITH"},{"floor":49.0,"key":"RECALL"},{"data":"Amplify","floor":52.0,"key":"SMITH"}],"circlet_count":0,"master_deck":["Defend_B","Defend_B","Dualcast+1","Heatsinks+1","Cold Snap+1","Creative AI+1","Bite+1","Bite+1","Bite+1","White Noise+1","Blizzard+1","Glacier","Capacitor+1","Chill","Amplify+1"],"relics":["ice","Sozu","Singing Bowl","Meat on the Bone","Happy Flower","Molten Egg 2","Eternal Feather","Inserter","Anchor","CaptainsWheel","Question Card","The Courier","Busted Crown","Cables","Red Mask","StoneCalendar","MawBank","PreservedInsect","Du-Vu Doll","Runic Capacitor","Bottled Lightning"],"acts_visited":["Exordium","TheCity","TheBeyond","TheEnding"],"potions_floor_usage":[],"damage_taken":[{"damage":1.0,"enemies":"Cultist","floor":1.0,"turns":3.0},{"damage":0.0,"enemies":"Jaw Worm","floor":5.0,"turns":3.0},{"damage":36.0,"enemies":"Lagavulin","floor":7.0,"turns":6.0},{"damage":44.0,"enemies":"Gremlin Nob","floor":10.0,"turns":6.0},{"damage":10.0,"enemies":"3 Sentries","floor":12.0,"turns":9.0},{"damage":26.0,"enemies":"Gremlin Nob","floor":14.0,"turns":5.0},{"damage":33.0,"enemies":"Hexaghost","floor":16.0,"turns":6.0},{"damage":0.0,"enemies":"Shell Parasite","floor":18.0,"turns":3.0},{"damage":24.0,"enemies":"Gremlin Leader","floor":23.0,"turns":5.0},{"damage":22.0,"enemies":"Slavers","floor":25.0,"turns":5.0},{"damage":0.0,"enemies":"Spheric Guardian","floor":28.0,"turns":3.0},{"damage":0.0,"enemies":"Snake Plant","floor":29.0,"turns":4.0},{"damage":0.0,"enemies":"Gremlin Leader","floor":30.0,"turns":5.0},{"damage":0.0,"enemies":"Shelled Parasite and Fungi","floor":31.0,"turns":9.0},{"damage":5.0,"enemies":"Collector","floor":33.0,"turns":13.0},{"damage":0.0,"enemies":"Orb Walker","floor":35.0,"turns":16.0},{"damage":0.0,"enemies":"3 Shapes","floor":36.0,"turns":3.0},{"damage":0.0,"enemies":"Maw","floor":38.0,"turns":7.0},{"damage":0.0,"enemies":"Spire Growth","floor":39.0,"turns":7.0},{"damage":0.0,"enemies":"Giant Head","floor":40.0,"turns":12.0},{"damage":4.0,"enemies":"Nemesis","floor":44.0,"turns":7.0},{"damage":0.0,"enemies":"Giant Head","floor":48.0,"turns":5.0},{"damage":0.0,"enemies":"Donu and Deca","floor":50.0,"turns":7.0},{"damage":17.0,"enemies":"Shield and Spear","floor":54.0,"turns":5.0},{"damage":234,"enemies":"The Heart","floor":55,"turns":14}],"seed_played":"2717064277178498793","potions_obtained":[],"is_trial":false,"path_per_floor":["M","?","T","$","M","R","E","R","T","E","$","E","$","E","R","B",null,"M","?","?","$","?","E","R","E","T","$","M","M","E","M","R","B",null,"M","M","$","M","M","E","?","?","T","E","R","?","T","E","R","B",null,"R","$","E","B",null],"character_chosen":"DEFECT","items_purchased":["Heatsinks","Chill","Runic Capacitor"],"campfire_rested":0,"item_purchase_floors":[4,37,53],"current_hp_per_floor":[74,56,56,56,56,56,20,20,20,41,41,45,45,93,93,60,103,105,75,75,75,75,78,79,77,77,77,89,94,99,107,116,113,151,153,170,170,181,183,202,202,202,202,215,215,215,215,218,218,224,230,230,230,224,14],"gold":101,"neow_bonus":"BOSS_RELIC","is_daily":false,"chose_seed":false,"campfire_upgraded":7,"win_rate":0.0,"timestamp":1608823167,"path_taken":["M","?","?","?","?","R","E","R","T","E","$","E","$","E","R","BOSS","M","?","?","$","?","E","R","E","T","$","?","M","E","M","R","BOSS","M","?","$","M","M","E","?","?","T","E","R","?","?","E","R","BOSS","R","$","E","BOSS"],"items_purchased_type":["Card","Card","Relic"],"build_version":"2020-12-22","purchased_purges":5,"victory":true,"max_hp_per_floor":[75,75,75,75,75,75,75,75,75,79,79,89,89,93,93,103,103,108,75,75,75,75,79,79,88,88,88,89,97,107,125,125,151,151,168,175,175,181,193,205,205,205,205,215,215,215,215,218,218,230,230,230,230,243,243],"card_choices":[{"not_picked":["Rebound","Leap","Stack"],"picked":"SKIP","floor":1.0},{"not_picked":["Rebound","Hologram","Turbo"],"picked":"SKIP","floor":5.0},{"not_picked":["Skim","Streamline"],"picked":"Cold Snap","floor":7.0},{"not_picked":["Hologram","Multi-Cast","Gash"],"picked":"Singing Bowl","floor":10.0},{"not_picked":["Sweeping Beam+1","Redo","Steam Power"],"picked":"Singing Bowl","floor":12.0},{"not_picked":["Seek","Static Discharge","Biased Cognition"],"picked":"Singing Bowl","floor":14.0},{"not_picked":["Core Surge+1","Meteor Strike+1"],"picked":"Creative AI","floor":16.0},{"not_picked":["Skim+1","Beam Cell+1","Go for the Eyes+1"],"picked":"Singing Bowl","floor":18.0},{"not_picked":["BootSequence","Chaos"],"picked":"Blizzard+1","floor":23.0},{"not_picked":["Beam Cell+1","Cold Snap+1","Barrage+1"],"picked":"Singing Bowl","floor":25.0},{"not_picked":["Self Repair+1","Turbo","Scrape+1"],"picked":"Glacier","floor":28.0},{"not_picked":["Steam+1","Genetic Algorithm","Gash+1","Beam Cell+1"],"picked":"Singing Bowl","floor":29.0},{"not_picked":["Streamline+1","Conserve Battery","Rebound+1"],"picked":"Capacitor+1","floor":30.0},{"not_picked":["Beam Cell+1","Melter+1","Go for the Eyes+1","Machine Learning"],"picked":"Singing Bowl","floor":31.0},{"not_picked":["Machine Learning","All For One+1","Buffer","Echo Form"],"picked":"Singing Bowl","floor":33.0},{"not_picked":["Steam+1","Stack+1"],"picked":"Singing Bowl","floor":35.0},{"not_picked":["Hologram+1","Streamline+1"],"picked":"Singing Bowl","floor":36.0},{"not_picked":["Defragment+1","Conserve Battery+1"],"picked":"Singing Bowl","floor":38.0},{"not_picked":["Beam Cell+1","Go for the Eyes+1"],"picked":"Singing Bowl","floor":39.0},{"not_picked":["Steam","Fusion+1"],"picked":"Singing Bowl","floor":40.0},{"not_picked":["Compile Driver+1","Cold Snap+1"],"picked":"Singing Bowl","floor":44.0},{"not_picked":["Sunder+1"],"picked":"Amplify","floor":48.0},{"not_picked":["Auto Shields","Steam"],"picked":"Singing Bowl","floor":54.0}],"player_experience":67439,"relics_obtained":[{"floor":7.0,"key":"Singing Bowl"},{"floor":9.0,"key":"Meat on the Bone"},{"floor":10.0,"key":"Happy Flower"},{"floor":12.0,"key":"Molten Egg 2"},{"floor":14.0,"key":"Eternal Feather"},{"floor":23.0,"key":"Anchor"},{"floor":25.0,"key":"CaptainsWheel"},{"floor":26.0,"key":"Question Card"},{"floor":30.0,"key":"The Courier"},{"floor":40.0,"key":"Cables"},{"floor":43.0,"key":"StoneCalendar"},{"floor":44.0,"key":"MawBank"},{"floor":47.0,"key":"PreservedInsect"},{"floor":48.0,"key":"Du-Vu Doll"},{"floor":54.0,"key":"Bottled Lightning"}],"event_choices":[{"damage_healed":0.0,"max_hp_gain":0.0,"max_hp_loss":0.0,"gold_gain":0.0,"event_name":"Golden Idol","player_choice":"Take Damage","floor":2.0,"gold_loss":0.0,"damage_taken":18.0,"relics_obtained":["Golden Idol"]},{"damage_healed":0.0,"max_hp_gain":0.0,"max_hp_loss":33.0,"gold_gain":0.0,"event_name":"Vampires","player_choice":"Became a vampire","floor":19.0,"gold_loss":0.0,"damage_taken":0.0,"cards_obtained":["Bite","Bite","Bite","Bite","Bite"]},{"damage_healed":0.0,"max_hp_gain":0.0,"max_hp_loss":0.0,"gold_gain":0.0,"event_name":"The Library","player_choice":"Read","floor":20.0,"gold_loss":0.0,"damage_taken":0.0,"cards_obtained":["White Noise"]},{"damage_healed":0.0,"max_hp_gain":0.0,"max_hp_loss":0.0,"gold_gain":99.0,"event_name":"Nest","player_choice":"Stole From Cult","floor":22.0,"gold_loss":0.0,"damage_taken":0.0},{"damage_healed":0.0,"max_hp_gain":0.0,"max_hp_loss":0.0,"gold_gain":333.0,"event_name":"The Moai Head","player_choice":"Gave Idol","floor":41.0,"relics_lost":["Golden Idol"],"gold_loss":0.0,"damage_taken":0.0},{"damage_healed":0.0,"max_hp_gain":0.0,"max_hp_loss":0.0,"gold_gain":0.0,"event_name":"Tomb of Lord Red Mask","player_choice":"Paid","floor":42.0,"gold_loss":539.0,"damage_taken":0.0,"relics_obtained":["Red Mask"]},{"cards_removed":["Bite"],"damage_healed":0.0,"max_hp_gain":0.0,"max_hp_loss":0.0,"gold_gain":0.0,"event_name":"Falling","player_choice":"Removed Attack","floor":46.0,"gold_loss":0.0,"damage_taken":0.0}],"is_beta":false,"boss_relics":[{"not_picked":["Empty Cage","Philosopher\u0027s Stone"],"picked":"Inserter"},{"not_picked":["Pandora\u0027s Box","Calling Bell"],"picked":"Busted Crown"}],"items_purged_floors":[11,13,21,27,37],"is_endless":false,"potions_floor_spawned":[5,7,10,16,25,29,30,40,44,48],"ascension_level":3}}