{"host":"5ksdyw07v7d4yepu","time":1608775088,"event":{"mods":["BaseMod","Colored Map","Colored Powertips","Minty Spire (QoL Compilation)","Relic Stats","StSLib"],"gold_per_floor":[115,115,174,187,204,234,234,249,249,267,103,134,134,154,154,233,233,248,268,158,177,194,194,220,220,247,247,277,277,289,303,303,381,381,401,411,436,15,15,49,49,76,76,91,36,36,54,54,54,54,54],"floor_reached":50,"playtime":2915,"items_purged":["Limit Break"],"score":1064,"play_id":"1fd55888-5242-4326-afad-3423bb44a1dc","local_time":"20201223205808","is_ascension_mode":true,"campfire_choices":[{"data":"Immolate","floor":7.0,"key":"SMITH"},{"floor":13.0,"key":"REST"},{"data":"True Grit","floor":15.0,"key":"SMITH"},{"data":"Armaments","floor":23.0,"key":"SMITH"},{"data":"Intimidate","floor":27.0,"key":"SMITH"},{"data":"Shrug It Off","floor":29,"key":"SMITH"},{"data":"Flame Barrier","floor":32,"key":"SMITH"},{"data":"Havoc","floor":41,"key":"SMITH"},{"data":"Shrug It Off","floor":46,"key":"SMITH"},{"data":"Power Through","floor":49,"key":"SMITH"}],"circlet_count":0,"master_deck":["AscendersBane","Strike_R","Strike_R","Defend_R+1","Defend_R","Defend_R","Defend_R","Bash","Immolate+1","Disarm","Armaments+1","True Grit+1","Power Through+1","Juggernaut+1","Body Slam+1","Intimidate+1","Shrug It Off+1","Anger","Flame Barrier+1","Entrench+1","Feel No Pain+1","Shrug It Off+1","Havoc+1"],"relics":["Burning Blood","Charon\u0027s Ashes","Self Forming Clay","Pear","Art of War","Frozen Egg 2","Coffee Dripper","Toy Ornithopter","Bag of Preparation","Red Mask","Runic Dome","Champion Belt","Oddly Smooth Stone","Blue Candle","PreservedInsect","Ornamental Fan","The Courier"],"acts_visited":["Exordium","TheCity","TheBeyond"],"potions_floor_usage":[28,33,42,47,50],"damage_taken":[{"damage":11.0,"enemies":"Small Slimes","floor":1.0,"turns":3.0},{"damage":3.0,"enemies":"2 Louse","floor":4.0,"turns":2.0},{"damage":0.0,"enemies":"Cultist","floor":5.0,"turns":3.0},{"damage":22.0,"enemies":"3 Sentries","floor":6.0,"turns":5.0},{"damage":4.0,"enemies":"Looter","floor":8.0,"turns":3.0},{"damage":22.0,"enemies":"Large Slime","floor":10.0,"turns":4.0},{"damage":14.0,"enemies":"Lagavulin","floor":12.0,"turns":6.0},{"damage":0.0,"enemies":"2 Fungi Beasts","floor":14.0,"turns":1.0},{"damage":24.0,"enemies":"The Guardian","floor":16.0,"turns":13.0},{"damage":1.0,"enemies":"Spheric Guardian","floor":18.0,"turns":3.0},{"damage":21.0,"enemies":"Shell Parasite","floor":19.0,"turns":4.0},{"damage":20.0,"enemies":"Centurion and Healer","floor":21.0,"turns":3.0},{"damage":20.0,"enemies":"Snecko","floor":22.0,"turns":6.0},{"damage":16.0,"enemies":"Book of Stabbing","floor":24.0,"turns":6.0},{"damage":9,"enemies":"Masked Bandits","floor":28,"turns":3},{"damage":16,"enemies":"Sentry and Sphere","floor":30,"turns":4},{"damage":1,"enemies":"Cultist and Chosen","floor":31,"turns":6},{"damage":44,"enemies":"Automaton","floor":33,"turns":11},{"damage":2,"enemies":"Orb Walker","floor":35,"turns":3},{"damage":3,"enemies":"3 Shapes","floor":36,"turns":4},{"damage":17,"enemies":"Mind Bloom Boss Battle","floor":37,"turns":7},{"damage":32,"enemies":"Reptomancer","floor":40,"turns":6},{"damage":18,"enemies":"Nemesis","floor":42,"turns":5},{"damage":0,"enemies":"3 Darklings","floor":44,"turns":3},{"damage":25,"enemies":"Transient","floor":47,"turns":6},{"damage":56,"enemies":"Time Eater","floor":50,"turns":10}],"seed_played":"6004211999397697182","potions_obtained":[{"floor":1.0,"key":"CultistPotion"},{"floor":8.0,"key":"Energy Potion"},{"floor":10.0,"key":"EssenceOfSteel"},{"floor":19.0,"key":"SpeedPotion"},{"floor":24.0,"key":"LiquidBronze"},{"floor":28,"key":"FairyPotion"},{"floor":30,"key":"Dexterity Potion"},{"floor":37,"key":"SkillPotion"}],"is_trial":false,"path_per_floor":["M","?","?","M","M","E","R","M","T","M","$","E","R","M","R","B",null,"M","M","?","M","M","R","E","?","T","R","?","R","M","M","R","B",null,"M","M","?","$","?","E","R","E","T","M","$","R","M","T","R","B"],"character_chosen":"IRONCLAD","items_purchased":["Art of War","Feel No Pain+1","Shrug It Off","Oddly Smooth Stone","ElixirPotion","BloodPotion"],"campfire_rested":1,"item_purchase_floors":[11,38,38,38,38,45],"current_hp_per_floor":[45,34,34,37,43,27,27,29,39,23,23,15,40,46,46,28,71,76,61,61,47,33,33,23,23,23,23,25,25,15,20,20,18,68,72,75,64,64,64,38,38,31,31,37,37,37,40,40,40,0,0],"gold":54,"neow_bonus":"THREE_RARE_CARDS","is_daily":false,"chose_seed":false,"campfire_upgraded":9,"win_rate":0.0,"timestamp":1608775088,"path_taken":["M","?","?","M","M","E","R","M","T","M","$","E","R","M","R","BOSS","M","M","?","M","?","R","E","?","T","R","?","R","M","M","R","BOSS","M","M","?","$","?","E","R","E","T","M","?","R","?","?","R","BOSS"],"items_purchased_type":["Relic","Card","Card","Relic","Potion","Potion"],"build_version":"2020-12-22","purchased_purges":1,"victory":false,"max_hp_per_floor":[75,75,75,75,75,75,75,75,85,85,85,85,85,85,85,85,85,85,85,85,85,85,85,85,85,85,85,85,85,85,85,85,85,85,85,85,85,85,85,85,85,85,85,85,85,85,85,85,85,85,85],"relic_stats":{"counters":[26,130],"Self Forming Clay":[144],"Ornamental Fan":[8],"Blue Candle":[1],"Charon\u0027s Ashes":[394],"PreservedInsect":0,"Art of War":[32],"Bag of Preparation":[24],"Champion Belt":[5],"obtain_stats":[{"Pear":9,"Self Forming Clay":6,"Blue Candle":40,"Oddly Smooth Stone":38,"Charon\u0027s Ashes":2,"PreservedInsect":42,"The Courier":48,"Bag of Preparation":26,"Frozen Egg 2":12,"Burning Blood":0,"Runic Dome":34,"Ornamental Fan":43,"Art of War":11,"Coffee Dripper":17,"Red Mask":28,"Champion Belt":37,"Toy Ornithopter":24},{"Pear":5,"Self Forming Clay":4,"Blue Candle":22,"Oddly Smooth Stone":21,"Charon\u0027s Ashes":1,"PreservedInsect":23,"The Courier":25,"Bag of Preparation":14,"Frozen Egg 2":7,"Burning Blood":0,"Runic Dome":18,"Ornamental Fan":23,"Art of War":6,"Coffee Dripper":9,"Red Mask":15,"Champion Belt":21,"Toy Ornithopter":14},{"Pear":16,"Self Forming Clay":13,"Blue Candle":106,"Oddly Smooth Stone":100,"Charon\u0027s Ashes":3,"PreservedInsect":111,"The Courier":120,"Bag of Preparation":62,"Frozen Egg 2":26,"Burning Blood":0,"Runic Dome":86,"Ornamental Fan":111,"Art of War":20,"Coffee Dripper":40,"Red Mask":65,"Champion Belt":100,"Toy Ornithopter":62}],"Burning Blood":150,"Toy Ornithopter":25},"card_choices":[{"not_picked":["Bludgeon","Offering"],"picked":"Immolate","floor":0.0},{"not_picked":["Dark Embrace","Burning Pact","Carnage"],"picked":"SKIP","floor":1.0},{"not_picked":["Thunderclap","Flex","Sword Boomerang"],"picked":"SKIP","floor":4.0},{"not_picked":["Carnage","Pommel Strike","Clothesline"],"picked":"SKIP","floor":5.0},{"not_picked":["Fire Breathing","Clash"],"picked":"Disarm","floor":6.0},{"not_picked":["Bludgeon","Flex"],"picked":"Armaments","floor":8.0},{"not_picked":["Dual Wield","Rage","Perfected Strike"],"picked":"SKIP","floor":10.0},{"not_picked":["Pummel","Carnage"],"picked":"True Grit","floor":12.0},{"not_picked":["Shockwave","Clothesline"],"picked":"Power Through","floor":14.0},{"not_picked":["Bludgeon","Exhume"],"picked":"Juggernaut+1","floor":16.0},{"not_picked":["Shrug It Off","Sword Boomerang"],"picked":"Body Slam+1","floor":18.0},{"not_picked":["Shockwave","Entrench","Sword Boomerang"],"picked":"SKIP","floor":19.0},{"not_picked":["Armaments","Wild Strike"],"picked":"Intimidate","floor":21.0},{"not_picked":["Limit Break","Clash","Sword Boomerang"],"picked":"SKIP","floor":22.0},{"not_picked":["Cleave+1","Anger"],"picked":"Shrug It Off","floor":24.0},{"not_picked":["Reaper","Rupture+1","Blood for Blood"],"picked":"SKIP","floor":30},{"not_picked":["Inflame+1","Perfected Strike"],"picked":"Flame Barrier","floor":31},{"not_picked":["Reckless Charge+1","Searing Blow","Iron Wave"],"picked":"SKIP","floor":35},{"not_picked":["Rupture+1","Heavy Blade","Disarm"],"picked":"SKIP","floor":36},{"not_picked":["Pommel Strike","Blood for Blood"],"picked":"Entrench+1","floor":37},{"not_picked":["Anger","Havoc","Iron Wave"],"picked":"SKIP","floor":40},{"not_picked":["Anger","Iron Wave"],"picked":"Havoc","floor":40},{"not_picked":["Havoc","Sword Boomerang+1","Clash"],"picked":"SKIP","floor":42},{"not_picked":["Cleave+1","Twin Strike+1","Uppercut"],"picked":"SKIP","floor":44},{"not_picked":["Rage","Shrug It Off","Entrench"],"picked":"SKIP","floor":47}],"player_experience":574374,"relics_obtained":[{"floor":6.0,"key":"Self Forming Clay"},{"floor":9.0,"key":"Pear"},{"floor":12.0,"key":"Frozen Egg 2"},{"floor":24.0,"key":"Toy Ornithopter"},{"floor":26.0,"key":"Bag of Preparation"},{"floor":28,"key":"Red Mask"},{"floor":37,"key":"Champion Belt"},{"floor":40,"key":"Blue Candle"},{"floor":42,"key":"PreservedInsect"},{"floor":43,"key":"Ornamental Fan"},{"floor":48,"key":"The Courier"}],"event_choices":[{"damage_healed":0.0,"max_hp_gain":0.0,"max_hp_loss":0.0,"gold_gain":0.0,"event_name":"Scrap Ooze","player_choice":"Success","floor":2.0,"gold_loss":0.0,"damage_taken":11.0,"relics_obtained":["Charon\u0027s Ashes"]},{"damage_healed":0.0,"max_hp_gain":0.0,"max_hp_loss":0.0,"gold_gain":59.0,"event_name":"Golden Wing","player_choice":"Gained Gold","floor":3.0,"gold_loss":0.0,"damage_taken":0.0},{"cards_removed":["Strike_R"],"damage_healed":0.0,"max_hp_gain":0.0,"max_hp_loss":0.0,"gold_gain":0.0,"event_name":"Designer","player_choice":"Upgrade and Remove","floor":20.0,"gold_loss":110.0,"damage_taken":0.0,"cards_upgraded":["Defend_R"]},{"damage_healed":0.0,"max_hp_gain":0.0,"max_hp_loss":0.0,"gold_gain":0.0,"cards_transformed":["Strike_R","Strike_R"],"event_name":"Drug Dealer","player_choice":"Became Test Subject","floor":25.0,"gold_loss":0.0,"damage_taken":0.0,"cards_obtained":["Anger","Limit Break"]},{"damage_healed":0,"gold_gain":0,"player_choice":"Fought Bandits","damage_taken":0,"max_hp_gain":0,"max_hp_loss":0,"event_name":"Masked Bandits","floor":28,"gold_loss":0},{"damage_healed":0,"gold_gain":0,"player_choice":"Fight","damage_taken":0,"max_hp_gain":0,"max_hp_loss":0,"event_name":"MindBloom","floor":37,"gold_loss":0},{"damage_healed":0,"gold_gain":0,"player_choice":"Ignored","damage_taken":0,"max_hp_gain":0,"max_hp_loss":0,"event_name":"Mysterious Sphere","floor":39,"gold_loss":0}],"is_beta":false,"boss_relics":[{"not_picked":["SlaversCollar","Black Star"],"picked":"Coffee Dripper"},{"not_picked":["Runic Cube","Philosopher\u0027s Stone"],"picked":"Runic Dome"}],"items_purged_floors":[38],"is_endless":false,"potions_floor_spawned":[1,8,10,19,24,28,30,37,40],"killed_by":"Time Eater","ascension_level":20}}