{"host":"rgcz6yx3duq0lh14","time":1608841387,"event":{"mods":["ATMod(à¢‡ıMod)","AchievementEnabler","Act Like it!","Aspiration","Astrologer","BaseMod","CapriCore","Chen","Colored Map","Decade(â§è¨ñæ)","Friendly Minions","Gensokyo","GungeonMod","Hallownest","Hermit","Jedi Mod","KinomotoSakuraMod(ñÿîVñ{?)","Koishi","Luminous","Mari Mod (Legacy)","Mari\u0027s V1 Patch","MarisaÅiñ∂âJÅ@ñÇóùçπÅj","Minty Spire (QoL Compilation)","MostiFishMod","Pale of the Ancients","Permanent Neow","Prisma Mod","Quick Restart","RemiliaÅiÂQïƒ‰ª?Åj","Replay The Spire","Robot Space Explorer","RumiaBox-òIïƒ?ìIê_îÈ·¥éq","Spicy Shops","StSLib","The Animator","The Bug Knight","The Cursed","The Dragon Tamer","The Gatherer","The Immortal","The Mystic","The Poker Player","The Runesmith","The Senshi","The Servant 0.9.4","TheWitcher","YoumuÅiç∞ÈÆódöÎÅj","Åy?ï˚ìÒéü?çÏÅzî™â]éámod","Åy?ï®?îvÅzREMEMod"],"gold_per_floor":[12,12,12,94,137,171,171,181,181,11,28,45,45,79,79,179,179,195,148,162,162,6,6,38,53,53,69,96,112,112,62,62,160,160,170,190,95,95,106,388,388,416,441,441,454,454,454,68,68,68,79,95,95,95,95,95,95,95,95,95],"floor_reached":61,"playtime":3347,"items_purged":["Injury","theSenshi:SailorKick"],"score":1763,"play_id":"b91c30c5-e1d8-42a7-b79b-877e1b5b7d44","local_time":"20201225042307","is_ascension_mode":true,"campfire_choices":[{"data":"theSenshi:GlimpseOfThePast","floor":13.0,"key":"SMITH"},{"floor":15.0,"key":"DIG"},{"data":"theSenshi:MoonSpiralHeartAttack","floor":23,"key":"SMITH"},{"data":"theSenshi:MoonGorgeousMeditation","floor":30,"key":"SMITH"},{"data":"theSenshi:MoonCrystalPowerMakeUp","floor":32,"key":"SMITH"},{"data":"theSenshi:MoonCrisisMakeUp","floor":41,"key":"SMITH"},{"data":"theSenshi:MoonPrismPowerMakeUp","floor":49,"key":"SMITH"},{"data":"REME_Flogging","floor":55,"key":"SMITH"},{"floor":57,"key":"RECALL"}],"circlet_count":0,"master_deck":["theSenshi:SailorKick","theSenshi:RoseThrow","theSenshi:MoonPrismPowerMakeUp+1","theSenshi:TuxedoMaskAssists","theSenshi:OdangoHead","theSenshi:SailorVenusAssists","theSenshi:MoonPrincessHalation","theSenshi:MoonsReflection","theSenshi:GlimpseOfThePast+1","theSenshi:MoonSpiralHeartAttack+1","theSenshi:MoonCrystalPowerMakeUp+1","theSenshi:MoonCosmicPowerMakeUp","theSenshi:SailorStarHealerAssists","theSenshi:MoonGorgeousMeditation+1","theSenshi:IWillPunishYou","theSenshi:LateForSchool+1","theSenshi:DramaticEntrance","theSenshi:MoonPrincessHalation+1","theSenshi:MoonCrisisMakeUp+1","theSenshi:JupitersPower","theSenshi:MoonTiaraMagic+1","theSenshi:SailorV+1","theSenshi:MoonKick+1","Gensokyo:UnlikelyAid+1","Replay:Bag of Tricks","Concentrate","Deflect","REME_Flogging+1"],"relics":["theSenshi:TransformationBroochRelic","DaveBox","AT_ATBox","REME_ComplimentaryCards","SynthV:TestCard","EGODaCapo","Lantern","DemoMod:GlassGuonStoneRelic","Shuriken","Gensokyo:NagashiBinaDoll","Replay:Rubber Ducky","jedi:heavyjacket","GodSword6","ChiXiaoBlade","theSenshi:SuperSailorFukuRelic","AT_EbonyIvory","DemoMod:OrangeGuonStone","Runesmith:Locket","Oddly Smooth Stone","aspiration:IroncladSkillbook","theSenshi:RoseRelic","Gremlin Food","AT_DeathDance","Vajra","jedi:matchstick","paleoftheancients:Timepiece","paleoftheancients:KeyRelic","Anchor","Bronze Scales","paleoftheancients:SoulOfTheWatcher","Snack Pack","Bird Faced Urn"],"acts_visited":["Gensokyo:Gensokyo","Gensokyo:Gensokyoer","Gensokyo:Gensokyoest","paleoftheancients:PaleOfTheAncients"],"potions_floor_usage":[25,33,40,40,40,40,46,46,60],"damage_taken":[{"damage":0.0,"enemies":"Gensokyo:Python","floor":1.0,"turns":4.0},{"damage":0.0,"enemies":"Gensokyo:Gryphon","floor":5.0,"turns":4.0},{"damage":12.0,"enemies":"Gensokyo:Mamizou","floor":6.0,"turns":8.0},{"damage":0.0,"enemies":"Gensokyo:2_Kodama","floor":8.0,"turns":5.0},{"damage":0.0,"enemies":"Gensokyo:Gryphon_and_Rabbit","floor":11.0,"turns":7.0},{"damage":0.0,"enemies":"Gensokyo:Kitsune","floor":12.0,"turns":4.0},{"damage":0.0,"enemies":"Gensokyo:Cirno","floor":14.0,"turns":8.0},{"damage":0.0,"enemies":"Gensokyo:Reimu","floor":16.0,"turns":11.0},{"damage":0.0,"enemies":"Gensokyo:CosmicMonolith","floor":18.0,"turns":6.0},{"damage":0,"enemies":"Gensokyo:Chomper","floor":20,"turns":5},{"damage":0,"enemies":"Gensokyo:Koishi","floor":24,"turns":11},{"damage":0,"enemies":"Gensokyo:Slime_Group","floor":25,"turns":6},{"damage":0,"enemies":"Gensokyo:Mirror_and_Dog","floor":27,"turns":5},{"damage":0,"enemies":"Gensokyo:Tenshi","floor":28,"turns":5},{"damage":0,"enemies":"Gensokyo:Wraith","floor":29,"turns":5},{"damage":0,"enemies":"Gensokyo:Eternal_Rivals","floor":33,"turns":14},{"damage":0,"enemies":"Gensokyo:3_Bats","floor":35,"turns":4},{"damage":0,"enemies":"Gensokyo:3_Boulders","floor":36,"turns":6},{"damage":0,"enemies":"Gensokyo:4_Bats","floor":39,"turns":7},{"damage":0,"enemies":"Gensokyo:Kasen","floor":40,"turns":6},{"damage":0,"enemies":"Gensokyo:Doremy","floor":42,"turns":5},{"damage":0,"enemies":"Gensokyo:SeedOfUnknown","floor":45,"turns":5},{"damage":0,"enemies":"Gensokyo:Yuyuko","floor":50,"turns":6},{"damage":0,"enemies":"Gensokyo:Yuyuko","floor":51,"turns":4},{"damage":0,"enemies":"Gensokyo:Yuyuko","floor":52,"turns":7},{"damage":537,"enemies":"Gensokyo:Yuyuko","floor":56,"turns":17},{"damage":0,"enemies":"paleoftheancients:N","floor":60,"turns":9}],"seed_played":"-7640782529386171407","potions_obtained":[{"floor":4.0,"key":"Fruit Juice"},{"floor":4.0,"key":"REME_GoldPotion"},{"floor":4.0,"key":"CultistPotion"},{"floor":8.0,"key":"SteroidPotion"},{"floor":11.0,"key":"SpeedPotion"},{"floor":24,"key":"Strength Potion"},{"floor":28,"key":"ColorlessPotion"},{"floor":33,"key":"ColorlessPotion"},{"floor":35,"key":"DuplicationPotion"},{"floor":36,"key":"Swift Potion"},{"floor":45,"key":"Energy Potion"}],"is_trial":false,"path_per_floor":["M","?","$","?","M","E","?","M","T","$","M","M","R","E","R_BF","B",null,"M","COS","M","?","$","R","E","M","T","M","E","M","R","?","R","B",null,"M","M","COS","?","M","E","R","E","T","?","M","?","?","$","R","B","M","M","?","T","R","M","R","T","?","B",null],"character_chosen":"THE_SENSHI","items_purchased":["theSenshi:MoonCrystalPowerMakeUp","AT_EbonyIvory","REME_Flogging"],"campfire_rested":0,"item_purchase_floors":[10,22,48],"current_hp_per_floor":[75,75,75,62,62,50,50,50,50,50,50,50,50,50,50,55,80,80,80,80,80,80,80,80,80,80,80,80,80,80,87,87,87,87,87,87,87,72,76,85,85,87,87,87,87,87,87,87,87,87,87,87,87,87,87,87,87,87,87,87],"gold":95,"neow_bonus":"TRANSFORM_TWO_CARDS","is_daily":false,"chose_seed":false,"campfire_upgraded":7,"win_rate":0.0,"timestamp":1608841387,"path_taken":["M","?","$","?","M","E","?","M","T","$","M","M","R","E","R_BF","BOSS","M","COS","M","?","$","R","E","M","T","M","E","?","R","?","R","BOSS","M","?","COS","?","?","E","R","E","T","?","?","?","?","$","R","BOSS","M","M","?","T","R","M","R","T","?","BOSS"],"items_purchased_type":["Card","Relic","Card"],"build_version":"2020-12-22","purchased_purges":2,"victory":true,"max_hp_per_floor":[75,75,75,80,80,80,80,80,80,80,80,80,80,80,80,80,80,80,80,80,80,80,80,80,80,80,80,80,80,80,87,87,87,87,87,87,87,87,87,87,87,87,87,87,87,87,87,87,87,87,87,87,87,87,87,87,87,87,87,87],"card_choices":[{"not_picked":["theSenshi:EncouragingSpeech","theSenshi:YouCanTalk"],"picked":"theSenshi:SailorVenusAssists","floor":1.0},{"not_picked":["theSenshi:SchoolBag","theSenshi:MoonKick","theSenshi:SailorPlanetAttack","theSenshi:RainbowMoonHeartAche"],"picked":"theSenshi:MoonPrincessHalation","floor":4.0},{"not_picked":["theSenshi:MoonPrincessHalation","theSenshi:FatedKiss","theSenshi:EncouragingSpeech","theSenshi:SupersonicWaves"],"picked":"theSenshi:MoonsReflection","floor":5.0},{"not_picked":["theSenshi:SailorMercuryAssists","theSenshi:UranusStrength","theSenshi:TuxedoMaskAssists","theSenshi:SailorV"],"picked":"theSenshi:GlimpseOfThePast","floor":6.0},{"not_picked":["theSenshi:MoonKick","theSenshi:HesSoDreamy","theSenshi:OdangoHead","theSenshi:InTheNickOfTime"],"picked":"theSenshi:MoonSpiralHeartAttack","floor":8.0},{"not_picked":["theSenshi:SupersonicWaves","theSenshi:LunasBite","theSenshi:SailorMercuryAssists","theSenshi:SchoolBag","theSenshi:JupitersPower"],"picked":"SKIP","floor":11.0},{"not_picked":["theSenshi:MoonsReflection","theSenshi:LunaSensingAllies","theSenshi:SaturnsMystery","theSenshi:SchoolBag"],"picked":"theSenshi:MoonCosmicPowerMakeUp","floor":12.0},{"not_picked":["theSenshi:TallSilhouette","theSenshi:MoonTwilightFlash","theSenshi:MoonPunch","theSenshi:SailorStarFighterAssists"],"picked":"theSenshi:SailorStarHealerAssists","floor":14.0},{"not_picked":["theSenshi:InTheNameOfTheMoon","theSenshi:StudyParty","theSenshi:SilverMoonCrystalPowerKiss","theSenshi:IWillPunishYou"],"picked":"theSenshi:MoonGorgeousMeditation","floor":16.0},{"not_picked":["theSenshi:TuxedoSmokingBomber","theSenshi:SchoolBag","theSenshi:EncouragingSpeech","theSenshi:SailorVenusAssists","theSenshi:SupersonicWaves"],"picked":"SKIP","floor":18.0},{"not_picked":["theSenshi:SailorUranusAssists","theSenshi:OdangoHead","theSenshi:Sidestep","theSenshi:SchoolBag+1","theSenshi:SaturnsMystery"],"picked":"SKIP","floor":20},{"not_picked":["theSenshi:MoonSpiralHeartAttack","theSenshi:MoonCosmicPowerMakeUp","theSenshi:EncouragingSpeech","theSenshi:MoonHealingEscalation"],"picked":"theSenshi:IWillPunishYou","floor":24},{"not_picked":["theSenshi:OdangoHead","theSenshi:TuxedoSmokingBomber","theSenshi:MoonsReflection","theSenshi:LunasBite+1"],"picked":"theSenshi:LateForSchool+1","floor":25},{"not_picked":["theSenshi:SchoolBag","theSenshi:Sidestep","theSenshi:MoonTiaraMagic","theSenshi:SailorMarsAssists+1"],"picked":"theSenshi:DramaticEntrance","floor":27},{"not_picked":["theSenshi:SailorMarsAssists","theSenshi:LunasBite","theSenshi:SupersonicWaves","theSenshi:MoonHealingEscalation"],"picked":"theSenshi:MoonPrincessHalation+1","floor":28},{"not_picked":["theSenshi:LateForSchool","theSenshi:MoonlightKnight","theSenshi:TuxedoMaskAssists","theSenshi:CrisisMakeUp"],"picked":"theSenshi:MoonCrisisMakeUp","floor":29},{"not_picked":["theSenshi:SailorCosmosAssists","theSenshi:SailorPlutoAssists","theSenshi:GlimpseOfThePast","theSenshi:FatedKiss"],"picked":"theSenshi:JupitersPower","floor":33},{"not_picked":["Body Slam","Blood for Blood","Shrug It Off","theSenshi:SailorMercuryAssists","Iron Wave+1","theSenshi:MoonTiaraMagic"],"picked":"SKIP","floor":35},{"not_picked":["Disarm","Havoc","ReplayTheSpireMod:Corrosion Curse","theSenshi:SailorNeptuneAssists","Iron Wave","Carnage"],"picked":"SKIP","floor":36},{"not_picked":["theSenshi:SteeledNerves","theSenshi:SailorNeptuneAssists","theSenshi:MoonPrincessHalation","REME_Scribble+1","theSenshi:TuxedoMaskAssists+1"],"picked":"theSenshi:MoonTiaraMagic+1","floor":39},{"not_picked":["Clash","Armaments+1","MostiFishMod:ChineseTea","theSenshi:SailorVenusAssists+1","theSenshi:KlutzyLuck"],"picked":"AT_BodySlamDance","floor":40},{"not_picked":["Massacre","Pummel+1","Brutality","Ghostly Armor","Seeing Red"],"picked":"theSenshi:SailorV+1","floor":42},{"not_picked":["theSenshi:LunaSensingAllies+1","theSenshi:UranusStrength+1","Headbutt+1","Pummel","theSenshi:CrisisMakeUp"],"picked":"theSenshi:MoonKick+1","floor":45},{"not_picked":["Gensokyo:UnhurriedMind+1","Gensokyo:LifeSpringInfinity+1"],"picked":"Gensokyo:UnlikelyAid+1","floor":46},{"not_picked":["theSenshi:MoonTiaraMagic","AT_IchimonjiDouble+1","jedi:hate+1","Power Through+1","Blood for Blood+1","Warcry"],"picked":"SKIP","floor":51},{"not_picked":["theSenshi:EncouragingSpeech+1","theSenshi:VenusGlamour+1","ReplayTheSpireMod:Strike From Hell+1","Flame Barrier","theSenshi:SailorVenusAssists+1","Headbutt+1"],"picked":"SKIP","floor":52}],"player_experience":946942,"relics_obtained":[{"floor":1.0,"key":"SynthV:TestCard"},{"floor":6.0,"key":"Shuriken"},{"floor":9.0,"key":"Replay:Rubber Ducky"},{"floor":14.0,"key":"jedi:heavyjacket"},{"floor":15.0,"key":"GodSword6"},{"floor":24,"key":"DemoMod:OrangeGuonStone"},{"floor":28,"key":"Oddly Smooth Stone"},{"floor":40,"key":"Gremlin Food"},{"floor":42,"key":"AT_DeathDance"},{"floor":43,"key":"Vajra"},{"floor":51,"key":"paleoftheancients:SoulOfTheWatcher"},{"floor":52,"key":"paleoftheancients:SoulOfTheShapes"},{"floor":54,"key":"Snack Pack"},{"floor":58,"key":"Bird Faced Urn"}],"event_choices":[{"cards_removed":["theSenshi:SailorKick"],"damage_healed":0,"gold_gain":0,"player_choice":"Purged","damage_taken":0,"max_hp_gain":0,"max_hp_loss":0,"event_name":"Purifier","floor":53,"gold_loss":0}],"is_beta":false,"boss_relics":[{"not_picked":["Honey Jar","Sozu"],"picked":"ChiXiaoBlade"},{"not_picked":["HaiYi:Twilight","DemoMod:WaxWing"],"picked":"aspiration:IroncladSkillbook"}],"items_purged_floors":[10,48],"is_endless":false,"potions_floor_spawned":[8,11,24,28,33,35,36,45,56],"ascension_level":1}}