{"host":"68ot8h7h5ykaa5ak","time":1608806947,"event":{"mods":["AchievementEnabler","BaseMod","Colored Map","Colored Powertips","Filter the Spire","Minty Spire (QoL Compilation)","Relic Stats","ojb\u0027s Better Paths Mod","ojb\u0027s Info Mod"],"gold_per_floor":[112,112,128,128,128,128,142,142,142,142,159,33,67,83,83,181,181,199,199,199,210,210,244,258,289,289,304,484,504,504,45,45,140,140,150,164,39,50,62,62,92,92,92],"floor_reached":42,"playtime":4988,"items_purged":["Regret","Doubt","Armaments+1"],"score":468,"play_id":"859200e5-de6d-4371-829d-1b149a0e34db","local_time":"20201224114907","is_ascension_mode":false,"campfire_choices":[{"data":"Bash","floor":6.0,"key":"SMITH"},{"data":"Shrug It Off","floor":8.0,"key":"SMITH"},{"data":"Headbutt","floor":10.0,"key":"SMITH"},{"data":"Offering","floor":15.0,"key":"SMITH"},{"data":"Clothesline","floor":30.0,"key":"SMITH"},{"floor":32.0,"key":"REST"},{"data":"Feed","floor":40,"key":"SMITH"}],"circlet_count":0,"master_deck":["Strike_R+1","Strike_R+1","Strike_R+1","Strike_R+1","Defend_R+1","Defend_R+1","Defend_R+1","Bash+1","Shrug It Off+1","Headbutt+1","Pommel Strike","Offering+1","Juggernaut+1","Inflame+1","Dual Wield+1","Clothesline+1","Inflame+1","Feed+1","Warcry+1","Uppercut"],"relics":["Black Blood","Frozen Egg 2","Red Skull","Paper Frog","CaptainsWheel","Cursed Key","Orichalcum","Nunchaku","Eternal Feather","Ice Cream","Bronze Scales"],"acts_visited":["Exordium","TheCity","TheBeyond"],"potions_floor_usage":[33,33,38],"damage_taken":[{"damage":0.0,"enemies":"Small Slimes","floor":1.0,"turns":3.0},{"damage":2.0,"enemies":"2 Louse","floor":3.0,"turns":3.0},{"damage":9.0,"enemies":"Jaw Worm","floor":7.0,"turns":3.0},{"damage":10.0,"enemies":"Blue Slaver","floor":11.0,"turns":4.0},{"damage":33.0,"enemies":"Lagavulin","floor":13.0,"turns":6.0},{"damage":6.0,"enemies":"Exordium Thugs","floor":14.0,"turns":2.0},{"damage":32.0,"enemies":"The Guardian","floor":16.0,"turns":9.0},{"damage":8.0,"enemies":"3 Byrds","floor":18.0,"turns":5.0},{"damage":6.0,"enemies":"Spheric Guardian","floor":21.0,"turns":3.0},{"damage":18.0,"enemies":"Book of Stabbing","floor":23.0,"turns":4.0},{"damage":7.0,"enemies":"Snake Plant","floor":24.0,"turns":4.0},{"damage":22.0,"enemies":"Slavers","floor":25.0,"turns":5.0},{"damage":16.0,"enemies":"Cultist and Chosen","floor":27.0,"turns":5.0},{"damage":6.0,"enemies":"3 Cultists","floor":29.0,"turns":4.0},{"damage":12,"enemies":"Champ","floor":33,"turns":8},{"damage":6,"enemies":"Orb Walker","floor":35,"turns":3},{"damage":8,"enemies":"3 Shapes","floor":36,"turns":3},{"damage":20,"enemies":"Spire Growth","floor":38,"turns":3},{"damage":25,"enemies":"3 Darklings","floor":39,"turns":5},{"damage":58,"enemies":"Giant Head","floor":41,"turns":8},{"damage":28,"enemies":"Writhing Mass","floor":42,"turns":3}],"seed_played":"-7839368058411101091","potions_obtained":[{"floor":7.0,"key":"Regen Potion"},{"floor":11.0,"key":"Explosive Potion"},{"floor":13.0,"key":"Strength Potion"},{"floor":24.0,"key":"CultistPotion"},{"floor":25.0,"key":"Swift Potion"},{"floor":27.0,"key":"DuplicationPotion"},{"floor":29.0,"key":"Block Potion"},{"floor":33,"key":"Block Potion"},{"floor":36,"key":"Explosive Potion"},{"floor":38,"key":"BlessingOfTheForge"},{"floor":41,"key":"Fire Potion"}],"is_trial":false,"path_per_floor":["M","?","M","?","?","R","M","R","T","R","M","$","E","M","R","B",null,"M","?","?","M","?","E","M","E","T","M","?","M","R","$","R","B",null,"M","M","$","M","M","R","E","M"],"character_chosen":"IRONCLAD","items_purchased":["Pommel Strike","Ice Cream","Inflame+1"],"campfire_rested":1,"item_purchase_floors":[12,31,31],"current_hp_per_floor":[80,80,80,80,73,73,70,70,70,70,66,66,53,53,53,27,80,78,78,78,78,78,66,65,49,49,39,20,20,29,29,62,56,80,80,83,83,78,65,74,28,0,0],"gold":92,"neow_bonus":"RANDOM_COLORLESS","is_daily":false,"chose_seed":false,"campfire_upgraded":6,"win_rate":0.0,"timestamp":1608806947,"path_taken":["M","?","M","?","?","R","M","R","T","R","?","$","E","M","R","BOSS","M","?","?","?","?","E","M","E","T","M","?","M","R","$","R","BOSS","M","?","$","M","M","R","E","M"],"items_purchased_type":["Card","Relic","Card"],"build_version":"2020-12-22","purchased_purges":3,"victory":false,"max_hp_per_floor":[80,80,80,80,80,80,80,80,80,80,80,80,80,80,80,80,80,80,80,80,80,80,80,80,80,80,80,80,80,80,80,80,80,80,80,83,83,86,86,86,86,86,86],"relic_stats":{"Nunchaku":[8],"counters":[21,93],"Bronze Scales":[18],"Black Blood":130,"Eternal Feather":27,"Orichalcum":[48],"Cursed Key":1,"obtain_stats":[{"Ice Cream":31,"CaptainsWheel":13,"Nunchaku":25,"Bronze Scales":41,"Black Blood":34,"Eternal Feather":26,"Frozen Egg 2":4,"Orichalcum":23,"Cursed Key":17,"Burning Blood":0,"Red Skull":5,"Paper Frog":9},{"Ice Cream":14,"CaptainsWheel":5,"Nunchaku":12,"Bronze Scales":20,"Black Blood":15,"Eternal Feather":12,"Frozen Egg 2":2,"Orichalcum":10,"Cursed Key":7,"Burning Blood":0,"Red Skull":2,"Paper Frog":3},{"Ice Cream":60,"CaptainsWheel":19,"Nunchaku":51,"Bronze Scales":90,"Black Blood":68,"Eternal Feather":51,"Frozen Egg 2":6,"Orichalcum":42,"Cursed Key":30,"Burning Blood":0,"Red Skull":6,"Paper Frog":9}]},"card_choices":[{"not_picked":["Forethought","Jack Of All Trades"],"picked":"Dramatic Entrance","floor":0.0},{"not_picked":["Headbutt","True Grit"],"picked":"Shrug It Off","floor":1.0},{"not_picked":["Body Slam","Clash","Twin Strike"],"picked":"SKIP","floor":3.0},{"not_picked":["Flame Barrier","Entrench"],"picked":"Headbutt","floor":7.0},{"not_picked":["Clash","Body Slam","Burning Pact"],"picked":"SKIP","floor":11.0},{"not_picked":["Bludgeon","Blood for Blood"],"picked":"Offering","floor":13.0},{"not_picked":["Headbutt","Entrench","Flex"],"picked":"SKIP","floor":14.0},{"not_picked":["Double Tap","Barricade+1"],"picked":"Juggernaut+1","floor":16.0},{"not_picked":["Twin Strike","Reckless Charge","Anger+1"],"picked":"SKIP","floor":18.0},{"not_picked":["Pommel Strike","Iron Wave+1"],"picked":"Armaments+1","floor":21.0},{"not_picked":["Anger","Sword Boomerang","Pummel+1"],"picked":"SKIP","floor":23.0},{"not_picked":["Sword Boomerang","Feel No Pain+1","Burning Pact"],"picked":"SKIP","floor":24.0},{"not_picked":["Flame Barrier+1","Pommel Strike+1"],"picked":"Dual Wield+1","floor":25.0},{"not_picked":["True Grit","Ghostly Armor","Anger"],"picked":"SKIP","floor":27.0},{"not_picked":["Twin Strike","Battle Trance"],"picked":"Clothesline","floor":29.0},{"not_picked":["Offering","Juggernaut+1"],"picked":"Feed","floor":33},{"not_picked":["Clothesline","Clash","True Grit+1"],"picked":"SKIP","floor":35},{"not_picked":["Burning Pact","Twin Strike","Armaments+1"],"picked":"SKIP","floor":36},{"not_picked":["Armaments","Bloodletting+1","Power Through"],"picked":"SKIP","floor":38},{"not_picked":["Clothesline","Combust+1"],"picked":"Warcry+1","floor":39},{"not_picked":["Iron Wave","Anger"],"picked":"Uppercut","floor":41}],"player_experience":0,"relics_obtained":[{"floor":9.0,"key":"Paper Frog"},{"floor":13.0,"key":"CaptainsWheel"},{"floor":23.0,"key":"Orichalcum"},{"floor":25.0,"key":"Nunchaku"},{"floor":26.0,"key":"Eternal Feather"},{"floor":41,"key":"Bronze Scales"}],"event_choices":[{"cards_removed":["Defend_R"],"damage_healed":0.0,"max_hp_gain":0.0,"max_hp_loss":0.0,"gold_gain":0.0,"event_name":"Living Wall","player_choice":"Forget","floor":2.0,"gold_loss":0.0,"damage_taken":0.0},{"damage_healed":0.0,"max_hp_gain":0.0,"max_hp_loss":0.0,"gold_gain":0.0,"event_name":"Big Fish","player_choice":"Box","floor":4.0,"gold_loss":0.0,"damage_taken":0.0,"relics_obtained":["Frozen Egg 2"],"cards_obtained":["Regret"]},{"damage_healed":0.0,"max_hp_gain":0.0,"max_hp_loss":0.0,"gold_gain":0.0,"event_name":"Scrap Ooze","player_choice":"Success","floor":5.0,"gold_loss":0.0,"damage_taken":7.0,"relics_obtained":["Red Skull"]},{"damage_healed":0.0,"max_hp_gain":0.0,"max_hp_loss":0.0,"gold_gain":0.0,"event_name":"The Library","player_choice":"Read","floor":19.0,"gold_loss":0.0,"damage_taken":0.0,"cards_obtained":["Inflame"]},{"cards_removed":["Strike_R"],"damage_healed":0.0,"max_hp_gain":0.0,"max_hp_loss":0.0,"gold_gain":0.0,"event_name":"Bonfire Elementals","player_choice":"Offered Basic","floor":20.0,"gold_loss":0.0,"damage_taken":0.0},{"damage_healed":0.0,"max_hp_gain":0.0,"max_hp_loss":0.0,"gold_gain":0.0,"event_name":"Back to Basics","player_choice":"Simplicity","floor":22.0,"gold_loss":0.0,"damage_taken":0.0,"cards_upgraded":["Strike_R","Strike_R","Strike_R","Strike_R","Defend_R","Defend_R","Defend_R"]},{"damage_healed":0.0,"max_hp_gain":0.0,"max_hp_loss":0.0,"gold_gain":180.0,"event_name":"Knowing Skull","player_choice":"GOLD GOLD ","floor":28.0,"potions_obtained":[],"gold_loss":0.0,"damage_taken":19.0,"cards_obtained":[]}],"is_beta":false,"boss_relics":[{"not_picked":["Astrolabe","Black Star"],"picked":"Cursed Key"},{"not_picked":["Runic Cube","Runic Dome"],"picked":"Black Blood"}],"items_purged_floors":[12,31,37],"is_endless":false,"potions_floor_spawned":[7,11,13,24,25,27,29,33,36,38,41],"killed_by":"Writhing Mass","ascension_level":0}}