{"host":"mytek2nu1hrzdnew","time":1608852137,"event":{"mods":["Aspiration","BaseMod","Conspire","GifTheSpireLib","Gold Saver","Hubris","Melee Mod","Minty Spire (QoL Compilation)","Replay The Spire","StSLib","Stuff the Spire"],"gold_per_floor":[875,905,442,490,534,645,689,689,716,772,810,810,810,863,863,1191,1191,1259,806,871,939,1017,1017,1136,1136,1204,1251,1298,686,794,862,1048,1390,1390,1456,1523,1023,1023,1090,1226,1307,1373,1373,516,516,682,801,860,860,884],"floor_reached":51,"playtime":2900,"items_purged":["meleeMod_FalconPunch","meleeMod_FalconPunch","meleeMod_Taunt","meleeMod_Pause","meleeMod_DownTilt"],"score":1055,"play_id":"1982ea77-d41e-4c49-a81e-0f00d6a1ce14","local_time":"20201224182216","daily_mods":["SealedDeck","Vintage","Heirloom","Midas","Binary"],"is_ascension_mode":false,"campfire_choices":[{"floor":13,"key":"REST"},{"floor":15,"key":"REST"},{"floor":23,"key":"REST"},{"floor":25,"key":"REST"},{"floor":45,"key":"REST"},{"floor":49,"key":"REST"}],"circlet_count":0,"master_deck":["meleeMod_FalconKick+1","meleeMod_PowerShield+1","meleeMod_SoftKnee","meleeMod_CommandGrab","meleeMod_PowerShield+1","meleeMod_NoDI","Blind+1","meleeMod_Cautious+1","meleeMod_SoftKnee","Finesse+1","meleeMod_MindReader+1","Specialist+1"],"relics":["Unceasing Top","Busted Crown","FossilizedHelix","aspiration:HiddenCompartment","Juzu Bracelet","Blood Vial","Replay:Bandana","CeramicFish","MealTicket","StuffTheSpire:Nightcore","Anchor","Bronze Scales","hubris:ToyBattleship","StuffTheSpire:EmeraldSignet","Blue Doll","conspire:RoyalGoblet","Meat on the Bone","Orichalcum","DollysMirror","StuffTheSpire:OldFever","ReplayTheSpireMod:Shallot","Gremlin Horn","Replay:Wax Seal","hubris:PeanutButter","Ancient Tea Set","Replay:Accelerometer","Shuriken","Regal Pillow","Bird Faced Urn","aspiration:HatOfInfinitePower","Dream Catcher","Replay:Arrowhead","Replay:Rubber Ducky","Medical Kit","ReplayTheSpireMod:Ring of Exchange","hubris:TenFootPole","conspire:TopHat","Lantern","StuffTheSpire:DarkSteelAnvil","Nunchaku","meleeMod_FourStock","Gremlin Food","TheAbacus","Replay:Kaleidoscope","Toy Ornithopter","aspiration:Lifesprig"],"acts_visited":["Exordium","TheCity","TheBeyond"],"potions_floor_usage":[6,7,16,16,22,33,33,33,50,50,50],"damage_taken":[{"damage":0,"enemies":"Small Slimes","floor":1,"turns":2},{"damage":0,"enemies":"conspire:RoseBush","floor":2,"turns":2},{"damage":0,"enemies":"Jaw Worm","floor":4,"turns":2},{"damage":0,"enemies":"3 Louse","floor":5,"turns":3},{"damage":19,"enemies":"Lagavulin","floor":6,"turns":4},{"damage":0,"enemies":"Exordium Thugs","floor":7,"turns":2},{"damage":0,"enemies":"Exordium Wildlife","floor":10,"turns":2},{"damage":0,"enemies":"Looter","floor":11,"turns":2},{"damage":0,"enemies":"2 Fungi Beasts","floor":14,"turns":3},{"damage":17,"enemies":"The Guardian","floor":16,"turns":5},{"damage":0,"enemies":"Shell Parasite","floor":18,"turns":2},{"damage":0,"enemies":"Spheric Guardian","floor":20,"turns":2},{"damage":0,"enemies":"3 Cultists","floor":21,"turns":3},{"damage":0,"enemies":"Snecko","floor":22,"turns":2},{"damage":9,"enemies":"Slavers","floor":24,"turns":3},{"damage":0,"enemies":"Cultist and Chosen","floor":27,"turns":2},{"damage":0,"enemies":"Sentry and Sphere","floor":28,"turns":3},{"damage":0,"enemies":"Gremlin Leader","floor":30,"turns":2},{"damage":0,"enemies":"Snake Plant","floor":31,"turns":2},{"damage":0,"enemies":"Champ","floor":33,"turns":4},{"damage":0,"enemies":"Orb Walker","floor":35,"turns":2},{"damage":0,"enemies":"3 Darklings","floor":36,"turns":2},{"damage":0,"enemies":"Jaw Worm Horde","floor":39,"turns":2},{"damage":0,"enemies":"Nemesis","floor":40,"turns":3},{"damage":0,"enemies":"Transient","floor":41,"turns":5},{"damage":0,"enemies":"Mind Bloom Boss Battle","floor":46,"turns":1},{"damage":0,"enemies":"R_Hoarder","floor":47,"turns":4},{"damage":0,"enemies":"Spire Growth","floor":48,"turns":2},{"damage":0,"enemies":"Time Eater","floor":50,"turns":3}],"seed_played":"-5040655617492844252","potions_obtained":[{"floor":1,"key":"Fire Potion"},{"floor":4,"key":"Languid Potion"},{"floor":5,"key":"Explosive Potion"},{"floor":10,"key":"Energy Potion"},{"floor":16,"key":"SneckoOil"},{"floor":18,"key":"Swift Potion"},{"floor":20,"key":"Venom Potion"},{"floor":28,"key":"Toxic Potion"},{"floor":30,"key":"Swift Potion"},{"floor":31,"key":"Block Potion"},{"floor":35,"key":"Toxic Potion"},{"floor":46,"key":"Explosive Potion"}],"is_trial":true,"path_per_floor":["M","M","$","M","M","E","M","?","T","M","M","?","R","M","R","B",null,"M","$","M","M","M","R","E","R","T","M","M","$","E","M","R","B",null,"M","M","$","?","M","E","M","?","T","$","R","?","E","M","R","B",null],"character_chosen":"FALCON","items_purchased":["Blood Vial","Replay:Bandana","Blind","meleeMod_Cautious","Orichalcum","DollysMirror","Shuriken","Finesse","Regal Pillow","Replay:Rubber Ducky","meleeMod_MindReader","Medical Kit","meleeMod_FourStock","Gremlin Food","TheAbacus","Specialist+1","Ancient Potion"],"campfire_rested":6,"item_purchase_floors":[3,3,3,19,19,19,29,29,29,37,37,37,44,44,44,44,44],"current_hp_per_floor":[85,85,85,85,85,66,68,68,68,70,72,77,90,90,90,73,90,90,90,90,90,90,90,81,90,90,90,90,90,90,90,90,90,90,90,90,90,90,90,90,90,79,79,90,90,90,90,90,90,90],"gold":884,"neow_bonus":"","is_daily":false,"chose_seed":false,"campfire_upgraded":0,"win_rate":0.0,"timestamp":1608852136,"path_taken":["M","M","$","M","M","E","M","?","T","M","M","?","R","M","R","BOSS","M","$","M","M","M","R","E","R","T","M","M","$","E","M","R","BOSS","M","M","$","?","M","E","M","?","T","?","R","?","E","M","R","BOSS"],"items_purchased_type":["Relic","Relic","Card","Card","Relic","Relic","Relic","Card","Relic","Relic","Card","Relic","Relic","Relic","Relic","Card","Potion"],"build_version":"2020-12-22","purchased_purges":5,"victory":true,"max_hp_per_floor":[85,85,85,85,85,85,85,85,85,85,85,90,90,90,90,90,90,90,90,90,90,90,90,90,90,90,90,90,90,90,90,90,90,90,90,90,90,90,90,90,90,90,90,90,90,90,90,90,90,90],"card_choices":[],"player_experience":925893,"relics_obtained":[{"floor":1,"key":"aspiration:HiddenCompartment"},{"floor":2,"key":"Juzu Bracelet"},{"floor":4,"key":"CeramicFish"},{"floor":5,"key":"MealTicket"},{"floor":6,"key":"StuffTheSpire:Nightcore"},{"floor":7,"key":"Anchor"},{"floor":9,"key":"Bronze Scales"},{"floor":10,"key":"hubris:ToyBattleship"},{"floor":11,"key":"StuffTheSpire:EmeraldSignet"},{"floor":14,"key":"Blue Doll"},{"floor":18,"key":"Meat on the Bone"},{"floor":20,"key":"StuffTheSpire:OldFever"},{"floor":21,"key":"ReplayTheSpireMod:Shallot"},{"floor":22,"key":"Gremlin Horn"},{"floor":24,"key":"Replay:Wax Seal"},{"floor":26,"key":"hubris:PeanutButter"},{"floor":27,"key":"Ancient Tea Set"},{"floor":28,"key":"Replay:Accelerometer"},{"floor":30,"key":"Bird Faced Urn"},{"floor":31,"key":"aspiration:HatOfInfinitePower"},{"floor":35,"key":"Dream Catcher"},{"floor":36,"key":"Replay:Arrowhead"},{"floor":38,"key":"ReplayTheSpireMod:Ring of Exchange"},{"floor":39,"key":"hubris:TenFootPole"},{"floor":40,"key":"conspire:TopHat"},{"floor":41,"key":"Lantern"},{"floor":42,"key":"StuffTheSpire:DarkSteelAnvil"},{"floor":43,"key":"Nunchaku"},{"floor":46,"key":"Replay:Kaleidoscope"},{"floor":47,"key":"Toy Ornithopter"},{"floor":48,"key":"aspiration:Lifesprig"}],"event_choices":[{"damage_healed":0,"gold_gain":0,"player_choice":"Forge","damage_taken":0,"max_hp_gain":0,"max_hp_loss":0,"event_name":"Accursed Blacksmith","floor":8,"gold_loss":0,"cards_upgraded":["meleeMod_FalconKick"]},{"damage_healed":0,"gold_gain":0,"player_choice":"Donut","damage_taken":0,"max_hp_gain":5,"max_hp_loss":0,"event_name":"Big Fish","floor":12,"gold_loss":0},{"damage_healed":0,"gold_gain":0,"player_choice":"Fight","damage_taken":0,"max_hp_gain":0,"max_hp_loss":0,"event_name":"MindBloom","floor":46,"gold_loss":0}],"is_beta":false,"boss_relics":[{"not_picked":["Honey Jar","conspire:SpecialSausage"],"picked":"conspire:RoyalGoblet"},{"not_picked":["conspire:SlowCooker","Replay:Ancient Bell","hubris:TerracottaHorce"]}],"items_purged_floors":[3,19,29,37,44],"is_endless":false,"potions_floor_spawned":[1,4,5,10,16,18,20,28,30,31,35,40,46],"ascension_level":0}}