{"host":"szp1d6dso4pv7ddl","time":1608772762,"event":{"mods":["AchievementEnabler","Alarm Clock","BaseMod","Bestiary","Block Reminder","Colored Map","Colored Powertips","Curses Come First","Displayed Cursed Tome","Highlight Path","Minty Spire (QoL Compilation)","Permanent Neow","Quick Restart","Relic Sorter","Relic Stats","StSLib","Synergy Search"],"gold_per_floor":[114,189,114,128,141,141,160,180,229,194,294,48,48,64,64,64,64],"floor_reached":16,"playtime":1025,"items_purged":["Defend_G","Strike_G"],"score":133,"play_id":"fbee35d7-2bee-45fa-b0cf-97ee7fd6e5ec","local_time":"20201223171922","is_ascension_mode":true,"campfire_choices":[{"data":"A Thousand Cuts","floor":6,"key":"SMITH"},{"floor":13,"key":"REST"},{"data":"Neutralize","floor":15,"key":"SMITH"}],"circlet_count":0,"master_deck":["Strike_G","Strike_G","Strike_G","Defend_G","Defend_G","Defend_G","Survivor","Neutralize+1","A Thousand Cuts+1","Die Die Die"],"relics":["Empty Cage","Boot","Anchor"],"acts_visited":["Exordium"],"potions_floor_usage":[16,16,16],"damage_taken":[{"damage":8,"enemies":"2 Louse","floor":1,"turns":3},{"damage":0,"enemies":"Small Slimes","floor":4,"turns":4},{"damage":4,"enemies":"Cultist","floor":5,"turns":6},{"damage":14,"enemies":"3 Louse","floor":7,"turns":4},{"damage":17,"enemies":"Lots of Slimes","floor":8,"turns":4},{"damage":0,"enemies":"Blue Slaver","floor":14,"turns":4},{"damage":52,"enemies":"Slime Boss","floor":16,"turns":10}],"seed_played":"-1701496733250977842","potions_obtained":[{"floor":5,"key":"SpeedPotion"},{"floor":8,"key":"SteroidPotion"},{"floor":14,"key":"SkillPotion"}],"is_trial":false,"path_per_floor":["M","?","$","M","M","R","M","M","T","?","?","$","R","M","R","B"],"character_chosen":"THE_SILENT","items_purchased":["Anchor"],"campfire_rested":1,"item_purchase_floors":[12],"current_hp_per_floor":[55,44,44,44,40,40,26,9,9,26,26,26,47,47,47,0,0],"gold":64,"neow_bonus":"BOSS_RELIC","is_daily":false,"chose_seed":false,"campfire_upgraded":2,"win_rate":0.0,"timestamp":1608772762,"path_taken":["M","?","$","M","M","R","M","M","T","?","?","$","R","M","R","BOSS"],"items_purchased_type":["Relic"],"build_version":"2020-12-22","purchased_purges":2,"victory":false,"max_hp_per_floor":[70,70,70,70,70,70,70,70,70,70,70,70,70,70,70,70,70],"relic_stats":{"counters":[7,35],"Boot":[13],"obtain_stats":[{"Anchor":12,"Empty Cage":0,"Boot":9,"Ring of the Snake":0},{"Anchor":5,"Empty Cage":0,"Boot":5,"Ring of the Snake":0},{"Anchor":21,"Empty Cage":0,"Boot":21,"Ring of the Snake":0}]},"card_choices":[{"not_picked":["Dagger Throw","All Out Attack","Bane"],"picked":"SKIP","floor":1},{"not_picked":["Dodge and Roll","Acrobatics","Backflip"],"picked":"SKIP","floor":4},{"not_picked":["Quick Slash","Escape Plan"],"picked":"A Thousand Cuts","floor":5},{"not_picked":["Outmaneuver","Flying Knee","Deadly Poison"],"picked":"SKIP","floor":7},{"not_picked":["Footwork","Cloak And Dagger","Blur"],"picked":"SKIP","floor":8},{"not_picked":["Deadly Poison","Backflip"],"picked":"Die Die Die","floor":14}],"player_experience":992338,"relics_obtained":[{"floor":9,"key":"Boot"}],"event_choices":[{"damage_healed":0,"gold_gain":75,"player_choice":"Gather Gold","damage_taken":11,"max_hp_gain":0,"max_hp_loss":0,"event_name":"World of Goop","floor":2,"gold_loss":0},{"damage_healed":17,"gold_gain":0,"player_choice":"Healed","damage_taken":0,"max_hp_gain":0,"max_hp_loss":0,"event_name":"The Cleric","floor":10,"gold_loss":35},{"damage_healed":0,"gold_gain":100,"player_choice":"Pray","damage_taken":0,"max_hp_gain":0,"max_hp_loss":0,"event_name":"Golden Shrine","floor":11,"gold_loss":0}],"is_beta":false,"boss_relics":[],"items_purged_floors":[3,12],"is_endless":false,"potions_floor_spawned":[5,8,14],"killed_by":"Slime Boss","ascension_level":9}}