{"host":"w4b7hmige5bnqipq","time":1608817688,"event":{"mods":["BaseMod","Minty Spire (QoL Compilation)","Rare Cards Sparkle","SuperFastMode","everything is the same but u backflip on backflip","slay the spire mod where everything is the same but ironclad has a cowboy hat"],"gold_per_floor":[114,114,201,213,238,277,289,329,364,376,403,415,82,102,102,174,174,186,199,199,199],"floor_reached":20,"playtime":541,"items_purged":["Defend_R"],"score":393,"play_id":"b714ae68-73c9-4e53-9b1c-29715ea42126","local_time":"20201224224808","is_ascension_mode":true,"campfire_choices":[{"data":"Body Slam","floor":7,"key":"SMITH"},{"data":"Seeing Red","floor":10,"key":"SMITH"},{"data":"Armaments","floor":15,"key":"SMITH"}],"circlet_count":0,"master_deck":["AscendersBane","Strike_R","Strike_R","Strike_R","Defend_R","Defend_R","Defend_R","Bash","Battle Trance","Body Slam+1","Seeing Red+1","Armaments+1","Carnage","Berserk","Flame Barrier","Shrug It Off"],"relics":["Burning Blood","NeowsBlessing","MawBank","Sundial","Happy Flower","Meat on the Bone","Cursed Key"],"acts_visited":["Exordium","TheCity"],"potions_floor_usage":[8,8,16],"damage_taken":[{"damage":0,"enemies":"Jaw Worm","floor":1,"turns":1},{"damage":0,"enemies":"2 Louse","floor":5,"turns":1},{"damage":0,"enemies":"3 Sentries","floor":6,"turns":2},{"damage":15,"enemies":"Lagavulin","floor":8,"turns":5},{"damage":1,"enemies":"Cultist","floor":11,"turns":3},{"damage":4,"enemies":"Red Slaver","floor":14,"turns":3},{"damage":34,"enemies":"Hexaghost","floor":16,"turns":9},{"damage":13,"enemies":"Spheric Guardian","floor":18,"turns":4},{"damage":5,"enemies":"3 Byrds","floor":19,"turns":5},{"damage":64,"enemies":"Cultist and Chosen","floor":20,"turns":4}],"seed_played":"1751844703081979128","potions_obtained":[{"floor":1,"key":"SkillPotion"},{"floor":6,"key":"Explosive Potion"},{"floor":8,"key":"DuplicationPotion"}],"is_trial":false,"path_per_floor":["M","?","?","?","M","E","R","E","T","R","M","?","$","M","R","B",null,"M","M","M"],"character_chosen":"IRONCLAD","items_purchased":["Meat on the Bone"],"campfire_rested":0,"item_purchase_floors":[13],"current_hp_per_floor":[74,39,28,21,27,33,33,24,24,24,29,29,29,43,43,27,63,56,57,0,0],"gold":199,"neow_bonus":"THREE_ENEMY_KILL","is_daily":false,"chose_seed":false,"campfire_upgraded":3,"win_rate":0.0,"timestamp":1608817688,"path_taken":["M","?","?","?","M","E","R","E","T","R","M","?","$","M","R","BOSS","M","M","M"],"items_purchased_type":["Relic"],"build_version":"2020-12-22","purchased_purges":1,"victory":false,"max_hp_per_floor":[75,75,75,75,75,75,75,75,75,75,75,75,75,75,75,75,75,75,75,75,75],"card_choices":[{"not_picked":["Fire Breathing","Whirlwind"],"picked":"Battle Trance","floor":1},{"not_picked":["Clash","Anger"],"picked":"Body Slam","floor":5},{"not_picked":["Metallicize","Fire Breathing"],"picked":"Seeing Red","floor":6},{"not_picked":["Battle Trance","Clothesline","Iron Wave"],"picked":"SKIP","floor":8},{"not_picked":["Heavy Blade","True Grit"],"picked":"Armaments","floor":11},{"not_picked":["Wild Strike","Infernal Blade"],"picked":"Carnage","floor":14},{"not_picked":["Brutality","Reaper"],"picked":"Berserk","floor":16},{"not_picked":["Intimidate","Clash"],"picked":"Flame Barrier","floor":18},{"not_picked":["Anger","Warcry"],"picked":"Shrug It Off","floor":19}],"player_experience":421861,"relics_obtained":[{"floor":6,"key":"Sundial"},{"floor":8,"key":"Happy Flower"}],"event_choices":[{"damage_healed":0,"gold_gain":0,"player_choice":"Success","damage_taken":35,"relics_obtained":["MawBank"],"max_hp_gain":0,"max_hp_loss":0,"event_name":"Scrap Ooze","floor":2,"gold_loss":0},{"damage_healed":0,"gold_gain":75,"player_choice":"Gather Gold","damage_taken":11,"max_hp_gain":0,"max_hp_loss":0,"event_name":"World of Goop","floor":3,"gold_loss":0},{"cards_removed":["Strike_R"],"damage_healed":0,"gold_gain":0,"player_choice":"Card Removal","damage_taken":7,"max_hp_gain":0,"max_hp_loss":0,"event_name":"Golden Wing","floor":4,"gold_loss":0},{"cards_removed":["Strike_R"],"damage_healed":0,"gold_gain":0,"player_choice":"Forget","damage_taken":0,"max_hp_gain":0,"max_hp_loss":0,"event_name":"Living Wall","floor":12,"gold_loss":0}],"is_beta":false,"boss_relics":[{"not_picked":["Runic Cube","Pandora\u0027s Box"],"picked":"Cursed Key"}],"items_purged_floors":[13],"is_endless":false,"potions_floor_spawned":[1,6,8],"killed_by":"Cultist and Chosen","ascension_level":18}}