{"host":"naykp6d9ulahlwib","time":1608787336,"event":{"mods":["BaseMod","Highlight Path","Minty Spire (QoL Compilation)","Shop Mod","StSLib"],"gold_per_floor":[112,112,112,37,37,37,47,67,119,119,151,151,164,178,178,250,250,265,265,265],"floor_reached":19,"playtime":2352,"items_purged":["Strike_P"],"score":494,"play_id":"fb15205b-ffc5-4653-843f-b27b3d009c9d","local_time":"20201223232216","is_ascension_mode":true,"campfire_choices":[{"data":"Eruption","floor":6.0,"key":"SMITH"},{"floor":10.0,"key":"REST"},{"floor":12.0,"key":"REST"},{"floor":15.0,"key":"REST"}],"circlet_count":0,"master_deck":["AscendersBane","Strike_P","Strike_P","Defend_P","Defend_P","Defend_P","Eruption+1","Vigilance","Wireheading","Perseverance","Consecrate","ThirdEye","ConjureBlade","JustLucky+1"],"relics":["PureWater","Mango","Pen Nib","Orichalcum","Boot","Philosopher\u0027s Stone"],"acts_visited":["Exordium","TheCity"],"potions_floor_usage":[18],"damage_taken":[{"damage":13.0,"enemies":"Small Slimes","floor":1.0,"turns":4.0},{"damage":13.0,"enemies":"Jaw Worm","floor":7.0,"turns":8.0},{"damage":8.0,"enemies":"2 Louse","floor":8.0,"turns":3.0},{"damage":10.0,"enemies":"Gremlin Nob","floor":11.0,"turns":3.0},{"damage":4.0,"enemies":"Exordium Thugs","floor":13.0,"turns":2.0},{"damage":5.0,"enemies":"Red Slaver","floor":14.0,"turns":5.0},{"damage":55,"enemies":"The Guardian","floor":16,"turns":17},{"damage":14,"enemies":"Spheric Guardian","floor":18,"turns":6},{"damage":52,"enemies":"3 Byrds","floor":19,"turns":4}],"seed_played":"-766354783186685772","potions_obtained":[{"floor":1.0,"key":"LiquidBronze"},{"floor":7.0,"key":"SkillPotion"},{"floor":11.0,"key":"Swift Potion"},{"floor":14.0,"key":"Block Potion"}],"is_trial":false,"path_per_floor":["M","?","?","$","?","R","M","M","T","R","E","R","M","M","R","B",null,"M","M"],"character_chosen":"WATCHER","items_purchased":[],"campfire_rested":3,"item_purchase_floors":[],"current_hp_per_floor":[44,37,37,37,37,37,24,16,16,40,30,54,50,45,69,14,65,51,0,0],"gold":265,"neow_bonus":"ONE_RARE_RELIC","is_daily":false,"chose_seed":false,"campfire_upgraded":1,"win_rate":0.0,"timestamp":1608787336,"path_taken":["M","?","?","$","?","R","M","M","T","R","E","R","?","M","R","BOSS","M","M"],"items_purchased_type":[],"build_version":"2020-12-22","purchased_purges":1,"victory":false,"max_hp_per_floor":[82,82,82,82,82,82,82,82,82,82,82,82,82,82,82,82,82,82,82,82],"card_choices":[{"not_picked":["DeceiveReality","MentalFortress"],"picked":"Wireheading","floor":1.0},{"not_picked":["ClearTheMind","Consecrate"],"picked":"Perseverance","floor":7.0},{"not_picked":["Protect","Vengeance","Crescendo"],"picked":"SKIP","floor":8.0},{"not_picked":["FlurryOfBlows","Sanctity"],"picked":"Consecrate","floor":11.0},{"not_picked":["Protect","FlyingSleeves"],"picked":"ThirdEye","floor":13.0},{"not_picked":["Halt","CrushJoints","Evaluate"],"picked":"SKIP","floor":14.0},{"not_picked":["Brilliance","MasterReality"],"picked":"ConjureBlade","floor":16},{"not_picked":["EmptyBody","Halt+1"],"picked":"JustLucky+1","floor":18}],"player_experience":878338,"relics_obtained":[{"floor":9.0,"key":"Orichalcum"},{"floor":11.0,"key":"Boot"}],"event_choices":[{"cards_removed":["Strike_P"],"damage_healed":0.0,"max_hp_gain":0.0,"max_hp_loss":0.0,"gold_gain":0.0,"event_name":"Golden Wing","player_choice":"Card Removal","floor":2.0,"gold_loss":0.0,"damage_taken":7.0},{"cards_removed":["Defend_P"],"damage_healed":0.0,"max_hp_gain":0.0,"max_hp_loss":0.0,"gold_gain":0.0,"event_name":"Living Wall","player_choice":"Forget","floor":3.0,"gold_loss":0.0,"damage_taken":0.0},{"damage_healed":0.0,"max_hp_gain":0.0,"max_hp_loss":0.0,"gold_gain":0.0,"event_name":"WeMeetAgain","player_choice":"Gave Potion","floor":5.0,"gold_loss":0.0,"damage_taken":0.0,"relics_obtained":["Pen Nib"]}],"is_beta":false,"boss_relics":[{"not_picked":["Empty Cage","Ectoplasm"],"picked":"Philosopher\u0027s Stone"}],"items_purged_floors":[4],"is_endless":false,"potions_floor_spawned":[1,7,11,14],"killed_by":"3 Byrds","ascension_level":17}}