{"host":"99ad87xtd5ypi7ii","time":1608812457,"event":{"mods":["BaseMod","Hermit","Highlight Path","Marisa????????","Minty Spire (QoL Compilation)","Robot Space Explorer","StSLib","The Bladedancer","The Construct","The Cursed","The Disciple","The Gatherer","The Hierophant","The Runesmith","The Servant 0.9.4","TheVacant"],"gold_per_floor":[117,39,106,106,122,148,148,161,235,252,284,304,322,322,322,419,419,435,448,468,22,22,22],"floor_reached":22,"playtime":1115,"items_purged":[],"score":223,"play_id":"32d85cb6-5d6a-4604-83d7-2f7e85e4ed15","local_time":"20201224132057","is_ascension_mode":false,"campfire_choices":[{"data":"hermit:Maintenance","floor":7,"key":"SMITH"},{"floor":15,"key":"REST"}],"circlet_count":0,"master_deck":["hermit:Strike_Hermit","hermit:Strike_Hermit","hermit:Strike_Hermit","hermit:Strike_Hermit","hermit:Defend_Hermit","hermit:Defend_Hermit","hermit:Defend_Hermit","hermit:Snapshot","hermit:Covet","hermit:Maintenance+1","hermit:FullyLoaded","hermit:Glare","hermit:Determination","hermit:FlashPowder","hermit:HeroicBravado","hermit:RoundhouseKick","Regret","hermit:Dissolve","hermit:Maintenance","hermit:Quickdraw+1","hermit:HeroicBravado"],"relics":["hermit:ClaspedLocket","NeowsBlessing","Pen Nib","The Courier","Tiny Chest","Membership Card","Darkstone Periapt","Gremlin Horn","PreservedInsect"],"acts_visited":["Exordium","TheCity"],"potions_floor_usage":[10,11,12,13,18,18],"damage_taken":[{"damage":0,"enemies":"Jaw Worm","floor":1,"turns":1},{"damage":0,"enemies":"Cultist","floor":5,"turns":1},{"damage":0,"enemies":"Lagavulin","floor":6,"turns":1},{"damage":2,"enemies":"2 Louse","floor":8,"turns":3},{"damage":5,"enemies":"Gremlin Gang","floor":10,"turns":4},{"damage":38,"enemies":"3 Sentries","floor":11,"turns":7},{"damage":0,"enemies":"3 Louse","floor":12,"turns":4},{"damage":1,"enemies":"Blue Slaver","floor":13,"turns":4},{"damage":10,"enemies":"Slime Boss","floor":16,"turns":10},{"damage":15,"enemies":"Spheric Guardian","floor":18,"turns":7},{"damage":28,"enemies":"Shell Parasite","floor":19,"turns":11},{"damage":33,"enemies":"Cultist and Chosen","floor":20,"turns":8},{"damage":7,"enemies":"Centurion and Healer","floor":22,"turns":1}],"seed_played":"-5012534589229750427","potions_obtained":[{"floor":6,"key":"LiquidMemories"},{"floor":10,"key":"EntropicBrew"},{"floor":16,"key":"EssenceOfSteel"}],"is_trial":false,"path_per_floor":["M","$","?","?","M","E","R","M","T","M","E","M","M","?","R","B",null,"M","M","M","$","M"],"character_chosen":"HERMIT","items_purchased":["hermit:FullyLoaded","Membership Card","Darkstone Periapt","Gremlin Horn","PreservedInsect","hermit:HeroicBravado"],"campfire_rested":1,"item_purchase_floors":[2,21,21,21,21,21],"current_hp_per_floor":[75,75,75,75,75,75,75,73,73,68,30,30,29,29,51,41,75,62,37,6,6,0,0],"gold":22,"neow_bonus":"THREE_ENEMY_KILL","is_daily":false,"chose_seed":false,"campfire_upgraded":1,"win_rate":0.0,"timestamp":1608812457,"path_taken":["M","$","?","?","?","E","R","M","T","M","E","M","M","?","R","BOSS","M","M","?","$","M"],"items_purchased_type":["Card","Relic","Relic","Relic","Relic","Card"],"build_version":"2020-12-22","purchased_purges":0,"victory":false,"max_hp_per_floor":[75,75,75,75,75,75,75,75,75,75,75,75,75,75,75,75,75,75,75,75,75,75,75],"card_choices":[{"not_picked":["hermit:Headshot","hermit:CalledShot"],"picked":"hermit:Maintenance","floor":1},{"not_picked":["hermit:Manifest","hermit:Desperado"],"picked":"hermit:Glare","floor":5},{"not_picked":["hermit:Dive","hermit:Roulette"],"picked":"hermit:Determination","floor":6},{"not_picked":["hermit:Headshot","hermit:Manifest"],"picked":"hermit:RoundhouseKick","floor":8},{"not_picked":["hermit:Desperado","hermit:WideOpen"],"picked":"hermit:FlashPowder","floor":10},{"not_picked":["hermit:Glare","hermit:HoleUp"],"picked":"hermit:HeroicBravado","floor":11},{"not_picked":["hermit:WideOpen","hermit:Roulette","hermit:Headshot"],"picked":"SKIP","floor":12},{"not_picked":["hermit:Feint","hermit:HoleUp"],"picked":"hermit:RoundhouseKick","floor":13},{"not_picked":["hermit:Purgatory","hermit:Magnum"],"picked":"hermit:Dissolve","floor":16},{"not_picked":["hermit:TrackingShot","hermit:Coalescence"],"picked":"hermit:Maintenance","floor":18},{"not_picked":["hermit:Scavenge+1","hermit:Desperado"],"picked":"hermit:Quickdraw+1","floor":19},{"not_picked":["hermit:Dive","hermit:Headshot","hermit:Glare"],"picked":"SKIP","floor":20}],"player_experience":839617,"relics_obtained":[{"floor":6,"key":"Pen Nib"},{"floor":9,"key":"The Courier"},{"floor":11,"key":"Tiny Chest"}],"event_choices":[{"damage_healed":0,"gold_gain":67,"player_choice":"Gained Gold","damage_taken":0,"max_hp_gain":0,"max_hp_loss":0,"event_name":"Golden Wing","floor":3,"gold_loss":0},{"cards_removed":["hermit:Defend_Hermit"],"damage_healed":0,"gold_gain":0,"player_choice":"Offered Basic","damage_taken":0,"max_hp_gain":0,"max_hp_loss":0,"event_name":"Bonfire Elementals","floor":4,"gold_loss":0},{"cards_removed":["hermit:RoundhouseKick"],"damage_healed":0,"gold_gain":0,"player_choice":"Took Card","damage_taken":0,"max_hp_gain":0,"max_hp_loss":0,"event_name":"NoteForYourself","floor":14,"gold_loss":0,"cards_obtained":["Regret"]}],"is_beta":false,"boss_relics":[{"not_picked":["Philosopher\u0027s Stone","Black Star"],"picked":"hermit:ClaspedLocket"}],"items_purged_floors":[],"is_endless":false,"potions_floor_spawned":[6,10,11,16],"killed_by":"Centurion and Healer","ascension_level":0}}