{"host":"m6aaltr68g9tvoay","time":1608784434,"event":{"mods":["AchievementEnabler","BaseMod","Colored Map","Minty Spire (QoL Compilation)","StSLib"],"gold_per_floor":[112,77,2,2,17,17,28,28,28,38,57,32,44,62,62,136,136,154,154,166,91,51,51,62,62,62],"floor_reached":25,"playtime":748,"items_purged":["Writhe"],"score":380,"play_id":"0a4256c9-159d-4dd6-831e-888ed1da6d80","local_time":"20201223203354","is_ascension_mode":true,"campfire_choices":[{"data":"Gash","floor":6,"key":"SMITH"},{"floor":15,"key":"REST"},{"floor":23,"key":"REST"}],"circlet_count":0,"master_deck":["AscendersBane","Strike_B","Strike_B","Strike_B","Defend_B","Defend_B","Defend_B","Defend_B","Zap","Dualcast","Gash+1","Go for the Eyes","Rebound","Conserve Battery","Cold Snap","Beam Cell","All For One","Rip and Tear","Reinforced Body","BootSequence"],"relics":["Cracked Core","Emotion Chip","Unceasing Top","StrikeDummy","Inserter"],"acts_visited":["Exordium","TheCity"],"potions_floor_usage":[13,16,16,24,25],"damage_taken":[{"damage":5,"enemies":"2 Louse","floor":1,"turns":3},{"damage":4,"enemies":"Small Slimes","floor":5,"turns":3},{"damage":9,"enemies":"Jaw Worm","floor":7,"turns":3},{"damage":1,"enemies":"Blue Slaver","floor":10,"turns":3},{"damage":6,"enemies":"2 Fungi Beasts","floor":11,"turns":3},{"damage":0,"enemies":"3 Louse","floor":13,"turns":2},{"damage":2,"enemies":"Red Slaver","floor":14,"turns":3},{"damage":8,"enemies":"Slime Boss","floor":16,"turns":7},{"damage":24,"enemies":"3 Byrds","floor":18,"turns":5},{"damage":37,"enemies":"2 Thieves","floor":20,"turns":5},{"damage":21,"enemies":"Snake Plant","floor":24,"turns":5},{"damage":3,"enemies":"Gremlin Leader","floor":25,"turns":1}],"seed_played":"-1784045487076405215","potions_obtained":[{"floor":5,"key":"DistilledChaos"},{"floor":11,"key":"SteroidPotion"},{"floor":13,"key":"PowerPotion"},{"floor":18,"key":"DuplicationPotion"},{"floor":22,"key":"Ancient Potion"},{"floor":24,"key":"AttackPotion"}],"is_trial":false,"path_per_floor":["M","?","$","?","M","R","M","?","T","M","M","$","M","M","R","B",null,"M","?","M","?","?","R","M","E"],"character_chosen":"DEFECT","items_purchased":["Beam Cell"],"campfire_rested":2,"item_purchase_floors":[12],"current_hp_per_floor":[59,71,71,71,67,67,58,40,40,39,33,33,33,31,52,44,64,40,40,3,3,3,24,3,0,0],"gold":62,"neow_bonus":"ONE_RARE_RELIC","is_daily":false,"chose_seed":false,"campfire_upgraded":1,"win_rate":0.0,"timestamp":1608784434,"path_taken":["M","?","$","?","M","R","M","?","T","M","?","$","M","M","R","BOSS","M","?","M","?","?","R","?","E"],"items_purchased_type":["Card"],"build_version":"2020-12-22","purchased_purges":1,"victory":false,"max_hp_per_floor":[71,71,71,71,71,71,71,71,71,71,71,71,71,71,71,71,71,71,71,71,71,71,71,71,71,71],"card_choices":[{"not_picked":["Turbo","Conserve Battery"],"picked":"Gash","floor":1},{"not_picked":["Doom and Gloom","Cold Snap"],"picked":"Go for the Eyes","floor":5},{"not_picked":["Reboot","Go for the Eyes"],"picked":"Rebound","floor":7},{"not_picked":["Defragment","Streamline"],"picked":"Conserve Battery","floor":10},{"not_picked":["Conserve Battery","Capacitor"],"picked":"Cold Snap","floor":11},{"not_picked":["Go for the Eyes","Cold Snap","Lockon"],"picked":"SKIP","floor":13},{"not_picked":["Recycle","Sweeping Beam","Barrage"],"picked":"SKIP","floor":14},{"not_picked":["Thunder Strike","Fission"],"picked":"All For One","floor":16},{"not_picked":["Turbo","Lockon"],"picked":"Rip and Tear","floor":18},{"not_picked":["Redo","Blizzard+1"],"picked":"Reinforced Body","floor":20},{"not_picked":["Coolheaded","Conserve Battery"],"picked":"BootSequence","floor":24}],"player_experience":1305691,"relics_obtained":[{"floor":9,"key":"StrikeDummy"}],"event_choices":[{"damage_healed":17,"gold_gain":0,"player_choice":"Healed","damage_taken":0,"max_hp_gain":0,"max_hp_loss":0,"event_name":"The Cleric","floor":2,"gold_loss":35},{"damage_healed":0,"gold_gain":0,"player_choice":"Ignored","damage_taken":0,"max_hp_gain":0,"max_hp_loss":0,"event_name":"Shining Light","floor":4,"gold_loss":0},{"damage_healed":0,"gold_gain":0,"player_choice":"Success","damage_taken":18,"relics_obtained":["Unceasing Top"],"max_hp_gain":0,"max_hp_loss":0,"event_name":"Scrap Ooze","floor":8,"gold_loss":0},{"damage_healed":0,"gold_gain":0,"player_choice":"Ignored","damage_taken":0,"max_hp_gain":0,"max_hp_loss":0,"event_name":"Ghosts","floor":19,"gold_loss":0},{"cards_removed":["Strike_B"],"damage_healed":0,"gold_gain":0,"player_choice":"Gave Gold","damage_taken":0,"max_hp_gain":0,"max_hp_loss":0,"event_name":"Beggar","floor":21,"gold_loss":75},{"damage_healed":0,"gold_gain":0,"player_choice":"Bought 3 Potions","damage_taken":0,"max_hp_gain":0,"max_hp_loss":0,"event_name":"The Woman in Blue","floor":22,"gold_loss":0}],"is_beta":false,"boss_relics":[{"not_picked":["Philosopher\u0027s Stone","Runic Dome"],"picked":"Inserter"}],"items_purged_floors":[3],"is_endless":false,"potions_floor_spawned":[5,11,13,18,24],"killed_by":"Gremlin Leader","ascension_level":19}}