{"host":"5gc11emcm5chfr5t","time":1608844869,"event":{"mods":["2.2 Compatiblity","AchievementEnabler","BaseMod","Bestiary","Better Note","Colored Map","Colored Powertips","Downfall","Googly Eyes","Minty Spire (QoL Compilation)","Rare Cards Sparkle","StSLib"],"gold_per_floor":[99,99,99,84,84,84,84,84,84,84,84,84,84,84,84],"floor_reached":14,"playtime":681,"items_purged":[],"score":200,"play_id":"42a1c20d-250d-45bf-b444-359b951fec83","local_time":"20201224162109","is_ascension_mode":true,"campfire_choices":[{"floor":1,"key":"RECALL"}],"circlet_count":0,"master_deck":["AscendersBane","sneckomod:Strike","sneckomod:Strike","sneckomod:Strike","sneckomod:Defend","sneckomod:Defend","sneckomod:Defend","sneckomod:TailWhip","sneckomod:SnekBite","sneckomod:Unknown","sneckomod:Unknown","sneckomod:SnekBeam","sneckomod:UnknownVulnerable","sneckomod:UnknownClassBLUE","sneckomod:WideSting","sneckomod:QuickBite","sneckomod:Restock","sneckomod:SlitherStrike","sneckomod:SnekBeam"],"relics":["downfall:Hecktoplasm","StoneCalendar","Omamori"],"acts_visited":["Exordium"],"potions_floor_usage":[6,11,12],"damage_taken":[{"damage":2,"enemies":"Small Slimes","floor":2,"turns":2},{"damage":0,"enemies":"2 Louse","floor":3,"turns":1},{"damage":0,"enemies":"downfall:FleeingMerchant","floor":4,"turns":4},{"damage":0,"enemies":"Cultist","floor":5,"turns":3},{"damage":22,"enemies":"Exordium Thugs","floor":6,"turns":4},{"damage":25,"enemies":"Lagavulin","floor":9,"turns":4},{"damage":31,"enemies":"Exordium Wildlife","floor":11,"turns":3},{"damage":19,"enemies":"3 Sentries","floor":12,"turns":7},{"damage":21,"enemies":"Gremlin Nob","floor":14,"turns":3}],"seed_played":"8729045839575601204","potions_obtained":[{"floor":5,"key":"Explosive Potion"},{"floor":9,"key":"DuplicationPotion"},{"floor":11,"key":"SneckoOil"}],"is_trial":false,"path_per_floor":["R","M","M","$","M","M","T","?","E","?","M","E","?","E"],"character_chosen":"THE_SNECKO","items_purchased":[],"campfire_rested":0,"item_purchase_floors":[],"current_hp_per_floor":[75,73,73,73,73,51,51,51,26,53,22,3,3,0,0],"gold":84,"neow_bonus":"BOSS_RELIC","is_daily":false,"chose_seed":false,"campfire_upgraded":0,"win_rate":0.0,"timestamp":1608844869,"path_taken":["R","M","M","$","M","M","T","?","E","?","M","E","?","E"],"items_purchased_type":[],"build_version":"2020-12-22","purchased_purges":0,"victory":false,"max_hp_per_floor":[83,83,83,83,83,83,83,83,83,83,83,83,83,83,83],"card_choices":[{"not_picked":["sneckomod:DiceCrush","sneckomod:UnknownDexterity"],"picked":"sneckomod:SnekBeam","floor":2},{"not_picked":["sneckomod:DefensiveFlair","sneckomod:UnknownClassGREEN"],"picked":"sneckomod:UnknownVulnerable","floor":3},{"not_picked":["sneckomod:Unknown1Cost","sneckomod:MixItUp"],"picked":"sneckomod:UnknownClassBLUE","floor":4},{"not_picked":["sneckomod:IronFang","sneckomod:UnknownStrength"],"picked":"sneckomod:WideSting","floor":5},{"not_picked":["sneckomod:UnknownCommonSkill","sneckomod:DiceCrush"],"picked":"sneckomod:QuickBite","floor":6},{"not_picked":["sneckomod:Unknown1Cost","sneckomod:UnknownClassSLIMEBOUND"],"picked":"sneckomod:Restock","floor":9},{"not_picked":["sneckomod:MixItUp","sneckomod:UnknownEthereal"],"picked":"sneckomod:SlitherStrike","floor":11},{"not_picked":["sneckomod:QuickBite","sneckomod:UnknownClassHEXA_GHOST_PURPLE"],"picked":"sneckomod:SnekBeam","floor":12}],"player_experience":489683,"relics_obtained":[{"floor":9,"key":"StoneCalendar"},{"floor":12,"key":"Omamori"}],"event_choices":[{"damage_healed":27,"gold_gain":0,"player_choice":"Banana","damage_taken":0,"max_hp_gain":0,"max_hp_loss":0,"event_name":"Big Fish","floor":10,"gold_loss":0},{"cards_removed":["Slimebound:Icky"],"damage_healed":0,"gold_gain":0,"player_choice":"Card Removal","damage_taken":0,"max_hp_gain":0,"max_hp_loss":0,"event_name":"The Cleric","floor":13,"gold_loss":0}],"is_beta":false,"boss_relics":[],"items_purged_floors":[],"is_endless":false,"potions_floor_spawned":[5,9,11],"killed_by":"Gremlin Nob","ascension_level":20}}