{"host":"69rply1jf2d1wbmp","time":1608813713,"event":{"mods":["BaseMod","Minty Spire (QoL Compilation)","Quick Restart"],"gold_per_floor":[367,381,401,351,361,396,409,379,379,408,3,3,35,52,52,157,157,170,181,198,210,210,240,240,40,40,40,54,64,97,114,114,219,219,237,248,248,248,75,75,104,64,138,138,153,9,28,44,44,44],"floor_reached":51,"playtime":1965,"items_purged":["Clumsy","Defend_R"],"score":766,"play_id":"06a81c51-339d-4347-9f4a-6609a5510d8a","local_time":"20201224074153","is_ascension_mode":false,"campfire_choices":[{"floor":12,"key":"REST"},{"data":"Armaments","floor":15,"key":"SMITH"},{"floor":24,"key":"REST"},{"data":"Inflame","floor":27,"key":"SMITH"},{"floor":32,"key":"REST"},{"data":"Bash","floor":40,"key":"SMITH"},{"data":"Metallicize","floor":44,"key":"SMITH"},{"data":"Metallicize","floor":49,"key":"SMITH"}],"circlet_count":0,"master_deck":["Strike_R","Defend_R","Defend_R","Defend_R","Bash+1","Twin Strike","Pummel","Inflame+1","Rampage","Metallicize+1","Armaments+1","Cleave","Reaper","Second Wind+1","Evolve+1","Whirlwind+1","Wild Strike","Pommel Strike+1","Metallicize+1","Shrug It Off","Limit Break+1","Spot Weakness+1","Good Instincts","Metallicize"],"relics":["Burning Blood","Darkstone Periapt","Mummified Hand","Ice Cream","Bag of Preparation","White Beast Statue","Astrolabe","Boot","PreservedInsect","Pantograph","Toy Ornithopter","Busted Crown","Happy Flower","Self Forming Clay","Brimstone"],"acts_visited":["Exordium","TheCity","TheBeyond"],"potions_floor_usage":[6,10,16,16,16,20,20,21,23,23,29,30,30,31,31,33,41,41,45,50,50],"damage_taken":[{"damage":1,"enemies":"Small Slimes","floor":1,"turns":3},{"damage":6,"enemies":"Jaw Worm","floor":2,"turns":3},{"damage":1,"enemies":"Cultist","floor":3,"turns":3},{"damage":10,"enemies":"2 Fungi Beasts","floor":5,"turns":6},{"damage":39,"enemies":"Lagavulin","floor":6,"turns":6},{"damage":5,"enemies":"Looter","floor":7,"turns":4},{"damage":8,"enemies":"Gremlin Nob","floor":10,"turns":3},{"damage":23,"enemies":"Lagavulin","floor":13,"turns":5},{"damage":0,"enemies":"3 Louse","floor":14,"turns":4},{"damage":13,"enemies":"Hexaghost","floor":16,"turns":7},{"damage":0,"enemies":"Chosen","floor":18,"turns":5},{"damage":14,"enemies":"Spheric Guardian","floor":19,"turns":4},{"damage":24,"enemies":"Snake Plant","floor":20,"turns":4},{"damage":18,"enemies":"3 Cultists","floor":21,"turns":5},{"damage":24,"enemies":"Gremlin Leader","floor":23,"turns":5},{"damage":15,"enemies":"Cultist and Chosen","floor":28,"turns":7},{"damage":25,"enemies":"Snake Plant","floor":29,"turns":6},{"damage":32,"enemies":"Book of Stabbing","floor":30,"turns":5},{"damage":15,"enemies":"Shelled Parasite and Fungi","floor":31,"turns":6},{"damage":70,"enemies":"Collector","floor":33,"turns":13},{"damage":1,"enemies":"3 Shapes","floor":35,"turns":3},{"damage":27,"enemies":"3 Darklings","floor":36,"turns":6},{"damage":27,"enemies":"Reptomancer","floor":41,"turns":3},{"damage":15,"enemies":"4 Shapes","floor":45,"turns":5},{"damage":8,"enemies":"Maw","floor":47,"turns":5},{"damage":8,"enemies":"3 Darklings","floor":48,"turns":4},{"damage":47,"enemies":"Donu and Deca","floor":50,"turns":6}],"seed_played":"-979896347549920521","potions_obtained":[{"floor":3,"key":"Weak Potion"},{"floor":7,"key":"BlessingOfTheForge"},{"floor":8,"key":"DistilledChaos"},{"floor":8,"key":"ElixirPotion"},{"floor":13,"key":"Strength Potion"},{"floor":14,"key":"Strength Potion"},{"floor":16,"key":"Energy Potion"},{"floor":18,"key":"Fire Potion"},{"floor":19,"key":"PowerPotion"},{"floor":20,"key":"Energy Potion"},{"floor":21,"key":"DistilledChaos"},{"floor":23,"key":"SteroidPotion"},{"floor":28,"key":"Weak Potion"},{"floor":29,"key":"EssenceOfSteel"},{"floor":30,"key":"LiquidBronze"},{"floor":31,"key":"Dexterity Potion"},{"floor":33,"key":"Regen Potion"},{"floor":35,"key":"Swift Potion"},{"floor":36,"key":"FearPotion"},{"floor":41,"key":"Weak Potion"},{"floor":45,"key":"Fruit Juice"},{"floor":47,"key":"Energy Potion"},{"floor":48,"key":"BlessingOfTheForge"}],"is_trial":false,"path_per_floor":["M","M","M","?","M","E","M","?","T","E","$","R","E","M","R","B",null,"M","M","M","M","?","E","R","$","T","R","M","M","E","M","R","B",null,"M","M","?","?","$","R","E","?","T","R","M","$","M","M","R","B",null],"character_chosen":"IRONCLAD","items_purchased":["Rampage","Metallicize","Armaments","Bag of Preparation","PreservedInsect","SkillPotion","Metallicize","Brimstone"],"campfire_rested":3,"item_purchase_floors":[11,11,11,11,25,25,39,46],"current_hp_per_floor":[80,80,80,80,76,43,44,44,44,42,42,66,49,55,55,48,80,80,72,57,63,63,45,69,69,69,69,71,58,32,40,64,37,80,80,74,74,69,69,69,80,80,80,80,82,82,80,84,84,62],"gold":44,"neow_bonus":"TWO_FIFTY_GOLD","is_daily":false,"chose_seed":false,"campfire_upgraded":5,"win_rate":0.0,"timestamp":1608813713,"path_taken":["M","M","M","?","M","E","M","?","T","E","$","R","E","M","R","BOSS","M","M","M","?","?","E","R","$","T","R","M","M","E","M","R","BOSS","M","M","?","?","$","R","E","?","T","R","?","$","M","M","R","BOSS"],"items_purchased_type":["Card","Card","Card","Relic","Relic","Potion","Card","Relic"],"build_version":"2020-12-22","purchased_purges":2,"victory":true,"max_hp_per_floor":[80,80,80,80,80,80,80,80,80,80,80,80,80,80,80,80,80,80,80,80,80,80,80,80,80,80,80,80,80,80,80,80,80,80,80,80,80,80,80,80,80,80,80,80,85,85,85,85,85,85],"card_choices":[{"not_picked":["Warcry","Pommel Strike"],"picked":"Twin Strike","floor":1},{"not_picked":["Uppercut","Twin Strike","Power Through"],"picked":"SKIP","floor":2},{"not_picked":["Body Slam","Evolve","Iron Wave"],"picked":"SKIP","floor":3},{"not_picked":["Uppercut","Entrench"],"picked":"Pummel","floor":5},{"not_picked":["Immolate","Pommel Strike","Flex"],"picked":"SKIP","floor":6},{"not_picked":["True Grit","Wild Strike"],"picked":"Inflame","floor":7},{"not_picked":["Sword Boomerang","Seeing Red","Flex"],"picked":"SKIP","floor":10},{"not_picked":["True Grit","Twin Strike","Warcry"],"picked":"SKIP","floor":13},{"not_picked":["Headbutt","Armaments"],"picked":"Cleave","floor":14},{"not_picked":["Exhume","Immolate"],"picked":"Reaper","floor":16},{"not_picked":["Thunderclap+1","Body Slam"],"picked":"Wild Strike","floor":18},{"not_picked":["Flex","Twin Strike+1","Heavy Blade"],"picked":"SKIP","floor":19},{"not_picked":["Dark Embrace","Flex","Havoc"],"picked":"SKIP","floor":20},{"not_picked":["Iron Wave","Burning Pact+1"],"picked":"Pommel Strike+1","floor":21},{"not_picked":["Body Slam","Heavy Blade","Second Wind"],"picked":"SKIP","floor":23},{"not_picked":["Sword Boomerang","Power Through","Anger"],"picked":"SKIP","floor":28},{"not_picked":["Twin Strike","Intimidate+1","Wild Strike"],"picked":"SKIP","floor":29},{"not_picked":["Rupture","Iron Wave"],"picked":"Metallicize","floor":30},{"not_picked":["Cleave+1","Clash"],"picked":"Shrug It Off","floor":31},{"not_picked":["Fiend Fire","Impervious"],"picked":"Limit Break","floor":33},{"not_picked":["Wild Strike"],"picked":"SKIP","floor":35},{"not_picked":[],"picked":"Spot Weakness+1","floor":36},{"not_picked":[],"picked":"Good Instincts","floor":38},{"not_picked":["Disarm"],"picked":"SKIP","floor":41},{"not_picked":["Cleave"],"picked":"SKIP","floor":45},{"not_picked":["Rampage"],"picked":"SKIP","floor":47},{"not_picked":["Ghostly Armor+1"],"picked":"SKIP","floor":48}],"player_experience":403995,"relics_obtained":[{"floor":6,"key":"Darkstone Periapt"},{"floor":9,"key":"Mummified Hand"},{"floor":10,"key":"Ice Cream"},{"floor":13,"key":"White Beast Statue"},{"floor":23,"key":"Boot"},{"floor":26,"key":"Pantograph"},{"floor":30,"key":"Toy Ornithopter"},{"floor":41,"key":"Happy Flower"},{"floor":43,"key":"Self Forming Clay"}],"event_choices":[{"cards_removed":["Strike_R"],"damage_healed":0,"gold_gain":0,"player_choice":"Card Removal","damage_taken":0,"max_hp_gain":0,"max_hp_loss":0,"event_name":"The Cleric","floor":4,"gold_loss":50},{"damage_healed":0,"gold_gain":0,"player_choice":"Bought 2 Potions","damage_taken":0,"max_hp_gain":0,"max_hp_loss":0,"event_name":"The Woman in Blue","floor":8,"gold_loss":0},{"damage_healed":0,"gold_gain":0,"player_choice":"Ignored","damage_taken":0,"max_hp_gain":0,"max_hp_loss":0,"event_name":"Ghosts","floor":22,"gold_loss":0},{"damage_healed":0,"gold_gain":0,"player_choice":"Ignored","damage_taken":0,"max_hp_gain":0,"max_hp_loss":0,"event_name":"Tomb of Lord Red Mask","floor":37,"gold_loss":0},{"damage_healed":0,"gold_gain":0,"player_choice":"Memory 2","damage_taken":5,"max_hp_gain":0,"max_hp_loss":0,"event_name":"SensoryStone","floor":38,"gold_loss":0},{"damage_healed":0,"gold_gain":0,"player_choice":"Upgrade","damage_taken":0,"max_hp_gain":0,"max_hp_loss":0,"event_name":"Designer","floor":42,"gold_loss":40,"cards_upgraded":["Limit Break"]}],"is_beta":false,"boss_relics":[{"not_picked":["Black Blood","Empty Cage"],"picked":"Astrolabe"},{"not_picked":["SacredBark","Coffee Dripper"],"picked":"Busted Crown"}],"items_purged_floors":[11,39],"is_endless":false,"potions_floor_spawned":[3,7,13,14,16,18,19,20,21,23,28,29,30,31,33,35,36,41,45,47,48],"ascension_level":0}}