{"host":"bg8va46pgqgvtzim","time":1608822798,"event":{"mods":["BaseMod","Minty Spire (QoL Compilation)","Quick Restart","StSLib","SuperFastMode"],"gold_per_floor":[14,32,32,32,46,85,85,129,154,188,211,251,251,274,274,397,397,413,453,378,303,218,218,254,254,323,323,323,348,348,381,381,502,502,516,536,536,536,362,362,400,400,446,471,509,509,547,566,566,566,566,566,56,91,91],"floor_reached":56,"playtime":1775,"items_purged":["Strike_G","Strike_G","Strike_G"],"score":1713,"play_id":"2f168076-9567-4a61-bbf7-f21f17586b03","local_time":"20201224231318","is_ascension_mode":true,"campfire_choices":[{"data":"Sadistic Nature","floor":7.0,"key":"SMITH"},{"data":"Bouncing Flask","floor":15.0,"key":"SMITH"},{"data":"Prepared","floor":23.0,"key":"SMITH"},{"data":"Envenom","floor":25.0,"key":"SMITH"},{"data":"Footwork","floor":27.0,"key":"SMITH"},{"data":"Expertise","floor":30.0,"key":"SMITH"},{"data":"Blade Dance","floor":32.0,"key":"SMITH"},{"data":"Reflex","floor":40.0,"key":"SMITH"},{"data":"Eviscerate","floor":42.0,"key":"SMITH"},{"floor":46.0,"key":"RECALL"},{"data":"Neutralize","floor":49.0,"key":"SMITH"},{"data":"Flash of Steel","floor":52.0,"key":"SMITH"}],"circlet_count":0,"master_deck":["Defend_G+1","Defend_G","Defend_G","Defend_G","Defend_G","Survivor+1","Neutralize+1","Sadistic Nature+1","Bouncing Flask+1","Blade Dance+1","Reflex+1","Expertise+1","Prepared+1","Footwork+1","Envenom+1","Eviscerate+1","Acrobatics+1","Noxious Fumes+1","Reflex+1","Acrobatics+1","Doppelganger+1","Concentrate+1","Master of Strategy+1","Flash of Steel+1","Impatience+1","Setup+1","Tactician+1","Prepared+1","Master of Strategy+1","Finesse+1","Infinite Blades"],"relics":["Ring of the Snake","Golden Idol","Happy Flower","Strawberry","Meat on the Bone","War Paint","CaptainsWheel","Runic Dome","Red Mask","Centennial Puzzle","Ninja Scroll","Toxic Egg 2","Bottled Tornado","HoveringKite","Gremlin Horn","Anchor","Tingsha","Vajra","Membership Card","Bottled Lightning","Paper Crane"],"acts_visited":["Exordium","TheCity","TheBeyond","TheEnding"],"potions_floor_usage":[55,55,55,55,55,55],"damage_taken":[{"damage":1.0,"enemies":"Small Slimes","floor":1.0,"turns":3.0},{"damage":1.0,"enemies":"2 Louse","floor":2.0,"turns":3.0},{"damage":3.0,"enemies":"Jaw Worm","floor":5.0,"turns":2.0},{"damage":8.0,"enemies":"Lagavulin","floor":6.0,"turns":7.0},{"damage":20.0,"enemies":"Gremlin Nob","floor":8.0,"turns":4.0},{"damage":13.0,"enemies":"Lagavulin","floor":10.0,"turns":5.0},{"damage":0.0,"enemies":"Large Slime","floor":11.0,"turns":4.0},{"damage":0.0,"enemies":"Gremlin Nob","floor":12.0,"turns":3.0},{"damage":0.0,"enemies":"3 Louse","floor":14.0,"turns":3.0},{"damage":0.0,"enemies":"The Guardian","floor":16.0,"turns":8.0},{"damage":0.0,"enemies":"Spheric Guardian","floor":18.0,"turns":4.0},{"damage":10.0,"enemies":"Masked Bandits","floor":19.0,"turns":3.0},{"damage":6.0,"enemies":"Slavers","floor":24.0,"turns":2.0},{"damage":0.0,"enemies":"Shell Parasite","floor":29.0,"turns":1.0},{"damage":0.0,"enemies":"Book of Stabbing","floor":31.0,"turns":4.0},{"damage":0.0,"enemies":"Champ","floor":33.0,"turns":5.0},{"damage":0.0,"enemies":"3 Darklings","floor":35.0,"turns":3.0},{"damage":0.0,"enemies":"Orb Walker","floor":36.0,"turns":2.0},{"damage":4.0,"enemies":"Reptomancer","floor":41.0,"turns":3.0},{"damage":0.0,"enemies":"Spire Growth","floor":44.0,"turns":1.0},{"damage":0.0,"enemies":"Giant Head","floor":45.0,"turns":3.0},{"damage":0.0,"enemies":"Reptomancer","floor":47.0,"turns":2.0},{"damage":0.0,"enemies":"Jaw Worm Horde","floor":48.0,"turns":1.0},{"damage":0.0,"enemies":"Awakened One","floor":50.0,"turns":3.0},{"damage":0.0,"enemies":"Shield and Spear","floor":54.0,"turns":1.0},{"damage":0,"enemies":"The Heart","floor":55,"turns":3}],"seed_played":"-9016401387415843241","potions_obtained":[{"floor":6.0,"key":"Fire Potion"},{"floor":8.0,"key":"BlessingOfTheForge"},{"floor":11.0,"key":"ColorlessPotion"},{"floor":12.0,"key":"CunningPotion"},{"floor":18.0,"key":"EssenceOfSteel"},{"floor":19.0,"key":"Ancient Potion"},{"floor":29.0,"key":"EntropicBrew"},{"floor":31.0,"key":"DuplicationPotion"},{"floor":45.0,"key":"GamblersBrew"}],"is_trial":false,"path_per_floor":["M","M","?","?","M","E","R","E","T","E","M","E","?","M","R","B",null,"M","?","$","?","?","R","E","R","T","R","?","M","R","E","R","B",null,"M","M","?","?","$","R","E","R","T","M","E","R","E","M","R","B",null,"R","$","E","B",null],"character_chosen":"THE_SILENT","items_purchased":["Setup+1","Membership Card","Bottled Lightning","Master of Strategy+1","Finesse+1","Infinite Blades"],"campfire_rested":0,"item_purchase_floors":[39,53,53,53,53,53],"current_hp_per_floor":[69,68,51,44,41,40,40,20,20,19,31,43,43,43,43,43,77,77,67,67,67,67,67,61,61,61,61,61,61,61,61,61,61,77,77,77,67,67,67,67,63,63,63,63,63,63,63,63,63,63,77,77,77,77,77],"gold":91,"neow_bonus":"RANDOM_COLORLESS_2","is_daily":false,"chose_seed":false,"campfire_upgraded":11,"win_rate":0.0,"timestamp":1608822798,"path_taken":["M","M","?","?","M","E","R","E","T","E","M","E","?","M","R","BOSS","M","?","$","?","?","R","E","R","T","R","?","M","R","E","R","BOSS","M","M","?","?","$","R","E","R","T","M","E","R","E","M","R","BOSS","R","$","E","BOSS"],"items_purchased_type":["Card","Relic","Relic","Card","Card","Card"],"build_version":"2020-12-22","purchased_purges":3,"victory":true,"max_hp_per_floor":[70,70,70,70,70,77,77,77,77,77,77,77,77,77,77,77,77,77,77,77,77,77,77,77,77,77,77,77,77,77,77,77,77,77,77,77,77,77,77,77,77,77,77,77,77,77,77,77,77,77,77,77,77,77,77],"card_choices":[{"not_picked":["Transmutation","Secret Weapon"],"picked":"Sadistic Nature","floor":0.0},{"not_picked":["Deadly Poison","PiercingWail"],"picked":"Bouncing Flask","floor":1.0},{"not_picked":["Prepared","Slice"],"picked":"Blade Dance","floor":2.0},{"not_picked":["Finisher","Distraction","Deadly Poison"],"picked":"SKIP","floor":5.0},{"not_picked":["Glass Knife","PiercingWail"],"picked":"Reflex","floor":6.0},{"not_picked":["Blur","Infinite Blades","Cloak And Dagger"],"picked":"SKIP","floor":8.0},{"not_picked":["Leg Sweep","Dagger Spray"],"picked":"Expertise","floor":10.0},{"not_picked":["Expertise","Poisoned Stab"],"picked":"Prepared","floor":11.0},{"not_picked":["Poisoned Stab","Flechettes"],"picked":"Footwork","floor":12.0},{"not_picked":["Dodge and Roll","Bane","Dash"],"picked":"SKIP","floor":14.0},{"not_picked":["Tools of the Trade","Night Terror"],"picked":"Envenom","floor":16.0},{"not_picked":["Noxious Fumes","Deflect+1"],"picked":"Eviscerate","floor":18.0},{"not_picked":["Skewer+1","Catalyst"],"picked":"Acrobatics+1","floor":19.0},{"not_picked":["PiercingWail","Dagger Spray"],"picked":"Noxious Fumes+1","floor":24.0},{"not_picked":["Noxious Fumes","Catalyst+1"],"picked":"Reflex+1","floor":29.0},{"not_picked":["Dagger Spray","Quick Slash"],"picked":"Acrobatics+1","floor":31.0},{"not_picked":["Burst+1","Die Die Die"],"picked":"Doppelganger+1","floor":33.0},{"not_picked":["Bane","Dagger Spray","Caltrops+1"],"picked":"SKIP","floor":35.0},{"not_picked":["Distraction+1","Acrobatics+1"],"picked":"Concentrate+1","floor":36.0},{"not_picked":["Good Instincts+1","Thinking Ahead+1"],"picked":"Master of Strategy+1","floor":37.0},{"not_picked":["Trip+1","Good Instincts+1"],"picked":"Flash of Steel","floor":37.0},{"not_picked":["Thinking Ahead+1","Good Instincts+1"],"picked":"Impatience+1","floor":37.0},{"not_picked":["Leg Sweep+1","Cloak And Dagger+1","Flechettes"],"picked":"SKIP","floor":41.0},{"not_picked":["Outmaneuver+1","Deflect+1","Bane+1"],"picked":"SKIP","floor":44.0},{"not_picked":["PiercingWail+1","Dagger Throw+1"],"picked":"Tactician+1","floor":45.0},{"not_picked":["Grand Finale","Blur+1","Storm of Steel+1"],"picked":"SKIP","floor":47.0},{"not_picked":["Flying Knee+1","Well Laid Plans"],"picked":"Prepared+1","floor":48.0},{"not_picked":["Choke+1","Flying Knee","PiercingWail+1"],"picked":"SKIP","floor":54.0}],"player_experience":2149846,"relics_obtained":[{"floor":6.0,"key":"Strawberry"},{"floor":8.0,"key":"Meat on the Bone"},{"floor":10.0,"key":"War Paint"},{"floor":12.0,"key":"CaptainsWheel"},{"floor":19.0,"key":"Red Mask"},{"floor":24.0,"key":"Ninja Scroll"},{"floor":26.0,"key":"Toxic Egg 2"},{"floor":31.0,"key":"Bottled Tornado"},{"floor":41.0,"key":"Gremlin Horn"},{"floor":43.0,"key":"Anchor"},{"floor":45.0,"key":"Tingsha"},{"floor":47.0,"key":"Vajra"},{"floor":54.0,"key":"Paper Crane"}],"event_choices":[{"damage_healed":0.0,"max_hp_gain":0.0,"max_hp_loss":0.0,"gold_gain":0.0,"event_name":"Golden Idol","player_choice":"Take Damage","floor":3.0,"gold_loss":0.0,"damage_taken":17.0,"relics_obtained":["Golden Idol"]},{"damage_healed":0.0,"max_hp_gain":0.0,"max_hp_loss":0.0,"gold_gain":0.0,"event_name":"Scrap Ooze","player_choice":"Success","floor":4.0,"gold_loss":0.0,"damage_taken":7.0,"relics_obtained":["Happy Flower"]},{"cards_removed":["Strike_G"],"damage_healed":0.0,"max_hp_gain":0.0,"max_hp_loss":0.0,"gold_gain":0.0,"event_name":"Living Wall","player_choice":"Forget","floor":13.0,"gold_loss":0.0,"damage_taken":0.0},{"damage_healed":0.0,"max_hp_gain":0.0,"max_hp_loss":0.0,"gold_gain":0.0,"event_name":"Masked Bandits","player_choice":"Fought Bandits","floor":19.0,"gold_loss":0.0,"damage_taken":0.0},{"cards_removed":["Strike_G"],"damage_healed":0.0,"max_hp_gain":0.0,"max_hp_loss":0.0,"gold_gain":0.0,"event_name":"Beggar","player_choice":"Gave Gold","floor":21.0,"gold_loss":75.0,"damage_taken":0.0},{"damage_healed":0.0,"max_hp_gain":0.0,"max_hp_loss":0.0,"gold_gain":0.0,"event_name":"Addict","player_choice":"Obtained Relic","floor":22.0,"gold_loss":85.0,"damage_taken":0.0,"relics_obtained":["Centennial Puzzle"]},{"damage_healed":0.0,"max_hp_gain":0.0,"max_hp_loss":0.0,"gold_gain":0.0,"event_name":"The Mausoleum","player_choice":"Ignored","floor":28.0,"gold_loss":0.0,"damage_taken":0.0},{"damage_healed":0.0,"max_hp_gain":0.0,"max_hp_loss":0.0,"gold_gain":0.0,"event_name":"SensoryStone","player_choice":"Memory 3","floor":37.0,"gold_loss":0.0,"damage_taken":10.0},{"damage_healed":0.0,"max_hp_gain":0.0,"max_hp_loss":0.0,"gold_gain":0.0,"event_name":"SecretPortal","player_choice":"Ignored","floor":38.0,"gold_loss":0.0,"damage_taken":0.0}],"is_beta":false,"boss_relics":[{"not_picked":["WristBlade","Fusion Hammer"],"picked":"Runic Dome"},{"not_picked":["SacredBark","Black Star"],"picked":"HoveringKite"}],"items_purged_floors":[20,39,53],"is_endless":false,"potions_floor_spawned":[6,8,11,12,18,19,29,31,36,45],"ascension_level":1}}