{"host":"6s2g4ctvxbrgoc4e","time":1608835164,"event":{"mods":["BaseMod","Minty Spire (QoL Compilation)"],"gold_per_floor":[116,116,134,147,147,147,147,147,147,190,215,215,233,249,249,377,377,317,134,134,134,84,84,84],"floor_reached":23,"playtime":933,"items_purged":["Defend_B","Defend_B"],"score":220,"play_id":"2683390f-2b0f-4488-a27f-01f76649c4c2","local_time":"20201224193924","is_ascension_mode":true,"campfire_choices":[{"data":"Zap","floor":6,"key":"SMITH"},{"floor":8,"key":"REST"},{"data":"Dualcast","floor":15,"key":"SMITH"}],"circlet_count":0,"master_deck":["Strike_B+1","Strike_B","Defend_B","Defend_B","Zap+1","Dualcast+1","FTL","BootSequence","Conserve Battery+1","Sweeping Beam","Conserve Battery","Ball Lightning","Hologram","Streamline","Storm","All For One","Sunder+1","Defragment","Genetic Algorithm","Writhe","White Noise"],"relics":["Cracked Core","Golden Idol","Potion Belt","Shuriken","Ectoplasm","Smiling Mask"],"acts_visited":["Exordium","TheCity"],"potions_floor_usage":[10],"damage_taken":[{"damage":0,"enemies":"2 Louse","floor":1,"turns":2},{"damage":0,"enemies":"Small Slimes","floor":3,"turns":3},{"damage":0,"enemies":"Cultist","floor":4,"turns":3},{"damage":20,"enemies":"Gremlin Nob","floor":10,"turns":4},{"damage":0,"enemies":"Red Slaver","floor":11,"turns":3},{"damage":0,"enemies":"Blue Slaver","floor":13,"turns":2},{"damage":0,"enemies":"Exordium Thugs","floor":14,"turns":3},{"damage":39,"enemies":"Hexaghost","floor":16,"turns":9},{"damage":15,"enemies":"2 Thieves","floor":18,"turns":3},{"damage":7,"enemies":"Shell Parasite","floor":21,"turns":4},{"damage":53,"enemies":"Book of Stabbing","floor":23,"turns":5}],"seed_played":"7437816101889617545","potions_obtained":[{"floor":1,"key":"LiquidMemories"},{"floor":4,"key":"SteroidPotion"},{"floor":16,"key":"LiquidBronze"},{"floor":18,"key":"EssenceOfSteel"}],"is_trial":false,"path_per_floor":["M","?","M","M","?","R","?","R","T","E","M","?","M","M","R","B",null,"M","$","?","M","$","E"],"character_chosen":"DEFECT","items_purchased":["Defragment","Genetic Algorithm"],"campfire_rested":1,"item_purchase_floors":[19,19],"current_hp_per_floor":[75,68,68,68,50,50,36,57,57,37,37,72,72,72,72,33,72,57,57,57,50,50,0,0],"gold":84,"neow_bonus":"TRANSFORM_TWO_CARDS","is_daily":false,"chose_seed":false,"campfire_upgraded":2,"win_rate":0.0,"timestamp":1608835164,"path_taken":["M","?","M","M","?","R","?","R","T","E","M","?","?","M","R","BOSS","M","$","?","M","$","E"],"items_purchased_type":["Card","Card"],"build_version":"2020-12-22","purchased_purges":2,"victory":false,"max_hp_per_floor":[75,72,72,72,72,72,72,72,72,72,72,72,72,72,72,72,72,72,72,72,72,72,72,72],"card_choices":[{"not_picked":["Heatsinks","Ball Lightning"],"picked":"Conserve Battery","floor":1},{"not_picked":["Redo","Double Energy"],"picked":"Sweeping Beam","floor":3},{"not_picked":["Blizzard","Force Field"],"picked":"Conserve Battery","floor":4},{"not_picked":["Self Repair","Streamline"],"picked":"Ball Lightning","floor":10},{"not_picked":["Fusion","Double Energy"],"picked":"Hologram","floor":11},{"not_picked":["Turbo","Leap"],"picked":"Streamline","floor":13},{"not_picked":["Beam Cell","Leap"],"picked":"Storm","floor":14},{"not_picked":["Meteor Strike","Creative AI"],"picked":"All For One","floor":16},{"not_picked":["Beam Cell","Hologram"],"picked":"Sunder+1","floor":18},{"not_picked":["Streamline","Capacitor+1"],"picked":"White Noise","floor":21}],"player_experience":45443,"relics_obtained":[{"floor":9,"key":"Potion Belt"},{"floor":10,"key":"Shuriken"}],"event_choices":[{"cards_removed":["Parasite"],"damage_healed":0,"gold_gain":0,"player_choice":"Card Removal","damage_taken":7,"max_hp_gain":0,"max_hp_loss":0,"event_name":"Golden Wing","floor":2,"gold_loss":0},{"damage_healed":0,"gold_gain":0,"player_choice":"Take Damage","damage_taken":18,"relics_obtained":["Golden Idol"],"max_hp_gain":0,"max_hp_loss":0,"event_name":"Golden Idol","floor":5,"gold_loss":0},{"damage_healed":0,"gold_gain":0,"player_choice":"Entered Light","damage_taken":14,"max_hp_gain":0,"max_hp_loss":0,"event_name":"Shining Light","floor":7,"gold_loss":0,"cards_upgraded":["Strike_B","Conserve Battery"]},{"damage_healed":35,"gold_gain":0,"player_choice":"Full Heal","damage_taken":0,"max_hp_gain":0,"max_hp_loss":0,"event_name":"Wheel of Change","floor":12,"gold_loss":0},{"damage_healed":0,"gold_gain":0,"player_choice":"Opened","damage_taken":0,"relics_obtained":["Smiling Mask"],"max_hp_gain":0,"max_hp_loss":0,"event_name":"The Mausoleum","floor":20,"gold_loss":0,"cards_obtained":["Writhe"]}],"is_beta":false,"boss_relics":[{"not_picked":["Empty Cage","Runic Dome"],"picked":"Ectoplasm"}],"items_purged_floors":[19,22],"is_endless":false,"potions_floor_spawned":[1,4,16,18],"killed_by":"Book of Stabbing","ascension_level":3}}