{"host":"3rixevx6n8b56xaj","time":1608826365,"event":{"mods":["2.2 Compatiblity","AchievementEnabler","Arknights The Spire","BaseMod","Colored Map","DeckTracker","Friendly Minions","Minty Spire (QoL Compilation)","StSLib","SuperFastMode"],"gold_per_floor":[12,29,45,10,10,10,38,38,38,65,80,92,92,92,92,223,223,248,271,271,294,318,356,356,60,60,103,119,119,119],"floor_reached":29,"playtime":1191,"items_purged":[],"score":373,"play_id":"f7f9a966-3cce-4a28-99c2-edf607f32bc5","local_time":"20201225011245","is_ascension_mode":false,"campfire_choices":[{"data":"ats:Burning Ground","floor":6,"key":"SMITH"},{"data":"ats:Sunburst","floor":13,"key":"SMITH"},{"data":"ats:Powerful Strike","floor":15,"key":"SMITH"},{"data":"ats:Roar Of Ursus","floor":24,"key":"SMITH"}],"circlet_count":0,"master_deck":["ats:Strike C","ats:Armor Crushing Shot","ats:Defend","ats:Defend","ats:Defend","ats:Emotion Absorption+1","ats:Sunburst+1","ats:Chain Hook","ats:Burning Ground+1","ats:Shell Defense","ats:Assault Order+1","ats:Hammer On","ats:Apocalypse","ats:Sunburst","ats:Powerful Strike+1","ats:Roar Of Ursus+1","ats:Curse Doll+1","ats:Leaping Hammer","ats:Consecutive Shot Auto","ats:Counter Healing Mode","ats:Magnetic Hammer+1","ats:True Silver Slash","ats:Part Time Job+1","ats:Automatic Cover"],"relics":["ats:Sanity Plus","ats:Originium","Eternal Feather","War Paint","Anchor","ats:Originium","Strawberry","Golden Idol","ats:Ability Aura","ats:Originium","Akabeko","ats:Arts","Ornamental Fan","Bottled Tornado"],"acts_visited":["Exordium","TheCity"],"potions_floor_usage":[16],"damage_taken":[{"damage":1,"enemies":"Jaw Worm","floor":1,"turns":3},{"damage":0,"enemies":"Small Slimes","floor":2,"turns":3},{"damage":1,"enemies":"2 Louse","floor":3,"turns":2},{"damage":21,"enemies":"Gremlin Nob","floor":7,"turns":4},{"damage":8,"enemies":"3 Sentries","floor":10,"turns":5},{"damage":0,"enemies":"Large Slime","floor":11,"turns":3},{"damage":4,"enemies":"Blue Slaver","floor":12,"turns":4},{"damage":0,"enemies":"Slime Boss","floor":16,"turns":4},{"damage":24,"enemies":"Spheric Guardian","floor":18,"turns":4},{"damage":2,"enemies":"Chosen","floor":19,"turns":4},{"damage":26,"enemies":"Centurion and Healer","floor":21,"turns":7},{"damage":45,"enemies":"Book of Stabbing","floor":23,"turns":7},{"damage":0,"enemies":"Slavers","floor":27,"turns":1},{"damage":13,"enemies":"3 Cultists","floor":28,"turns":3},{"damage":23,"enemies":"Snecko","floor":29,"turns":3}],"seed_played":"5112233838488303622","potions_obtained":[{"floor":3,"key":"ats:Emergency Sanity Potion"},{"floor":10,"key":"Fire Potion"},{"floor":11,"key":"SpeedPotion"},{"floor":16,"key":"DuplicationPotion"},{"floor":27,"key":"Dexterity Potion"},{"floor":28,"key":"CultistPotion"}],"is_trial":false,"path_per_floor":["M","M","M","?","?","R","E","?","T","E","M","M","R","?","R","B",null,"M","M","?","M","T","E","R","$","T","E","M","M"],"character_chosen":"DOCTOR_CLASS","items_purchased":["ats:Arts","ats:True Silver Slash"],"campfire_rested":0,"item_purchase_floors":[25,25],"current_hp_per_floor":[71,71,70,72,77,77,58,51,51,50,52,52,61,40,49,51,84,60,58,58,41,41,5,17,17,17,17,10,0,0],"gold":119,"neow_bonus":"TRANSFORM_TWO_CARDS","is_daily":false,"chose_seed":false,"campfire_upgraded":4,"win_rate":0.0,"timestamp":1608826365,"path_taken":["M","M","M","?","?","R","E","?","T","E","M","M","R","?","R","BOSS","M","M","?","M","?","E","R","$","T","E","M","M"],"items_purchased_type":["Relic","Card"],"build_version":"2020-12-22","purchased_purges":0,"victory":false,"max_hp_per_floor":[72,72,72,72,77,77,77,77,77,84,84,84,84,84,84,84,84,84,84,84,84,84,84,84,84,84,84,84,84,84],"card_choices":[{"not_picked":["ats:Ignite","ats:Part Time Job"],"picked":"ats:Burning Ground","floor":1},{"not_picked":["ats:Burning Ground","ats:Sunburst"],"picked":"ats:Shell Defense","floor":2},{"not_picked":["ats:Shadow Raid","ats:Powerful Strike"],"picked":"ats:Assault Order","floor":3},{"not_picked":["ats:Guardian Obelisk","ats:Explosion Area Strengthen"],"picked":"ats:Hammer On","floor":7},{"not_picked":["ats:Echo Reverb","ats:Revitalization"],"picked":"ats:Apocalypse","floor":10},{"not_picked":["ats:Shell Defense","ats:Flexible Camouflage"],"picked":"ats:Sunburst","floor":11},{"not_picked":["ats:Poison Spread","ats:Sword Rain"],"picked":"ats:Powerful Strike","floor":12},{"not_picked":["ats:Disruption Kick","ats:Dogmatic Field"],"picked":"ats:Roar Of Ursus","floor":16},{"not_picked":["ats:Flexible Camouflage","ats:Red Shift"],"picked":"ats:Curse Doll+1","floor":18},{"not_picked":["ats:Assault Order+1","ats:Soul Absorption"],"picked":"ats:Leaping Hammer","floor":19},{"not_picked":["ats:Assault Order+1","ats:Cat Scratch"],"picked":"ats:Magnetic Hammer+1","floor":21},{"not_picked":["ats:Powerful Strike","ats:Sunburst","ats:Consecutive Shot Auto+1"],"picked":"SKIP","floor":23},{"not_picked":["ats:Leaping Hammer","ats:True Silver Slash"],"picked":"ats:Part Time Job+1","floor":27},{"not_picked":["ats:Poison Spread","ats:Ignite"],"picked":"ats:Automatic Cover","floor":28}],"player_experience":548807,"relics_obtained":[{"floor":7,"key":"ats:Originium"},{"floor":7,"key":"Eternal Feather"},{"floor":9,"key":"Anchor"},{"floor":10,"key":"ats:Originium"},{"floor":10,"key":"Strawberry"},{"floor":22,"key":"ats:Ability Aura"},{"floor":23,"key":"ats:Originium"},{"floor":23,"key":"Akabeko"},{"floor":26,"key":"Ornamental Fan"},{"floor":27,"key":"Bottled Tornado"}],"event_choices":[{"damage_healed":18,"gold_gain":0,"player_choice":"Healed","damage_taken":0,"max_hp_gain":0,"max_hp_loss":0,"event_name":"The Cleric","floor":4,"gold_loss":35},{"damage_healed":0,"gold_gain":0,"player_choice":"Donut","damage_taken":0,"max_hp_gain":5,"max_hp_loss":0,"event_name":"Big Fish","floor":5,"gold_loss":0},{"damage_healed":0,"gold_gain":0,"player_choice":"Success","damage_taken":7,"relics_obtained":["War Paint"],"max_hp_gain":0,"max_hp_loss":0,"event_name":"Scrap Ooze","floor":8,"gold_loss":0},{"damage_healed":0,"gold_gain":0,"player_choice":"Take Damage","damage_taken":21,"relics_obtained":["Golden Idol"],"max_hp_gain":0,"max_hp_loss":0,"event_name":"Golden Idol","floor":14,"gold_loss":0},{"damage_healed":0,"gold_gain":0,"cards_transformed":["ats:Strike S","ats:Strike G"],"player_choice":"Became Test Subject","damage_taken":0,"max_hp_gain":0,"max_hp_loss":0,"event_name":"Drug Dealer","floor":20,"gold_loss":0,"cards_obtained":["ats:Consecutive Shot Auto","ats:Counter Healing Mode"]}],"is_beta":false,"boss_relics":[{"not_picked":["Sozu","Philosopher\u0027s Stone"],"picked":"ats:Sanity Plus"}],"items_purged_floors":[],"is_endless":false,"potions_floor_spawned":[3,10,11,16,27,28],"killed_by":"Snecko","ascension_level":0}}