{"host":"BK","time":1608775181,"event":{"mods":["BaseMod","Highlight Path","Minty Spire (QoL Compilation)","StSLib"],"gold_per_floor":[115,115,126,145,157,157,192,192,192,192,192,192,215,249,249,344,344,357,116,130,161,184,184,220,235,307,323,323,373,421,448,448,553,553,581,59,68,92,58,102,52,52,52,52,93,93,93,116,116,116,116],"floor_reached":52,"playtime":3044,"items_purged":["Strike_R","Strike_R"],"score":1885,"play_id":"5add6e2d-27fe-420a-9414-678b8cc4a33d","local_time":"20201223185941","is_ascension_mode":true,"campfire_choices":[{"floor":6.0,"key":"REST"},{"floor":11.0,"key":"RECALL"},{"floor":15.0,"key":"REST"},{"floor":23.0,"key":"REST"},{"floor":32.0,"key":"REST"},{"floor":44.0,"key":"REST"},{"floor":46.0,"key":"REST"},{"floor":49.0,"key":"REST"}],"circlet_count":0,"master_deck":["AscendersBane","Strike_R","Strike_R","Strike_R","Defend_R","Defend_R","Defend_R","Defend_R","Bash+1","Sword Boomerang","Clothesline","Blood for Blood+1","Limit Break","Demon Form","Reaper","Shrug It Off","Shrug It Off","Reaper","Reaper","Metallicize+1","Burning Pact","Spot Weakness","Shockwave","Heavy Blade+1","Power Through+1","Corruption","Dropkick+1","Dropkick+1","Limit Break","Sentinel","Evolve","Dark Embrace+1","True Grit","Burning Pact"],"relics":["Fusion Hammer","Vajra","Prayer Wheel","Golden Idol","Question Card","White Beast Statue","Bird Faced Urn","SlaversCollar","Orrery","Red Mask","HornCleat","StrikeDummy","CeramicFish","Black Star","Sundial","DollysMirror","Juzu Bracelet","Frozen Egg 2","Magic Flower"],"acts_visited":["Exordium","TheCity","TheBeyond"],"potions_floor_usage":[51],"damage_taken":[{"damage":3.0,"enemies":"2 Louse","floor":1.0,"turns":3.0},{"damage":4.0,"enemies":"Small Slimes","floor":3.0,"turns":3.0},{"damage":0.0,"enemies":"Cultist","floor":4.0,"turns":2.0},{"damage":9.0,"enemies":"Red Slaver","floor":5.0,"turns":2.0},{"damage":6.0,"enemies":"Gremlin Nob","floor":7.0,"turns":3.0},{"damage":12.0,"enemies":"Lots of Slimes","floor":13.0,"turns":3.0},{"damage":45.0,"enemies":"3 Sentries","floor":14.0,"turns":9.0},{"damage":33.0,"enemies":"Slime Boss","floor":16.0,"turns":8.0},{"damage":35.0,"enemies":"Shell Parasite","floor":18.0,"turns":5.0},{"damage":20.0,"enemies":"Spheric Guardian","floor":20.0,"turns":5.0},{"damage":62.0,"enemies":"Masked Bandits","floor":21.0,"turns":5.0},{"damage":35.0,"enemies":"Centurion and Healer","floor":22.0,"turns":9.0},{"damage":27.0,"enemies":"Slavers","floor":24.0,"turns":3.0},{"damage":32.0,"enemies":"Snecko","floor":25.0,"turns":6.0},{"damage":16.0,"enemies":"Snake Plant","floor":27.0,"turns":4.0},{"damage":31.0,"enemies":"Gremlin Leader","floor":30.0,"turns":6.0},{"damage":28.0,"enemies":"Shelled Parasite and Fungi","floor":31.0,"turns":4.0},{"damage":18.0,"enemies":"Champ","floor":33.0,"turns":8.0},{"damage":55.0,"enemies":"3 Darklings","floor":35.0,"turns":7.0},{"damage":28.0,"enemies":"Orb Walker","floor":38.0,"turns":5.0},{"damage":0.0,"enemies":"Nemesis","floor":40.0,"turns":5.0},{"damage":21.0,"enemies":"Writhing Mass","floor":45.0,"turns":5.0},{"damage":27.0,"enemies":"4 Shapes","floor":48.0,"turns":4.0},{"damage":84.0,"enemies":"Time Eater","floor":50.0,"turns":8.0},{"damage":97,"enemies":"Donu and Deca","floor":51,"turns":6}],"seed_played":"-1686200400700982459","potions_obtained":[{"floor":1.0,"key":"SkillPotion"},{"floor":13.0,"key":"BloodPotion"},{"floor":16.0,"key":"CultistPotion"},{"floor":18.0,"key":"Regen Potion"},{"floor":21.0,"key":"Explosive Potion"},{"floor":22.0,"key":"ColorlessPotion"},{"floor":24.0,"key":"ColorlessPotion"},{"floor":25.0,"key":"BloodPotion"},{"floor":27.0,"key":"Regen Potion"},{"floor":30.0,"key":"SneckoOil"},{"floor":31.0,"key":"SteroidPotion"},{"floor":33.0,"key":"BloodPotion"},{"floor":40.0,"key":"DistilledChaos"},{"floor":45.0,"key":"SkillPotion"},{"floor":48.0,"key":"Ancient Potion"}],"is_trial":false,"path_per_floor":["M","?","M","M","M","R","E","?","T","?","R","T","M","E","R","B",null,"M","$","M","?","M","R","E","M","T","M","?","?","E","M","R","B",null,"M","$","?","M","$","E","?","$","T","R","M","R","?","M","R","B","B",null],"character_chosen":"IRONCLAD","items_purchased":["Orrery","Sundial","DollysMirror","Evolve"],"campfire_rested":7,"item_purchase_floors":[19,36,36,39],"current_hp_per_floor":[65,60,56,56,47,69,63,63,63,63,63,63,51,6,26,8,53,32,32,20,19,22,42,19,7,7,23,23,23,68,68,68,50,64,33,33,33,31,31,51,51,51,51,68,68,68,68,68,68,36,68],"gold":116,"neow_bonus":"BOSS_RELIC","is_daily":false,"chose_seed":false,"campfire_upgraded":0,"win_rate":0.0,"timestamp":1608775181,"path_taken":["M","?","M","M","M","R","E","?","T","?","R","?","M","E","R","BOSS","M","$","M","?","M","R","E","M","T","M","?","?","E","M","R","BOSS","M","$","?","?","?","E","?","?","T","R","M","R","?","M","R","BOSS","BOSS"],"items_purchased_type":["Relic","Relic","Relic","Card"],"build_version":"2020-12-18","purchased_purges":2,"victory":true,"max_hp_per_floor":[75,75,75,75,75,75,75,68,68,68,68,68,68,68,68,68,68,68,68,68,68,68,68,68,68,68,68,68,68,68,68,68,68,68,68,68,68,68,68,68,68,68,68,68,68,68,68,68,68,68,68],"card_choices":[{"not_picked":["Intimidate","Anger"],"picked":"Sever Soul","floor":1.0},{"not_picked":["Armaments","Clash"],"picked":"Sword Boomerang","floor":3.0},{"not_picked":["Iron Wave","Flex"],"picked":"Clothesline","floor":4.0},{"not_picked":["Twin Strike","Dual Wield"],"picked":"Blood for Blood","floor":5.0},{"not_picked":["True Grit","Iron Wave","Anger"],"picked":"SKIP","floor":7.0},{"not_picked":["Shrug It Off","True Grit","Flex"],"picked":"Limit Break","floor":13.0},{"not_picked":["Entrench","Cleave","Dropkick","Wild Strike"],"picked":"SKIP","floor":13.0},{"not_picked":["Hemokinesis","Body Slam","Feed"],"picked":"Demon Form","floor":14.0},{"not_picked":["Offering","Double Tap","Juggernaut"],"picked":"Reaper","floor":16.0},{"not_picked":["Clash","Thunderclap","Searing Blow"],"picked":"Shrug It Off","floor":18.0},{"not_picked":["Sword Boomerang","Sentinel","Clash"],"picked":"Shrug It Off","floor":18.0},{"not_picked":["Havoc","Flex","Cleave+1"],"picked":"Reaper","floor":19.0},{"not_picked":["Perfected Strike","Havoc","Power Through"],"picked":"Reaper","floor":19.0},{"not_picked":["Heavy Blade","Infernal Blade","Sword Boomerang"],"picked":"Metallicize","floor":19.0},{"not_picked":["Intimidate","Second Wind","Dark Embrace"],"picked":"Burning Pact","floor":20.0},{"not_picked":["Body Slam","Pommel Strike","Headbutt"],"picked":"Spot Weakness","floor":20.0},{"not_picked":["Searing Blow","Cleave","Intimidate+1","Dual Wield"],"picked":"SKIP","floor":22.0},{"not_picked":["Second Wind","Bloodletting","Demon Form","True Grit"],"picked":"SKIP","floor":22.0},{"not_picked":["Corruption","Havoc+1","Thunderclap","Sentinel"],"picked":"SKIP","floor":24.0},{"not_picked":["True Grit","Dropkick","Fire Breathing"],"picked":"Shockwave","floor":25.0},{"not_picked":["Clothesline+1","Twin Strike","Sever Soul","Pummel"],"picked":"SKIP","floor":25.0},{"not_picked":["Fire Breathing+1","True Grit","Bloodletting","Twin Strike"],"picked":"SKIP","floor":27.0},{"not_picked":["Rampage","Twin Strike","Demon Form","Rage"],"picked":"SKIP","floor":27.0},{"not_picked":["Perfected Strike","Shockwave","Dropkick"],"picked":"Heavy Blade+1","floor":30.0},{"not_picked":["Cleave","Iron Wave","Flex"],"picked":"Power Through+1","floor":31.0},{"not_picked":["Warcry","Second Wind","Thunderclap","Whirlwind"],"picked":"SKIP","floor":31.0},{"not_picked":["Juggernaut","Reaper","Exhume"],"picked":"Corruption","floor":33.0},{"not_picked":["Pommel Strike","Perfected Strike","Anger"],"picked":"Dropkick+1","floor":35.0},{"not_picked":["Twin Strike+1","Headbutt","Rampage","Anger"],"picked":"SKIP","floor":35.0},{"not_picked":["Flex+1","Cleave","Rampage"],"picked":"Sentinel","floor":38.0},{"not_picked":["Havoc","Flex+1","Brutality","Headbutt"],"picked":"SKIP","floor":38.0},{"not_picked":["Clash","Perfected Strike+1","Shockwave","Whirlwind"],"picked":"SKIP","floor":40.0},{"not_picked":["Power Through","Iron Wave","Armaments"],"picked":"Dark Embrace+1","floor":45.0},{"not_picked":["Perfected Strike","Havoc","Wild Strike"],"picked":"True Grit","floor":45.0},{"not_picked":["Warcry","Anger","Heavy Blade"],"picked":"Burning Pact","floor":48.0},{"not_picked":["Pommel Strike+1","Exhume","Reckless Charge","Perfected Strike"],"picked":"SKIP","floor":48.0}],"player_experience":2407642,"relics_obtained":[{"floor":7.0,"key":"Prayer Wheel"},{"floor":9.0,"key":"Question Card"},{"floor":12.0,"key":"White Beast Statue"},{"floor":14.0,"key":"Bird Faced Urn"},{"floor":21.0,"key":"Red Mask"},{"floor":24.0,"key":"HornCleat"},{"floor":26.0,"key":"StrikeDummy"},{"floor":30.0,"key":"CeramicFish"},{"floor":40.0,"key":"Juzu Bracelet"},{"floor":40.0,"key":"Frozen Egg 2"},{"floor":43.0,"key":"Magic Flower"}],"event_choices":[{"damage_healed":0.0,"max_hp_gain":0.0,"max_hp_loss":0.0,"gold_gain":0.0,"event_name":"Scrap Ooze","player_choice":"Success","floor":2.0,"gold_loss":0.0,"damage_taken":5.0,"relics_obtained":["Vajra"]},{"damage_healed":0.0,"max_hp_gain":0.0,"max_hp_loss":7.0,"gold_gain":0.0,"event_name":"Golden Idol","player_choice":"Lose Max HP","floor":8.0,"gold_loss":0.0,"damage_taken":0.0,"relics_obtained":["Golden Idol"]},{"damage_healed":0.0,"max_hp_gain":0.0,"max_hp_loss":0.0,"gold_gain":0.0,"event_name":"Living Wall","player_choice":"Grow","floor":10.0,"gold_loss":0.0,"damage_taken":0.0,"cards_upgraded":["Blood for Blood"]},{"damage_healed":0.0,"max_hp_gain":0.0,"max_hp_loss":0.0,"gold_gain":0.0,"event_name":"Masked Bandits","player_choice":"Fought Bandits","floor":21.0,"gold_loss":0.0,"damage_taken":0.0},{"damage_healed":0.0,"max_hp_gain":0.0,"max_hp_loss":0.0,"gold_gain":0.0,"event_name":"Ghosts","player_choice":"Ignored","floor":28.0,"gold_loss":0.0,"damage_taken":0.0},{"damage_healed":0.0,"max_hp_gain":0.0,"max_hp_loss":0.0,"gold_gain":50.0,"event_name":"Nest","player_choice":"Stole From Cult","floor":29.0,"gold_loss":0.0,"damage_taken":0.0},{"damage_healed":0.0,"max_hp_gain":0.0,"max_hp_loss":0.0,"gold_gain":0.0,"event_name":"Duplicator","player_choice":"Copied","floor":37.0,"gold_loss":0.0,"damage_taken":0.0,"cards_obtained":["Limit Break"]},{"damage_healed":0.0,"max_hp_gain":0.0,"max_hp_loss":0.0,"gold_gain":0.0,"event_name":"Designer","player_choice":"Upgraded Two","floor":41.0,"gold_loss":50.0,"damage_taken":0.0,"cards_upgraded":["Metallicize","Bash"]},{"cards_removed":["Sever Soul"],"damage_healed":0.0,"max_hp_gain":0.0,"max_hp_loss":0.0,"gold_gain":0.0,"event_name":"Bonfire Elementals","player_choice":"Offered Uncommon","floor":47.0,"gold_loss":0.0,"damage_taken":0.0}],"is_beta":true,"boss_relics":[{"not_picked":["Tiny House","Runic Dome"],"picked":"SlaversCollar"},{"not_picked":["Coffee Dripper","Astrolabe"],"picked":"Black Star"}],"items_purged_floors":[19,36],"is_endless":false,"potions_floor_spawned":[1,13,14,16,18,20,21,22,24,25,27,30,31,33,35,38,40,45,48],"ascension_level":20}}