{"host":"94aus4jnk6thj94q","time":1608811324,"event":{"mods":["BaseMod","Minty Spire (QoL Compilation)","Quick Restart","StSLib"],"gold_per_floor":[112,112,112,12,29,29,41,72,72,88,88,100,116,129,129,228,278,288,298,121,121,121,121,121,50,50,50,83,100,100,112,112,215,215,231,248,248,266,279,279,129,129,129,129,139,62,62,62],"floor_reached":47,"playtime":4445,"items_purged":[],"score":449,"play_id":"981ef4ad-e972-4ca3-959a-0b29496de1d5","local_time":"20201224140204","is_ascension_mode":false,"campfire_choices":[{"floor":6.0,"key":"RECALL"},{"floor":15.0,"key":"REST"},{"floor":23.0,"key":"REST"},{"floor":32.0,"key":"REST"},{"floor":40.0,"key":"REST"},{"floor":44.0,"key":"REST"}],"circlet_count":0,"master_deck":["Strike_B","Strike_B+1","Strike_B","Strike_B","Defend_B","Defend_B","Defend_B","Defend_B","Zap","Dualcast","Redo","Ball Lightning","Gash","Ball Lightning","Conserve Battery","Leap","Defragment+1","White Noise","Defragment","Glacier","Electrodynamics","Coolheaded","Blizzard","Defragment","Panacea","Self Repair","Gash","Core Surge","Cold Snap+1","Consume"],"relics":["Cracked Core","NeowsBlessing","Gremlin Horn","Pantograph","Tiny House","Pen Nib","SlaversCollar","ClockworkSouvenir","Ornamental Fan"],"acts_visited":["Exordium","TheCity","TheBeyond"],"potions_floor_usage":[],"damage_taken":[{"damage":0.0,"enemies":"2 Louse","floor":1.0,"turns":1.0},{"damage":0.0,"enemies":"Jaw Worm","floor":5.0,"turns":1.0},{"damage":0.0,"enemies":"Cultist","floor":7.0,"turns":1.0},{"damage":45.0,"enemies":"3 Sentries","floor":8.0,"turns":9.0},{"damage":0.0,"enemies":"Blue Slaver","floor":10.0,"turns":2.0},{"damage":5.0,"enemies":"3 Louse","floor":12.0,"turns":3.0},{"damage":11.0,"enemies":"Large Slime","floor":13.0,"turns":4.0},{"damage":12.0,"enemies":"Blue Slaver","floor":14.0,"turns":3.0},{"damage":35.0,"enemies":"Slime Boss","floor":16.0,"turns":6.0},{"damage":9.0,"enemies":"Shell Parasite","floor":18.0,"turns":6.0},{"damage":7.0,"enemies":"Chosen","floor":19.0,"turns":3.0},{"damage":27.0,"enemies":"Slavers","floor":28.0,"turns":5.0},{"damage":12.0,"enemies":"Snecko","floor":29.0,"turns":5.0},{"damage":0.0,"enemies":"Sentry and Sphere","floor":30.0,"turns":1.0},{"damage":37.0,"enemies":"Snake Plant","floor":31.0,"turns":6.0},{"damage":55.0,"enemies":"Champ","floor":33.0,"turns":12.0},{"damage":38.0,"enemies":"Orb Walker","floor":35.0,"turns":5.0},{"damage":2.0,"enemies":"3 Shapes","floor":36.0,"turns":6.0},{"damage":46.0,"enemies":"Writhing Mass","floor":38.0,"turns":8.0},{"damage":21.0,"enemies":"Spire Growth","floor":39.0,"turns":7.0},{"damage":56.0,"enemies":"Transient","floor":45.0,"turns":5.0},{"damage":0,"enemies":"Jaw Worm Horde","floor":47,"turns":1}],"seed_played":"-5810865818663933573","potions_obtained":[{"floor":5.0,"key":"Block Potion"},{"floor":8.0,"key":"ColorlessPotion"},{"floor":10.0,"key":"BlessingOfTheForge"},{"floor":13.0,"key":"SpeedPotion"},{"floor":14.0,"key":"SmokeBomb"},{"floor":17.0,"key":"Block Potion"},{"floor":19.0,"key":"SteroidPotion"},{"floor":28.0,"key":"Weak Potion"},{"floor":29.0,"key":"SkillPotion"},{"floor":33.0,"key":"Block Potion"},{"floor":35.0,"key":"Swift Potion"},{"floor":38.0,"key":"PotionOfCapacity"},{"floor":45.0,"key":"Swift Potion"}],"is_trial":false,"path_per_floor":["M","?","?","$","M","R","M","E","T","M","?","M","M","M","R","B",null,"M","M","$","?","?","R","?","$","T","$","E","M","M","M","R","B",null,"M","M","?","M","M","R","$","?","T","R","M","$","M"],"character_chosen":"DEFECT","items_purchased":["Ball Lightning","Gash","Defragment","Panacea","Self Repair","ClockworkSouvenir","Consume"],"campfire_rested":5,"item_purchase_floors":[4,4,20,20,25,41,46],"current_hp_per_floor":[75,75,75,75,75,75,75,30,30,30,30,25,14,2,24,14,80,71,64,64,64,64,80,80,80,80,80,53,48,48,25,49,26,80,49,54,74,35,21,45,45,45,45,69,13,13,13,13],"gold":62,"neow_bonus":"THREE_ENEMY_KILL","is_daily":false,"chose_seed":false,"campfire_upgraded":0,"win_rate":0.0,"timestamp":1608811324,"path_taken":["M","?","?","$","M","R","?","E","T","M","?","M","M","M","R","BOSS","M","M","$","?","?","R","?","$","T","?","E","M","M","M","R","BOSS","M","M","?","M","M","R","$","?","T","R","M","$","?"],"items_purchased_type":["Card","Card","Card","Card","Card","Relic","Card"],"build_version":"2020-12-22","purchased_purges":0,"victory":false,"max_hp_per_floor":[75,75,75,75,75,75,75,75,75,75,75,75,75,75,75,75,80,80,80,80,80,80,80,80,80,80,80,80,80,80,80,80,80,80,80,80,80,80,80,80,80,80,80,80,80,80,80,80],"card_choices":[{"not_picked":["Sweeping Beam","Streamline"],"picked":"Redo","floor":1.0},{"not_picked":["Tempest","Reprogram"],"picked":"Ball Lightning","floor":5.0},{"not_picked":["Barrage","Auto Shields"],"picked":"Conserve Battery","floor":7.0},{"not_picked":["Buffer","Streamline"],"picked":"Leap","floor":8.0},{"not_picked":["Gash","Tempest"],"picked":"Defragment","floor":10.0},{"not_picked":["Stack","Conserve Battery"],"picked":"White Noise","floor":12.0},{"not_picked":["Turbo","Hello World"],"picked":"Defragment","floor":13.0},{"not_picked":["Sweeping Beam","Double Energy"],"picked":"Glacier","floor":14.0},{"not_picked":["Creative AI","Fission"],"picked":"Electrodynamics","floor":16.0},{"not_picked":["Turbo","Sweeping Beam"],"picked":"Coolheaded","floor":17.0},{"not_picked":["Genetic Algorithm","Barrage","Leap"],"picked":"SKIP","floor":18.0},{"not_picked":["Reinforced Body","Barrage"],"picked":"Blizzard","floor":19.0},{"not_picked":["Steam","Reprogram","Stack"],"picked":"SKIP","floor":28.0},{"not_picked":["Fusion","Go for the Eyes+1","Stack+1"],"picked":"SKIP","floor":29.0},{"not_picked":["Steam Power","Aggregate"],"picked":"Gash","floor":31.0},{"not_picked":["Hyperbeam","Meteor Strike"],"picked":"Core Surge","floor":33.0},{"not_picked":["Ball Lightning","Beam Cell+1","Turbo"],"picked":"SKIP","floor":35.0},{"not_picked":["Rebound+1","Sweeping Beam"],"picked":"Cold Snap+1","floor":36.0},{"not_picked":["Steam+1","Compile Driver","Go for the Eyes"],"picked":"SKIP","floor":38.0},{"not_picked":["Compile Driver","Streamline+1","Barrage+1"],"picked":"SKIP","floor":39.0},{"not_picked":["Auto Shields","Steam","Loop"],"picked":"SKIP","floor":45.0}],"player_experience":5636956,"relics_obtained":[{"floor":8.0,"key":"Gremlin Horn"},{"floor":9.0,"key":"Pantograph"},{"floor":28.0,"key":"Pen Nib"},{"floor":43.0,"key":"Ornamental Fan"}],"event_choices":[{"damage_healed":0.0,"max_hp_gain":0.0,"max_hp_loss":0.0,"gold_gain":0.0,"event_name":"Shining Light","player_choice":"Ignored","floor":2.0,"gold_loss":0.0,"damage_taken":0.0},{"damage_healed":0.0,"max_hp_gain":0.0,"max_hp_loss":0.0,"gold_gain":0.0,"event_name":"FaceTrader","player_choice":"Leave","floor":3.0,"gold_loss":0.0,"damage_taken":0.0},{"damage_healed":0.0,"max_hp_gain":0.0,"max_hp_loss":0.0,"gold_gain":0.0,"event_name":"Living Wall","player_choice":"Grow","floor":11.0,"gold_loss":0.0,"damage_taken":0.0,"cards_upgraded":["Defragment"]},{"damage_healed":0.0,"max_hp_gain":0.0,"max_hp_loss":0.0,"gold_gain":0.0,"event_name":"Beggar","player_choice":"Ignored","floor":21.0,"gold_loss":0.0,"damage_taken":0.0},{"damage_healed":0.0,"max_hp_gain":0.0,"max_hp_loss":0.0,"gold_gain":0.0,"event_name":"Cursed Tome","player_choice":"Ignored","floor":22.0,"gold_loss":0.0,"damage_taken":0.0},{"damage_healed":0.0,"max_hp_gain":0.0,"max_hp_loss":0.0,"gold_gain":0.0,"event_name":"Ghosts","player_choice":"Ignored","floor":24.0,"gold_loss":0.0,"damage_taken":0.0},{"damage_healed":20.0,"max_hp_gain":0.0,"max_hp_loss":0.0,"gold_gain":0.0,"event_name":"Winding Halls","player_choice":"Writhe","floor":37.0,"gold_loss":0.0,"damage_taken":0.0,"cards_obtained":["Writhe"]},{"cards_removed":["Writhe"],"damage_healed":0.0,"max_hp_gain":0.0,"max_hp_loss":0.0,"gold_gain":0.0,"event_name":"Fountain of Cleansing","player_choice":"Removed Curses","floor":42.0,"gold_loss":0.0,"damage_taken":0.0}],"is_beta":false,"boss_relics":[{"not_picked":["SacredBark","Astrolabe"],"picked":"Tiny House"},{"not_picked":["Empty Cage","Runic Dome"],"picked":"SlaversCollar"}],"items_purged_floors":[],"is_endless":false,"potions_floor_spawned":[5,8,10,13,14,19,28,29,33,35,38,45],"killed_by":"Jaw Worm Horde","ascension_level":0}}