{"host":"anox4050deqdcqoh","time":1608847170,"event":{"mods":["BaseMod","Colored Map","Minty Spire (QoL Compilation)","Quick Restart"],"gold_per_floor":[112,122,134,153,172,207,207,207,207],"floor_reached":8,"playtime":1331,"items_purged":[],"score":63,"play_id":"32d65a47-7e8a-4ffa-b812-1347c43a489e","local_time":"20201224165930","daily_mods":["Draft","Heirloom","Flight","DeadlyEvents","Elite Swarm"],"is_ascension_mode":true,"campfire_choices":[{"data":"ClearTheMind","floor":7,"key":"SMITH"}],"circlet_count":0,"master_deck":["CarveReality","Pray","Consecrate","FlyingSleeves","ClearTheMind+1","Halt","Consecrate","EmptyBody","Wireheading","FlurryOfBlows","Prostrate","Swivel","Prostrate","MentalFortress","SashWhip","SandsOfTime","WaveOfTheHand","WindmillStrike","Protect","LikeWater","Alpha","Crescendo","SpiritShield"],"relics":["PureWater","Prayer Wheel","Smiling Mask"],"acts_visited":["Exordium"],"potions_floor_usage":[4],"damage_taken":[{"damage":0,"enemies":"Jaw Worm","floor":1,"turns":3},{"damage":1,"enemies":"Small Slimes","floor":2,"turns":3},{"damage":2,"enemies":"Cultist","floor":3,"turns":5},{"damage":0,"enemies":"Blue Slaver","floor":4,"turns":4},{"damage":10,"enemies":"Gremlin Gang","floor":5,"turns":6},{"damage":10,"enemies":"Lagavulin","floor":6,"turns":5},{"damage":14,"enemies":"Gremlin Nob","floor":8,"turns":3}],"seed_played":"1120826470060776394","potions_obtained":[{"floor":1,"key":"Swift Potion"},{"floor":2,"key":"EssenceOfSteel"},{"floor":4,"key":"Fruit Juice"}],"is_trial":true,"path_per_floor":["M","M","M","M","M","E","R","E"],"character_chosen":"WATCHER","items_purchased":[],"campfire_rested":0,"item_purchase_floors":[],"current_hp_per_floor":[72,71,69,74,64,54,54,40,40],"gold":207,"neow_bonus":"","is_daily":false,"chose_seed":false,"campfire_upgraded":1,"win_rate":0.0,"timestamp":1608847170,"path_taken":["M","M","M","M","M","E","R","E"],"items_purchased_type":[],"build_version":"2020-12-22","purchased_purges":0,"victory":false,"max_hp_per_floor":[72,72,72,77,77,77,77,77,77],"card_choices":[{"not_picked":["Crescendo","CutThroughFate"],"picked":"CarveReality","floor":0},{"not_picked":["EmptyFist","Halt"],"picked":"Pray","floor":0},{"not_picked":["Halt","Sanctity"],"picked":"Consecrate","floor":0},{"not_picked":["Conclude","EmptyBody"],"picked":"FlyingSleeves","floor":0},{"not_picked":["Evaluate","ThirdEye"],"picked":"ClearTheMind","floor":0},{"not_picked":["EmptyFist","Sanctity"],"picked":"Halt","floor":0},{"not_picked":["ClearTheMind","Conclude"],"picked":"Consecrate","floor":0},{"not_picked":["Fasting2","WheelKick"],"picked":"EmptyBody","floor":0},{"not_picked":["Consecrate","CrushJoints"],"picked":"Wireheading","floor":0},{"not_picked":["CarveReality","Consecrate"],"picked":"FlurryOfBlows","floor":0},{"not_picked":["ThirdEye","PathToVictory"],"picked":"Prostrate","floor":0},{"not_picked":["JustLucky","EmptyFist"],"picked":"Swivel","floor":0},{"not_picked":["PathToVictory","Crescendo"],"picked":"Prostrate","floor":0},{"not_picked":["ClearTheMind","FollowUp"],"picked":"MentalFortress","floor":0},{"not_picked":["CrushJoints","Nirvana"],"picked":"SashWhip","floor":0},{"not_picked":["Swivel","Consecrate"],"picked":"SandsOfTime","floor":1},{"not_picked":["Worship","Study"],"picked":"WaveOfTheHand","floor":1},{"not_picked":["EmptyFist","ThirdEye"],"picked":"WindmillStrike","floor":2},{"not_picked":["Protect","Conclude","Vengeance"],"picked":"SKIP","floor":2},{"not_picked":["Conclude","Vengeance"],"picked":"Protect","floor":2},{"not_picked":["EmptyFist","Protect"],"picked":"LikeWater","floor":3},{"not_picked":["FlyingSleeves","JustLucky","Consecrate"],"picked":"SKIP","floor":3},{"not_picked":["BowlingBash","EmptyBody"],"picked":"Alpha","floor":4},{"not_picked":["CrushJoints","EmptyMind","EmptyBody"],"picked":"SKIP","floor":4},{"not_picked":["Alpha","JustLucky"],"picked":"Crescendo","floor":5},{"not_picked":["FollowUp","WheelKick","CrushJoints"],"picked":"SKIP","floor":5},{"not_picked":["LessonLearned","ConjureBlade"],"picked":"SpiritShield","floor":6}],"player_experience":180917,"relics_obtained":[{"floor":6,"key":"Smiling Mask"}],"event_choices":[],"is_beta":false,"boss_relics":[],"items_purged_floors":[],"is_endless":true,"potions_floor_spawned":[1,2,4],"killed_by":"Gremlin Nob","ascension_level":1}}