{"host":"cjhtzh7tp54jdfyv","time":1608822412,"event":{"mods":["AchievementEnabler","BaseMod","Colored Map","Colored Powertips","Curses Come First","DeckTracker","Filter the Spire","Minty Spire (QoL Compilation)","RNG Fix","Relic Sorter","Relic Stats","StSLib","The Cursed","Waifu the Spire","ojb\u0027s Better Paths Mod","ojb\u0027s Info Mod"],"gold_per_floor":[111,111,111,125,16,49,49,68,140,174,192,220,395,414,414,516,516,526,526,30,30,30,30,57,57,57,384,394,394,421,186,186,290,290,306,306,1,51,0,0,26,44,44,74,101,131,9,9,9,9,9,9,9,39,39],"floor_reached":56,"playtime":5247,"items_purged":["TheCursedMod:Strike_TheCursed+1","TheCursedMod:Strike_TheCursed+1"],"score":1721,"play_id":"380b2de9-0382-49f5-8202-75d6cc861f49","local_time":"20201224100652","is_ascension_mode":true,"campfire_choices":[{"data":"TheCursedMod:CursedStaff","floor":7.0,"key":"SMITH"},{"data":"TheCursedMod:CleanUpWorkshop","floor":15.0,"key":"SMITH"},{"data":"TheCursedMod:CircleOfWindfury","floor":23.0,"key":"SMITH"},{"floor":25.0,"key":"REST"},{"data":"TheCursedMod:CursedSpellbook","floor":29.0,"key":"SMITH"},{"data":"TheCursedMod:SpitefulPlan","floor":32.0,"key":"SMITH"},{"floor":40.0,"key":"REST"},{"floor":49,"key":"RECALL"},{"data":"TheCursedMod:ManaCirculation","floor":52,"key":"SMITH"}],"circlet_count":0,"master_deck":["TheCursedMod:Defend_TheCursed+1","TheCursedMod:Defend_TheCursed+1","TheCursedMod:Defend_TheCursed+1","TheCursedMod:Defend_TheCursed+1","TheCursedMod:CursedWand+1","TheCursedMod:CleanUpWorkshop+1","TheCursedMod:Dregs","TheCursedMod:Hemoplague","TheCursedMod:Wield","TheCursedMod:LuckyCharm","TheCursedMod:CursedStaff+1","TheCursedMod:WearCloak","TheCursedMod:VitalStrike","TheCursedMod:SaltUponWound","TheCursedMod:NeowsMight+1","Doubt","TheCursedMod:Mangle","TheCursedMod:AntiAging","TheCursedMod:CursedAmulet+1","TheCursedMod:CleanUpWorkshop+1","TheCursedMod:CircleOfWindfury+1","TheCursedMod:LuckyCharm+1","TheCursedMod:CursedMace","TheCursedMod:CursedSpellbook+1","TheCursedMod:VoidForm","TheCursedMod:SpitefulPlan+1","TheCursedMod:StingEye","TheCursedMod:StingEye","TheCursedMod:NeowsMight+1","TheCursedMod:ManaCirculation+1","TheCursedMod:FleshFromBone","TheCursedMod:BloodBarrier","TheCursedMod:Evocation+1","Doubt","TheCursedMod:SurpriseAttack","TheCursedMod:DemonSword","TheCursedMod:CursedShiv","TheCursedMod:CircleOfAmplification+1"],"relics":["TheCursedMod:BlackMagic101","Letter Opener","Boot","Pear","Ice Cream","TheCursedMod:DemonicMark","SlaversCollar","Dream Catcher","DollysMirror","Gambling Chip","Oddly Smooth Stone","The Courier","Kunai","Old Coin","WingedGreaves","Cursed Key","Bag of Preparation","TheCursedMod:SoulVessel","Red Mask","War Paint","Omamori","Bottled Lightning","Orichalcum","Medical Kit","Blood Vial"],"acts_visited":["Exordium","TheCity","TheBeyond","TheEnding"],"potions_floor_usage":[44,46],"damage_taken":[{"damage":1.0,"enemies":"Cultist","floor":1.0,"turns":5.0},{"damage":0.0,"enemies":"2 Louse","floor":4.0,"turns":3.0},{"damage":11.0,"enemies":"3 Sentries","floor":6.0,"turns":6.0},{"damage":5.0,"enemies":"Small Slimes","floor":8.0,"turns":2.0},{"damage":21.0,"enemies":"Gremlin Nob","floor":10.0,"turns":4.0},{"damage":9.0,"enemies":"Exordium Wildlife","floor":11.0,"turns":5.0},{"damage":13.0,"enemies":"3 Sentries","floor":12.0,"turns":5.0},{"damage":0.0,"enemies":"Blue Slaver","floor":14.0,"turns":1.0},{"damage":13.0,"enemies":"Slime Boss","floor":16.0,"turns":8.0},{"damage":16.0,"enemies":"Chosen","floor":18.0,"turns":5.0},{"damage":18.0,"enemies":"Gremlin Leader","floor":24.0,"turns":6.0},{"damage":7.0,"enemies":"Slavers","floor":27.0,"turns":5.0},{"damage":1.0,"enemies":"2 Thieves","floor":28.0,"turns":3.0},{"damage":3.0,"enemies":"Book of Stabbing","floor":30.0,"turns":4.0},{"damage":0.0,"enemies":"Champ","floor":33.0,"turns":7.0},{"damage":33.0,"enemies":"3 Darklings","floor":35.0,"turns":5.0},{"damage":19.0,"enemies":"2 Orb Walkers","floor":38.0,"turns":7.0},{"damage":2.0,"enemies":"Giant Head","floor":41.0,"turns":4.0},{"damage":4.0,"enemies":"3 Shapes","floor":42.0,"turns":2.0},{"damage":0,"enemies":"Reptomancer","floor":44,"turns":2},{"damage":0,"enemies":"Nemesis","floor":45,"turns":5},{"damage":11,"enemies":"Reptomancer","floor":46,"turns":4},{"damage":0,"enemies":"Donu and Deca","floor":50,"turns":4},{"damage":2,"enemies":"Shield and Spear","floor":54,"turns":7},{"damage":32,"enemies":"The Heart","floor":55,"turns":6}],"seed_played":"-3028157719779839401","potions_obtained":[{"floor":6.0,"key":"Fire Potion"},{"floor":12.0,"key":"Swift Potion"},{"floor":14.0,"key":"Fruit Juice"},{"floor":16.0,"key":"Block Potion"},{"floor":24.0,"key":"Fire Potion"},{"floor":28.0,"key":"ColorlessPotion"},{"floor":30.0,"key":"ColorlessPotion"},{"floor":35.0,"key":"BlessingOfTheForge"},{"floor":41.0,"key":"Fruit Juice"},{"floor":44,"key":"Explosive Potion"}],"is_trial":false,"path_per_floor":["M","?","?","M","$","E","R","M","T","E","M","E","?","M","R","B",null,"M","?","$","?","?","R","E","R","T","E","M","R","E","$","R","B",null,"M","?","$","?","?","R","E","M","T","E","E","E","$","?","R","B",null,"R","$","E","B",null],"character_chosen":"THE_CURSED","items_purchased":["TheCursedMod:LuckyCharm","TheCursedMod:CursedStaff","DollysMirror","Gambling Chip","TheCursedMod:CircleOfWindfury","TheCursedMod:SpitefulPlan","TheCursedMod:StingEye","TheCursedMod:StingEye","Bag of Preparation","TheCursedMod:ManaCirculation","Medical Kit"],"campfire_rested":2,"item_purchase_floors":[5,5,20,20,20,31,31,31,37,37,47],"current_hp_per_floor":[81,69,69,69,69,58,58,53,63,42,33,20,20,20,20,7,92,78,78,78,78,78,78,62,90,90,83,82,82,86,86,86,88,105,74,74,74,57,57,89,97,101,101,114,122,120,120,120,120,126,126,126,126,128,112],"gold":39,"neow_bonus":"TEN_PERCENT_HP_BONUS","is_daily":false,"chose_seed":false,"campfire_upgraded":6,"win_rate":0.0,"timestamp":1608822412,"path_taken":["M","?","?","M","$","E","R","M","T","E","M","E","?","M","R","BOSS","M","?","$","?","?","R","E","R","T","E","?","R","E","$","R","BOSS","M","?","$","?","?","R","E","?","T","E","E","E","?","?","R","BOSS","R","$","E","BOSS"],"items_purchased_type":["Card","Card","Relic","Relic","Card","Card","Card","Card","Relic","Card","Relic"],"build_version":"2020-12-22","purchased_purges":2,"victory":true,"max_hp_per_floor":[82,82,82,82,82,82,82,82,92,92,92,92,92,92,92,92,92,94,94,94,94,94,94,96,96,96,96,96,96,103,103,103,105,105,107,107,107,109,109,109,111,113,113,120,122,124,124,124,124,126,126,126,126,128,130],"relic_stats":{"counters":[25,115],"Bag of Preparation":[18],"Letter Opener":[462],"War Paint":["TheCursedMod:NeowsMight","TheCursedMod:NeowsMight"],"Orichalcum":[0],"Boot":[57],"Cursed Key":1,"Medical Kit":[9],"Blood Vial":0,"Dream Catcher":2,"Gambling Chip":[57],"Kunai":[45],"obtain_stats":[{"Ice Cream":10,"Bag of Preparation":37,"Boot":6,"TheCursedMod:DemonicMark":12,"Cursed Key":34,"Old Coin":27,"Blood Vial":54,"Dream Catcher":19,"DollysMirror":20,"Gambling Chip":20,"WingedGreaves":30,"Red Mask":39,"Kunai":26,"TheCursedMod:BlackMagic101":0,"Pear":9,"Oddly Smooth Stone":21,"The Courier":24,"Omamori":44,"Letter Opener":2,"War Paint":41,"Orichalcum":46,"Medical Kit":47,"SlaversCollar":17,"Bottled Lightning":45,"TheCursedMod:SoulVessel":38},{"Ice Cream":5,"Bag of Preparation":16,"Boot":3,"TheCursedMod:DemonicMark":7,"Cursed Key":15,"Old Coin":12,"Blood Vial":24,"Dream Catcher":10,"DollysMirror":10,"Gambling Chip":10,"WingedGreaves":14,"Red Mask":17,"Kunai":11,"TheCursedMod:BlackMagic101":0,"Pear":4,"Oddly Smooth Stone":10,"The Courier":11,"Omamori":20,"Letter Opener":1,"War Paint":18,"Orichalcum":22,"Medical Kit":22,"SlaversCollar":9,"Bottled Lightning":21,"TheCursedMod:SoulVessel":17},{"Ice Cream":20,"Bag of Preparation":74,"Boot":14,"TheCursedMod:DemonicMark":30,"Cursed Key":69,"Old Coin":55,"Blood Vial":109,"Dream Catcher":44,"DollysMirror":44,"Gambling Chip":44,"WingedGreaves":62,"Red Mask":81,"Kunai":50,"TheCursedMod:BlackMagic101":0,"Pear":16,"Oddly Smooth Stone":44,"The Courier":50,"Omamori":89,"Letter Opener":5,"War Paint":85,"Orichalcum":98,"Medical Kit":98,"SlaversCollar":39,"Bottled Lightning":94,"TheCursedMod:SoulVessel":81}]},"card_choices":[{"not_picked":["TheCursedMod:RapidMovement","TheCursedMod:CircleOfCorruption"],"picked":"TheCursedMod:Hemoplague","floor":1.0},{"not_picked":["TheCursedMod:CursedShiv","TheCursedMod:TroublousMinions"],"picked":"TheCursedMod:Wield","floor":4.0},{"not_picked":["TheCursedMod:CursedArmor","TheCursedMod:CircleOfWindfury"],"picked":"TheCursedMod:WearCloak","floor":6.0},{"not_picked":["TheCursedMod:CursedShiv","TheCursedMod:RavingStaff"],"picked":"TheCursedMod:VitalStrike","floor":8.0},{"not_picked":["TheCursedMod:VitalStrike","TheCursedMod:BlessingInDisguise"],"picked":"TheCursedMod:SaltUponWound","floor":10.0},{"not_picked":["TheCursedMod:DoubleShield","TheCursedMod:CursedShiv"],"picked":"TheCursedMod:NeowsMight","floor":11.0},{"not_picked":["TheCursedMod:WearCloak","TheCursedMod:VitalStrike","TheCursedMod:CircleOfFlame"],"picked":"SKIP","floor":12.0},{"not_picked":["TheCursedMod:CircleOfCorruption","TheCursedMod:SpitefulStrike"],"picked":"TheCursedMod:Mangle","floor":14.0},{"not_picked":["TheCursedMod:VoidForm","TheCursedMod:CircleOfAbyss"],"picked":"TheCursedMod:AntiAging","floor":16.0},{"not_picked":["TheCursedMod:Stretching","TheCursedMod:Obscuration"],"picked":"TheCursedMod:CursedAmulet+1","floor":18.0},{"not_picked":["TheCursedMod:FleshFromBone+1","TheCursedMod:CircleOfBlood"],"picked":"TheCursedMod:LuckyCharm+1","floor":24.0},{"not_picked":["TheCursedMod:SoulCrush","TheCursedMod:CircleOfFlame"],"picked":"TheCursedMod:CursedMace","floor":25.0},{"not_picked":["TheCursedMod:CursedAmulet+1","TheCursedMod:WearCloak","TheCursedMod:CursedBlade"],"picked":"SKIP","floor":27.0},{"not_picked":["TheCursedMod:PrepareRite","TheCursedMod:SpitefulStrike+1"],"picked":"TheCursedMod:CursedSpellbook","floor":28.0},{"not_picked":["TheCursedMod:RapidMovement","TheCursedMod:CircleOfFocus"],"picked":"TheCursedMod:VoidForm","floor":30.0},{"not_picked":["TheCursedMod:DemonicPact","TheCursedMod:CursedRelics"],"picked":"TheCursedMod:NeowsMight","floor":33.0},{"not_picked":["TheCursedMod:Hemoplague+1","TheCursedMod:WearCloak+1","TheCursedMod:CircleOfCorruption+1"],"picked":"SKIP","floor":35.0},{"not_picked":["TheCursedMod:TacticalStrike","TheCursedMod:HellsGateOpen"],"picked":"TheCursedMod:FleshFromBone","floor":38.0},{"not_picked":["TheCursedMod:RavingStaff","TheCursedMod:VitalStrike+1"],"picked":"TheCursedMod:BloodBarrier","floor":40.0},{"not_picked":["TheCursedMod:TroublousMinions+1","TheCursedMod:Stigma"],"picked":"TheCursedMod:Evocation+1","floor":41.0},{"not_picked":["TheCursedMod:Torture+1","TheCursedMod:UltimatePain","TheCursedMod:CircleOfCorruption"],"picked":"SKIP","floor":42.0},{"not_picked":["TheCursedMod:Stigma+1","TheCursedMod:Obscuration+1"],"picked":"TheCursedMod:SurpriseAttack","floor":44},{"not_picked":["TheCursedMod:VitalStrike","TheCursedMod:Wield+1"],"picked":"TheCursedMod:DemonSword","floor":45},{"not_picked":["TheCursedMod:VitalStrike","TheCursedMod:Wield","TheCursedMod:CircleOfFlame+1"],"picked":"SKIP","floor":46},{"not_picked":["TheCursedMod:Mangle","TheCursedMod:RavingStaff+1"],"picked":"TheCursedMod:CircleOfAmplification+1","floor":54}],"player_experience":4383423,"relics_obtained":[{"floor":6.0,"key":"Boot"},{"floor":9.0,"key":"Pear"},{"floor":10.0,"key":"Ice Cream"},{"floor":12.0,"key":"TheCursedMod:DemonicMark"},{"floor":24.0,"key":"The Courier"},{"floor":26.0,"key":"Kunai"},{"floor":27.0,"key":"Old Coin"},{"floor":30.0,"key":"WingedGreaves"},{"floor":38.0,"key":"TheCursedMod:SoulVessel"},{"floor":41.0,"key":"War Paint"},{"floor":44,"key":"Omamori"},{"floor":45,"key":"Bottled Lightning"},{"floor":46,"key":"Orichalcum"},{"floor":54,"key":"Blood Vial"}],"event_choices":[{"damage_healed":0.0,"max_hp_gain":0.0,"max_hp_loss":0.0,"gold_gain":0.0,"event_name":"Scrap Ooze","player_choice":"Success","floor":2.0,"gold_loss":0.0,"damage_taken":12.0,"relics_obtained":["Letter Opener"]},{"damage_healed":0.0,"max_hp_gain":0.0,"max_hp_loss":0.0,"gold_gain":0.0,"event_name":"Living Wall","player_choice":"Grow","floor":3.0,"gold_loss":0.0,"damage_taken":0.0,"cards_upgraded":["TheCursedMod:CursedWand"]},{"damage_healed":0.0,"max_hp_gain":0.0,"max_hp_loss":0.0,"gold_gain":175.0,"event_name":"Liars Game","player_choice":"AGREE","floor":13.0,"gold_loss":0.0,"damage_taken":0.0,"cards_obtained":["Doubt"]},{"damage_healed":0.0,"max_hp_gain":0.0,"max_hp_loss":0.0,"gold_gain":0.0,"event_name":"WeMeetAgain","player_choice":"Gave Potion","floor":19.0,"gold_loss":0.0,"damage_taken":0.0,"relics_obtained":["Dream Catcher"]},{"damage_healed":0.0,"max_hp_gain":0.0,"max_hp_loss":0.0,"gold_gain":0.0,"event_name":"The Mausoleum","player_choice":"Opened","floor":21.0,"gold_loss":0.0,"damage_taken":0.0,"relics_obtained":["Oddly Smooth Stone"]},{"damage_healed":0.0,"max_hp_gain":0.0,"max_hp_loss":0.0,"gold_gain":0.0,"event_name":"Back to Basics","player_choice":"Simplicity","floor":22.0,"gold_loss":0.0,"damage_taken":0.0,"cards_upgraded":["TheCursedMod:Strike_TheCursed","TheCursedMod:Strike_TheCursed","TheCursedMod:Strike_TheCursed","TheCursedMod:Strike_TheCursed","TheCursedMod:Defend_TheCursed","TheCursedMod:Defend_TheCursed","TheCursedMod:Defend_TheCursed","TheCursedMod:Defend_TheCursed"]},{"cards_removed":["TheCursedMod:Strike_TheCursed"],"damage_healed":0.0,"max_hp_gain":0.0,"max_hp_loss":0.0,"gold_gain":0.0,"event_name":"Wheel of Change","player_choice":"Card Removal","floor":36.0,"gold_loss":0.0,"damage_taken":0.0},{"damage_healed":0.0,"max_hp_gain":0.0,"max_hp_loss":0.0,"gold_gain":0.0,"event_name":"Mysterious Sphere","player_choice":"Fight","floor":38.0,"gold_loss":0.0,"damage_taken":0.0},{"damage_healed":0.0,"max_hp_gain":0.0,"max_hp_loss":0.0,"gold_gain":0.0,"event_name":"Tomb of Lord Red Mask","player_choice":"Paid","floor":39.0,"gold_loss":51.0,"damage_taken":0.0,"relics_obtained":["Red Mask"]},{"damage_healed":0,"gold_gain":0,"cards_transformed":["TheCursedMod:Strike_TheCursed"],"player_choice":"Transformed","damage_taken":0,"max_hp_gain":0,"max_hp_loss":0,"event_name":"Transmorgrifier","floor":48,"gold_loss":0,"cards_obtained":["TheCursedMod:CursedShiv"]}],"is_beta":false,"boss_relics":[{"not_picked":["Sozu","Velvet Choker"],"picked":"SlaversCollar"},{"not_picked":["Philosopher\u0027s Stone","Black Star"],"picked":"Cursed Key"}],"items_purged_floors":[31,37],"is_endless":false,"potions_floor_spawned":[6,12,14,16,24,28,30,35,41,44],"ascension_level":1}}