{"host":"12piqfhmdln9x2la","time":1608775560,"event":{"mods":["2.2 Compatiblity","AchievementEnabler","BaseMod","BetterRewards","Colored Powertips","Minty Spire (QoL Compilation)","Quick Restart","SuperFastMode"],"gold_per_floor":[119,139,139,64,64,64,64,92,92,112,123,123,123],"floor_reached":12,"playtime":96,"items_purged":["Pain"],"score":113,"play_id":"504b5558-0058-4784-8260-d384edb27b54","local_time":"20201224110600","is_ascension_mode":true,"campfire_choices":[{"floor":6,"key":"RECALL"}],"circlet_count":0,"master_deck":["Strike_R","Strike_R","Strike_R","Strike_R","Strike_R","Defend_R","Defend_R","Defend_R","Defend_R","Bash","Pommel Strike","Cleave","Flex","Uppercut"],"relics":["Burning Blood","NeowsBlessing","WarpedTongs","PreservedInsect","Kunai","FossilizedHelix"],"acts_visited":["Exordium"],"potions_floor_usage":[],"damage_taken":[{"damage":0,"enemies":"Jaw Worm","floor":1,"turns":1},{"damage":0,"enemies":"Cultist","floor":2,"turns":1},{"damage":0,"enemies":"Lagavulin","floor":8,"turns":1},{"damage":20,"enemies":"Small Slimes","floor":10,"turns":3},{"damage":8,"enemies":"Blue Slaver","floor":11,"turns":3},{"damage":0,"enemies":"3 Sentries","floor":12,"turns":1}],"seed_played":"2164452457200040245","potions_obtained":[{"floor":10,"key":"BloodPotion"}],"is_trial":false,"path_per_floor":["M","M","?","$","$","R","?","E","T","M","M","E"],"character_chosen":"IRONCLAD","items_purchased":[],"campfire_rested":0,"item_purchase_floors":[],"current_hp_per_floor":[80,80,80,80,80,80,77,80,80,66,64,64,64],"gold":123,"neow_bonus":"THREE_ENEMY_KILL","is_daily":false,"chose_seed":false,"campfire_upgraded":0,"win_rate":0.0,"timestamp":1608775560,"path_taken":["M","M","?","?","$","R","?","E","T","M","M","E"],"items_purchased_type":[],"build_version":"2020-12-22","purchased_purges":1,"victory":false,"max_hp_per_floor":[80,80,80,80,80,80,80,80,80,80,80,80,80],"card_choices":[{"not_picked":["Twin Strike","Shockwave"],"picked":"Pommel Strike","floor":1},{"not_picked":["Carnage","Entrench"],"picked":"Cleave","floor":2},{"not_picked":["Metallicize","Perfected Strike"],"picked":"Flex","floor":8},{"not_picked":["Warcry","Power Through"],"picked":"Uppercut","floor":10},{"not_picked":["Blood for Blood","Sever Soul","Dual Wield"],"picked":"SKIP","floor":11}],"player_experience":114205,"relics_obtained":[{"floor":8,"key":"Kunai"},{"floor":9,"key":"FossilizedHelix"}],"event_choices":[{"damage_healed":0,"gold_gain":0,"player_choice":"Rummage","damage_taken":0,"relics_obtained":["WarpedTongs"],"max_hp_gain":0,"max_hp_loss":0,"event_name":"Accursed Blacksmith","floor":3,"gold_loss":0,"cards_obtained":["Pain"]},{"damage_healed":0,"gold_gain":0,"player_choice":"Success","damage_taken":3,"relics_obtained":["PreservedInsect"],"max_hp_gain":0,"max_hp_loss":0,"event_name":"Scrap Ooze","floor":7,"gold_loss":0}],"is_beta":false,"boss_relics":[],"items_purged_floors":[4],"is_endless":false,"potions_floor_spawned":[10],"killed_by":"3 Sentries","ascension_level":2}}