{"host":"9nt1zhl3k8mtcf72","time":1608798267,"event":{"mods":["Aspiration","BaseMod","BetterRewards","Conjunction","Conspire","Downfall","Energized Spire","Friendly Minions","GifTheSpireLib","Halation","Hubris","Infinite Spire","Jedi Mod","Mimic Mod","Minty Spire (QoL Compilation)","RatMod","Replay The Spire","Spikes Relics","StSLib","Stuff the Spire","Trackpad","Useless Jewels Mod","Wandering Minibosses","vexMod"],"gold_per_floor":[99,99,99,74,74,74,74,101,113,123,48,80,97,0,20,20,20,20],"floor_reached":16,"playtime":523,"items_purged":[],"score":98,"play_id":"fb4eb5c6-e888-47aa-addc-261e4e1cd9b7","local_time":"20201224032427","is_ascension_mode":false,"campfire_choices":[{"floor":1,"key":"RECALL"},{"floor":11,"key":"REST"}],"circlet_count":0,"master_deck":["hexamod:Strike","hexamod:Strike","hexamod:Strike","hexamod:Strike","hexamod:Defend","hexamod:Defend","hexamod:Defend","hexamod:Defend","hexamod:Sear","hexamod:Float","hexamod:Firestarter","hexamod:RainOfEmbers","hexamod:RainOfEmbers","hexamod:TimeWarp","hexamod:FlamesFromBeyond","hexamod:BurningTouch","hexamod:FirstSeal","hexamod:BurningTouch"],"relics":["Guardian:ModeShifter","downfall:HeartsMalice","infinitespire:Cubic Diamond","halation:LettersToHer","downfall:HeartBlessingBlue","trackpad:CultistFigurine"],"acts_visited":["Exordium"],"potions_floor_usage":[13,16,16],"damage_taken":[{"damage":0,"enemies":"Cultist","floor":2,"turns":1},{"damage":0,"enemies":"Jaw Worm","floor":3,"turns":1},{"damage":0,"enemies":"2 Louse","floor":5,"turns":1},{"damage":11,"enemies":"Blue Slaver","floor":9,"turns":4},{"damage":17,"enemies":"2 Fungi Beasts","floor":10,"turns":4},{"damage":33,"enemies":"3 Sentries","floor":12,"turns":7},{"damage":8,"enemies":"Lots of Slimes","floor":13,"turns":3},{"damage":2,"enemies":"downfall:FleeingMerchant","floor":14,"turns":4},{"damage":7,"enemies":"2 Fungi Beasts","floor":15,"turns":3},{"damage":33,"enemies":"downfall:Silent","floor":16,"turns":4}],"seed_played":"6323367562084739256","potions_obtained":[{"floor":9,"key":"jedi:wingpotion"},{"floor":12,"key":"Energy Potion"},{"floor":13,"key":"Strength Potion"},{"floor":15,"key":"Fire Potion"}],"is_trial":false,"path_per_floor":["R","M","M","?","M","?","T","T","M","M","R","E","M","$","M","B"],"character_chosen":"THE_SPIRIT","items_purchased":["hexamod:FirstSeal"],"campfire_rested":1,"item_purchase_floors":[14],"current_hp_per_floor":[70,70,70,70,70,70,70,70,59,42,76,43,35,33,33,0,0,0],"gold":20,"neow_bonus":"THREE_ENEMY_KILL","is_daily":false,"chose_seed":false,"campfire_upgraded":0,"win_rate":0.0,"timestamp":1608798267,"path_taken":["R","M","M","?","M","?","T","?","M","?","R","E","M","$","M","BOSS"],"items_purchased_type":["Card"],"build_version":"2020-12-22","purchased_purges":0,"victory":false,"max_hp_per_floor":[70,70,70,70,70,70,70,70,70,70,80,80,80,80,80,80,80,80],"card_choices":[{"not_picked":["hexamod:HeatShield","hexamod:Rewind"],"picked":"hexamod:Firestarter","floor":2},{"not_picked":["hexamod:HauntingEcho","hexamod:SwordOfDarkness"],"picked":"hexamod:RainOfEmbers","floor":3},{"not_picked":["hexamod:HauntingEcho","hexamod:FastForward"],"picked":"hexamod:RainOfEmbers","floor":5},{"not_picked":["hexamod:InspiringFlames","hexamod:GhostShield"],"picked":"hexamod:TimeWarp","floor":9},{"not_picked":["hexamod:GhostShield","hexamod:InspiringFlames","hexamod:ShieldOfDarkness"],"picked":"SKIP","floor":10},{"not_picked":["hexamod:Hexaguard","hexamod:InspiringFlames"],"picked":"hexamod:FlamesFromBeyond","floor":12},{"not_picked":["hexamod:StepThrough","hexamod:Hexaguard"],"picked":"hexamod:BurningTouch","floor":13},{"not_picked":["hexamod:FastForward","hexamod:GhostLash","hexamod:GhostShield"],"picked":"SKIP","floor":14},{"not_picked":["hexamod:HauntingEcho","hexamod:GiftsFromTheDead"],"picked":"hexamod:BurningTouch","floor":15}],"player_experience":458987,"relics_obtained":[{"floor":8,"key":"halation:LettersToHer"},{"floor":12,"key":"trackpad:CultistFigurine"}],"event_choices":[],"is_beta":false,"boss_relics":[],"items_purged_floors":[],"is_endless":false,"potions_floor_spawned":[9,12,13,15],"killed_by":"downfall:Silent","ascension_level":0}}