{"host":"vc42n08di9czm3e7","time":1608776579,"event":{"mods":["AchievementEnabler","Act Like it!","BaseMod","Colored Powertips","Downfall","Friendly Minions","GifTheSpireLib","Minty Spire (QoL Compilation)","Rare Cards Sparkle","StSLib"],"gold_per_floor":[99,110,210,210,228,153,205,225,28,28,28,46,146,181,195,195,195],"floor_reached":16,"playtime":593,"items_purged":[],"score":100,"play_id":"34493ccb-244d-4e98-86f3-8f19f47ae9f8","local_time":"20201223212259","is_ascension_mode":false,"campfire_choices":[{"floor":1,"key":"RECALL"},{"data":"sneckomod:WideSting","floor":6,"key":"SMITH"},{"data":"sneckomod:SerpentIdol","floor":10,"key":"SMITH"}],"circlet_count":0,"master_deck":["sneckomod:Strike","sneckomod:Strike","sneckomod:Defend","sneckomod:Defend","sneckomod:Defend","sneckomod:TailWhip","sneckomod:SnekBite","sneckomod:Unknown","sneckomod:Unknown","expansioncontent:DashGenerateEvil","sneckomod:UnknownUncommonPower","sneckomod:WideSting+1","sneckomod:SoulRoll","sneckomod:SoulCleanse","sneckomod:SlitherStrike","sneckomod:SoulDraw","sneckomod:SoulRoll","sneckomod:SoulDraw","sneckomod:SerpentIdol+1","sneckomod:UnknownUncommonPower","sneckomod:SerpentMind","sneckomod:SoulRoll"],"relics":["sneckomod:SneckoSoul","downfall:HeartBlessingRed","Bag of Marbles","Orrery","sneckomod:ConfusingCodex","Juzu Bracelet"],"acts_visited":["Exordium"],"potions_floor_usage":[16,16,16],"damage_taken":[{"damage":5,"enemies":"Small Slimes","floor":2,"turns":3},{"damage":13,"enemies":"Jaw Worm","floor":5,"turns":3},{"damage":0,"enemies":"Cultist","floor":8,"turns":2},{"damage":0,"enemies":"downfall:FleeingMerchant","floor":9,"turns":4},{"damage":0,"enemies":"Exordium Wildlife","floor":12,"turns":2},{"damage":22,"enemies":"3 Sentries","floor":14,"turns":4},{"damage":12,"enemies":"Large Slime","floor":15,"turns":5},{"damage":31,"enemies":"downfall:Silent","floor":16,"turns":6}],"seed_played":"-2462415993693321999","potions_obtained":[{"floor":2,"key":"DistilledChaos"},{"floor":8,"key":"ColorlessPotion"},{"floor":12,"key":"Strength Potion"},{"floor":15,"key":"DistilledChaos"}],"is_trial":false,"path_per_floor":["R","M","?","?","M","R","T","M","$","R","T","M","?","E","M","B"],"character_chosen":"THE_SNECKO","items_purchased":["sneckomod:SlitherStrike","Orrery"],"campfire_rested":0,"item_purchase_floors":[9,9],"current_hp_per_floor":[81,77,77,77,64,64,64,64,65,65,65,65,65,43,31,0,0],"gold":195,"neow_bonus":"RANDOM_COLORLESS_2","is_daily":false,"chose_seed":false,"campfire_upgraded":2,"win_rate":0.0,"timestamp":1608776579,"path_taken":["R","M","?","?","M","R","T","?","$","R","?","M","?","E","M","BOSS"],"items_purchased_type":["Card","Relic"],"build_version":"2020-12-22","purchased_purges":0,"victory":false,"max_hp_per_floor":[81,82,82,82,82,82,82,82,83,83,83,83,83,83,83,83,83],"card_choices":[{"not_picked":["Transmutation","Master of Strategy"],"picked":"expansioncontent:DashGenerateEvil","floor":0},{"not_picked":["sneckomod:UnknownEthereal","sneckomod:Unknown2Cost"],"picked":"sneckomod:UnknownUncommonPower","floor":2},{"not_picked":["sneckomod:Nope","sneckomod:UnknownExhaust"],"picked":"sneckomod:WideSting","floor":5},{"not_picked":["sneckomod:UnknownCommonAttack","sneckomod:UnknownStrength"],"picked":"sneckomod:SoulRoll","floor":8},{"not_picked":["sneckomod:UnknownStrength","sneckomod:UnknownStrike"],"picked":"sneckomod:SoulCleanse","floor":9},{"not_picked":["sneckomod:PureSnecko","sneckomod:RainOfDice"],"picked":"sneckomod:SoulDraw","floor":9},{"not_picked":["sneckomod:Rotation","sneckomod:IronFang"],"picked":"sneckomod:SoulRoll","floor":9},{"not_picked":["sneckomod:DiceCrush","sneckomod:TrashToTreasure"],"picked":"sneckomod:SoulDraw","floor":9},{"not_picked":["sneckomod:UnknownStrike","sneckomod:UnknownClassGREEN"],"picked":"sneckomod:SerpentIdol","floor":9},{"not_picked":["sneckomod:Unknown1Cost","sneckomod:Nope"],"picked":"sneckomod:UnknownUncommonPower","floor":9},{"not_picked":["sneckomod:UnknownExhaust","sneckomod:DiceCrush"],"picked":"sneckomod:SerpentMind","floor":12},{"not_picked":["sneckomod:UnknownDexterity","sneckomod:DiceCrush"],"picked":"sneckomod:SoulRoll","floor":14},{"not_picked":["sneckomod:DiceBoulder","sneckomod:UnknownCommonSkill","sneckomod:SoulDraw"],"picked":"SKIP","floor":15}],"player_experience":197833,"relics_obtained":[{"floor":7,"key":"Bag of Marbles"},{"floor":11,"key":"sneckomod:ConfusingCodex"},{"floor":14,"key":"Juzu Bracelet"}],"event_choices":[{"cards_removed":["sneckomod:Strike"],"damage_healed":0,"gold_gain":0,"player_choice":"Purged","damage_taken":0,"max_hp_gain":0,"max_hp_loss":0,"event_name":"Purifier","floor":4,"gold_loss":0}],"is_beta":false,"boss_relics":[],"items_purged_floors":[],"is_endless":false,"potions_floor_spawned":[2,8,12,14],"killed_by":"downfall:Silent","ascension_level":0}}