{"host":"yn1175etg9ni8l0q","time":1608832387,"event":{"mods":["AchievementEnabler","BaseMod","Colored Map","Colored Powertips","DeckTracker","Minty Spire (QoL Compilation)","Rare Cards Sparkle","Relic Stats","SuperFastMode","everything is the same but u backflip on backflip"],"gold_per_floor":[110,60,60,76,95,95,114,114,114,147,147,161,25,41,41,137,137,153,172,185,200,14,14,34,34,34,34,44,59,76,76,76,177,177,191,244,106,120,135,135,35,35,35,35,35,61,11,22,22,22],"floor_reached":51,"playtime":1981,"items_purged":["Strike_P","Strike_P","Strike_P"],"score":961,"play_id":"ffa5e2ea-d04f-49f2-9ac9-1888900d8127","local_time":"20201225025307","is_ascension_mode":true,"campfire_choices":[{"data":"Eruption","floor":6.0,"key":"SMITH"},{"floor":11.0,"key":"REST"},{"data":"Flash of Steel","floor":15.0,"key":"SMITH"},{"floor":23.0,"key":"REST"},{"floor":32.0,"key":"REST"},{"floor":40,"key":"REST"},{"data":"MentalFortress","floor":42,"key":"SMITH"},{"data":"Wallop","floor":45,"key":"SMITH"},{"floor":49,"key":"REST"}],"circlet_count":0,"master_deck":["Defend_P","Defend_P","Defend_P","Defend_P","Eruption+1","Vigilance","Halt","Flash of Steel+1","FlurryOfBlows","FollowUp","DevaForm","Consecrate","Evaluate","Scrawl+1","Tantrum","BowlingBash+1","FearNoEvil","Indignation+1","Wallop+1","InnerPeace","Omniscience","Halt+1","MentalFortress+1","CrushJoints+1","Adaptation+1"],"relics":["HolyWater","Ginger","The Courier","White Beast Statue","Lee\u0027s Waffle","Orrery","Mercury Hourglass","Shovel","SacredBark","Torii","Yang","StrikeDummy","PreservedInsect","FossilizedHelix"],"acts_visited":["Exordium","TheCity","TheBeyond"],"potions_floor_usage":[39,46,46,50,50],"damage_taken":[{"damage":0.0,"enemies":"Small Slimes","floor":1.0,"turns":4.0},{"damage":5.0,"enemies":"2 Louse","floor":4.0,"turns":4.0},{"damage":0.0,"enemies":"Cultist","floor":5.0,"turns":3.0},{"damage":15.0,"enemies":"Exordium Thugs","floor":7.0,"turns":5.0},{"damage":23.0,"enemies":"Lagavulin","floor":10.0,"turns":6.0},{"damage":24.0,"enemies":"Gremlin Gang","floor":12.0,"turns":4.0},{"damage":8.0,"enemies":"Blue Slaver","floor":14.0,"turns":5.0},{"damage":50.0,"enemies":"The Guardian","floor":16.0,"turns":13.0},{"damage":28.0,"enemies":"Shell Parasite","floor":18.0,"turns":7.0},{"damage":9.0,"enemies":"3 Byrds","floor":19.0,"turns":4.0},{"damage":4.0,"enemies":"Cultist and Chosen","floor":20.0,"turns":4.0},{"damage":9.0,"enemies":"Centurion and Healer","floor":21.0,"turns":6.0},{"damage":4.0,"enemies":"Sentry and Sphere","floor":24.0,"turns":3.0},{"damage":7.0,"enemies":"Chosen and Byrds","floor":28.0,"turns":2.0},{"damage":9.0,"enemies":"Snake Plant","floor":29.0,"turns":3.0},{"damage":0.0,"enemies":"Centurion and Healer","floor":30.0,"turns":3.0},{"damage":28.0,"enemies":"Collector","floor":33.0,"turns":3.0},{"damage":22.0,"enemies":"3 Shapes","floor":35.0,"turns":3.0},{"damage":20.0,"enemies":"2 Orb Walkers","floor":36.0,"turns":3.0},{"damage":23.0,"enemies":"3 Darklings","floor":38.0,"turns":8.0},{"damage":17,"enemies":"Transient","floor":39,"turns":5},{"damage":0,"enemies":"Reptomancer","floor":46,"turns":4},{"damage":20,"enemies":"Jaw Worm Horde","floor":48,"turns":4},{"damage":51,"enemies":"Awakened One","floor":50,"turns":8}],"seed_played":"-6490162847895673038","potions_obtained":[{"floor":5.0,"key":"AttackPotion"},{"floor":7.0,"key":"Regen Potion"},{"floor":12.0,"key":"Ancient Potion"},{"floor":14.0,"key":"Dexterity Potion"},{"floor":16.0,"key":"Regen Potion"},{"floor":19.0,"key":"BottledMiracle"},{"floor":20.0,"key":"Block Potion"},{"floor":24.0,"key":"AttackPotion"},{"floor":28.0,"key":"Strength Potion"},{"floor":29.0,"key":"SneckoOil"},{"floor":30.0,"key":"Fire Potion"},{"floor":33.0,"key":"Fire Potion"},{"floor":35.0,"key":"CultistPotion"},{"floor":36.0,"key":"SneckoOil"},{"floor":38.0,"key":"Swift Potion"},{"floor":39,"key":"EssenceOfSteel"},{"floor":46,"key":"LiquidBronze"},{"floor":48,"key":"FearPotion"}],"is_trial":false,"path_per_floor":["M","?","?","M","M","R","M","T","T","E","R","M","$","M","R","B",null,"M","M","M","M","$","R","M","?","T","?","M","M","M","T","R","B",null,"M","?","$","M","M","R","$","R","T","T","R","E","?","M","R","B",null],"character_chosen":"WATCHER","items_purchased":["Lee\u0027s Waffle","Evaluate","Orrery","Regen Potion"],"campfire_rested":5,"item_purchase_floors":[13,13,22,37],"current_hp_per_floor":[47,47,47,42,42,42,27,27,27,19,40,16,79,71,71,21,65,37,28,24,15,15,38,34,19,19,19,17,8,8,8,33,5,64,42,22,22,48,31,56,56,56,56,56,56,56,56,36,61,10],"gold":22,"neow_bonus":"ONE_RARE_RELIC","is_daily":false,"chose_seed":false,"campfire_upgraded":4,"win_rate":0.0,"timestamp":1608832387,"path_taken":["M","?","?","M","?","R","M","?","T","E","R","?","?","M","R","BOSS","M","M","M","?","$","R","M","?","T","?","?","M","M","?","R","BOSS","M","?","$","M","M","R","$","R","T","?","R","E","?","?","R","BOSS"],"items_purchased_type":["Relic","Card","Relic","Potion"],"build_version":"2020-12-22","purchased_purges":3,"victory":true,"max_hp_per_floor":[72,72,72,72,72,72,72,72,72,72,72,72,79,79,79,79,79,79,79,79,79,79,79,79,84,84,84,84,84,84,84,84,84,84,84,84,84,84,84,84,84,84,84,84,84,84,84,84,84,84],"relic_stats":{"Lee\u0027s Waffle":63,"Shovel":0,"Torii":8,"counters":[24,114],"Yang":[62],"PreservedInsect":0,"Ginger":[11],"obtain_stats":[{"Lee\u0027s Waffle":13,"Torii":36,"SacredBark":34,"Yang":43,"The Courier":9,"PreservedInsect":46,"Ginger":0,"White Beast Statue":10,"Mercury Hourglass":26,"Shovel":31,"HolyWater":17,"Orrery":22,"PureWater":0,"StrikeDummy":44,"FossilizedHelix":47},{"Lee\u0027s Waffle":6,"Torii":19,"SacredBark":17,"Yang":21,"The Courier":4,"PreservedInsect":22,"Ginger":0,"White Beast Statue":5,"Mercury Hourglass":13,"Shovel":16,"HolyWater":8,"Orrery":12,"PureWater":0,"StrikeDummy":21,"FossilizedHelix":22},{"Lee\u0027s Waffle":26,"Torii":85,"SacredBark":79,"Yang":98,"The Courier":16,"PreservedInsect":102,"Ginger":0,"White Beast Statue":22,"Mercury Hourglass":68,"Shovel":76,"HolyWater":44,"Orrery":65,"PureWater":0,"StrikeDummy":98,"FossilizedHelix":102}],"Mercury Hourglass":[213]},"card_choices":[{"not_picked":["JustLucky","CutThroughFate"],"picked":"Halt","floor":1.0},{"not_picked":["Halt","CrushJoints"],"picked":"FlurryOfBlows","floor":4.0},{"not_picked":["PathToVictory","CutThroughFate"],"picked":"FollowUp","floor":5.0},{"not_picked":["ThirdEye","Nirvana"],"picked":"DevaForm","floor":7.0},{"not_picked":["Crescendo","Swivel","Conclude"],"picked":"SKIP","floor":10.0},{"not_picked":["Conclude","Crescendo"],"picked":"Consecrate","floor":12.0},{"not_picked":["FlurryOfBlows","Protect","FlyingSleeves"],"picked":"SKIP","floor":14.0},{"not_picked":["DevaForm","Alpha"],"picked":"Scrawl","floor":16.0},{"not_picked":["Pray","Evaluate"],"picked":"Tantrum","floor":18.0},{"not_picked":["Wireheading","FlyingSleeves","Meditate+1"],"picked":"SKIP","floor":19.0},{"not_picked":["ReachHeaven","FlurryOfBlows"],"picked":"BowlingBash+1","floor":20.0},{"not_picked":["ForeignInfluence+1","FlyingSleeves","ThirdEye"],"picked":"SKIP","floor":21.0},{"not_picked":["Study+1","BattleHymn"],"picked":"FearNoEvil","floor":22.0},{"not_picked":["Protect","FlyingSleeves+1"],"picked":"Indignation+1","floor":22.0},{"not_picked":["Prostrate","ReachHeaven","ForeignInfluence"],"picked":"SKIP","floor":24.0},{"not_picked":["Crescendo","Prostrate","JustLucky"],"picked":"SKIP","floor":28.0},{"not_picked":["ThirdEye+1","DevaForm"],"picked":"Wallop","floor":29.0},{"not_picked":["Prostrate","Worship+1"],"picked":"InnerPeace","floor":30.0},{"not_picked":["ConjureBlade","MasterReality"],"picked":"Omniscience","floor":33.0},{"not_picked":["ThirdEye","SashWhip+1"],"picked":"Halt+1","floor":35.0},{"not_picked":["SashWhip+1","Meditate"],"picked":"MentalFortress","floor":38.0},{"not_picked":["Crescendo","Prostrate+1"],"picked":"CrushJoints+1","floor":39},{"not_picked":["CrushJoints","ForeignInfluence+1"],"picked":"Adaptation+1","floor":46},{"not_picked":["Evaluate","Wireheading+1","CutThroughFate"],"picked":"SKIP","floor":48}],"player_experience":280512,"relics_obtained":[{"floor":9.0,"key":"The Courier"},{"floor":10.0,"key":"White Beast Statue"},{"floor":26.0,"key":"Mercury Hourglass"},{"floor":31.0,"key":"Shovel"},{"floor":36.0,"key":"Torii"},{"floor":43,"key":"Yang"},{"floor":44,"key":"StrikeDummy"},{"floor":46,"key":"PreservedInsect"}],"event_choices":[{"cards_removed":["Strike_P"],"damage_healed":0.0,"max_hp_gain":0.0,"max_hp_loss":0.0,"gold_gain":0.0,"event_name":"The Cleric","player_choice":"Card Removal","floor":2.0,"gold_loss":50.0,"damage_taken":0.0},{"damage_healed":0.0,"max_hp_gain":0.0,"max_hp_loss":0.0,"gold_gain":0.0,"event_name":"Match and Keep!","player_choice":"1 cards matched","floor":3.0,"gold_loss":0.0,"damage_taken":0.0,"cards_obtained":["Flash of Steel"]},{"damage_healed":0.0,"max_hp_gain":5.0,"max_hp_loss":0.0,"gold_gain":0.0,"event_name":"Forgotten Altar","player_choice":"Shed Blood","floor":25.0,"gold_loss":0.0,"damage_taken":20.0},{"damage_healed":0.0,"max_hp_gain":0.0,"max_hp_loss":0.0,"gold_gain":0.0,"event_name":"Upgrade Shrine","player_choice":"Upgraded","floor":27.0,"gold_loss":0.0,"damage_taken":0.0,"cards_upgraded":["Scrawl"]},{"damage_healed":0.0,"max_hp_gain":0.0,"max_hp_loss":0.0,"gold_gain":0.0,"event_name":"Mysterious Sphere","player_choice":"Fight","floor":36.0,"gold_loss":0.0,"damage_taken":0.0},{"damage_healed":0,"gold_gain":0,"player_choice":"Paid Gold","damage_taken":0,"relics_obtained":["FossilizedHelix"],"max_hp_gain":0,"max_hp_loss":0,"event_name":"WeMeetAgain","floor":47,"gold_loss":50}],"is_beta":false,"boss_relics":[{"not_picked":["Calling Bell","SlaversCollar"],"picked":"HolyWater"},{"not_picked":["VioletLotus","Coffee Dripper"],"picked":"SacredBark"}],"items_purged_floors":[22,37,41],"is_endless":false,"potions_floor_spawned":[5,7,12,14,16,18,19,20,21,24,28,29,30,33,35,36,38,39,46,48],"ascension_level":7}}