{"host":"i0avyit1s6jb1siw","time":1608816665,"event":{"mods":["BaseMod","DeckTracker","Dota2Spire","Highlight Path","Minty Spire (QoL Compilation)","Quick Restart","Replay The Spire","StSLib","SuperFastMode"],"gold_per_floor":[12,12,27,27,45,45,75,91,91,91,123,123,123,136,136,209,209,222,256,9,9,21,21,21,21,47,47,57,57,87,87,87,163,163,181,81,81,136,358,358,385,385,385,385,405,431,444,153,153,153,153,153,153,3,29,29,29],"floor_reached":56,"playtime":1543,"items_purged":["Strike_G","Strike_G","Venomology","Glass Knife"],"score":1654,"play_id":"07467004-53f7-41da-88d8-5d2c5845fc69","local_time":"20201224143105","is_ascension_mode":true,"campfire_choices":[{"data":"Neutralize","floor":6.0,"key":"SMITH"},{"data":"Deadly Poison","floor":10.0,"key":"SMITH"},{"data":"Footwork","floor":12.0,"key":"SMITH"},{"floor":23.0,"key":"REST"},{"floor":25.0,"key":"REST"},{"data":"Blur","floor":32,"key":"SMITH"},{"floor":40,"key":"REST"},{"floor":42,"key":"REST"},{"floor":44,"key":"RECALL"},{"floor":49,"key":"REST"},{"data":"Noxious Fumes","floor":53,"key":"SMITH"}],"circlet_count":0,"master_deck":["AscendersBane","Defend_G","Defend_G","Defend_G","Survivor","Neutralize+1","Deadly Poison+1","Bane+1","Dodge and Roll","Backstab","After Image","Footwork+1","Terror","PiercingWail+1","Replay:Poison Smokescreen","Catalyst+1","Blur+1","Corpse Explosion","Escape Plan+1","Noxious Fumes+1"],"relics":["Ring of the Snake","Replay:WaspNest","Iron Hammer","Paper Crane","Sozu","Red Mask","Bag of Marbles","Nilry\u0027s Codex","Anchor","Pocketwatch","Gambling Chip","CeramicFish","Pantograph","TheAbacus","Orichalcum"],"acts_visited":["Exordium","TheCity","TheBeyond","TheEnding"],"potions_floor_usage":[56],"damage_taken":[{"damage":0.0,"enemies":"Small Slimes","floor":1.0,"turns":6.0},{"damage":0.0,"enemies":"Cultist","floor":3.0,"turns":3.0},{"damage":0.0,"enemies":"2 Louse","floor":5.0,"turns":3.0},{"damage":13.0,"enemies":"Lagavulin","floor":7.0,"turns":5.0},{"damage":8.0,"enemies":"Exordium Thugs","floor":8.0,"turns":4.0},{"damage":6.0,"enemies":"3 Sentries","floor":11.0,"turns":10.0},{"damage":0.0,"enemies":"Blue Slaver","floor":14.0,"turns":2.0},{"damage":0.0,"enemies":"Hexaghost","floor":16.0,"turns":8.0},{"damage":16.0,"enemies":"Chosen","floor":18.0,"turns":5.0},{"damage":2.0,"enemies":"Masked Bandits","floor":19.0,"turns":6.0},{"damage":0.0,"enemies":"Shell Parasite","floor":22.0,"turns":4.0},{"damage":7.0,"enemies":"Snake Plant","floor":28.0,"turns":3.0},{"damage":6,"enemies":"Gremlin Leader","floor":30,"turns":8},{"damage":4,"enemies":"Champ","floor":33,"turns":9},{"damage":0,"enemies":"3 Shapes","floor":35,"turns":3},{"damage":22,"enemies":"2 Orb Walkers","floor":38,"turns":3},{"damage":35,"enemies":"Reptomancer","floor":41,"turns":8},{"damage":0,"enemies":"Orb Walker","floor":45,"turns":5},{"damage":10,"enemies":"R_Hoarder","floor":46,"turns":8},{"damage":0,"enemies":"Maw","floor":47,"turns":7},{"damage":14,"enemies":"Replay:Hell Engine","floor":50,"turns":10},{"damage":0,"enemies":"Donu and Deca","floor":51,"turns":8},{"damage":42,"enemies":"Shield and Spear","floor":55,"turns":6},{"damage":48,"enemies":"The Heart","floor":56,"turns":6}],"seed_played":"2906562198862484750","potions_obtained":[{"floor":3.0,"key":"AttackPotion"},{"floor":8.0,"key":"Strength Potion"},{"floor":14.0,"key":"Dexterity Potion"}],"is_trial":false,"path_per_floor":["M","?","M","?","M","R","E","M","T","R","E","R","?","M","R","B",null,"M","?","$","?","M","R","?","R","T","?","M","?","E","?","R","B",null,"M","$","?","?","?","R","E","R","T","R","M","E","M","$","R","B","B",null,"R","$","E","B"],"character_chosen":"THE_SILENT","items_purchased":["Bag of Marbles","TheAbacus"],"campfire_rested":5,"item_purchase_floors":[20,48],"current_hp_per_floor":[59,59,59,50,50,50,37,29,29,29,23,23,23,23,23,23,55,39,37,37,16,16,35,35,54,54,54,47,47,41,41,41,37,59,59,59,59,37,37,55,20,38,38,38,38,28,28,28,46,49,63,63,63,63,21,0,0],"gold":29,"neow_bonus":"REMOVE_TWO","is_daily":false,"chose_seed":false,"campfire_upgraded":5,"win_rate":0.0,"timestamp":1608816665,"path_taken":["M","?","M","?","M","R","E","?","T","R","E","R","?","M","R","BOSS","M","?","$","?","M","R","?","R","T","?","M","?","E","?","R","BOSS","M","$","?","?","?","R","E","R","T","R","M","E","M","$","R","BOSS","BOSS","R","$","E","BOSS"],"items_purchased_type":["Relic","Relic"],"build_version":"2020-12-22","purchased_purges":4,"victory":false,"max_hp_per_floor":[66,66,66,66,66,66,66,66,66,66,66,66,66,66,66,66,66,66,66,66,66,66,66,66,66,66,66,66,66,66,66,66,66,66,66,66,63,63,63,63,63,63,63,63,63,63,63,63,63,63,63,63,63,63,63,63,63],"card_choices":[{"not_picked":["Cloak And Dagger","Bane"],"picked":"Deadly Poison","floor":1.0},{"not_picked":["ReplayTheSpireMod:The Works","Skewer"],"picked":"Dodge and Roll","floor":3.0},{"not_picked":["Dodge and Roll","Cloak And Dagger","Underhanded Strike"],"picked":"SKIP","floor":5.0},{"not_picked":["Predator","Outmaneuver"],"picked":"Backstab","floor":7.0},{"not_picked":["Outmaneuver","Sneak Up"],"picked":"After Image","floor":8.0},{"not_picked":["Poisoned Stab","ReplayTheSpireMod:Shiv Toss"],"picked":"Footwork","floor":11.0},{"not_picked":["Underhanded Strike","Cloak And Dagger","Outmaneuver"],"picked":"SKIP","floor":14.0},{"not_picked":["Doppelganger","A Thousand Cuts"],"picked":"Venomology","floor":16.0},{"not_picked":["Underhanded Strike","Dagger Throw"],"picked":"PiercingWail+1","floor":18.0},{"not_picked":["Cloak And Dagger","Skewer"],"picked":"Replay:Poison Smokescreen","floor":19.0},{"not_picked":["Poisoned Stab","Outmaneuver","Terror+1"],"picked":"SKIP","floor":22.0},{"not_picked":["Dodge and Roll","Slice","Backstab"],"picked":"SKIP","floor":28.0},{"not_picked":["Prepared","Deadly Poison"],"picked":"Blur","floor":30},{"not_picked":["Venomology","Unload"],"picked":"Corpse Explosion","floor":33},{"not_picked":["Blur","Dagger Spray+1","Dodge and Roll+1"],"picked":"SKIP","floor":35},{"not_picked":["Choke","PiercingWail"],"picked":"Escape Plan+1","floor":38},{"not_picked":["Outmaneuver","Accuracy","ReplayTheSpireMod:Shiv Toss"],"picked":"SKIP","floor":41},{"not_picked":["Deadly Poison","Prepared+1"],"picked":"Noxious Fumes","floor":45},{"not_picked":["Skewer","Phantasmal Killer","ReplayTheSpireMod:Tripwire"],"picked":"SKIP","floor":46},{"not_picked":["Hidden Blade+1","Dodge and Roll","Escape Plan"],"picked":"SKIP","floor":47},{"not_picked":["Bane","Phantasmal Killer","Dagger Throw"],"picked":"SKIP","floor":55}],"player_experience":2114972,"relics_obtained":[{"floor":7.0,"key":"Replay:WaspNest"},{"floor":9.0,"key":"Iron Hammer"},{"floor":11.0,"key":"Paper Crane"},{"floor":19.0,"key":"Red Mask"},{"floor":21.0,"key":"Nilry\u0027s Codex"},{"floor":30,"key":"Anchor"},{"floor":38,"key":"Pocketwatch"},{"floor":41,"key":"Gambling Chip"},{"floor":43,"key":"CeramicFish"},{"floor":46,"key":"Pantograph"},{"floor":55,"key":"Orichalcum"}],"event_choices":[{"damage_healed":0.0,"max_hp_gain":0.0,"max_hp_loss":0.0,"gold_gain":0.0,"event_name":"Wheel of Change","player_choice":"Damaged","floor":4.0,"gold_loss":0.0,"damage_taken":9.0},{"damage_healed":0.0,"max_hp_gain":0.0,"max_hp_loss":0.0,"gold_gain":0.0,"cards_transformed":["Strike_G"],"event_name":"Transmorgrifier","player_choice":"Transformed","floor":13.0,"gold_loss":0.0,"damage_taken":0.0,"cards_obtained":["Terror"]},{"damage_healed":0.0,"max_hp_gain":0.0,"max_hp_loss":0.0,"gold_gain":0.0,"event_name":"Masked Bandits","player_choice":"Fought Bandits","floor":19.0,"gold_loss":0.0,"damage_taken":0.0},{"damage_healed":0.0,"max_hp_gain":0.0,"max_hp_loss":0.0,"gold_gain":0.0,"event_name":"Cursed Tome","player_choice":"Obtained Book","floor":21.0,"gold_loss":0.0,"damage_taken":21.0},{"damage_healed":0.0,"max_hp_gain":0.0,"max_hp_loss":0.0,"gold_gain":0.0,"event_name":"The Mausoleum","player_choice":"Ignored","floor":27.0,"gold_loss":0.0,"damage_taken":0.0},{"damage_healed":0.0,"max_hp_gain":0.0,"max_hp_loss":0.0,"gold_gain":0.0,"event_name":"The Library","player_choice":"Read","floor":29.0,"gold_loss":0.0,"damage_taken":0.0,"cards_obtained":["Catalyst"]},{"damage_healed":0,"gold_gain":0,"player_choice":"Upgraded","damage_taken":0,"max_hp_gain":0,"max_hp_loss":0,"event_name":"Upgrade Shrine","floor":31,"gold_loss":0,"cards_upgraded":["Catalyst"]},{"damage_healed":0,"gold_gain":0,"player_choice":"Max HP","damage_taken":0,"max_hp_gain":0,"max_hp_loss":3,"event_name":"Winding Halls","floor":37,"gold_loss":0},{"damage_healed":0,"gold_gain":0,"player_choice":"Fight","damage_taken":0,"max_hp_gain":0,"max_hp_loss":0,"event_name":"Mysterious Sphere","floor":38,"gold_loss":0},{"damage_healed":0,"gold_gain":222,"player_choice":"Wore Mask","damage_taken":0,"max_hp_gain":0,"max_hp_loss":0,"event_name":"Tomb of Lord Red Mask","floor":39,"gold_loss":0}],"is_beta":false,"boss_relics":[{"not_picked":["Snecko Heart","Cursed Key"],"picked":"Sozu"},{"not_picked":["Abe\u0027s Treasure","WristBlade","Coffee Dripper"]}],"items_purged_floors":[20,36,48,54],"is_endless":false,"potions_floor_spawned":[3,8,14,19,30,35,38,46],"killed_by":"The Heart","ascension_level":20}}