{"host":"8w77ry71wnq5rafu","time":1608783044,"event":{"mods":["AchievementEnabler","BaseMod","ChefMod","Colored Map","Hermit","Highlight Path","Key Reminder","Minty Spire (QoL Compilation)","Permanent Neow","Random Character Button","Rare Cards Sparkle","StSLib","The Edgeheg","The Problem Sleuth","The Senshi","Unceasing Turn Reminder","egg","everything is the same but u backflip on backflip","slay the spire mod where everything is the same but ironclad has a cowboy hat","thorton"],"gold_per_floor":[114,114,133,151,163,190,190,219,219,273,284,349,378,394,394,468,468,485,72,87,87,97,127,144,144,144,176,196,230,230,155,155,233,233,250,266,281,281,300,300,334,334,334,360,379,398,444,481,502,524,524],"floor_reached":50,"playtime":3399,"items_purged":["Strike_G"],"score":1192,"play_id":"58c5b371-e4d5-49b7-b242-66e2f800abe7","local_time":"20201223211044","is_ascension_mode":true,"campfire_choices":[{"data":"Neutralize","floor":7,"key":"SMITH"},{"data":"Well Laid Plans","floor":15,"key":"SMITH"},{"data":"Phantasmal Killer","floor":25,"key":"SMITH"},{"data":"Catalyst","floor":30,"key":"SMITH"},{"data":"Crippling Poison","floor":32,"key":"SMITH"},{"data":"Adrenaline","floor":40,"key":"SMITH"},{"data":"Catalyst","floor":42,"key":"SMITH"},{"floor":49,"key":"RECALL"}],"circlet_count":0,"master_deck":["AscendersBane","Strike_G","Strike_G","Strike_G+1","Defend_G","Defend_G","Defend_G","Survivor+1","Neutralize+1","Poisoned Stab","Predator","PiercingWail","Backflip","Phantasmal Killer+1","Poisoned Stab","Well Laid Plans+1","Calculated Gamble","Bouncing Flask","Corpse Explosion","PiercingWail","Acrobatics","Terror+1","Crippling Poison+1","Catalyst+1","Adrenaline+1","PiercingWail","Catalyst+1","Acrobatics","Master of Strategy","Purity","Bane+1","Backflip+1"],"relics":["Empty Cage","Lantern","Bag of Preparation","Question Card","Strawberry","theSenshi:SuperSailorFukuRelic","The Courier","Black Star","theSenshi:FeatherClipsRelic","TwistedFunnel","Orichalcum","StrikeDummy","Anchor","Centennial Puzzle","Darkstone Periapt","White Beast Statue","Vajra","Sozu","Eternal Feather","Omamori","Blue Candle","thethorton:BankDeed","MawBank","Pear","Calipers"],"acts_visited":["Exordium","TheCity","TheBeyond"],"potions_floor_usage":[6,8,27,27,47,50],"damage_taken":[{"damage":0,"enemies":"2 Louse","floor":1,"turns":3},{"damage":4,"enemies":"Jaw Worm","floor":3,"turns":4},{"damage":4,"enemies":"Small Slimes","floor":4,"turns":3},{"damage":0,"enemies":"2 Fungi Beasts","floor":5,"turns":3},{"damage":15,"enemies":"3 Sentries","floor":6,"turns":8},{"damage":12,"enemies":"Lagavulin","floor":8,"turns":6},{"damage":0,"enemies":"Looter","floor":11,"turns":3},{"damage":0,"enemies":"Gremlin Nob","floor":12,"turns":3},{"damage":4,"enemies":"Gremlin Nob","floor":13,"turns":4},{"damage":0,"enemies":"Large Slime","floor":14,"turns":4},{"damage":10,"enemies":"Hexaghost","floor":16,"turns":9},{"damage":4,"enemies":"Shell Parasite","floor":18,"turns":5},{"damage":9,"enemies":"2 Thieves","floor":20,"turns":3},{"damage":0,"enemies":"Centurion and Healer","floor":22,"turns":3},{"damage":40,"enemies":"Book of Stabbing","floor":23,"turns":7},{"damage":0,"enemies":"Snecko","floor":24,"turns":3},{"damage":17,"enemies":"Slavers","floor":27,"turns":13},{"damage":0,"enemies":"3 Cultists","floor":28,"turns":3},{"damage":2,"enemies":"Book of Stabbing","floor":29,"turns":5},{"damage":14,"enemies":"Collector","floor":33,"turns":4},{"damage":0,"enemies":"3 Shapes","floor":35,"turns":2},{"damage":0,"enemies":"3 Darklings","floor":36,"turns":2},{"damage":0,"enemies":"Jaw Worm Horde","floor":37,"turns":2},{"damage":0,"enemies":"Maw","floor":39,"turns":4},{"damage":0,"enemies":"Giant Head","floor":41,"turns":5},{"damage":17,"enemies":"Nemesis","floor":44,"turns":3},{"damage":9,"enemies":"Reptomancer","floor":47,"turns":4},{"damage":0,"enemies":"Transient","floor":48,"turns":5},{"damage":87,"enemies":"Awakened One","floor":50,"turns":14}],"seed_played":"-761521472999271850","potions_obtained":[{"floor":3,"key":"Regen Potion"},{"floor":5,"key":"AttackPotion"},{"floor":6,"key":"BlessingOfTheForge"},{"floor":12,"key":"LiquidBronze"},{"floor":22,"key":"Regen Potion"},{"floor":28,"key":"Fire Potion"},{"floor":29,"key":"BlessingOfTheForge"}],"is_trial":false,"path_per_floor":["M","?","M","M","M","E","R","E","T","T","M","?","E","M","R","B",null,"M","$","M","?","M","E","M","R","T","E","M","E","R","?","R","B",null,"M","M","M","?","M","R","E","R","T","E","?","?","E","M","R","B"],"character_chosen":"THE_SILENT","items_purchased":["theSenshi:FeatherClipsRelic","TwistedFunnel","PiercingWail"],"campfire_rested":0,"item_purchase_floors":[19,19,19],"current_hp_per_floor":[63,49,45,41,41,26,26,14,14,21,21,21,17,17,17,7,60,56,56,53,53,59,25,31,31,31,75,77,77,77,77,77,69,75,77,77,77,67,73,73,77,77,77,66,66,77,84,87,87,0,0],"gold":524,"neow_bonus":"BOSS_RELIC","is_daily":false,"chose_seed":false,"campfire_upgraded":7,"win_rate":0.0,"timestamp":1608783044,"path_taken":["M","?","M","M","M","E","R","E","T","?","M","?","E","M","R","BOSS","M","$","M","?","M","E","M","R","T","E","M","E","R","?","R","BOSS","M","M","M","?","M","R","E","R","T","E","?","?","E","M","R","BOSS"],"items_purchased_type":["Relic","Relic","Card"],"build_version":"2020-12-22","purchased_purges":1,"victory":false,"max_hp_per_floor":[70,70,70,70,70,70,70,70,70,77,77,77,77,77,77,77,77,77,77,77,77,77,77,77,77,77,77,77,77,77,77,77,77,77,77,77,77,77,77,77,77,77,77,77,77,77,87,87,87,87,87],"card_choices":[{"not_picked":["Dagger Spray","PiercingWail"],"picked":"Poisoned Stab","floor":1},{"not_picked":["Escape Plan","Backflip"],"picked":"Predator","floor":3},{"not_picked":["Acrobatics","Accuracy"],"picked":"PiercingWail","floor":4},{"not_picked":["Accuracy","Slice"],"picked":"Backflip","floor":5},{"not_picked":["Distraction","Sucker Punch"],"picked":"Phantasmal Killer","floor":6},{"not_picked":["Slice","Deadly Poison"],"picked":"Poisoned Stab","floor":8},{"not_picked":["Bane","Skewer","Backflip"],"picked":"Well Laid Plans","floor":11},{"not_picked":["Backstab","Setup","Reflex"],"picked":"Calculated Gamble","floor":13},{"not_picked":["Heel Hook","Dagger Spray","Underhanded Strike"],"picked":"Bouncing Flask","floor":14},{"not_picked":["Grand Finale","Night Terror","Glass Knife"],"picked":"Corpse Explosion","floor":16},{"not_picked":["Skewer","Dash","Blade Dance","Sucker Punch"],"picked":"SKIP","floor":18},{"not_picked":["Eviscerate+1","Backstab","Well Laid Plans"],"picked":"Acrobatics","floor":20},{"not_picked":["Dagger Spray","Dagger Throw","Accuracy","Prepared"],"picked":"SKIP","floor":22},{"not_picked":["Escape Plan","Underhanded Strike","Concentrate","Blade Dance"],"picked":"SKIP","floor":23},{"not_picked":["Cloak And Dagger","Underhanded Strike","Quick Slash"],"picked":"Terror+1","floor":24},{"not_picked":["Finisher+1","Slice","Venomology"],"picked":"Crippling Poison","floor":27},{"not_picked":["Choke","Reflex","Riddle With Holes"],"picked":"Catalyst","floor":28},{"not_picked":["Prepared","Endless Agony","Deflect","Quick Slash"],"picked":"SKIP","floor":29},{"not_picked":["Unload","Storm of Steel","Malaise"],"picked":"Adrenaline","floor":33},{"not_picked":["Underhanded Strike","Sucker Punch","Deflect"],"picked":"PiercingWail","floor":35},{"not_picked":["Predator","Sucker Punch","Flying Knee"],"picked":"Catalyst","floor":36},{"not_picked":["Flechettes","Caltrops","Dagger Spray"],"picked":"Acrobatics","floor":37},{"not_picked":["Apotheosis","Panacea","Dark Shackles"],"picked":"Master of Strategy","floor":38},{"not_picked":["Good Instincts","Madness","PanicButton"],"picked":"Purity","floor":38},{"not_picked":["Prepared","Deadly Poison","PiercingWail","Dodge and Roll"],"picked":"SKIP","floor":39},{"not_picked":["Terror","PiercingWail+1","Infinite Blades+1","Bouncing Flask"],"picked":"SKIP","floor":41},{"not_picked":["Calculated Gamble+1","Underhanded Strike","Envenom"],"picked":"Bane+1","floor":44},{"not_picked":["Concentrate","Underhanded Strike","Endless Agony"],"picked":"Backflip+1","floor":47},{"not_picked":["Endless Agony+1","Infinite Blades","Flechettes+1","Deflect"],"picked":"SKIP","floor":48}],"player_experience":452567,"relics_obtained":[{"floor":6,"key":"Lantern"},{"floor":8,"key":"Bag of Preparation"},{"floor":9,"key":"Question Card"},{"floor":10,"key":"Strawberry"},{"floor":13,"key":"The Courier"},{"floor":23,"key":"StrikeDummy"},{"floor":23,"key":"Anchor"},{"floor":27,"key":"Centennial Puzzle"},{"floor":27,"key":"Darkstone Periapt"},{"floor":29,"key":"White Beast Statue"},{"floor":29,"key":"Vajra"},{"floor":41,"key":"Eternal Feather"},{"floor":41,"key":"Omamori"},{"floor":43,"key":"Blue Candle"},{"floor":44,"key":"thethorton:BankDeed"},{"floor":44,"key":"MawBank"},{"floor":47,"key":"Pear"},{"floor":47,"key":"Calipers"}],"event_choices":[{"damage_healed":0,"gold_gain":0,"player_choice":"Entered Light","damage_taken":14,"max_hp_gain":0,"max_hp_loss":0,"event_name":"Shining Light","floor":2,"gold_loss":0,"cards_upgraded":["Survivor","Strike_G"]},{"damage_healed":0,"gold_gain":0,"player_choice":"Searched \u00272\u0027 times","damage_taken":0,"relics_obtained":["theSenshi:SuperSailorFukuRelic"],"max_hp_gain":0,"max_hp_loss":0,"event_name":"Dead Adventurer","floor":12,"gold_loss":0},{"damage_healed":0,"gold_gain":0,"player_choice":"Opened","damage_taken":0,"relics_obtained":["Orichalcum"],"max_hp_gain":0,"max_hp_loss":0,"event_name":"The Mausoleum","floor":21,"gold_loss":0,"cards_obtained":["Writhe"]},{"cards_removed":["Writhe"],"damage_healed":0,"gold_gain":0,"player_choice":"Gave Gold","damage_taken":0,"max_hp_gain":0,"max_hp_loss":0,"event_name":"Beggar","floor":31,"gold_loss":75},{"damage_healed":0,"gold_gain":0,"player_choice":"Memory 3","damage_taken":10,"max_hp_gain":0,"max_hp_loss":0,"event_name":"SensoryStone","floor":38,"gold_loss":0},{"cards_removed":["Strike_G"],"damage_healed":0,"gold_gain":0,"player_choice":"Removed Attack","damage_taken":0,"max_hp_gain":0,"max_hp_loss":0,"event_name":"Falling","floor":45,"gold_loss":0},{"damage_healed":19,"gold_gain":0,"player_choice":"Writhe","damage_taken":0,"max_hp_gain":0,"max_hp_loss":0,"event_name":"Winding Halls","floor":46,"gold_loss":0,"cards_obtained":["Writhe"]}],"is_beta":false,"boss_relics":[{"not_picked":["thethorton:BottledFunds","Astrolabe"],"picked":"Black Star"},{"not_picked":["Calling Bell","Velvet Choker"],"picked":"Sozu"}],"items_purged_floors":[19],"is_endless":false,"potions_floor_spawned":[3,5,6,12,22,24,28,29,33,35,36,37,39,41,44,47,48],"killed_by":"Awakened One","ascension_level":13}}