{"host":"nukjzc0ca34w6eem","time":1608832614,"event":{"mods":["2.2 Compatiblity","AchievementEnabler","BaseMod","Colored Powertips","Downfall","Minty Spire (QoL Compilation)","StSLib"],"gold_per_floor":[99,109,121,136,147,297,347,361,286,320,344,389,326,338,368,478,490,502,534,561,573,573,573],"floor_reached":21,"playtime":1869,"items_purged":[],"score":261,"play_id":"3c93cd80-3a10-4d1d-8195-988c264d5b63","local_time":"20201224095654","is_ascension_mode":true,"campfire_choices":[{"floor":1.0,"key":"RECALL"},{"data":"Guardian:Suspension","floor":9.0,"key":"SMITH"},{"floor":13.0,"key":"REST"},{"floor":18.0,"key":"REST"}],"circlet_count":0,"master_deck":["Guardian:Strike_Guardian","Guardian:Strike_Guardian","Guardian:Defend_Guardian","Guardian:Defend_Guardian","Guardian:Defend_Guardian","Guardian:CurlUp","Guardian:TwinSlam","expansioncontent:DefensiveStance","Guardian:FloatingOrbs","Guardian:Suspension+1","Guardian:GemFinder","Guardian:Gem_Cyan","Guardian:DecasProtection","Guardian:Gem_Red","Guardian:WalkerClaw","Guardian:WalkerClaw+1","Guardian:TimeBomb+1","Guardian:BronzeOrb+1","Guardian:VentSteam","Guardian:Gem_Cyan","Guardian:GemFire"],"relics":["Guardian:ModeShifter","Bronze Scales","downfall:HeartBlessingRed","MawBank","Dream Catcher","downfall:HeartBlessingGreen","Astrolabe"],"acts_visited":["Exordium","TheCity"],"potions_floor_usage":[],"damage_taken":[{"damage":5.0,"enemies":"Cultist","floor":2.0,"turns":4.0},{"damage":0.0,"enemies":"Small Slimes","floor":3.0,"turns":3.0},{"damage":3.0,"enemies":"2 Louse","floor":4.0,"turns":4.0},{"damage":8.0,"enemies":"2 Fungi Beasts","floor":5.0,"turns":5.0},{"damage":10.0,"enemies":"3 Louse","floor":8.0,"turns":3.0},{"damage":2.0,"enemies":"Lagavulin","floor":10.0,"turns":8.0},{"damage":13.0,"enemies":"Exordium Thugs","floor":11.0,"turns":5.0},{"damage":11.0,"enemies":"3 Sentries","floor":12.0,"turns":9.0},{"damage":2.0,"enemies":"Exordium Wildlife","floor":15.0,"turns":3.0},{"damage":22.0,"enemies":"downfall:Silent","floor":16.0,"turns":7.0},{"damage":18.0,"enemies":"Spheric Guardian","floor":19.0,"turns":5.0},{"damage":0.0,"enemies":"3 Byrds","floor":20.0,"turns":2.0},{"damage":0,"enemies":"Centurion and Healer","floor":21,"turns":1}],"seed_played":"7589232621653137748","potions_obtained":[{"floor":3.0,"key":"sneckomod:MuddlingPotion"},{"floor":5.0,"key":"Guardian:DefensiveModePotion"},{"floor":12.0,"key":"ColorlessPotion"},{"floor":20.0,"key":"Block Potion"}],"is_trial":false,"path_per_floor":["R","M","M","M","M","?","T","M","R","E","M","E","R","?","M","B",null,"R","M","M","M"],"character_chosen":"GUARDIAN","items_purchased":[],"campfire_rested":2,"item_purchase_floors":[],"current_hp_per_floor":[72,67,67,64,56,56,56,46,46,44,31,20,44,44,42,20,65,80,62,62,62,62,62],"gold":573,"neow_bonus":"RANDOM_COLORLESS","is_daily":false,"chose_seed":false,"campfire_upgraded":1,"win_rate":0.0,"timestamp":1608832614,"path_taken":["R","M","M","M","?","?","T","M","R","E","M","E","R","?","M","BOSS","R","M","M","M"],"items_purchased_type":[],"build_version":"2020-12-22","purchased_purges":0,"victory":false,"max_hp_per_floor":[80,80,80,80,80,80,80,80,80,80,80,80,80,80,80,80,80,80,80,80,80,80,80],"card_choices":[{"not_picked":["expansioncontent:HyperBeam","expansioncontent:ManipulateTime"],"picked":"expansioncontent:DefensiveStance","floor":0.0},{"not_picked":["Guardian:Repulse","Guardian:Emergency"],"picked":"Guardian:FloatingOrbs","floor":2.0},{"not_picked":["Guardian:TemporalStrike","Guardian:Gem_Red"],"picked":"Guardian:Gem_Cyan","floor":3.0},{"not_picked":["Guardian:Incinerate","Guardian:Gem_Green"],"picked":"Guardian:Suspension","floor":4.0},{"not_picked":["Guardian:ShieldSpikes","Guardian:WalkerClaw","Guardian:Recover"],"picked":"SKIP","floor":5.0},{"not_picked":["Guardian:Gem_Green","Guardian:PrimingBeam","Guardian:ShieldCharger"],"picked":"SKIP","floor":8.0},{"not_picked":["Guardian:Gem_Lightblue","Guardian:Emergency"],"picked":"Guardian:GemFinder","floor":10.0},{"not_picked":["Guardian:Gem_Green","Guardian:Gem_Cyan"],"picked":"Guardian:Gem_Red","floor":11.0},{"not_picked":["Guardian:Gem_Green","Guardian:RefractedBeam","Guardian:TimeCapacitor"],"picked":"SKIP","floor":11.0},{"not_picked":["Guardian:Gem_Green","Guardian:RefractedBeam","Guardian:TimeCapacitor"],"picked":"SKIP","floor":11.0},{"not_picked":["Guardian:Gem_Lightblue","Guardian:Gem_Green"],"picked":"Guardian:Gem_Cyan","floor":12.0},{"not_picked":["Guardian:Recover","Guardian:PrimingBeam","Guardian:FuturePlans"],"picked":"SKIP","floor":12.0},{"not_picked":["Guardian:ChargeCore","Guardian:Gem_Red"],"picked":"Guardian:DecasProtection","floor":13.0},{"not_picked":["Guardian:Gem_Green","Guardian:Gem_Lightblue"],"picked":"Guardian:Gem_Red","floor":15.0},{"not_picked":["Guardian:Planning","Guardian:ChargeCore","Guardian:WalkerClaw"],"picked":"SKIP","floor":15.0},{"not_picked":["Guardian:Planning","Guardian:ChargeCore"],"picked":"Guardian:WalkerClaw","floor":15.0},{"not_picked":["Guardian:FastForward","Guardian:GemFinder"],"picked":"Guardian:Gem_Orange","floor":16.0},{"not_picked":["Guardian:SentryBeam","Guardian:MultiBeam"],"picked":"Guardian:VentSteam","floor":19.0},{"not_picked":["Guardian:Gem_Lightblue","Guardian:Gem_Green"],"picked":"Guardian:Gem_Cyan","floor":19.0},{"not_picked":["Guardian:RollAttack","Guardian:PiercingHide"],"picked":"Guardian:GemFire","floor":20.0}],"player_experience":457785,"relics_obtained":[{"floor":7.0,"key":"Bronze Scales"},{"floor":10.0,"key":"MawBank"},{"floor":12.0,"key":"Dream Catcher"}],"event_choices":[],"is_beta":false,"boss_relics":[{"not_picked":["Philosopher\u0027s Stone","Snecko Eye"],"picked":"Astrolabe"}],"items_purged_floors":[],"is_endless":false,"potions_floor_spawned":[3,5,12,20],"killed_by":"Centurion and Healer","ascension_level":7}}