{"host":"53w25izqmiakdcya","time":1608819067,"event":{"mods":["BaseMod","Colored Powertips","Downfall","Minty Spire (QoL Compilation)","Quick Restart","Rare Cards Sparkle","StSLib"],"gold_per_floor":[99,111,130,145,145,145,145,159,190,40,50,35,35,135,148,244,244,244,256,10,23,23,23,91,102,102,202,202,213,243,243,243,243],"floor_reached":31,"playtime":2144,"items_purged":[],"score":280,"play_id":"be931bbd-2ab3-4754-874f-ac58c2320096","local_time":"20201224081107","is_ascension_mode":false,"campfire_choices":[{"floor":1.0,"key":"RECALL"},{"floor":10.0,"key":"REST"},{"data":"champ:HoldFirm","floor":13.0,"key":"SMITH"},{"data":"champ:Backstep","floor":18.0,"key":"SMITH"},{"data":"champ:Shatter","floor":23.0,"key":"SMITH"},{"floor":26,"key":"REST"}],"circlet_count":0,"master_deck":["champ:Strike","champ:Strike","champ:Strike","champ:Strike","champ:Defend","champ:Defend","champ:Execute","champ:Taunt+1","champ:FanOfKnives","champ:Duel","champ:Backstep+1","champ:BerserkersShout","champ:AdrenalArmor","champ:HoldFirm+1","champ:PreciseThrust","champ:DefensiveShout","champ:ArenaPreparation","champ:MurderStrike","champ:FlashCut","champ:FocusedBerserking","champ:Shatter+1","champ:PerfectedStrike","champ:StanceDance","J.A.X.","champ:PerfectedStrike","champ:BringItOn","champ:FocusedBerserking","Writhe","champ:BringItOn+1","champ:FocusedDefense"],"relics":["champ:ChampionCrown","StrikeDummy","Regal Pillow","downfall:HeartBlessingRed","downfall:HeartBlessingGreen","SlaversCollar","Chemical X","Matryoshka","MutagenicStrength","Happy Flower","White Beast Statue"],"acts_visited":["Exordium","TheCity"],"potions_floor_usage":[25,30,31],"damage_taken":[{"damage":0.0,"enemies":"2 Louse","floor":2.0,"turns":2.0},{"damage":5.0,"enemies":"Cultist","floor":3.0,"turns":3.0},{"damage":7.0,"enemies":"Jaw Worm","floor":4.0,"turns":3.0},{"damage":13.0,"enemies":"2 Fungi Beasts","floor":8.0,"turns":3.0},{"damage":57.0,"enemies":"3 Sentries","floor":9.0,"turns":10.0},{"damage":21.0,"enemies":"Large Slime","floor":11.0,"turns":7.0},{"damage":16.0,"enemies":"downfall:FleeingMerchant","floor":12.0,"turns":4.0},{"damage":16.0,"enemies":"Exordium Wildlife","floor":15.0,"turns":4.0},{"damage":62.0,"enemies":"downfall:Ironclad","floor":16.0,"turns":10.0},{"damage":31.0,"enemies":"3 Byrds","floor":19.0,"turns":5.0},{"damage":21.0,"enemies":"downfall:FleeingMerchant","floor":20.0,"turns":4.0},{"damage":50.0,"enemies":"Shell Parasite","floor":21.0,"turns":4.0},{"damage":34,"enemies":"3 Cultists","floor":25,"turns":5},{"damage":32,"enemies":"downfall:Augmenter","floor":27,"turns":5},{"damage":56,"enemies":"Centurion and Healer","floor":29,"turns":4},{"damage":27,"enemies":"Gremlin Leader","floor":30,"turns":4},{"damage":69,"enemies":"Gremlin Leader","floor":31,"turns":5}],"seed_played":"-7624386495938545287","potions_obtained":[{"floor":3.0,"key":"SteroidPotion"},{"floor":4.0,"key":"Weak Potion"},{"floor":15.0,"key":"Fruit Juice"},{"floor":16.0,"key":"DistilledChaos"},{"floor":21.0,"key":"champ:TechniquePotion"},{"floor":29,"key":"champ:OpenerPotion"},{"floor":30,"key":"FearPotion"}],"is_trial":false,"path_per_floor":["R","M","M","M","?","?","T","M","E","R","M","$","R","?","M","B",null,"R","M","$","M","?","R","T","M","R","?","?","M","E","?"],"character_chosen":"THE_CHAMP","items_purchased":["champ:Shatter","Chemical X"],"campfire_rested":2,"item_purchase_floors":[20,20],"current_hp_per_floor":[90,90,90,88,88,73,73,69,44,86,86,86,86,86,91,89,95,95,95,95,89,89,89,89,73,95,86,86,58,55,0,0,0],"gold":243,"neow_bonus":"THREE_CARDS","is_daily":false,"chose_seed":false,"campfire_upgraded":3,"win_rate":0.0,"timestamp":1608819067,"path_taken":["R","M","M","M","?","?","T","?","E","R","M","?","R","?","M","BOSS","R","M","$","M","?","R","T","M","R","?","?","M","E","?"],"items_purchased_type":["Card","Relic"],"build_version":"2020-12-22","purchased_purges":0,"victory":false,"max_hp_per_floor":[90,90,90,90,90,90,90,90,90,90,90,90,90,90,95,95,95,95,95,95,95,95,95,95,95,95,95,95,95,95,95,95,95],"card_choices":[{"not_picked":["champ:PerfectedStrike","champ:BringItOn"],"picked":"champ:FanOfKnives","floor":0.0},{"not_picked":["champ:GladiatorsShout","champ:FanOfKnives"],"picked":"champ:Duel","floor":2.0},{"not_picked":["champ:BladeFlurry","champ:Haymaker"],"picked":"champ:Backstep","floor":3.0},{"not_picked":["champ:BladeFlurry","champ:TornadoPunch"],"picked":"champ:BerserkersShout","floor":4.0},{"not_picked":["champ:BerserkersShout","champ:Backstep"],"picked":"champ:AdrenalArmor","floor":8.0},{"not_picked":["champ:Lariat","champ:CrookedStrike"],"picked":"champ:HoldFirm","floor":9.0},{"not_picked":["champ:FanOfKnives","champ:AdrenalArmor"],"picked":"champ:PreciseThrust","floor":11.0},{"not_picked":["champ:FanOfKnives","champ:Encircle"],"picked":"champ:DefensiveShout","floor":12.0},{"not_picked":["champ:DefensiveShout","champ:FlashCut"],"picked":"champ:ArenaPreparation","floor":15.0},{"not_picked":["champ:HeavySlash","champ:ShieldSlam"],"picked":"champ:MurderStrike","floor":16.0},{"not_picked":["champ:StanceDance+1","champ:BerserkersShout"],"picked":"champ:FlashCut","floor":19.0},{"not_picked":["champ:SkillfulDodge+1","champ:Circumvent"],"picked":"champ:FocusedBerserking","floor":20.0},{"not_picked":["champ:FlashCut","champ:BladeFlurry"],"picked":"champ:PerfectedStrike","floor":21.0},{"not_picked":["champ:BladeFlurry","champ:GladiatorsShout"],"picked":"champ:StanceDance","floor":25},{"not_picked":[],"picked":"J.A.X.","floor":27},{"not_picked":["champ:ShieldThrow","champ:CrookedStrike+1"],"picked":"champ:PerfectedStrike","floor":27},{"not_picked":["champ:FlashCut","champ:Circumvent"],"picked":"champ:BringItOn+1","floor":29},{"not_picked":["champ:FlashCut","champ:TornadoPunch"],"picked":"champ:FocusedDefense","floor":30}],"player_experience":495246,"relics_obtained":[{"floor":7.0,"key":"StrikeDummy"},{"floor":9.0,"key":"Regal Pillow"},{"floor":24.0,"key":"Matryoshka"},{"floor":27,"key":"MutagenicStrength"},{"floor":30,"key":"White Beast Statue"}],"event_choices":[{"damage_healed":0.0,"max_hp_gain":0.0,"max_hp_loss":0.0,"gold_gain":0.0,"event_name":"Living Wall","player_choice":"Grow","floor":5.0,"gold_loss":0.0,"damage_taken":0.0,"cards_upgraded":["champ:Taunt"]},{"damage_healed":0.0,"max_hp_gain":0.0,"max_hp_loss":0.0,"gold_gain":0.0,"event_name":"Vampires","player_choice":"Ignored","floor":22.0,"gold_loss":0.0,"damage_taken":0.0}],"is_beta":false,"boss_relics":[{"not_picked":["Fusion Hammer","downfall:Hecktoplasm"],"picked":"SlaversCollar"}],"items_purged_floors":[],"is_endless":false,"potions_floor_spawned":[3,4,15,16,21,29,30],"killed_by":"Gremlin Leader","ascension_level":0}}