{"host":"dazi714svy9she3p","time":1608791879,"event":{"mods":["AchievementEnabler","Act Like it!","BaseMod","Better Skull","CapriCore","CatGirl Mod","Colored Map","Downfall","Friendly Minions","GifTheSpireLib","Highlight Path","Hubris","Infinite Spire","Jorbs\u0027s Wanderer Trilogy","Koishi","Lobotomy","LobotomyExtend","Mad Scientist","Minty Spire (QoL Compilation)","Random Character Button","Rare Cards Sparkle","Relic Sorter","RemiliaÅiÂQïƒ‰ª?Åj","Replay The Spire","StSLib","The Animator","The Blackbeard","The Bladedancer","The Construct","The Cursed","The Druid","The Forsaken","The Gatherer","The Immortal","The Juggle","The Marked","The Mystic","The Wild Card"],"gold_per_floor":[111,128,128,128,141,141,141,141,167,167,179,179,199,210,210,210,210],"floor_reached":16,"playtime":1569,"items_purged":[],"score":92,"play_id":"8a29857d-da94-46b7-b4ae-ddbdf7c6bbdf","local_time":"20201223223759","is_ascension_mode":false,"campfire_choices":[{"floor":15,"key":"REST"}],"circlet_count":0,"master_deck":["SpecialBullet","SpecialBullet","SpecialBullet","SpecialBullet","SpecialBullet","SpecialBullet","SpecialBullet","SpecialBullet","InformationCode","WelfareCode","CentralCode","Soda+1","MHz","Horn","theWildCard:Scathach","Wellcheers","Bloodbath","OldLady"],"relics":["CogitoBucket","ReplayTheSpireMod:Lightbulb","LetterFromLob","Amita_r","ResearcherNote"],"acts_visited":["Exordium"],"potions_floor_usage":[13,13],"damage_taken":[{"damage":11,"enemies":"Jaw Worm","floor":1,"turns":3},{"damage":0,"enemies":"2 Louse","floor":2,"turns":3},{"damage":0,"enemies":"Small Slimes","floor":5,"turns":3},{"damage":2,"enemies":"Exordium Thugs","floor":11,"turns":5},{"damage":71,"enemies":"3 Louse","floor":13,"turns":9},{"damage":12,"enemies":"Large Slime","floor":14,"turns":3},{"damage":58,"enemies":"Hexaghost","floor":16,"turns":18}],"seed_played":"-4214286357450208986","potions_obtained":[{"floor":5,"key":"Strength Potion"},{"floor":11,"key":"Strength Potion"}],"is_trial":false,"path_per_floor":["M","M","?","?","M","R","M","R","T","R","M","?","M","M","R","B"],"character_chosen":"Angela","items_purchased":[],"campfire_rested":1,"item_purchase_floors":[],"current_hp_per_floor":[59,60,60,60,61,61,61,61,61,61,64,64,9,7,30,23,23],"gold":210,"neow_bonus":"RANDOM_COMMON_RELIC","is_daily":false,"chose_seed":false,"campfire_upgraded":0,"win_rate":0.0,"timestamp":1608791879,"path_taken":["M","M","?","?","M","R","M","R","T","R","M","?","M","M","R","BOSS"],"items_purchased_type":[],"build_version":"2020-12-22","purchased_purges":0,"victory":false,"max_hp_per_floor":[70,70,70,70,70,70,70,70,70,70,70,70,70,77,77,77,77],"card_choices":[{"not_picked":["FeatherOfHonor"],"picked":"Soda","floor":1},{"not_picked":["VoidDream","MeltingLove"],"picked":"MHz","floor":1},{"not_picked":["Twilight"],"picked":"Horn","floor":2},{"not_picked":["Woodsman","VoidDream"],"picked":"MeatLantern","floor":2},{"not_picked":["BlueStar","VoidDream"],"picked":"Wellcheers","floor":5},{"not_picked":["Lantern","RapturousDream"],"picked":"SKIP","floor":5},{"not_picked":["Penitence","RapturousDream"],"picked":"SKIP","floor":11},{"not_picked":["Variant","BigBird"],"picked":"Bloodbath","floor":13},{"not_picked":["WristCuter","Galaxy"],"picked":"SKIP","floor":13},{"not_picked":["SpiderBud","Mercenary"],"picked":"OldLady","floor":14},{"not_picked":["Horn","CUTE"],"picked":"SKIP","floor":14}],"player_experience":21531,"relics_obtained":[{"floor":1,"key":"LetterFromLob"}],"event_choices":[{"damage_healed":0,"gold_gain":0,"player_choice":"Bought 0 Potions","damage_taken":0,"max_hp_gain":0,"max_hp_loss":0,"event_name":"The Woman in Blue","floor":12,"gold_loss":0}],"is_beta":false,"boss_relics":[],"items_purged_floors":[],"is_endless":false,"potions_floor_spawned":[5,11],"killed_by":"Hexaghost","ascension_level":0}}