{"host":"h8l1uc7c2i19r904","time":1608778627,"event":{"mods":["AchievementEnabler","BaseMod","Colored Map","Colored Powertips","Downfall","Minty Spire (QoL Compilation)","Quick Restart","Replay The Spire","StSLib","SuperFastMode"],"gold_per_floor":[116,133,152,82,82,82,142,142,142,158,158,158,158,175,200,213,213,213,213],"floor_reached":18,"playtime":605,"items_purged":[],"score":114,"play_id":"c99201a3-f88e-43b0-8331-b4e1455592f3","local_time":"20201223185707","is_ascension_mode":false,"campfire_choices":[{"floor":6,"key":"RECALL"},{"data":"Eruption","floor":8,"key":"SMITH"},{"floor":17,"key":"REST"}],"circlet_count":0,"master_deck":["Strike_P","Strike_P","Strike_P","Strike_P","Defend_P","Defend_P","Defend_P","Defend_P","Eruption+1","Vigilance","FlurryOfBlows","BattleHymn","Doubt","DeusExMachina","FollowUp","Pray"],"relics":["Replay:Bronze Core","ReplayTheSpireMod:Ring of Challenge","ReplayTheSpireMod:Ring of Collecting","Ring of Misfortune","Orichalcum"],"acts_visited":["Exordium"],"potions_floor_usage":[7,18,18],"damage_taken":[{"damage":0,"enemies":"Cultist","floor":1,"turns":3},{"damage":0,"enemies":"Small Slimes","floor":2,"turns":5},{"damage":2,"enemies":"Jaw Worm","floor":3,"turns":3},{"damage":9,"enemies":"Red Slaver","floor":7,"turns":4},{"damage":2,"enemies":"2 Fungi Beasts","floor":10,"turns":4},{"damage":3,"enemies":"Lots of Slimes","floor":14,"turns":4},{"damage":51,"enemies":"Lagavulin","floor":15,"turns":6},{"damage":0,"enemies":"Looter","floor":16,"turns":1},{"damage":27,"enemies":"Hexaghost","floor":18,"turns":2}],"seed_played":"-5657248803434815996","potions_obtained":[{"floor":2,"key":"StancePotion"},{"floor":10,"key":"sneckomod:MuddlingPotion"},{"floor":16,"key":"BlessingOfTheForge"}],"is_trial":false,"path_per_floor":["M","M","M","$","?","R","M","R","T","M","PTL","PTL","?","M","E","M","R","B"],"character_chosen":"WATCHER","items_purchased":["BattleHymn"],"campfire_rested":1,"item_purchase_floors":[4],"current_hp_per_floor":[72,72,70,70,70,70,61,61,61,59,59,59,59,56,5,5,26,0,0],"gold":213,"neow_bonus":"BOSS_RELIC","is_daily":false,"chose_seed":false,"campfire_upgraded":1,"win_rate":0.0,"timestamp":1608778627,"path_taken":["M","M","?","?","?","R","M","R","T","M","PTL","PTL","?","?","E","M","R","BOSS"],"items_purchased_type":["Card"],"build_version":"2020-12-22","purchased_purges":0,"victory":false,"max_hp_per_floor":[72,72,72,72,72,72,72,72,72,72,72,72,72,72,72,72,72,72,72],"card_choices":[{"not_picked":["ClearTheMind","JustLucky","LikeWater"],"picked":"SKIP","floor":1},{"not_picked":["PathToVictory","Replay:BluntJabs"],"picked":"FlurryOfBlows","floor":2},{"not_picked":["Consecrate","EmptyBody","CrushJoints"],"picked":"SKIP","floor":3},{"not_picked":["FollowUp","JustLucky"],"picked":"DeusExMachina","floor":7},{"not_picked":["JustLucky","EmptyFist","SashWhip"],"picked":"SKIP","floor":10},{"not_picked":["Evaluate","SandsOfTime"],"picked":"FollowUp","floor":14},{"not_picked":["ThirdEye","SashWhip"],"picked":"Pray","floor":15},{"not_picked":["Replay:ManipulateFuture","EmptyFist","SashWhip"],"picked":"SKIP","floor":16}],"player_experience":133604,"relics_obtained":[{"floor":5,"key":"ReplayTheSpireMod:Ring of Challenge"},{"floor":5,"key":"ReplayTheSpireMod:Ring of Collecting"},{"floor":9,"key":"Ring of Misfortune"},{"floor":15,"key":"Orichalcum"}],"event_choices":[{"damage_healed":0,"gold_gain":0,"player_choice":"Ignored","damage_taken":0,"max_hp_gain":0,"max_hp_loss":0,"event_name":"NoteForYourself","floor":13,"gold_loss":0}],"is_beta":false,"boss_relics":[],"items_purged_floors":[],"is_endless":false,"potions_floor_spawned":[2,10,16],"killed_by":"Hexaghost","ascension_level":0}}