{"host":"h7xtspmc2x3i8s2i","time":1608851241,"event":{"mods":["2.2 Compatiblity","AchievementEnabler","Act Like it!","AlwaysNeverKeys","Aspiration","Astrologer","BaseMod","Beaked The Cultist","Bestiary","Better Match","Better Sensory Stone","Better Third Choice","Better Vampires","BetterRewards","Challenge The Spire","Colored Map","Colored Powertips","Colorless Booster Pack","Curses Come First","Defuse TimeMaze Blight","Dio Mod","Downfall","Duelist Mod","EXCEPTION","Energized Spire","Friendly Minions","GifTheSpireLib","Gold Saver","Gremlin Skip","Halation","Hubris","Jedi Mod","Key Reminder","Marked Mod","Minty Spire (QoL Compilation)","Permanent Neow","Random Character Button","Random Character Mod","Rare Cards Sparkle","Relic Filter","Relic Stats","Replay The Spire","SacredBarkPlus","Shop Mod","Somnambulant","Spicy Shops","Spikes Relics","Spire Birthday Party","StSLib","Steal the Spire","Stuff the Spire","SuperFastMode","The Awakened One except there are too many feathers","The Blue Laboratory","The Cursed","The Death Knight","The Dragon Tamer","The Edgeheg","The Hierophant","The Problem Sleuth","The Wild Card","Transform Curses","Unceasing Turn Reminder","everything is the same but u backflip on backflip","slay the spire mod where everything is the same but ironclad has a cowboy hat","vexMod"],"gold_per_floor":[1296,1296,1315,1327,1327,1354,1354,1354,1354,1354,1377,1406,441,366,381,399,399,499,499,512,512,528,528,528,528,542,105,105,23,51,71,99,119,119,221,271,286,45,145,159,174,174,201,93,93,93,109,120,132,132,132,132,132,132,132,167,167],"floor_reached":58,"playtime":2394,"items_purged":[],"score":1812,"play_id":"562ac78f-19da-4717-b5e7-a69d14ea9841","local_time":"20201224180721","is_ascension_mode":false,"campfire_choices":[{"floor":7,"key":"REST"},{"floor":10,"key":"RECALL"},{"floor":17,"key":"REST"},{"data":"DeathKnight:RuneTap","floor":25,"key":"SMITH"},{"floor":42,"key":"REST"},{"floor":46,"key":"REST"},{"data":"Master of Strategy","floor":54,"key":"SMITH"}],"circlet_count":0,"master_deck":["DeathKnight:Strike_DeathKnight","DeathKnight:Strike_DeathKnight","DeathKnight:Strike_DeathKnight","DeathKnight:Strike_DeathKnight","DeathKnight:Strike_DeathKnight","DeathKnight:Defend_DeathKnight","DeathKnight:Defend_DeathKnight","DeathKnight:Defend_DeathKnight","DeathKnight:Defend_DeathKnight","DeathKnight:Defend_DeathKnight","DeathKnight:RuneTap+1","DeathKnight:RuneStrike","DeathKnight:DancingRuneblade","DeathKnight:FesteringStrike+1","DeathKnight:ShatteringStrikes","DeathKnight:ReapingStrike+1","DeathKnight:ShatteringStrikes","DeathKnight:PlagueStrike+1","DeathKnight:Hysteria+1","Master of Strategy+1","Assess","DeathKnight:UnholyExperiment+1","DeathKnight:HornOfWinter","DeathKnight:Runesurge","DeathKnight:ShatteringStrikes+1","DeathKnight:ShatteringStrikes","expansioncontent:DashGenerateEvil","DeathKnight:DreadStrike","DeathKnight:Contagion","StuffTheSpire:PlasmaPulse","DeathKnight:MutagenicPlague","DeathKnight:Hysteria","DeathKnight:HartStrike","DeathKnight:UnholyExperiment+1","DeathKnight:PlagueStrike+1","DeathKnight:AntiMagicShell","DeathKnight:ThirstingStrike","DeathKnight:ScourgeStrike+1","DeathKnight:HornOfWinter+1","DeathKnight:BloodStrike","DeathKnight:BloodStrike","DeathKnight:HartStrike+1","DeathKnight:MutagenicPlague"],"relics":["DeathKnight:BrokenRuneblade","Ancient Tea Set","DeathKnight:TomeOfUnholySpecialization","SpikesRelics:DaevaFist","Simple Rune","HornCleat","MerchantsRug","aspiration:ArtOfWarUpgrade","Mercury Hourglass","halation:LostSnail","aspiration:HiddenCompartment","Peace Pipe","hubris:SphereOfDissonance","TheAbacus","halation:BottledLove","StuffTheSpire:HeavyRock","hubris:TenFootPole"],"acts_visited":["Exordium","TheCity","TheBeyond","TheEnding"],"potions_floor_usage":[6,12,18,18,20,20,26,26,31,32,33,35,35,37,40,41,41,43,48,48,48,48,52,52,52,52,56,57,57,57,57],"damage_taken":[{"damage":4,"enemies":"Cultist","floor":1,"turns":5},{"damage":11,"enemies":"Jaw Worm","floor":3,"turns":5},{"damage":2,"enemies":"Small Slimes","floor":4,"turns":4},{"damage":14,"enemies":"Gremlin Nob","floor":6,"turns":3},{"damage":21,"enemies":"3 Sentries","floor":12,"turns":10},{"damage":8,"enemies":"Gremlin Gang","floor":15,"turns":6},{"damage":0,"enemies":"2 Fungi Beasts","floor":16,"turns":3},{"damage":0,"enemies":"Hexaghost","floor":18,"turns":7},{"damage":15,"enemies":"Spheric Guardian","floor":20,"turns":4},{"damage":7,"enemies":"Chosen","floor":22,"turns":5},{"damage":4,"enemies":"Shelled Parasite and Fungi","floor":26,"turns":4},{"damage":0,"enemies":"Book of Stabbing","floor":30,"turns":1},{"damage":10,"enemies":"Chosen and Byrds","floor":31,"turns":4},{"damage":0,"enemies":"Gremlin Leader","floor":32,"turns":3},{"damage":5,"enemies":"Cultist and Chosen","floor":33,"turns":4},{"damage":0,"enemies":"Pondfish","floor":35,"turns":7},{"damage":53,"enemies":"3 Shapes","floor":37,"turns":5},{"damage":0,"enemies":"3 Darklings","floor":40,"turns":5},{"damage":3,"enemies":"Spire Growth","floor":41,"turns":4},{"damage":0,"enemies":"Reptomancer","floor":43,"turns":5},{"damage":0,"enemies":"Maw","floor":47,"turns":4},{"damage":0,"enemies":"Transient","floor":48,"turns":5},{"damage":0,"enemies":"4 Shapes","floor":49,"turns":3},{"damage":30,"enemies":"Donu and Deca","floor":52,"turns":6},{"damage":0,"enemies":"Shield and Spear","floor":56,"turns":3},{"damage":61,"enemies":"The Heart","floor":57,"turns":6}],"seed_played":"-1192471699096458053","potions_obtained":[{"floor":3,"key":"jedi:StrikingPotion"},{"floor":6,"key":"Dexterity Potion"},{"floor":15,"key":"AttackPotion"},{"floor":16,"key":"ColorlessPotion"},{"floor":18,"key":"Adrenaline Potion"},{"floor":20,"key":"blueLaboratory:CorrosionFlask"},{"floor":22,"key":"Energy Potion"},{"floor":32,"key":"blueLaboratory:BubblePotion"},{"floor":36,"key":"LiquidBronze"},{"floor":41,"key":"champ:CounterPotion"},{"floor":47,"key":"Swift Potion"},{"floor":48,"key":"Regen Potion"},{"floor":56,"key":"blueLaboratory:PhilterOfMotion"}],"is_trial":false,"path_per_floor":["M","?","M","M","?","E","R","PTL","PTL","R","T","E","$","?","M","M","R","B",null,"M","?","M","?","?","R","M","$","T","$","E","M","E","M","R_BF","B",null,"M","$","?","M","M","R","E","$","T","R","M","M","M","?","R","B",null,"R","$","E","B",null],"character_chosen":"DEATH_KNIGHT","items_purchased":["DeathKnight:PlagueStrike+1","DeathKnight:Hysteria","Simple Rune","HornCleat","MerchantsRug","Master of Strategy","Assess","expansioncontent:DashGenerateEvil","DeathKnight:DreadStrike","DeathKnight:Contagion","Art of War","StuffTheSpire:PlasmaPulse","halation:LostSnail","hubris:SphereOfDissonance","TheAbacus","DeathKnight:BloodStrike"],"campfire_rested":4,"item_purchase_floors":[13,13,13,13,13,13,13,27,27,27,27,27,29,38,38,44],"current_hp_per_floor":[71,71,60,58,58,44,66,66,66,66,66,45,45,45,37,37,59,59,75,60,60,53,53,61,61,57,57,57,57,57,60,60,55,55,55,80,27,27,27,27,24,48,48,48,48,72,72,80,80,80,80,57,80,80,80,80,19],"gold":167,"neow_bonus":"RANDOM_COMMON_RELIC","is_daily":false,"chose_seed":false,"campfire_upgraded":2,"win_rate":0.0,"timestamp":1608851241,"path_taken":["M","?","M","?","?","E","R","PTL","PTL","R","T","E","$","?","M","M","R","BOSS","M","?","?","?","?","R","M","?","T","$","E","M","E","M","R_BF","BOSS","M","$","?","?","M","R","E","$","T","R","?","M","?","?","R","BOSS","R","$","E","BOSS"],"items_purchased_type":["Card","Card","Relic","Relic","Relic","Card","Card","Card","Card","Card","Relic","Card","Relic","Relic","Relic","Card"],"build_version":"2020-12-22","purchased_purges":0,"victory":true,"max_hp_per_floor":[75,75,75,75,75,75,75,75,75,75,75,75,75,75,75,75,75,75,75,75,75,75,75,75,75,75,75,75,75,75,75,75,75,75,75,80,80,80,80,80,80,80,80,80,80,80,80,80,80,80,80,80,80,80,80,80,80],"relic_stats":{"Peace Pipe":0,"TheAbacus":[12],"counters":[26,121],"obtain_stats":[{"MerchantsRug":13,"Tiny House":36,"halation:BottledLove":43,"hubris:SphereOfDissonance":38,"Ancient Tea Set":0,"aspiration:HiddenCompartment":30,"Mercury Hourglass":28,"keyreminder:keyreminder":10,"Peace Pipe":32,"HornCleat":13,"TheAbacus":38,"DeathKnight:TomeOfUnholySpecialization":6,"StuffTheSpire:HeavyRock":45,"Simple Rune":13,"aspiration:ArtOfWarUpgrade":51,"SpikesRelics:DaevaFist":12,"Art of War":27,"hubris:TenFootPole":56,"halation:LostSnail":29,"DeathKnight:BrokenRuneblade":0},{"MerchantsRug":5,"Tiny House":16,"halation:BottledLove":20,"hubris:SphereOfDissonance":17,"Ancient Tea Set":0,"aspiration:HiddenCompartment":12,"Mercury Hourglass":11,"keyreminder:keyreminder":4,"Peace Pipe":14,"HornCleat":5,"TheAbacus":17,"DeathKnight:TomeOfUnholySpecialization":4,"StuffTheSpire:HeavyRock":20,"Simple Rune":5,"aspiration:ArtOfWarUpgrade":23,"SpikesRelics:DaevaFist":5,"Art of War":11,"hubris:TenFootPole":25,"halation:LostSnail":11,"DeathKnight:BrokenRuneblade":0},{"MerchantsRug":27,"Tiny House":75,"halation:BottledLove":94,"hubris:SphereOfDissonance":80,"Ancient Tea Set":0,"aspiration:HiddenCompartment":57,"Mercury Hourglass":56,"keyreminder:keyreminder":17,"Peace Pipe":64,"HornCleat":27,"TheAbacus":80,"DeathKnight:TomeOfUnholySpecialization":17,"StuffTheSpire:HeavyRock":94,"Simple Rune":27,"aspiration:ArtOfWarUpgrade":106,"SpikesRelics:DaevaFist":27,"Art of War":56,"hubris:TenFootPole":115,"halation:LostSnail":56,"DeathKnight:BrokenRuneblade":0}],"Mercury Hourglass":[306]},"card_choices":[{"not_picked":["DeathKnight:BladedArmor","DeathKnight:WraithWalk"],"picked":"DeathKnight:DancingRuneblade","floor":1},{"not_picked":["DeathKnight:DeathCoil","DeathKnight:BloodPact"],"picked":"DeathKnight:FesteringStrike","floor":3},{"not_picked":["DeathKnight:DeathAndDecay","DeathKnight:Ossuary"],"picked":"DeathKnight:ShatteringStrikes","floor":4},{"not_picked":["DeathKnight:RaiseAlly","DeathKnight:UnholyFrenzy"],"picked":"DeathKnight:ReapingStrike","floor":6},{"not_picked":["DeathKnight:DeathsAdvance+1","DeathKnight:UnholyExperiment+1"],"picked":"DeathKnight:ShatteringStrikes","floor":12},{"not_picked":["DeathKnight:VampiricBlood","DeathKnight:MarkOfBlood"],"picked":"DeathKnight:UnholyExperiment","floor":14},{"not_picked":["DeathKnight:DeathCoil+1","DeathKnight:BladedArmor"],"picked":"DeathKnight:HornOfWinter","floor":15},{"not_picked":["DeathKnight:RunicDetonation","DeathKnight:RaiseAlly","DeathKnight:RunicCorruption"],"picked":"SKIP","floor":16},{"not_picked":["DeathKnight:MarkOfBlood","DeathKnight:RunicDetonation"],"picked":"DeathKnight:Runesurge","floor":18},{"not_picked":["DeathKnight:RaiseAlly","DeathKnight:BoneSpear"],"picked":"DeathKnight:ShatteringStrikes+1","floor":20},{"not_picked":["DeathKnight:DeathRune+1","DeathKnight:IcyTouch"],"picked":"DeathKnight:ShatteringStrikes","floor":22},{"not_picked":["DeathKnight:DarkSuccor","DeathKnight:RaiseAlly","DeathKnight:RuneShock"],"picked":"SKIP","floor":26},{"not_picked":["DeathKnight:IceboundArmor+1","DeathKnight:BloodBoil+1","DeathKnight:RunicDetonation"],"picked":"SKIP","floor":30},{"not_picked":["DeathKnight:RuneShock","DeathKnight:DeathCoil+1"],"picked":"DeathKnight:MutagenicPlague","floor":31},{"not_picked":["DeathKnight:FrosPresence","DeathKnight:BludPresence"],"picked":"DeathKnight:Hysteria","floor":32},{"not_picked":["DeathKnight:HornOfWinter+1","DeathKnight:UnholyFrenzy+1"],"picked":"DeathKnight:HartStrike","floor":33},{"not_picked":["DeathKnight:RunicDetonation","DeathKnight:Razorice"],"picked":"DeathKnight:UnholyExperiment+1","floor":35},{"not_picked":["DeathKnight:BoneSpear","DeathKnight:ThirstingStrike+1"],"picked":"DeathKnight:PlagueStrike+1","floor":36},{"not_picked":["DeathKnight:HowlingBlast+1","DeathKnight:IcyTouch+1"],"picked":"DeathKnight:AntiMagicShell","floor":37},{"not_picked":["DeathKnight:BludPresence+1","DeathKnight:Contagion"],"picked":"DeathKnight:ThirstingStrike","floor":40},{"not_picked":["DeathKnight:FoulBulwark+1","DeathKnight:Parry"],"picked":"DeathKnight:ScourgeStrike+1","floor":41},{"not_picked":["DeathKnight:Runeguard+1","DeathKnight:RuneShock+1"],"picked":"DeathKnight:HornOfWinter+1","floor":43},{"not_picked":["DeathKnight:RunicCorruption+1","DeathKnight:DeathGrip+1"],"picked":"DeathKnight:HartStrike+1","floor":47},{"not_picked":["DeathKnight:UnholyFrenzy+1","DeathKnight:DeathCoil+1","DeathKnight:BloodTap+1"],"picked":"SKIP","floor":48},{"not_picked":["DeathKnight:Obliterate","DeathKnight:RaiseAlly+1","DeathKnight:BludPresence"],"picked":"SKIP","floor":49},{"not_picked":["DeathKnight:HornOfWinter","DeathKnight:BoneStorm"],"picked":"DeathKnight:MutagenicPlague","floor":56}],"player_experience":567065,"relics_obtained":[{"floor":6,"key":"DeathKnight:TomeOfUnholySpecialization"},{"floor":12,"key":"SpikesRelics:DaevaFist"},{"floor":28,"key":"Mercury Hourglass"},{"floor":30,"key":"aspiration:HiddenCompartment"},{"floor":32,"key":"Peace Pipe"},{"floor":43,"key":"halation:BottledLove"},{"floor":45,"key":"StuffTheSpire:HeavyRock"},{"floor":56,"key":"hubris:TenFootPole"}],"event_choices":[{"damage_healed":0,"gold_gain":0,"player_choice":"Leave","damage_taken":0,"max_hp_gain":0,"max_hp_loss":0,"event_name":"FaceTrader","floor":2,"gold_loss":0},{"damage_healed":0,"gold_gain":0,"player_choice":"Ignored","damage_taken":1327,"max_hp_gain":0,"max_hp_loss":0,"event_name":"betterThird:BetterSerpent","floor":5,"gold_loss":0},{"damage_healed":0,"gold_gain":0,"player_choice":"1","damage_taken":0,"max_hp_gain":0,"max_hp_loss":0,"event_name":"betterMatch:BetterMatch","floor":14,"gold_loss":0,"cards_obtained":["betterMatch:RareCard"]},{"damage_healed":0,"gold_gain":0,"player_choice":"Upgraded","damage_taken":0,"max_hp_gain":0,"max_hp_loss":0,"event_name":"Upgrade Shrine","floor":21,"gold_loss":0,"cards_upgraded":["DeathKnight:FesteringStrike"]},{"damage_healed":0,"gold_gain":100,"player_choice":"Pray","damage_taken":0,"max_hp_gain":0,"max_hp_loss":0,"event_name":"Golden Shrine","floor":39,"gold_loss":0},{"damage_healed":0,"gold_gain":0,"player_choice":"Forge","damage_taken":0,"max_hp_gain":0,"max_hp_loss":0,"event_name":"Accursed Blacksmith","floor":50,"gold_loss":0,"cards_upgraded":["DeathKnight:Hysteria"]}],"is_beta":false,"boss_relics":[{"not_picked":["halation:HeavySnake","Pandora\u0027s Box","vexMod:RockOfEvil"]},{"not_picked":["Replay:Drink Me","aspiration:RitualDagger"],"picked":"Tiny House"}],"items_purged_floors":[],"is_endless":false,"potions_floor_spawned":[3,6,15,16,18,20,22,32,40,41,47,48,56],"ascension_level":0}}