{"host":"thn8o1tmql8xszd5","time":1608823319,"event":{"mods":["AchievementEnabler","Act Like it!","BaseMod","Block Reminder","Colored Map","DeckTracker","Gensokyo","Highlight Path","Minty Spire (QoL Compilation)","Permanent Neow","Quick Restart","Relic Stats","Robot Space Explorer","StSLib","The Animator","The Blue Laboratory"],"gold_per_floor":[124,136,156,156,156,156,156],"floor_reached":6,"playtime":705,"items_purged":[],"score":54,"play_id":"df295e42-3cde-4532-a1b8-9497e60916c6","local_time":"20201224102159","is_ascension_mode":true,"campfire_choices":[],"circlet_count":0,"master_deck":["AscendersBane","animator:Strike_Katanagatari","animator:Defend_Katanagatari","animator:Strike","animator:Defend","animator:Defend","animator:Defend","animator:Azekura","animator:Emonzaemon","animator:CowGirl","animator:Shichika+1","animator:Mitsurugi"],"relics":["animator:LivingPicture","animator:TheMissingPiece"],"acts_visited":["Exordium"],"potions_floor_usage":[],"damage_taken":[{"damage":11,"enemies":"Gensokyo:Gryphon","floor":1,"turns":6},{"damage":12,"enemies":"Gensokyo:Python","floor":2,"turns":3},{"damage":3,"enemies":"Gensokyo:3_Fairies","floor":3,"turns":5},{"damage":14,"enemies":"Gensokyo:Aya","floor":6,"turns":7}],"seed_played":"60259040478063641","potions_obtained":[{"floor":2,"key":"FearPotion"},{"floor":3,"key":"blueLaboratory:CorrosionFlask"}],"is_trial":false,"path_per_floor":["M","M","M","?","?","E"],"character_chosen":"THE_ANIMATOR","items_purchased":[],"campfire_rested":0,"item_purchase_floors":[],"current_hp_per_floor":[48,36,33,33,33,19,19],"gold":156,"neow_bonus":"TRANSFORM_CARD","is_daily":false,"chose_seed":false,"campfire_upgraded":0,"win_rate":0.0,"timestamp":1608823319,"path_taken":["M","M","M","?","?","E"],"items_purchased_type":[],"build_version":"2020-12-22","purchased_purges":0,"victory":false,"max_hp_per_floor":[66,66,66,66,66,66,66],"relic_stats":{"counters":[4,21],"obtain_stats":[{"animator:TheMissingPiece":0,"animator:LivingPicture":0},{"animator:TheMissingPiece":0,"animator:LivingPicture":0},{"animator:TheMissingPiece":0,"animator:LivingPicture":0}]},"card_choices":[{"not_picked":["animator:Spearman","animator:Witch"],"picked":"animator:Shichika","floor":1},{"not_picked":["animator:ZankiKiguchi","animator:Sonic","animator:Geryuganshoop"],"picked":"SKIP","floor":2},{"not_picked":["animator:Arpeggio","animator:Shichika"],"picked":"animator:Mitsurugi","floor":3}],"player_experience":700822,"relics_obtained":[],"event_choices":[],"is_beta":false,"boss_relics":[],"items_purged_floors":[],"is_endless":false,"potions_floor_spawned":[2,3],"killed_by":"Gensokyo:Aya","ascension_level":10}}