{"host":"htqwg582tjjtn9p7","time":1608829350,"event":{"mods":["2.2 Compatiblity","AchievementEnabler","Act Like it!","Aspiration","BaseMod","Better Third Choice","Colored Map","Conspire","Curses Come First","Displayed Cursed Tome","Energized Spire","Force Act Four","GifTheSpireLib","Hermit","Highlight Path","JesterMod","Mad Scientist","Minty Spire (QoL Compilation)","Pale of the Ancients","Permanent Neow","Random Character Button","Relic Stats","Replay The Spire","Robot Space Explorer","Somnambulant","Spicy Shops","Spikes Relics","StSLib","Stuff the Spire","The Blue Laboratory","The Disciple","The Dragon Tamer","The Forsaken","The Gatherer","The Judge","The Jungle","The Marked","The Runesmith","The Servant 0.9.4"],"gold_per_floor":[119,34,34,58,68,97,97,130,153,163,183,209,2,12,12,12,12],"floor_reached":16,"playtime":610,"items_purged":[],"score":304,"play_id":"45603eb5-5c6c-4379-815d-9ba6fb01eec7","local_time":"20201224180230","is_ascension_mode":true,"campfire_choices":[{"data":"Feel No Pain","floor":15,"key":"SMITH"}],"circlet_count":0,"master_deck":["AscendersBane","conspire:GhostlyStrike","conspire:GhostlyStrike","conspire:GhostlyStrike","conspire:GhostlyStrike","conspire:GhostlyStrike","conspire:GhostlyDefend","conspire:GhostlyDefend","conspire:GhostlyDefend+1","conspire:GhostlyDefend","Bash","Power Through+1","Pommel Strike","ReplayTheSpireMod:Strike From Hell","Injury","Armaments+1","Havoc+1","Infernal Blade+1","Burning Pact+1","Feel No Pain+1","Shrug It Off+1"],"relics":["Burning Blood","NeowsBlessing","Calipers","MealTicket","Bag of Preparation","Toxic Egg 2","conspire:TopHat","Vajra","War Paint"],"acts_visited":["Exordium"],"potions_floor_usage":[8,16],"damage_taken":[{"damage":0,"enemies":"2 Louse","floor":1,"turns":1},{"damage":0,"enemies":"Jaw Worm","floor":5,"turns":1},{"damage":0,"enemies":"Lagavulin","floor":6,"turns":1},{"damage":16,"enemies":"Gremlin Nob","floor":8,"turns":4},{"damage":0,"enemies":"Small Slimes","floor":10,"turns":4},{"damage":6,"enemies":"Exordium Wildlife","floor":11,"turns":6},{"damage":15,"enemies":"Lagavulin","floor":12,"turns":5},{"damage":0,"enemies":"conspire:2 RoseBushes","floor":14,"turns":5},{"damage":78,"enemies":"Hexaghost","floor":16,"turns":16}],"seed_played":"-744544534301278143","potions_obtained":[{"floor":1,"key":"Explosive Potion"},{"floor":6,"key":"Flashbang"},{"floor":11,"key":"LiquidMemories"}],"is_trial":false,"path_per_floor":["M","$","?","T","M","E","?","E","T","M","M","E","$","M","R","B"],"character_chosen":"IRONCLAD","items_purchased":["Calipers","Feel No Pain","Shrug It Off+1"],"campfire_rested":0,"item_purchase_floors":[2,13,13],"current_hp_per_floor":[74,74,74,74,75,75,75,65,65,71,71,62,75,75,75,0,0],"gold":12,"neow_bonus":"THREE_ENEMY_KILL","is_daily":false,"chose_seed":false,"campfire_upgraded":1,"win_rate":0.0,"timestamp":1608829350,"path_taken":["M","$","?","?","M","E","?","E","T","M","?","E","$","M","R","BOSS"],"items_purchased_type":["Relic","Card","Card"],"build_version":"2020-12-22","purchased_purges":0,"victory":false,"max_hp_per_floor":[75,75,75,75,75,75,75,75,75,75,75,75,75,75,75,75,75],"relic_stats":{"counters":[9,43],"MealTicket":13,"Bag of Preparation":[12],"War Paint":["Power Through","conspire:GhostlyDefend"],"obtain_stats":[{"Calipers":2,"NeowsBlessing":0,"Vajra":9,"MealTicket":4,"Bag of Preparation":6,"Toxic Egg 2":7,"War Paint":12,"Burning Blood":0,"conspire:TopHat":8},{"Calipers":1,"NeowsBlessing":0,"Vajra":4,"MealTicket":1,"Bag of Preparation":3,"Toxic Egg 2":3,"War Paint":7,"Burning Blood":0,"conspire:TopHat":4},{"Calipers":1,"NeowsBlessing":0,"Vajra":7,"MealTicket":1,"Bag of Preparation":3,"Toxic Egg 2":3,"War Paint":22,"Burning Blood":0,"conspire:TopHat":7}],"Burning Blood":31},"card_choices":[{"not_picked":["Entrench","Havoc"],"picked":"Power Through","floor":1},{"not_picked":["StuffTheSpire:BloodClot","StuffTheSpire:RockThrow"],"picked":"Pommel Strike","floor":5},{"not_picked":["Shockwave","Wild Strike"],"picked":"ReplayTheSpireMod:Strike From Hell","floor":6},{"not_picked":["Clash","Demon Form"],"picked":"Armaments+1","floor":8},{"not_picked":["Cleave","Warcry+1"],"picked":"Havoc+1","floor":10},{"not_picked":["Clash","Flex+1"],"picked":"Infernal Blade+1","floor":11},{"not_picked":["StuffTheSpire:Pyroclast","Clash"],"picked":"Burning Pact+1","floor":12},{"not_picked":["Thunderclap","Wild Strike","StuffTheSpire:RockThrow"],"picked":"SKIP","floor":14}],"player_experience":1761983,"relics_obtained":[{"floor":4,"key":"MealTicket"},{"floor":6,"key":"Bag of Preparation"},{"floor":8,"key":"conspire:TopHat"},{"floor":9,"key":"Vajra"},{"floor":12,"key":"War Paint"}],"event_choices":[{"damage_healed":0,"gold_gain":0,"player_choice":"Agree","damage_taken":0,"max_hp_gain":0,"max_hp_loss":0,"event_name":"conspire:LoneGhost","floor":3,"gold_loss":0}],"is_beta":false,"boss_relics":[],"items_purged_floors":[],"is_endless":false,"potions_floor_spawned":[1,5,6,11],"killed_by":"Hexaghost","ascension_level":15}}