{"host":"Jackie","time":1608777190,"event":{"mods":["BaseMod","Highlight Path","Minty Spire (QoL Compilation)","Relic Stats","Slay the Relics Exporter","StSLib","Twitch Decklist"],"gold_per_floor":[118,132,132,3,20,51,63,110,122,134,174,202,231,261,273,362,374,399,411,10,26,26,26,39,39,39],"floor_reached":25,"playtime":1633,"items_purged":["Strike_B"],"score":546,"play_id":"c0565a66-03ee-4586-8e80-91c3e1b13838","local_time":"20201223183310","is_ascension_mode":true,"campfire_choices":[{"data":"Defragment","floor":7.0,"key":"SMITH"},{"floor":10.0,"key":"REST"},{"data":"Biased Cognition","floor":15.0,"key":"SMITH"},{"floor":23,"key":"REST"}],"circlet_count":0,"master_deck":["AscendersBane","Strike_B+1","Defend_B","Defend_B","Defend_B","Defend_B","Zap","Dualcast","Compile Driver","Chaos","Defragment+1","Doom and Gloom","Sunder+1","Biased Cognition+1","Coolheaded","Cold Snap","Core Surge","Conserve Battery","RitualDagger","Echo Form","Hologram","Defragment"],"relics":["Cracked Core","MawBank","Blue Candle","Whetstone","Anchor","Empty Cage","Happy Flower"],"acts_visited":["Exordium","TheCity"],"potions_floor_usage":[25],"damage_taken":[{"damage":1.0,"enemies":"Cultist","floor":1.0,"turns":3.0},{"damage":8.0,"enemies":"2 Louse","floor":2.0,"turns":4.0},{"damage":10.0,"enemies":"Small Slimes","floor":5.0,"turns":3.0},{"damage":19.0,"enemies":"Lagavulin","floor":6.0,"turns":8.0},{"damage":8.0,"enemies":"Gremlin Nob","floor":8.0,"turns":3.0},{"damage":10.0,"enemies":"Lagavulin","floor":11.0,"turns":5.0},{"damage":4.0,"enemies":"Red Slaver","floor":12.0,"turns":4.0},{"damage":8.0,"enemies":"Blue Slaver","floor":13.0,"turns":4.0},{"damage":0.0,"enemies":"Large Slime","floor":14.0,"turns":3.0},{"damage":0.0,"enemies":"Slime Boss","floor":16.0,"turns":7.0},{"damage":36,"enemies":"3 Byrds","floor":18,"turns":5},{"damage":6,"enemies":"Chosen","floor":21,"turns":5},{"damage":18,"enemies":"Snake Plant","floor":24,"turns":4},{"damage":15,"enemies":"Book of Stabbing","floor":25,"turns":7}],"seed_played":"-2315583592952987073","potions_obtained":[{"floor":2.0,"key":"SpeedPotion"},{"floor":6.0,"key":"DistilledChaos"},{"floor":8.0,"key":"LiquidMemories"},{"floor":12.0,"key":"BlessingOfTheForge"},{"floor":14.0,"key":"DuplicationPotion"},{"floor":18,"key":"PotionOfCapacity"}],"is_trial":false,"path_per_floor":["M","M","?","$","M","E","R","E","T","R","E","M","M","M","R","B",null,"M","?","$","M","?","R","M","E"],"character_chosen":"DEFECT","items_purchased":["Doom and Gloom","PowerPotion","Echo Form","Happy Flower"],"campfire_rested":2,"item_purchase_floors":[4,4,20,20],"current_hp_per_floor":[63,55,60,60,50,31,31,23,23,45,35,31,23,23,23,23,63,27,21,21,15,9,31,13,0,0],"gold":39,"neow_bonus":"THREE_CARDS","is_daily":false,"chose_seed":false,"campfire_upgraded":2,"win_rate":0.0,"timestamp":1608777190,"path_taken":["M","M","?","$","M","E","R","E","T","R","E","M","M","M","R","BOSS","M","?","$","M","?","R","M","E"],"items_purchased_type":["Card","Potion","Card","Relic"],"build_version":"2020-12-18","purchased_purges":1,"victory":false,"max_hp_per_floor":[71,71,76,76,76,76,76,76,76,76,76,76,76,76,76,76,76,76,76,76,76,76,76,76,76,76],"relic_stats":{"Happy Flower":[5],"counters":[14,65],"Blue Candle":[0],"Whetstone":["Strike_B","Sunder"],"MawBank":168,"obtain_stats":[{"Anchor":11,"Happy Flower":20,"Blue Candle":8,"Whetstone":9,"Cracked Core":0,"MawBank":6,"Empty Cage":17},{"Anchor":6,"Happy Flower":11,"Blue Candle":5,"Whetstone":5,"Cracked Core":0,"MawBank":4,"Empty Cage":10},{"Anchor":26,"Happy Flower":49,"Blue Candle":21,"Whetstone":21,"Cracked Core":0,"MawBank":18,"Empty Cage":44}]},"card_choices":[{"not_picked":["Rebound","Consume"],"picked":"Compile Driver","floor":0.0},{"not_picked":["Hologram","Beam Cell"],"picked":"Chaos","floor":1.0},{"not_picked":["Stack","Leap"],"picked":"Defragment","floor":2.0},{"not_picked":["Doom and Gloom","Genetic Algorithm"],"picked":"Sunder","floor":5.0},{"not_picked":["Streamline","Ball Lightning"],"picked":"Biased Cognition","floor":6.0},{"not_picked":["Fusion","Redo","Turbo"],"picked":"SKIP","floor":8.0},{"not_picked":["Turbo","Barrage","Reprogram"],"picked":"SKIP","floor":11.0},{"not_picked":["Aggregate","Beam Cell","Compile Driver"],"picked":"SKIP","floor":12.0},{"not_picked":["Auto Shields","Redo"],"picked":"Coolheaded","floor":13.0},{"not_picked":["Redo","Sweeping Beam"],"picked":"Cold Snap","floor":14.0},{"not_picked":["Biased Cognition","Hyperbeam"],"picked":"Core Surge","floor":16.0},{"not_picked":["Barrage","BootSequence"],"picked":"Conserve Battery","floor":18},{"not_picked":["Lockon","Redo"],"picked":"Hologram","floor":21},{"not_picked":["Hologram","Steam"],"picked":"Defragment","floor":24}],"player_experience":2131040,"relics_obtained":[{"floor":6.0,"key":"MawBank"},{"floor":8.0,"key":"Blue Candle"},{"floor":9.0,"key":"Whetstone"},{"floor":11.0,"key":"Anchor"}],"event_choices":[{"damage_healed":0.0,"max_hp_gain":5.0,"max_hp_loss":0.0,"gold_gain":0.0,"event_name":"Big Fish","player_choice":"Donut","floor":3.0,"gold_loss":0.0,"damage_taken":0.0},{"damage_healed":0,"gold_gain":0,"player_choice":"Joined the Cult","damage_taken":6,"max_hp_gain":0,"max_hp_loss":0,"event_name":"Nest","floor":19,"gold_loss":0,"cards_obtained":["RitualDagger"]},{"damage_healed":0,"gold_gain":0,"player_choice":"","damage_taken":6,"max_hp_gain":0,"max_hp_loss":0,"event_name":"Knowing Skull","floor":22,"potions_obtained":[],"gold_loss":0,"cards_obtained":[]}],"is_beta":true,"boss_relics":[{"not_picked":["SlaversCollar","SacredBark"],"picked":"Empty Cage"}],"items_purged_floors":[20],"is_endless":false,"potions_floor_spawned":[2,6,8,12,14,18],"killed_by":"Book of Stabbing","ascension_level":20}}