{"host":"ci7ivtocgfxh0ueo","time":1608814309,"event":{"mods":["BaseMod","GifTheSpireLib","Minty Spire (QoL Compilation)","StSLib"],"gold_per_floor":[117,117,117,31,49,49,75,16,16,16,31,49,66,98,98,175,175,195,145,59,77,97,97,115,115,197,216,119,132,132,132,132,132,132],"floor_reached":33,"playtime":798,"items_purged":[],"score":639,"play_id":"9fdebd3a-c444-4e21-aeb8-8e28d3882303","local_time":"20201224205149","is_ascension_mode":true,"campfire_choices":[{"data":"Noxious Fumes","floor":6,"key":"SMITH"},{"data":"Neutralize","floor":10,"key":"SMITH"},{"floor":15,"key":"REST"},{"floor":23,"key":"REST"},{"data":"Adrenaline","floor":25,"key":"SMITH"},{"data":"Footwork","floor":30,"key":"SMITH"},{"floor":32,"key":"REST"}],"circlet_count":0,"master_deck":["AscendersBane","Strike_G+1","Strike_G+1","Strike_G+1","Strike_G+1","Strike_G+1","Defend_G+1","Defend_G+1","Defend_G+1","Defend_G+1","Defend_G+1","Survivor+1","Neutralize+1","Bane","Noxious Fumes+1","Poisoned Stab","All Out Attack","Poisoned Stab","Dash","Dash","Bane","Adrenaline+1","Footwork+1","Poisoned Stab","Poisoned Stab","Poisoned Stab","Deep Breath","Backstab"],"relics":["Ring of the Serpent","NeowsBlessing","Ornamental Fan","Kunai","Shuriken","StrikeDummy","Meat on the Bone"],"acts_visited":["Exordium","TheCity"],"potions_floor_usage":[11,14,16,16,21,24,29,33],"damage_taken":[{"damage":0,"enemies":"Small Slimes","floor":1,"turns":1},{"damage":0,"enemies":"Jaw Worm","floor":5,"turns":1},{"damage":0,"enemies":"3 Sentries","floor":7,"turns":1},{"damage":0,"enemies":"2 Louse","floor":11,"turns":1},{"damage":6,"enemies":"Gremlin Gang","floor":12,"turns":4},{"damage":17,"enemies":"Lots of Slimes","floor":13,"turns":3},{"damage":5,"enemies":"Gremlin Nob","floor":14,"turns":3},{"damage":0,"enemies":"Slime Boss","floor":16,"turns":5},{"damage":14,"enemies":"Spheric Guardian","floor":18,"turns":4},{"damage":1,"enemies":"Shell Parasite","floor":21,"turns":4},{"damage":5,"enemies":"Snecko","floor":22,"turns":5},{"damage":3,"enemies":"Chosen and Byrds","floor":24,"turns":5},{"damage":27,"enemies":"Snake Plant","floor":27,"turns":4},{"damage":12,"enemies":"3 Cultists","floor":29,"turns":5},{"damage":59,"enemies":"Collector","floor":33,"turns":13}],"seed_played":"237002372780390861","potions_obtained":[{"floor":5,"key":"Strength Potion"},{"floor":7,"key":"Explosive Potion"},{"floor":11,"key":"Strength Potion"},{"floor":14,"key":"PowerPotion"},{"floor":16,"key":"BlessingOfTheForge"},{"floor":18,"key":"FearPotion"},{"floor":22,"key":"DistilledChaos"},{"floor":27,"key":"SpeedPotion"}],"is_trial":false,"path_per_floor":["M","?","?","$","M","R","E","$","T","R","M","M","M","E","R","B",null,"M","?","$","M","M","R","M","R","T","M","$","M","R","?","R","B"],"character_chosen":"THE_SILENT","items_purchased":["Noxious Fumes","Poisoned Stab","Footwork","Deep Breath"],"campfire_rested":3,"item_purchase_floors":[4,8,20,28],"current_hp_per_floor":[59,41,41,41,41,41,41,41,41,41,41,35,18,13,32,32,58,44,44,44,43,38,57,54,54,54,39,39,39,39,39,58,0,0],"gold":132,"neow_bonus":"THREE_ENEMY_KILL","is_daily":false,"chose_seed":false,"campfire_upgraded":4,"win_rate":0.0,"timestamp":1608814309,"path_taken":["M","?","?","?","M","R","E","$","T","R","M","M","?","E","R","BOSS","M","?","$","M","M","R","?","R","T","?","$","M","R","?","R","BOSS"],"items_purchased_type":["Card","Card","Card","Card"],"build_version":"2020-12-22","purchased_purges":0,"victory":false,"max_hp_per_floor":[66,66,66,66,66,66,66,66,66,66,66,66,66,66,66,66,66,66,66,66,66,66,66,66,66,66,66,66,66,66,66,66,66,66],"card_choices":[{"not_picked":["Dodge and Roll","Acrobatics"],"picked":"Bane","floor":1},{"not_picked":["Blade Dance","Concentrate"],"picked":"Poisoned Stab","floor":5},{"not_picked":["Glass Knife","Storm of Steel"],"picked":"All Out Attack","floor":7},{"not_picked":["Dagger Throw","Dodge and Roll"],"picked":"Dash","floor":11},{"not_picked":["Cloak And Dagger","Quick Slash"],"picked":"Dash","floor":12},{"not_picked":["Escape Plan","Caltrops"],"picked":"Bane","floor":13},{"not_picked":["Dagger Spray","Quick Slash","Outmaneuver"],"picked":"SKIP","floor":14},{"not_picked":["Bullet Time","Storm of Steel"],"picked":"Adrenaline","floor":16},{"not_picked":["Flying Knee","PiercingWail","Bouncing Flask"],"picked":"SKIP","floor":18},{"not_picked":["Deadly Poison","Masterful Stab"],"picked":"Poisoned Stab","floor":21},{"not_picked":["Deflect","Footwork"],"picked":"Poisoned Stab","floor":22},{"not_picked":["Calculated Gamble","Deflect"],"picked":"Poisoned Stab","floor":24},{"not_picked":["Outmaneuver","Concentrate","Dagger Spray"],"picked":"SKIP","floor":27},{"not_picked":["Deflect","Poisoned Stab"],"picked":"Backstab","floor":29}],"player_experience":1290642,"relics_obtained":[{"floor":7,"key":"Kunai"},{"floor":9,"key":"Shuriken"},{"floor":14,"key":"StrikeDummy"},{"floor":26,"key":"Meat on the Bone"}],"event_choices":[{"damage_healed":0,"gold_gain":0,"player_choice":"Success","damage_taken":18,"relics_obtained":["Ornamental Fan"],"max_hp_gain":0,"max_hp_loss":0,"event_name":"Scrap Ooze","floor":2,"gold_loss":0},{"damage_healed":0,"gold_gain":0,"player_choice":"Ignored","damage_taken":0,"max_hp_gain":0,"max_hp_loss":0,"event_name":"Golden Wing","floor":3,"gold_loss":0},{"damage_healed":0,"gold_gain":0,"player_choice":"Upgraded Two","damage_taken":0,"max_hp_gain":0,"max_hp_loss":0,"event_name":"Designer","floor":19,"gold_loss":50,"cards_upgraded":["Defend_G","Survivor"]},{"damage_healed":0,"gold_gain":0,"player_choice":"Simplicity","damage_taken":0,"max_hp_gain":0,"max_hp_loss":0,"event_name":"Back to Basics","floor":31,"gold_loss":0,"cards_upgraded":["Strike_G","Strike_G","Strike_G","Strike_G","Strike_G","Defend_G","Defend_G","Defend_G","Defend_G"]}],"is_beta":false,"boss_relics":[{"not_picked":["Black Star","WristBlade"],"picked":"Ring of the Serpent"}],"items_purged_floors":[],"is_endless":false,"potions_floor_spawned":[5,7,11,14,16,18,22,27],"killed_by":"Collector","ascension_level":17}}