{"host":"tj6tjcyqgbd0xj5u","time":1608849159,"event":{"mods":["Aspiration","BaseMod","Better Match","BetterRewards","Challenge The Spire","Conspire","Defuse TimeMaze Blight","Energized Spire","GifTheSpireLib","Gremlin Mod","Halation","Hubris","Infinite Spire","Minty Spire (QoL Compilation)","Replay The Spire","Reworked Bosses","Robot Space Explorer","Spikes Relics","StSLib","Stuff the Spire","The Gatherer","The Sage","vexMod"],"gold_per_floor":[112,112,122,122,137,137,162,87,87,99,99,116,116,127,127,223,223,234,253,253,253,253],"floor_reached":21,"playtime":902,"items_purged":["Strike_G"],"score":306,"play_id":"a88e23cc-4b22-4a8d-ab69-507cbca513f9","local_time":"20201224183239","is_ascension_mode":false,"campfire_choices":[{"data":"StuffTheSpire:BumpUp","floor":6,"key":"SMITH"},{"floor":15,"key":"DIG"}],"circlet_count":0,"master_deck":["Strike_G+1","Strike_G","Strike_G","Strike_G","Defend_G","Defend_G+1","Defend_G","Defend_G","Defend_G","Survivor","Neutralize","Riddle With Holes","StuffTheSpire:BumpUp+1","Prepared","Poisoned Stab","StuffTheSpire:BumpUp","infinitespire:Neurotoxin","Strike_G+1","Strike_G","Strike_G","Strike_G","Defend_G","Defend_G+1","Defend_G","Defend_G","Defend_G","Survivor","Neutralize","Riddle With Holes","StuffTheSpire:BumpUp+1","Prepared","Poisoned Stab","StuffTheSpire:BumpUp","infinitespire:Neurotoxin"],"relics":["Ring of the Snake","StuffTheSpire:Saxophone","Happy Flower","conspire:DeflatedDodgeball","halation:AfternoonTea","Mummified Hand","Chameleon Ring","Ring of Chaos"],"acts_visited":["Exordium","TheCity"],"potions_floor_usage":[7,7,16,18,19],"damage_taken":[{"damage":0,"enemies":"Jaw Worm","floor":1,"turns":4},{"damage":0,"enemies":"Small Slimes","floor":3,"turns":3},{"damage":0,"enemies":"Cultist","floor":5,"turns":3},{"damage":21,"enemies":"3 Sentries","floor":7,"turns":10},{"damage":22,"enemies":"Exordium Thugs","floor":10,"turns":4},{"damage":0,"enemies":"Looter","floor":12,"turns":4},{"damage":8,"enemies":"Red Slaver","floor":14,"turns":4},{"damage":32,"enemies":"Slime Boss","floor":16,"turns":13},{"damage":20,"enemies":"Shell Parasite","floor":18,"turns":4},{"damage":19,"enemies":"3 Byrds","floor":19,"turns":5},{"damage":33,"enemies":"Cultist and Chosen","floor":21,"turns":6}],"seed_played":"-3750448901872044082","potions_obtained":[{"floor":3,"key":"SkillPotion"},{"floor":5,"key":"SkillPotion"},{"floor":10,"key":"Swift Potion"},{"floor":12,"key":"sagemod:Wine"},{"floor":16,"key":"CunningPotion"},{"floor":18,"key":"ColorlessPotion"}],"is_trial":false,"path_per_floor":["M","?","M","?","M","R","E","$","T","M","?","M","?","M","R","B",null,"M","M","?","M"],"character_chosen":"THE_SILENT","items_purchased":["StuffTheSpire:Saxophone"],"campfire_rested":0,"item_purchase_floors":[0],"current_hp_per_floor":[65,62,62,48,48,48,27,27,27,5,5,5,70,62,62,30,70,50,31,31,0,0],"gold":253,"neow_bonus":"","is_daily":false,"chose_seed":false,"campfire_upgraded":1,"win_rate":0.0,"timestamp":1608849159,"path_taken":["M","?","M","?","M","R","E","?","T","M","?","M","?","M","R","BOSS","M","M","?","?"],"items_purchased_type":["Relic"],"build_version":"2020-12-22","purchased_purges":1,"victory":false,"max_hp_per_floor":[70,70,70,70,70,70,70,70,70,70,70,70,70,70,70,70,70,70,70,70,70,70],"card_choices":[{"not_picked":["Slice","ReplayTheSpireMod:Scrap Shanks"],"picked":"StuffTheSpire:BrimstoneBlast","floor":1},{"not_picked":["Pace","hubris:SlightOfHand"],"picked":"Riddle With Holes","floor":3},{"not_picked":["Acrobatics","Endless Agony"],"picked":"StuffTheSpire:BumpUp","floor":5},{"not_picked":["InfectiousVector","Caltrops"],"picked":"Prepared","floor":7},{"not_picked":["hubris:TrickCloak","StuffTheSpire:BrimstoneBlast"],"picked":"Poisoned Stab","floor":10},{"not_picked":["Atom Bomb","Bane"],"picked":"StuffTheSpire:BumpUp","floor":12},{"not_picked":["Replay:Poison Smokescreen","Reflex","StuffTheSpire:Sprint"],"picked":"SKIP","floor":14},{"not_picked":["Burst","Glass Knife"],"picked":"infinitespire:Neurotoxin","floor":16},{"not_picked":["Choke","Reflex","Outmaneuver"],"picked":"SKIP","floor":18},{"not_picked":["StuffTheSpire:BrimstoneBlast","Dagger Spray+1","Dodge and Roll+1"],"picked":"SKIP","floor":19}],"player_experience":53858,"relics_obtained":[{"floor":7,"key":"halation:AfternoonTea"},{"floor":9,"key":"Mummified Hand"},{"floor":15,"key":"Chameleon Ring"}],"event_choices":[{"damage_healed":0,"gold_gain":0,"player_choice":"Success","damage_taken":3,"relics_obtained":["conspire:DeflatedDodgeball"],"max_hp_gain":0,"max_hp_loss":0,"event_name":"Scrap Ooze","floor":2,"gold_loss":0},{"damage_healed":0,"gold_gain":0,"player_choice":"Entered Light","damage_taken":14,"max_hp_gain":0,"max_hp_loss":0,"event_name":"Shining Light","floor":4,"gold_loss":0,"cards_upgraded":["Strike_G","Defend_G"]},{"damage_healed":0,"gold_gain":0,"player_choice":"Leave","damage_taken":0,"max_hp_gain":0,"max_hp_loss":0,"event_name":"conspire:Investor","floor":11,"gold_loss":0},{"cards_removed":["StuffTheSpire:BrimstoneBlast"],"damage_healed":65,"gold_gain":0,"player_choice":"Offered Uncommon","damage_taken":0,"max_hp_gain":0,"max_hp_loss":0,"event_name":"Bonfire Elementals","floor":13,"gold_loss":0}],"is_beta":false,"boss_relics":[{"not_picked":["HoveringKite","Runic Dome"],"picked":"Ring of Chaos"}],"items_purged_floors":[8],"is_endless":false,"potions_floor_spawned":[3,5,10,12,16,18],"killed_by":"Cultist and Chosen","ascension_level":0}}