{"host":"0azimyi6n3ugndj4","time":1608831235,"event":{"mods":["2.2 Compatiblity","BaseMod","Bestiary","Conspire","Curses Come First","Defuse TimeMaze Blight","Hyrulean Relics","Infinite Spire","Minty Spire (QoL Compilation)","Relic Stats","Replay The Spire","StSLib","SuperFastMode","Uncapped","¡¼?Úª?ø«¡½REMEMod"],"gold_per_floor":[147,147,25,25,67,67,163,163,190,268,322,412,469,508,508,745,845,836,836,836],"floor_reached":19,"playtime":322,"items_purged":[],"score":624,"play_id":"b6e5773f-55e1-4b59-a693-698d6d9517b5","local_time":"20201225023355","daily_mods":["Hoarder","Insanity","Chimera","Specialized","Vintage","ControlledChaos","Allstar","Diverse","Colorless Cards","Heirloom","Time Dilation","Flight","Binary","Elite Swarm","Lethality","Midas","Uncertain Future","Binary"],"is_ascension_mode":true,"campfire_choices":[{"floor":6,"key":"REST"},{"floor":8,"key":"REST"},{"floor":15,"key":"REST"}],"circlet_count":0,"master_deck":["Demon Form","Wraith Form v2","Echo Form","DevaForm","AscendersBane","Bash","Survivor","Zap","Eruption","Strike_R","Strike_G","Strike_B","Defend_R","Defend_G+1","Defend_P","REME_TwoStrings","REME_SelfUpgrade","Thunderclap","REME_SingleHolding","PathToVictory","Headbutt","Indignation","Mind Blast","Enlightenment","Wallop","conspire:ExplosiveBarrier","Vengeance","REME_MusicOfDeath","SashWhip","Heavy Blade","Deflect","Deflect","Dodge and Roll","Intimidate","Sucker Punch","Barrage","Crescendo","Redo","Genetic Algorithm","Replay:Parry","ReplayTheSpireMod:Uncanny Aura","Replay:ManipulateFuture","Flex","REME_ShadowStrike","Dagger Throw","Disarm","ReplayTheSpireMod:GoodbyeWorld","Acrobatics","BasicCrystalCard","REME_Repentance","BasicCrystalCard","conspire:PoisonWeapons","Quick Slash","REME_MagicPocketWatch","Rampage","Recycle","Infinite Blades","Coolheaded","Leap","Halt","Sword Boomerang","Forethought","Body Slam","Combust","Replay:AtTheReady","Fusion","Fusion","Fusion","conspire:Blindness","conspire:Blindness","Magnetism","Magnetism","Magnetism"],"relics":["Ring of the Snake","Frozen Eye","Busted Crown","REME_ComplimentaryCards","Mango","Anchor","ReplayTheSpireMod:CursedCoin","Pear","Simple Rune","zeldaRelics:CourageTriforce","Boot","zeldaRelics:WisdomPiece","Happy Flower","Bag of Marbles","Replay:Wanted Poster","White Beast Statue"],"acts_visited":["Exordium","TheCity"],"potions_floor_usage":[19],"damage_taken":[{"damage":10,"enemies":"2 Louse","floor":1,"turns":2},{"damage":0,"enemies":"Small Slimes","floor":5,"turns":1},{"damage":0,"enemies":"3 Sentries","floor":7,"turns":1},{"damage":0,"enemies":"Gremlin Nob","floor":10,"turns":1},{"damage":0,"enemies":"Cultist","floor":11,"turns":1},{"damage":13,"enemies":"3 Sentries","floor":12,"turns":7},{"damage":32,"enemies":"Exordium Thugs","floor":13,"turns":5},{"damage":0,"enemies":"Red Slaver","floor":14,"turns":1},{"damage":61,"enemies":"The Guardian","floor":16,"turns":6},{"damage":22,"enemies":"2 Thieves","floor":18,"turns":5},{"damage":48,"enemies":"3 Byrds","floor":19,"turns":3}],"seed_played":"-2003032886669055008","potions_obtained":[{"floor":1,"key":"Weak Potion"},{"floor":5,"key":"Elixir"}],"is_trial":true,"path_per_floor":["M","?","$","?","M","R","E","R","T","E","M","E","M","M","R","B",null,"M","M"],"character_chosen":"THE_SILENT","items_purchased":["ReplayTheSpireMod:CursedCoin","Pear"],"campfire_rested":3,"item_purchase_floors":[3,3],"current_hp_per_floor":[63,42,52,52,52,79,79,90,90,90,90,77,45,45,72,11,70,48,0,0],"gold":836,"neow_bonus":"","is_daily":false,"chose_seed":false,"campfire_upgraded":0,"win_rate":0.0,"timestamp":1608831235,"path_taken":["M","?","$","?","M","R","E","R","T","E","?","E","M","M","R","BOSS","M","M"],"items_purchased_type":["Relic","Relic"],"build_version":"2020-12-22","purchased_purges":0,"victory":false,"max_hp_per_floor":[80,80,90,90,90,90,90,90,90,90,90,90,90,90,90,90,90,90,90,90],"relic_stats":{"Busted Crown":10,"Happy Flower":[5],"counters":[11,33],"Boot":[16],"obtain_stats":[{"zeldaRelics:WisdomPiece":12,"Pear":3,"Happy Flower":13,"ReplayTheSpireMod:CursedCoin":3,"Mango":0,"Boot":11,"zeldaRelics:CourageTriforce":10,"White Beast Statue":18,"Replay:Wanted Poster":17,"Frozen Eye":0,"Anchor":1,"Busted Crown":0,"Simple Rune":5,"zeldaRelics:CouragePiece":7,"Bag of Marbles":14,"Ring of the Snake":0,"REME_ComplimentaryCards":0},{"zeldaRelics:WisdomPiece":6,"Pear":1,"Happy Flower":7,"ReplayTheSpireMod:CursedCoin":1,"Mango":0,"Boot":5,"zeldaRelics:CourageTriforce":4,"White Beast Statue":10,"Replay:Wanted Poster":9,"Frozen Eye":0,"Anchor":1,"Busted Crown":0,"Simple Rune":2,"zeldaRelics:CouragePiece":3,"Bag of Marbles":8,"Ring of the Snake":0,"REME_ComplimentaryCards":0},{"zeldaRelics:WisdomPiece":13,"Pear":2,"Happy Flower":18,"ReplayTheSpireMod:CursedCoin":2,"Mango":0,"Boot":6,"zeldaRelics:CourageTriforce":5,"White Beast Statue":30,"Replay:Wanted Poster":25,"Frozen Eye":0,"Anchor":2,"Busted Crown":0,"Simple Rune":3,"zeldaRelics:CouragePiece":4,"Bag of Marbles":19,"Ring of the Snake":0,"REME_ComplimentaryCards":0}],"Ring of the Snake":[22]},"card_choices":[{"not_picked":["Replay:Fractal Strike","ReplayTheSpireMod:Haul"],"picked":"infinitespire:SealOfDarkness+","floor":2},{"not_picked":[],"picked":"Magnetism","floor":16}],"player_experience":1500445,"relics_obtained":[{"floor":1,"key":"Anchor"},{"floor":5,"key":"Simple Rune"},{"floor":7,"key":"zeldaRelics:CouragePiece"},{"floor":9,"key":"zeldaRelics:CouragePiece"},{"floor":10,"key":"zeldaRelics:CouragePiece"},{"floor":11,"key":"Boot"},{"floor":12,"key":"zeldaRelics:WisdomPiece"},{"floor":13,"key":"Happy Flower"},{"floor":14,"key":"Bag of Marbles"},{"floor":18,"key":"White Beast Statue"}],"event_choices":[{"cards_removed":["conspire:Blindness"],"damage_healed":0,"gold_gain":0,"player_choice":"Purged","damage_taken":0,"max_hp_gain":0,"max_hp_loss":0,"event_name":"Purifier","floor":4,"gold_loss":0}],"is_beta":false,"boss_relics":[{"not_picked":["Honey Jar","conspire:SeveredTorchhead"],"picked":"Replay:Wanted Poster"}],"items_purged_floors":[],"is_endless":false,"potions_floor_spawned":[1,5,12,14,18],"killed_by":"3 Byrds","ascension_level":20}}