{"host":"utqe55yv0jihe4d6","time":1608842947,"event":{"mods":["2.2 Compatiblity","AchievementEnabler","BaseMod","Block Reminder","Colored Map","Colored Powertips","Minty Spire (QoL Compilation)","Quick Restart","Rare Cards Sparkle","Relic Stats","SuperFastMode"],"gold_per_floor":[117,6,6,6,6,21,37,37,37,64,84,84,84,120,120,216,216,229,229,252,268,268,268,30,30,30,30,55,55,55],"floor_reached":29,"playtime":1197,"items_purged":[],"score":462,"play_id":"33138cd4-26a2-44ed-9d04-83648cdb4d07","local_time":"20201224154907","is_ascension_mode":true,"campfire_choices":[{"floor":8,"key":"REST"},{"floor":12,"key":"REST"},{"floor":15,"key":"REST"},{"floor":27,"key":"REST"}],"circlet_count":0,"master_deck":["AscendersBane","Strike_G+1","Defend_G+1","Defend_G","Defend_G","Survivor","Neutralize+1","Dodge and Roll","Heel Hook","Sucker Punch","Dagger Spray","Flying Knee","Poisoned Stab","Footwork","Wraith Form v2","Slice+1","Dagger Spray+1","Corpse Explosion+1","Adrenaline","Masterful Stab","Night Terror","Necronomicurse","Crippling Poison","Noxious Fumes"],"relics":["Ring of the Snake","Turnip","HornCleat","Golden Idol","Incense Burner","Astrolabe","Necronomicon","OrangePellets"],"acts_visited":["Exordium","TheCity"],"potions_floor_usage":[10,18,18,28],"damage_taken":[{"damage":5,"enemies":"2 Louse","floor":1,"turns":5},{"damage":3,"enemies":"Jaw Worm","floor":6,"turns":5},{"damage":0,"enemies":"Small Slimes","floor":7,"turns":2},{"damage":28,"enemies":"3 Sentries","floor":10,"turns":8},{"damage":1,"enemies":"Blue Slaver","floor":11,"turns":4},{"damage":18,"enemies":"Gremlin Nob","floor":14,"turns":4},{"damage":10,"enemies":"The Guardian","floor":16,"turns":18},{"damage":0,"enemies":"3 Byrds","floor":18,"turns":1},{"damage":6,"enemies":"Chosen","floor":20,"turns":4},{"damage":0,"enemies":"Snecko","floor":21,"turns":5},{"damage":30,"enemies":"Snake Plant","floor":28,"turns":5},{"damage":10,"enemies":"Book of Stabbing","floor":29,"turns":4}],"seed_played":"3222245320800112693","potions_obtained":[{"floor":6,"key":"Energy Potion"},{"floor":14,"key":"CunningPotion"},{"floor":20,"key":"SkillPotion"},{"floor":21,"key":"Strength Potion"}],"is_trial":false,"path_per_floor":["M","$","?","?","$","M","M","R","T","E","M","R","?","E","R","B",null,"M","?","M","M","?","?","$","$","T","R","M","E"],"character_chosen":"THE_SILENT","items_purchased":["Dagger Spray","DistilledChaos","OrangePellets","Crippling Poison"],"campfire_rested":4,"item_purchase_floors":[2,2,24,24],"current_hp_per_floor":[39,39,19,19,19,16,16,35,35,7,6,25,25,7,25,15,49,49,49,43,43,43,22,22,22,22,40,10,0,0],"gold":55,"neow_bonus":"TRANSFORM_TWO_CARDS","is_daily":false,"chose_seed":false,"campfire_upgraded":0,"win_rate":0.0,"timestamp":1608842947,"path_taken":["M","$","?","?","?","M","M","R","T","E","M","R","?","E","R","BOSS","M","?","M","M","?","?","?","$","T","R","?","E"],"items_purchased_type":["Card","Potion","Relic","Card"],"build_version":"2020-12-22","purchased_purges":0,"victory":false,"max_hp_per_floor":[66,66,66,66,66,66,66,66,66,66,66,66,60,60,60,60,60,60,60,60,60,60,60,60,60,60,60,60,60,60],"relic_stats":{"OrangePellets":[0],"counters":[12,65],"Golden Idol":42,"Astrolabe":["Slice","Dagger Spray","Corpse Explosion"],"Turnip":[2],"Necronomicon":[0],"obtain_stats":[{"OrangePellets":24,"HornCleat":10,"Golden Idol":13,"Astrolabe":17,"Turnip":9,"Incense Burner":14,"Necronomicon":23,"Ring of the Snake":0},{"OrangePellets":10,"HornCleat":4,"Golden Idol":5,"Astrolabe":7,"Turnip":3,"Incense Burner":6,"Necronomicon":10,"Ring of the Snake":0},{"OrangePellets":56,"HornCleat":20,"Golden Idol":24,"Astrolabe":46,"Turnip":12,"Incense Burner":28,"Necronomicon":56,"Ring of the Snake":0}],"Ring of the Snake":[24]},"card_choices":[{"not_picked":["Acrobatics","Backflip"],"picked":"Sucker Punch","floor":1},{"not_picked":["Setup","Prepared"],"picked":"Flying Knee","floor":6},{"not_picked":["Accuracy","Sucker Punch"],"picked":"Heel Hook","floor":7},{"not_picked":["Bane","Slice","Flechettes"],"picked":"SKIP","floor":10},{"not_picked":["Underhanded Strike","Accuracy"],"picked":"Poisoned Stab","floor":11},{"not_picked":["Reflex","Deadly Poison"],"picked":"Footwork","floor":14},{"not_picked":["Unload","Doppelganger"],"picked":"Wraith Form v2","floor":16},{"not_picked":["Prepared","Underhanded Strike","Sucker Punch"],"picked":"SKIP","floor":18},{"not_picked":["Dagger Spray","Reflex+1","Cloak And Dagger"],"picked":"SKIP","floor":20},{"not_picked":["Unload","Poisoned Stab","Outmaneuver"],"picked":"SKIP","floor":21},{"not_picked":["Terror","Calculated Gamble"],"picked":"Noxious Fumes","floor":28}],"player_experience":2851106,"relics_obtained":[{"floor":9,"key":"Turnip"},{"floor":10,"key":"HornCleat"},{"floor":14,"key":"Incense Burner"},{"floor":23,"key":"Necronomicon"}],"event_choices":[{"damage_healed":0,"gold_gain":0,"player_choice":"Entered Light","damage_taken":20,"max_hp_gain":0,"max_hp_loss":0,"event_name":"Shining Light","floor":3,"gold_loss":0,"cards_upgraded":["Strike_G","Defend_G"]},{"damage_healed":0,"gold_gain":0,"player_choice":"Grow","damage_taken":0,"max_hp_gain":0,"max_hp_loss":0,"event_name":"Living Wall","floor":4,"gold_loss":0,"cards_upgraded":["Neutralize"]},{"damage_healed":0,"gold_gain":0,"player_choice":"Lose Max HP","damage_taken":0,"relics_obtained":["Golden Idol"],"max_hp_gain":0,"max_hp_loss":6,"event_name":"Golden Idol","floor":13,"gold_loss":0},{"damage_healed":0,"gold_gain":0,"player_choice":"Read","damage_taken":0,"max_hp_gain":0,"max_hp_loss":0,"event_name":"The Library","floor":19,"gold_loss":0,"cards_obtained":["Adrenaline"]},{"damage_healed":0,"gold_gain":0,"cards_transformed":["Defend_G","Heel Hook"],"player_choice":"Became Test Subject","damage_taken":0,"max_hp_gain":0,"max_hp_loss":0,"event_name":"Drug Dealer","floor":22,"gold_loss":0,"cards_obtained":["Masterful Stab","Night Terror"]},{"damage_healed":0,"gold_gain":0,"player_choice":"Obtained Book","damage_taken":21,"max_hp_gain":0,"max_hp_loss":0,"event_name":"Cursed Tome","floor":23,"gold_loss":0}],"is_beta":false,"boss_relics":[{"not_picked":["Ectoplasm","Busted Crown"],"picked":"Astrolabe"}],"items_purged_floors":[],"is_endless":false,"potions_floor_spawned":[6,14,20,21],"killed_by":"Book of Stabbing","ascension_level":20}}