{"host":"7khtwbkyze7y134w","time":1608825065,"event":{"mods":["AchievementEnabler","BaseMod","Bestiary","Colored Map","Colored Powertips","Highlight Path","Minty Spire (QoL Compilation)","Quick Restart","Relic Stats","Slay-I","StSLib","SuperFastMode"],"gold_per_floor":[114,133,149,4,79,114,114,114,114,191,191,205,205,229,229,358,358,358,358,358],"floor_reached":19,"playtime":2264,"items_purged":[],"score":167,"play_id":"96defaa3-2e45-4f1f-9980-b6d8f61a6a43","local_time":"20201224155105","is_ascension_mode":false,"campfire_choices":[{"data":"MentalFortress","floor":11,"key":"SMITH"},{"floor":13,"key":"REST"},{"floor":15,"key":"REST"}],"circlet_count":0,"master_deck":["Strike_P","Strike_P","Strike_P","Strike_P","Defend_P","Defend_P","Defend_P","Defend_P","Eruption","Vigilance","MentalFortress+1","ClearTheMind","Halt","ClearTheMind","ClearTheMind"],"relics":["PureWater","NeowsBlessing","Omamori","Ornamental Fan","Golden Idol","Lizard Tail","Matryoshka","Pen Nib","Gremlin Horn","Ectoplasm"],"acts_visited":["Exordium","TheCity"],"potions_floor_usage":[6,16],"damage_taken":[{"damage":0,"enemies":"Small Slimes","floor":1,"turns":2},{"damage":0,"enemies":"2 Louse","floor":2,"turns":1},{"damage":0,"enemies":"Jaw Worm","floor":3,"turns":1},{"damage":20,"enemies":"Gremlin Nob","floor":6,"turns":4},{"damage":2,"enemies":"Blue Slaver","floor":12,"turns":4},{"damage":20,"enemies":"Exordium Thugs","floor":14,"turns":5},{"damage":90,"enemies":"The Guardian","floor":16,"turns":14},{"damage":20,"enemies":"3 Byrds","floor":18,"turns":10},{"damage":0,"enemies":"Masked Bandits","floor":19,"turns":1}],"seed_played":"-614851228682774341","potions_obtained":[{"floor":1,"key":"SpeedPotion"},{"floor":3,"key":"DuplicationPotion"},{"floor":6,"key":"FearPotion"},{"floor":14,"key":"Swift Potion"}],"is_trial":false,"path_per_floor":["M","M","M","$","?","E","?","?","T","T","R","M","R","M","R","B",null,"M","?"],"character_chosen":"WATCHER","items_purchased":["Omamori"],"campfire_rested":2,"item_purchase_floors":[4],"current_hp_per_floor":[72,72,72,72,61,41,41,34,34,34,34,32,53,33,54,2,72,52,52,52],"gold":358,"neow_bonus":"THREE_ENEMY_KILL","is_daily":false,"chose_seed":false,"campfire_upgraded":1,"win_rate":0.0,"timestamp":1608825065,"path_taken":["M","M","M","$","?","E","?","?","T","?","R","M","R","M","R","BOSS","M","?"],"items_purchased_type":["Relic"],"build_version":"2020-12-22","purchased_purges":0,"victory":false,"max_hp_per_floor":[72,72,72,72,72,72,72,72,72,72,72,72,72,72,72,72,72,72,72,72],"relic_stats":{"Lizard Tail":36,"Gremlin Horn":[3,3],"counters":[9,42],"Ornamental Fan":[40],"Golden Idol":46,"Pen Nib":[6],"Ectoplasm":18,"obtain_stats":[{"Lizard Tail":8,"Matryoshka":9,"NeowsBlessing":0,"Gremlin Horn":10,"Ornamental Fan":6,"Golden Idol":7,"Pen Nib":10,"Ectoplasm":17,"Omamori":4,"PureWater":0},{"Lizard Tail":4,"Matryoshka":4,"NeowsBlessing":0,"Gremlin Horn":4,"Ornamental Fan":4,"Golden Idol":4,"Pen Nib":4,"Ectoplasm":7,"Omamori":3,"PureWater":0},{"Lizard Tail":8,"Matryoshka":8,"NeowsBlessing":0,"Gremlin Horn":8,"Ornamental Fan":8,"Golden Idol":8,"Pen Nib":8,"Ectoplasm":31,"Omamori":4,"PureWater":0}]},"card_choices":[{"not_picked":["WaveOfTheHand","Swivel"],"picked":"MentalFortress","floor":1},{"not_picked":["Sanctity","ThirdEye","Consecrate"],"picked":"SKIP","floor":2},{"not_picked":["WindmillStrike","Wireheading"],"picked":"ClearTheMind","floor":3},{"not_picked":["Nirvana","DeceiveReality"],"picked":"Halt","floor":6},{"not_picked":["WaveOfTheHand","Collect"],"picked":"ClearTheMind","floor":12},{"not_picked":["Omniscience","Consecrate","PathToVictory"],"picked":"SKIP","floor":14},{"not_picked":["Evaluate","BowlingBash+1"],"picked":"ClearTheMind","floor":18}],"player_experience":43603,"relics_obtained":[{"floor":6,"key":"Ornamental Fan"},{"floor":9,"key":"Matryoshka"},{"floor":10,"key":"Pen Nib"},{"floor":10,"key":"Gremlin Horn"}],"event_choices":[{"damage_healed":0,"gold_gain":75,"player_choice":"Gather Gold","damage_taken":11,"max_hp_gain":0,"max_hp_loss":0,"event_name":"World of Goop","floor":5,"gold_loss":0},{"damage_healed":0,"gold_gain":0,"player_choice":"Take Wound","damage_taken":0,"relics_obtained":["Golden Idol"],"max_hp_gain":0,"max_hp_loss":0,"event_name":"Golden Idol","floor":7,"gold_loss":0,"cards_obtained":["Injury"]},{"damage_healed":0,"gold_gain":0,"player_choice":"Success","damage_taken":7,"relics_obtained":["Lizard Tail"],"max_hp_gain":0,"max_hp_loss":0,"event_name":"Scrap Ooze","floor":8,"gold_loss":0},{"damage_healed":0,"gold_gain":0,"player_choice":"Fought Bandits","damage_taken":0,"max_hp_gain":0,"max_hp_loss":0,"event_name":"Masked Bandits","floor":19,"gold_loss":0}],"is_beta":false,"boss_relics":[{"not_picked":["HolyWater","Fusion Hammer"],"picked":"Ectoplasm"}],"items_purged_floors":[],"is_endless":false,"potions_floor_spawned":[1,3,6,14],"killed_by":"Masked Bandits","ascension_level":0}}