{"host":"d57r1g6l9rdx1vko","time":1608812567,"event":{"mods":["AchievementEnabler","BaseMod","Colored Map","Colored Powertips","GifTheSpireLib","Marisa£®ÏF”Í°°ƒß¿Ì…≥£©","Minty Spire (QoL Compilation)","Replay The Spire","StSLib"],"gold_per_floor":[117,131,141,141,160,187,187,220,220,220,220],"floor_reached":10,"playtime":588,"items_purged":[],"score":94,"play_id":"24c6bed4-6465-44bd-a13c-3b06e3180f8d","local_time":"20201224202247","is_ascension_mode":true,"campfire_choices":[{"floor":7.0,"key":"REST"}],"circlet_count":0,"master_deck":["Strike_MRS","Strike_MRS","Strike_MRS","Strike_MRS","Defend_MRS","Defend_MRS","Defend_MRS","Defend_MRS","MasterSpark","UpSweep","Replay:Sluggish","Normality","DarkSpark","BlazeAway","OrrerysSun"],"relics":["BewitchedHakkero","Eternal Feather","Juzu Bracelet","Pen Nib"],"acts_visited":["Exordium"],"potions_floor_usage":[10],"damage_taken":[{"damage":1.0,"enemies":"Cultist","floor":1.0,"turns":3.0},{"damage":0.0,"enemies":"2 Louse","floor":2.0,"turns":2.0},{"damage":6.0,"enemies":"Jaw Worm","floor":3.0,"turns":4.0},{"damage":0.0,"enemies":"2 Fungi Beasts","floor":5.0,"turns":1.0},{"damage":29.0,"enemies":"Gremlin Nob","floor":6.0,"turns":4.0},{"damage":33.0,"enemies":"Lagavulin","floor":8.0,"turns":8.0},{"damage":56,"enemies":"Gremlin Nob","floor":10,"turns":4}],"seed_played":"-745340402070515456","potions_obtained":[{"floor":2.0,"key":"Elixir"},{"floor":6.0,"key":"Languid Potion"},{"floor":8.0,"key":"SkillPotion"}],"is_trial":false,"path_per_floor":["M","M","M","$","M","E","R","E","T","E"],"character_chosen":"MARISA","items_purchased":[],"campfire_rested":1,"item_purchase_floors":[],"current_hp_per_floor":[74,74,68,68,68,39,70,37,37,0,0],"gold":220,"neow_bonus":"CURSED_BOSS_RELIC","is_daily":false,"chose_seed":false,"campfire_upgraded":0,"win_rate":0.0,"timestamp":1608812567,"path_taken":["M","?","M","$","M","E","R","E","T","E"],"items_purchased_type":[],"build_version":"2020-12-22","purchased_purges":0,"victory":false,"max_hp_per_floor":[75,75,75,75,75,75,75,75,75,75,75],"card_choices":[{"not_picked":["OpenUniverse","6A","EventHorizon"],"picked":"SKIP","floor":1.0},{"not_picked":["ShootingEcho","MilkyWay"],"picked":"DarkSpark","floor":2.0},{"not_picked":["GalacticHalo","Acceleration"],"picked":"BlazeAway","floor":3.0},{"not_picked":["GalacticHalo","EventHorizon","EnergyRecoil"],"picked":"SKIP","floor":5.0},{"not_picked":["ManaConvection","DragonMeteor"],"picked":"OrrerysSun","floor":6.0},{"not_picked":["EventHorizon","ShootTheMoon","MysteriousBeam"],"picked":"SKIP","floor":8.0}],"player_experience":111383,"relics_obtained":[{"floor":6.0,"key":"Eternal Feather"},{"floor":8.0,"key":"Juzu Bracelet"},{"floor":9.0,"key":"Pen Nib"}],"event_choices":[],"is_beta":false,"boss_relics":[],"items_purged_floors":[],"is_endless":false,"potions_floor_spawned":[2,6,8],"killed_by":"Gremlin Nob","ascension_level":4}}