{"host":"25hwxgnshg5vqzox","time":1608818386,"event":{"mods":["BaseMod","Colored Map","Downfall","Googly Eyes","Highlight Path","Minty Spire (QoL Compilation)","Replay The Spire","StSLib","The Servant 0.9.4"],"gold_per_floor":[99,114,147,147,178,226,226,76,76,55,55,80,101,101,130,152,152,152],"floor_reached":16,"playtime":945,"items_purged":[],"score":102,"play_id":"b29f2e6c-e0b4-447d-a217-e9e12b0f1ef3","local_time":"20201224135946","daily_mods":["Allstar","Vintage","Terminal"],"is_ascension_mode":false,"campfire_choices":[{"floor":1,"key":"RECALL"},{"floor":8,"key":"REST"},{"data":"Mayhem","floor":11,"key":"SMITH"}],"circlet_count":0,"master_deck":["champ:Strike","champ:Strike","champ:Strike","champ:Strike","champ:Defend","champ:Defend","champ:Defend","champ:Defend","champ:Execute","champ:Taunt","Mayhem+1","Replay:Sssssssssstrike","Thinking Ahead","Swift Strike","champ:DefensiveShout","champ:FocusedGladiator","champ:DefensiveShout","expansioncontent:Hexaburn"],"relics":["champ:ChampionCrown","Replay:Bandana","Pen Nib","Turnip","Omamori","Smiling Mask","downfall:HeartBlessingRed","downfall:HeartBlessingBlue","Ginger","Toxic Egg 2","champ:DeflectingBracers"],"acts_visited":["Exordium"],"potions_floor_usage":[16],"damage_taken":[{"damage":7,"enemies":"Small Slimes","floor":2,"turns":4},{"damage":1,"enemies":"Jaw Worm","floor":3,"turns":3},{"damage":5,"enemies":"Cultist","floor":5,"turns":3},{"damage":46,"enemies":"Gremlin Nob","floor":6,"turns":5},{"damage":10,"enemies":"downfall:FleeingMerchant","floor":10,"turns":4},{"damage":5,"enemies":"Lots of Slimes","floor":12,"turns":4},{"damage":15,"enemies":"2 Fungi Beasts","floor":13,"turns":4},{"damage":6,"enemies":"3 Louse","floor":15,"turns":3},{"damage":69,"enemies":"downfall:Defect","floor":16,"turns":6}],"seed_played":"-4388098555046818604","potions_obtained":[{"floor":6,"key":"Death Potion"},{"floor":15,"key":"PowerPotion"}],"is_trial":false,"path_per_floor":["R_BF","M","M","?","M","E","T","R","?","$","R","M","M","?","M","B"],"character_chosen":"THE_CHAMP","items_purchased":["champ:DefensiveShout"],"campfire_rested":1,"item_purchase_floors":[10],"current_hp_per_floor":[88,86,85,85,84,43,43,80,80,80,80,75,63,63,62,0,0,0],"gold":152,"neow_bonus":"","is_daily":true,"chose_seed":false,"campfire_upgraded":1,"win_rate":0.0,"timestamp":1608818386,"path_taken":["R_BF","M","M","?","M","E","T","R","?","$","R","M","M","?","M","BOSS"],"items_purchased_type":["Card"],"build_version":"2020-12-22","purchased_purges":0,"victory":false,"max_hp_per_floor":[88,87,86,85,84,83,82,91,90,89,88,87,86,85,84,84,84,84],"card_choices":[{"not_picked":["champ:BringItOn","champ:BladeFlurry"],"picked":"champ:DefensiveShout","floor":6},{"not_picked":["champ:Riposte","champ:CrookedStrike"],"picked":"champ:FocusedGladiator","floor":10}],"player_experience":54224,"relics_obtained":[{"floor":2,"key":"Replay:Bandana"},{"floor":3,"key":"Pen Nib"},{"floor":5,"key":"Omamori"},{"floor":6,"key":"Smiling Mask"},{"floor":12,"key":"Ginger"},{"floor":13,"key":"Toxic Egg 2"},{"floor":15,"key":"champ:DeflectingBracers"}],"event_choices":[{"damage_healed":0,"gold_gain":0,"player_choice":"Grow","damage_taken":0,"max_hp_gain":0,"max_hp_loss":0,"event_name":"Living Wall","floor":9,"gold_loss":0,"cards_upgraded":["Mayhem"]},{"damage_healed":0,"gold_gain":0,"cards_transformed":["Mayhem"],"player_choice":"Transformed","damage_taken":0,"max_hp_gain":0,"max_hp_loss":0,"event_name":"Transmorgrifier","floor":14,"gold_loss":0,"cards_obtained":["expansioncontent:Hexaburn"]}],"is_beta":false,"boss_relics":[],"items_purged_floors":[],"is_endless":false,"potions_floor_spawned":[6,15],"killed_by":"downfall:Defect","ascension_level":0}}