{"host":"w7dhjqgqsib0c3vt","time":1608817530,"event":{"mods":["ATMod(°¢èªMod)","BaseMod","Minty Spire (QoL Compilation)","Shop Mod","StSLib","The Marked","TheWitcher"],"gold_per_floor":[118,132,207,44,44,44,71,21,21,38,54,54,71,21,21,122,172,188,220,230,320,30,59,76,109,109,129,44,83,111,137,137,245,317,345,69,95,95,122,160,160,187,212,251,280,316,342,361,361,361],"floor_reached":51,"playtime":2679,"items_purged":[],"score":1342,"play_id":"1a2a45c0-841a-42d9-95b6-1729060010be","local_time":"20201224214530","is_ascension_mode":true,"campfire_choices":[{"data":"Mind Blast","floor":6.0,"key":"SMITH"},{"data":"AT_IchimonjiDouble","floor":12.0,"key":"SMITH"},{"data":"AT_TearsDenial","floor":15.0,"key":"SMITH"},{"floor":32.0,"key":"REST"},{"data":"AT_ShrugMaster","floor":41,"key":"SMITH"},{"data":"Barricade","floor":49,"key":"SMITH"}],"circlet_count":0,"master_deck":["AscendersBane","Bash","AT_TearsDenial+1","Clash","Seeing Red","Mind Blast+1","AT_BodySlamDance","Iron Wave","AT_IchimonjiDouble+1","Shrug It Off","Thunderclap","Shockwave","Double Tap","Barricade+1","AT_ShrugMaster+1","Cleave","Blood for Blood","Clash+1","AT_BodySlamDance","Wild Strike+1","Uppercut+1","Panacea+1","Infernal Blade","Battle Trance","Flex","Immolate","Intimidate","Bludgeon","Heavy Blade","Fiend Fire","Reaper","Warcry+1","Power Through","Corruption","Shrug It Off+1","Armaments","Warcry+1","Armaments+1","Sword Boomerang+1","Rupture+1","Inflame+1","Infernal Blade+1","Spot Weakness","Spot Weakness+1","Heavy Blade+1"],"relics":["Burning Blood","AT_ATBox","NeowsBlessing","White Beast Statue","Kunai","Tiny House","Red Mask","AT_RedTearstoneRing","MealTicket","Meat on the Bone","CeramicFish","Pantograph","Bird Faced Urn","Pandora\u0027s Box","AT_BellowingDragoncrestRing","AT_ForceNature","Ancient Tea Set","War Paint","Akabeko"],"acts_visited":["Exordium","TheCity","TheBeyond"],"potions_floor_usage":[40,42,46,48,50,50],"damage_taken":[{"damage":0.0,"enemies":"2 Louse","floor":1.0,"turns":1.0},{"damage":0.0,"enemies":"Small Slimes","floor":2.0,"turns":1.0},{"damage":0.0,"enemies":"Lagavulin","floor":7.0,"turns":1.0},{"damage":0.0,"enemies":"Cultist","floor":10.0,"turns":3.0},{"damage":1.0,"enemies":"2 Fungi Beasts","floor":11.0,"turns":3.0},{"damage":0.0,"enemies":"Exordium Wildlife","floor":13.0,"turns":2.0},{"damage":50.0,"enemies":"The Guardian","floor":16.0,"turns":8.0},{"damage":6.0,"enemies":"Spheric Guardian","floor":18.0,"turns":3.0},{"damage":28.0,"enemies":"Masked Bandits","floor":19.0,"turns":4.0},{"damage":2.0,"enemies":"Chosen","floor":20.0,"turns":3.0},{"damage":27.0,"enemies":"Gremlin Leader","floor":23.0,"turns":4.0},{"damage":0.0,"enemies":"Snecko","floor":24.0,"turns":2.0},{"damage":44.0,"enemies":"Book of Stabbing","floor":25.0,"turns":4.0},{"damage":15.0,"enemies":"3 Cultists","floor":27.0,"turns":4.0},{"damage":45.0,"enemies":"Slavers","floor":29.0,"turns":5.0},{"damage":26.0,"enemies":"Shelled Parasite and Fungi","floor":30.0,"turns":5.0},{"damage":27.0,"enemies":"Centurion and Healer","floor":31.0,"turns":5.0},{"damage":62.0,"enemies":"Champ","floor":33.0,"turns":8.0},{"damage":24.0,"enemies":"Orb Walker","floor":35.0,"turns":4.0},{"damage":17.0,"enemies":"3 Darklings","floor":37.0,"turns":5.0},{"damage":29.0,"enemies":"Maw","floor":39.0,"turns":7.0},{"damage":33,"enemies":"Reptomancer","floor":40,"turns":4},{"damage":3,"enemies":"Sphere and 2 Shapes","floor":42,"turns":3},{"damage":17,"enemies":"Giant Head","floor":44,"turns":9},{"damage":0,"enemies":"Transient","floor":45,"turns":5},{"damage":9,"enemies":"Reptomancer","floor":46,"turns":5},{"damage":16,"enemies":"3 Darklings","floor":47,"turns":3},{"damage":5,"enemies":"Sphere and 2 Shapes","floor":48,"turns":4},{"damage":27,"enemies":"Donu and Deca","floor":50,"turns":10}],"seed_played":"-6438011121586018245","potions_obtained":[{"floor":5.0,"key":"FairyPotion"},{"floor":5.0,"key":"ColorlessPotion"},{"floor":10.0,"key":"DistilledChaos"},{"floor":16.0,"key":"SteroidPotion"},{"floor":19.0,"key":"CultistPotion"},{"floor":23.0,"key":"LiquidMemories"},{"floor":25.0,"key":"Swift Potion"},{"floor":27.0,"key":"Explosive Potion"},{"floor":29.0,"key":"ElixirPotion"},{"floor":30.0,"key":"Weak Potion"},{"floor":33.0,"key":"Block Potion"},{"floor":35.0,"key":"Weak Potion"},{"floor":37.0,"key":"HeartOfIron"},{"floor":39.0,"key":"Swift Potion"},{"floor":40,"key":"BloodPotion"},{"floor":42,"key":"LiquidMemories"},{"floor":46,"key":"SpeedPotion"},{"floor":47,"key":"SkillPotion"},{"floor":48,"key":"Explosive Potion"}],"is_trial":false,"path_per_floor":["M","M","?","$","?","R","E","$","T","M","M","R","M","?","R","B",null,"M","?","M","?","$","E","M","E","T","M","$","E","M","M","R","B",null,"M","$","M","?","M","E","R","M","T","E","M","E","M","M","R","B",null],"character_chosen":"IRONCLAD","items_purchased":["Mind Blast","AT_BodySlamDance","Iron Wave","Shrug It Off","AT_RedTearstoneRing","MealTicket","Panacea","AT_BellowingDragoncrestRing","Armaments"],"campfire_rested":1,"item_purchase_floors":[4,4,4,8,22,22,28,36,36],"current_hp_per_floor":[78,80,69,69,69,69,75,75,75,80,80,80,80,80,80,36,74,74,52,56,44,44,23,41,43,43,46,61,34,28,19,44,29,71,53,68,76,76,55,40,40,73,73,68,81,81,71,76,76,81],"gold":361,"neow_bonus":"THREE_ENEMY_KILL","is_daily":false,"chose_seed":false,"campfire_upgraded":5,"win_rate":0.0,"timestamp":1608817530,"path_taken":["M","M","?","$","?","R","E","$","T","M","?","R","M","?","R","BOSS","M","?","M","?","$","E","M","E","T","M","$","E","?","M","R","BOSS","M","$","M","?","M","E","R","M","T","E","M","E","M","M","R","BOSS"],"items_purchased_type":["Card","Card","Card","Card","Relic","Relic","Card","Relic","Card"],"build_version":"2020-12-22","purchased_purges":0,"victory":true,"max_hp_per_floor":[80,80,80,80,80,80,80,80,80,80,80,80,80,80,80,80,85,85,85,85,85,85,85,85,85,85,85,85,85,85,85,85,85,85,85,85,85,81,81,81,81,81,81,81,81,81,81,81,81,81],"card_choices":[{"not_picked":["Searing Blow","Havoc"],"picked":"Clash","floor":1.0},{"not_picked":["Clash","AT_ManFootWork"],"picked":"Seeing Red","floor":2.0},{"not_picked":["Ghostly Armor","Rupture"],"picked":"AT_IchimonjiDouble","floor":7.0},{"not_picked":["Bloodletting","AT_BodySlamDance"],"picked":"Thunderclap","floor":10.0},{"not_picked":["Dropkick","Sword Boomerang"],"picked":"Shockwave","floor":11.0},{"not_picked":["Clash","True Grit"],"picked":"Double Tap","floor":13.0},{"not_picked":["Juggernaut","Offering"],"picked":"Barricade","floor":16.0},{"not_picked":["Cleave","Wild Strike"],"picked":"AT_ShrugMaster","floor":17.0},{"not_picked":["Shockwave","Twin Strike"],"picked":"Cleave","floor":18.0},{"not_picked":["True Grit","AT_IchimonjiDouble"],"picked":"Blood for Blood","floor":19.0},{"not_picked":["Twin Strike","Thunderclap"],"picked":"Clash+1","floor":20.0},{"not_picked":["Perfected Strike","Feel No Pain"],"picked":"AT_BodySlamDance","floor":23.0},{"not_picked":["Reckless Charge+1","Flame Barrier"],"picked":"Wild Strike+1","floor":24.0},{"not_picked":["Flame Barrier","Brutality","Pommel Strike"],"picked":"SKIP","floor":25.0},{"not_picked":["Infernal Blade","Dropkick"],"picked":"Uppercut+1","floor":27.0},{"not_picked":["Corruption","Dual Wield"],"picked":"Infernal Blade","floor":29.0},{"not_picked":["Sever Soul+1","Perfected Strike"],"picked":"Battle Trance","floor":30.0},{"not_picked":["Blood for Blood","AT_BodySlamDance+1"],"picked":"Flex","floor":31.0},{"not_picked":["Offering","Berserk"],"picked":"Immolate","floor":33.0},{"not_picked":["Perfected Strike","Clothesline+1"],"picked":"Shrug It Off+1","floor":35.0},{"not_picked":["Hemokinesis+1","Reckless Charge"],"picked":"Warcry+1","floor":37.0},{"not_picked":["Twin Strike","Clash+1"],"picked":"Armaments+1","floor":39.0},{"not_picked":["Sentinel+1","Clash+1"],"picked":"Sword Boomerang+1","floor":40},{"not_picked":["Shrug It Off+1","Fiend Fire"],"picked":"Rupture+1","floor":42},{"not_picked":["Body Slam","Flex"],"picked":"Inflame+1","floor":44},{"not_picked":["Armaments+1","Warcry+1"],"picked":"Infernal Blade+1","floor":45},{"not_picked":["Armaments+1","Feed"],"picked":"Spot Weakness","floor":46},{"not_picked":["Dual Wield","Pommel Strike+1"],"picked":"Spot Weakness+1","floor":47},{"not_picked":["Iron Wave","Twin Strike"],"picked":"Heavy Blade+1","floor":48}],"player_experience":573396,"relics_obtained":[{"floor":7.0,"key":"White Beast Statue"},{"floor":9.0,"key":"Kunai"},{"floor":19.0,"key":"Red Mask"},{"floor":23.0,"key":"Meat on the Bone"},{"floor":25.0,"key":"CeramicFish"},{"floor":26.0,"key":"Pantograph"},{"floor":29.0,"key":"Bird Faced Urn"},{"floor":40,"key":"AT_ForceNature"},{"floor":43,"key":"Ancient Tea Set"},{"floor":44,"key":"War Paint"},{"floor":46,"key":"Akabeko"}],"event_choices":[{"damage_healed":0.0,"max_hp_gain":0.0,"max_hp_loss":0.0,"gold_gain":75.0,"event_name":"World of Goop","player_choice":"Gather Gold","floor":3.0,"gold_loss":0.0,"damage_taken":11.0},{"damage_healed":0.0,"max_hp_gain":0.0,"max_hp_loss":0.0,"gold_gain":0.0,"event_name":"Lab","player_choice":"Got Potions","floor":5.0,"gold_loss":0.0,"damage_taken":0.0},{"cards_removed":["Defend_R"],"damage_healed":0.0,"max_hp_gain":0.0,"max_hp_loss":0.0,"gold_gain":0.0,"event_name":"The Cleric","player_choice":"Card Removal","floor":14.0,"gold_loss":50.0,"damage_taken":0.0},{"damage_healed":0.0,"max_hp_gain":0.0,"max_hp_loss":0.0,"gold_gain":0.0,"event_name":"Masked Bandits","player_choice":"Fought Bandits","floor":19.0,"gold_loss":0.0,"damage_taken":0.0},{"damage_healed":0.0,"max_hp_gain":0.0,"max_hp_loss":0.0,"gold_gain":90.0,"event_name":"Knowing Skull","player_choice":"GOLD ","floor":21.0,"potions_obtained":[],"gold_loss":0.0,"damage_taken":12.0,"cards_obtained":[]},{"damage_healed":0.0,"max_hp_gain":0.0,"max_hp_loss":4.0,"gold_gain":0.0,"event_name":"Winding Halls","player_choice":"Max HP","floor":38.0,"gold_loss":0.0,"damage_taken":0.0}],"is_beta":false,"boss_relics":[{"not_picked":["Velvet Choker","Snecko Eye"],"picked":"Tiny House"},{"not_picked":["Busted Crown","Coffee Dripper"],"picked":"Pandora\u0027s Box"}],"items_purged_floors":[],"is_endless":false,"potions_floor_spawned":[7,10,11,13,16,18,19,20,23,24,25,27,29,30,31,33,35,37,39,40,42,44,45,46,47,48],"ascension_level":11}}