{"host":"mniz8q056kux99zk","time":1608822998,"event":{"mods":["BaseMod","CapriCore","Highlight Path","Minty Spire (QoL Compilation)","Replay The Spire","StSLib"],"gold_per_floor":[111,111,161,172,172,205,245,245,245,257,270,270,270],"floor_reached":12,"playtime":418,"items_purged":[],"score":110,"play_id":"fffe519c-fc2a-461f-877d-dee2dd2cc766","local_time":"20201224101638","is_ascension_mode":true,"campfire_choices":[],"circlet_count":0,"master_deck":["Strike_P","Strike_P","Strike_P","Defend_P","Defend_P","Defend_P","Eruption","Vigilance","EmptyFist","ForeignInfluence","Steam","CommonCold","PathToVictory","Regret","MentalFortress","FlurryOfBlows","Alpha","ReplayTheSpireMod:Splinters","MentalFortress"],"relics":["PureWater","NeowsBlessing","ReplayTheSpireMod:Ring of Addiction","Chameleon Ring","Toy Ornithopter","Ring of Greed","The Courier","Tiny Chest","Replay:Towering Pillar of Hats","ReplayTheSpireMod:Shallot","Replay:Multitool"],"acts_visited":["Exordium"],"potions_floor_usage":[6,12],"damage_taken":[{"damage":0,"enemies":"Cultist","floor":1,"turns":1},{"damage":0,"enemies":"Small Slimes","floor":4,"turns":2},{"damage":0,"enemies":"3 Sentries","floor":6,"turns":1},{"damage":1,"enemies":"2 Louse","floor":7,"turns":2},{"damage":7,"enemies":"Looter","floor":10,"turns":4},{"damage":5,"enemies":"Exordium Thugs","floor":11,"turns":4},{"damage":108,"enemies":"Gremlin Nob","floor":12,"turns":4}],"seed_played":"-5676040204558250371","potions_obtained":[{"floor":3,"key":"Weak Potion"},{"floor":3,"key":"Doom Potion"},{"floor":3,"key":"SteroidPotion"},{"floor":4,"key":"BlessingOfTheForge"},{"floor":6,"key":"FairyPotion"},{"floor":10,"key":"SkillPotion"}],"is_trial":false,"path_per_floor":["M","?","?","M","?","E","M","T","T","M","M","E"],"character_chosen":"WATCHER","items_purchased":[],"campfire_rested":0,"item_purchase_floors":[],"current_hp_per_floor":[72,72,72,72,72,72,71,71,71,63,58,0,0],"gold":270,"neow_bonus":"THREE_ENEMY_KILL","is_daily":false,"chose_seed":false,"campfire_upgraded":0,"win_rate":0.0,"timestamp":1608822998,"path_taken":["M","?","?","M","?","E","M","?","T","?","M","E"],"items_purchased_type":[],"build_version":"2020-12-22","purchased_purges":0,"victory":false,"max_hp_per_floor":[72,72,72,72,72,72,72,72,72,70,70,70,70],"card_choices":[{"not_picked":["FlyingSleeves","Evaluate"],"picked":"EmptyFist","floor":1},{"not_picked":["CutThroughFate","Weave"],"picked":"PathToVictory","floor":4},{"not_picked":["JustLucky","WaveOfTheHand"],"picked":"MentalFortress","floor":6},{"not_picked":["Crescendo","SignatureMove"],"picked":"FlurryOfBlows","floor":7},{"not_picked":["EmptyFist","JustLucky"],"picked":"Alpha","floor":10},{"not_picked":["CutThroughFate","Replay:BluntJabs"],"picked":"MentalFortress","floor":11}],"player_experience":71781,"relics_obtained":[{"floor":3,"key":"ReplayTheSpireMod:Ring of Addiction"},{"floor":3,"key":"Chameleon Ring"},{"floor":3,"key":"Toy Ornithopter"},{"floor":3,"key":"Ring of Greed"},{"floor":3,"key":"The Courier"},{"floor":3,"key":"Tiny Chest"},{"floor":6,"key":"ReplayTheSpireMod:Shallot"},{"floor":8,"key":"Replay:Multitool"}],"event_choices":[{"damage_healed":0,"gold_gain":0,"player_choice":"Box","damage_taken":0,"relics_obtained":["Replay:Towering Pillar of Hats"],"max_hp_gain":0,"max_hp_loss":0,"event_name":"Big Fish","floor":5,"gold_loss":0,"cards_obtained":["Regret"]}],"is_beta":false,"boss_relics":[],"items_purged_floors":[],"is_endless":false,"potions_floor_spawned":[4,6,10],"killed_by":"Gremlin Nob","ascension_level":1}}