{"host":"wha9hktbkslqvblg","time":1608816750,"event":{"mods":["BaseMod","Colored Map","Minty Spire (QoL Compilation)","Relic Stats","SuperFastMode","everything is the same but u backflip on backflip"],"gold_per_floor":[117,29,47,122,137,137,168,168,194,220,246,246,167,179,179,257,257,271,271,285,210,125,160,160,179,179,80,109,109,109,109,109,183,183,193,193,208,108,133,133,158,158,158,208,208,220,252,27,27,27,27,27,27,27,52,52],"floor_reached":57,"playtime":1746,"items_purged":["Bash","Iron Wave","Armaments+1"],"score":3250,"play_id":"0460c00a-1865-4b25-88e9-ffc8399d9984","local_time":"20201224223230","is_ascension_mode":true,"campfire_choices":[{"floor":6.0,"key":"REST"},{"floor":8.0,"key":"REST"},{"data":"Fire Breathing","floor":12.0,"key":"SMITH"},{"data":"Sword Boomerang","floor":15.0,"key":"SMITH"},{"data":"Barricade","floor":24.0,"key":"SMITH"},{"floor":29.0,"key":"REST"},{"data":"Impervious","floor":32.0,"key":"SMITH"},{"data":"Berserk","floor":40,"key":"SMITH"},{"floor":49,"key":"RECALL"},{"data":"Battle Trance","floor":53,"key":"SMITH"}],"circlet_count":0,"master_deck":["AscendersBane","Fire Breathing+1","Battle Trance+1","Impervious+1","CurseOfTheBell","Body Slam+1","Barricade+1","True Grit+1","Berserk+1","Entrench+1","Pommel Strike","True Grit+1","Shrug It Off+1","PanicButton+1"],"relics":["Pandora\u0027s Box","Red Skull","Orichalcum","Regal Pillow","Gremlin Horn","Calling Bell","Juzu Bracelet","Toxic Egg 2","Mango","Anchor","Toy Ornithopter","Bronze Scales","Champion Belt","Runic Pyramid","Prayer Wheel","CaptainsWheel","Mercury Hourglass","Letter Opener"],"acts_visited":["Exordium","TheCity","TheBeyond","TheEnding"],"potions_floor_usage":[51,56,56],"damage_taken":[{"damage":33.0,"enemies":"Cultist","floor":1.0,"turns":5.0},{"damage":13.0,"enemies":"2 Louse","floor":3.0,"turns":3.0},{"damage":9.0,"enemies":"Jaw Worm","floor":5.0,"turns":2.0},{"damage":12.0,"enemies":"3 Sentries","floor":7.0,"turns":4.0},{"damage":4.0,"enemies":"Gremlin Nob","floor":11.0,"turns":2.0},{"damage":5.0,"enemies":"Exordium Thugs","floor":14.0,"turns":3.0},{"damage":2.0,"enemies":"Slime Boss","floor":16.0,"turns":3.0},{"damage":10.0,"enemies":"Chosen","floor":18.0,"turns":4.0},{"damage":16.0,"enemies":"Spheric Guardian","floor":20.0,"turns":4.0},{"damage":18.0,"enemies":"Book of Stabbing","floor":23.0,"turns":4.0},{"damage":12.0,"enemies":"Centurion and Healer","floor":25.0,"turns":5.0},{"damage":9.0,"enemies":"Slavers","floor":28.0,"turns":3.0},{"damage":7.0,"enemies":"Collector","floor":33.0,"turns":6.0},{"damage":0,"enemies":"3 Shapes","floor":35,"turns":4},{"damage":17,"enemies":"3 Darklings","floor":37,"turns":6},{"damage":0,"enemies":"Mind Bloom Boss Battle","floor":39,"turns":5},{"damage":0,"enemies":"Giant Head","floor":41,"turns":3},{"damage":11,"enemies":"Sphere and 2 Shapes","floor":46,"turns":4},{"damage":0,"enemies":"Nemesis","floor":47,"turns":3},{"damage":0,"enemies":"Donu and Deca","floor":50,"turns":4},{"damage":0,"enemies":"Awakened One","floor":51,"turns":5},{"damage":5,"enemies":"Shield and Spear","floor":55,"turns":5},{"damage":13,"enemies":"The Heart","floor":56,"turns":10}],"seed_played":"7434595525449980989","potions_obtained":[{"floor":1.0,"key":"Weak Potion"},{"floor":3.0,"key":"GamblersBrew"},{"floor":11.0,"key":"FearPotion"},{"floor":18.0,"key":"Fire Potion"},{"floor":25.0,"key":"Explosive Potion"},{"floor":28.0,"key":"Strength Potion"},{"floor":47,"key":"DuplicationPotion"},{"floor":55,"key":"BloodPotion"}],"is_trial":false,"path_per_floor":["M","$","M","?","M","R","E","R","T","T","E","R","$","M","R","B",null,"M","?","M","?","?","E","R","M","T","$","E","R","?","?","R","B",null,"M","?","M","$","?","R","E","?","T","?","?","M","E","$","R","B","B",null,"R","$","E","B",null],"character_chosen":"IRONCLAD","items_purchased":["Fire Breathing","Battle Trance","True Grit+1","PanicButton+1"],"campfire_rested":3,"item_purchase_floors":[2,13,27,48],"current_hp_per_floor":[35,35,22,11,2,24,12,34,34,34,30,30,30,25,25,23,76,66,66,50,50,50,32,32,20,20,20,16,57,57,57,57,50,79,79,79,62,62,62,62,62,52,52,52,52,41,41,41,41,41,46,75,75,75,70,84],"gold":52,"neow_bonus":"BOSS_RELIC","is_daily":false,"chose_seed":false,"campfire_upgraded":6,"win_rate":0.0,"timestamp":1608816750,"path_taken":["M","?","M","?","?","R","E","R","T","?","E","R","$","M","R","BOSS","M","?","M","?","?","E","R","M","T","$","E","R","?","?","R","BOSS","M","?","M","$","?","R","E","?","T","?","?","M","E","$","R","BOSS","BOSS","R","$","E","BOSS"],"items_purchased_type":["Card","Card","Card","Card"],"build_version":"2020-12-22","purchased_purges":3,"victory":true,"max_hp_per_floor":[75,75,75,75,75,75,75,75,75,75,75,75,75,75,75,75,89,89,89,89,89,89,89,89,89,89,89,89,89,89,89,89,89,89,89,85,85,85,85,85,85,85,85,85,85,85,85,85,85,85,85,85,85,85,85,85],"relic_stats":{"Regal Pillow":15,"Gremlin Horn":[12,20],"counters":[23,97],"Juzu Bracelet":2,"Letter Opener":[30],"Orichalcum":[36],"Mercury Hourglass":[106],"Bronze Scales":[285],"Pandora\u0027s Box":["Twin Strike","Fiend Fire","Iron Wave","Dark Embrace","Sever Soul","Sever Soul","Demon Form","Warcry","Fire Breathing"],"Prayer Wheel":1,"Champion Belt":[0],"obtain_stats":[{"Regal Pillow":10,"Gremlin Horn":11,"Mango":17,"Juzu Bracelet":17,"Letter Opener":55,"Orichalcum":9,"Burning Blood":0,"Mercury Hourglass":47,"Calling Bell":17,"Anchor":22,"CaptainsWheel":41,"Bronze Scales":26,"Pandora\u0027s Box":0,"Prayer Wheel":39,"Champion Belt":28,"Toxic Egg 2":17,"Red Skull":7,"Toy Ornithopter":23,"Runic Pyramid":34},{"Regal Pillow":4,"Gremlin Horn":5,"Mango":7,"Juzu Bracelet":7,"Letter Opener":22,"Orichalcum":4,"Burning Blood":0,"Mercury Hourglass":19,"Calling Bell":7,"Anchor":9,"CaptainsWheel":17,"Bronze Scales":11,"Pandora\u0027s Box":0,"Prayer Wheel":16,"Champion Belt":12,"Toxic Egg 2":7,"Red Skull":4,"Toy Ornithopter":10,"Runic Pyramid":13},{"Regal Pillow":14,"Gremlin Horn":16,"Mango":22,"Juzu Bracelet":22,"Letter Opener":87,"Orichalcum":14,"Burning Blood":0,"Mercury Hourglass":73,"Calling Bell":22,"Anchor":30,"CaptainsWheel":66,"Bronze Scales":39,"Pandora\u0027s Box":0,"Prayer Wheel":63,"Champion Belt":42,"Toxic Egg 2":22,"Red Skull":14,"Toy Ornithopter":34,"Runic Pyramid":48}],"Toy Ornithopter":20},"card_choices":[{"not_picked":["Thunderclap","Inflame"],"picked":"Iron Wave","floor":1.0},{"not_picked":["Perfected Strike","Thunderclap"],"picked":"Hemokinesis","floor":3.0},{"not_picked":["Dark Embrace","Flex"],"picked":"Clash","floor":5.0},{"not_picked":["Bloodletting","Twin Strike","Burning Pact"],"picked":"SKIP","floor":7.0},{"not_picked":["Warcry","Perfected Strike"],"picked":"Sword Boomerang","floor":11.0},{"not_picked":["Dropkick","Perfected Strike"],"picked":"Evolve","floor":14.0},{"not_picked":["Bludgeon","Demon Form"],"picked":"Impervious","floor":16.0},{"not_picked":["Rage+1","Rupture+1"],"picked":"Armaments+1","floor":18.0},{"not_picked":["Flame Barrier+1","Cleave"],"picked":"Body Slam+1","floor":20.0},{"not_picked":["Wild Strike","Juggernaut"],"picked":"Barricade","floor":23.0},{"not_picked":["Heavy Blade","Headbutt","Sever Soul+1"],"picked":"SKIP","floor":25.0},{"not_picked":["Whirlwind","Flex+1"],"picked":"Berserk","floor":28.0},{"not_picked":["Feel No Pain+1","Headbutt","Twin Strike"],"picked":"SKIP","floor":35},{"not_picked":["Blood for Blood+1","Iron Wave","Infernal Blade+1"],"picked":"SKIP","floor":37},{"not_picked":["Armaments+1","Havoc+1","True Grit+1"],"picked":"SKIP","floor":41},{"not_picked":["Havoc+1","Anger"],"picked":"Shrug It Off+1","floor":46},{"not_picked":["Evolve","Armaments+1","True Grit+1"],"picked":"SKIP","floor":46},{"not_picked":["Intimidate+1","Body Slam","Flame Barrier+1"],"picked":"SKIP","floor":47},{"not_picked":["Armaments+1","Wild Strike","Warcry+1"],"picked":"SKIP","floor":55}],"player_experience":887588,"relics_obtained":[{"floor":7.0,"key":"Red Skull"},{"floor":9.0,"key":"Orichalcum"},{"floor":10.0,"key":"Regal Pillow"},{"floor":11.0,"key":"Gremlin Horn"},{"floor":17.0,"key":"Juzu Bracelet"},{"floor":17.0,"key":"Toxic Egg 2"},{"floor":17.0,"key":"Mango"},{"floor":23.0,"key":"Toy Ornithopter"},{"floor":26.0,"key":"Bronze Scales"},{"floor":28.0,"key":"Champion Belt"},{"floor":39,"key":"Prayer Wheel"},{"floor":41,"key":"CaptainsWheel"},{"floor":47,"key":"Mercury Hourglass"},{"floor":55,"key":"Letter Opener"}],"event_choices":[{"damage_healed":0.0,"max_hp_gain":0.0,"max_hp_loss":0.0,"gold_gain":75.0,"event_name":"World of Goop","player_choice":"Gather Gold","floor":4.0,"gold_loss":0.0,"damage_taken":11.0},{"damage_healed":0.0,"max_hp_gain":0.0,"max_hp_loss":0.0,"gold_gain":0.0,"event_name":"Cursed Tome","player_choice":"Ignored","floor":19.0,"gold_loss":0.0,"damage_taken":0.0},{"cards_removed":["Clash"],"damage_healed":0.0,"max_hp_gain":0.0,"max_hp_loss":0.0,"gold_gain":0.0,"event_name":"Beggar","player_choice":"Gave Gold","floor":21.0,"gold_loss":75.0,"damage_taken":0.0},{"damage_healed":0.0,"max_hp_gain":0.0,"max_hp_loss":0.0,"gold_gain":0.0,"event_name":"Addict","player_choice":"Obtained Relic","floor":22.0,"gold_loss":85.0,"damage_taken":0.0,"relics_obtained":["Anchor"]},{"damage_healed":0.0,"max_hp_gain":0.0,"max_hp_loss":0.0,"gold_gain":0.0,"event_name":"The Library","player_choice":"Read","floor":30.0,"gold_loss":0.0,"damage_taken":0.0,"cards_obtained":["Entrench"]},{"damage_healed":0.0,"max_hp_gain":0.0,"max_hp_loss":0.0,"gold_gain":0.0,"cards_transformed":["Hemokinesis","Sword Boomerang"],"event_name":"Drug Dealer","player_choice":"Became Test Subject","floor":31.0,"gold_loss":0.0,"damage_taken":0.0,"cards_obtained":["Pommel Strike","True Grit"]},{"damage_healed":0,"gold_gain":0,"player_choice":"Max HP","damage_taken":0,"max_hp_gain":0,"max_hp_loss":4,"event_name":"Winding Halls","floor":36,"gold_loss":0},{"damage_healed":0,"gold_gain":0,"player_choice":"Fight","damage_taken":0,"max_hp_gain":0,"max_hp_loss":0,"event_name":"MindBloom","floor":39,"gold_loss":0},{"damage_healed":0,"gold_gain":0,"player_choice":"Memory 3","damage_taken":10,"max_hp_gain":0,"max_hp_loss":0,"event_name":"SensoryStone","floor":42,"gold_loss":0},{"damage_healed":0,"gold_gain":50,"player_choice":"Pray","damage_taken":0,"max_hp_gain":0,"max_hp_loss":0,"event_name":"Golden Shrine","floor":44,"gold_loss":0},{"cards_removed":["Evolve"],"damage_healed":0,"gold_gain":0,"player_choice":"Removed Power","damage_taken":0,"max_hp_gain":0,"max_hp_loss":0,"event_name":"Falling","floor":45,"gold_loss":0}],"is_beta":false,"boss_relics":[{"not_picked":["Velvet Choker","Ectoplasm"],"picked":"Calling Bell"},{"not_picked":["Coffee Dripper","Fusion Hammer"],"picked":"Runic Pyramid"}],"items_purged_floors":[27,38,48],"is_endless":false,"potions_floor_spawned":[1,3,7,11,18,25,28,35,39,47,55],"ascension_level":20}}