{"host":"irqpc5dtltfquxh7","time":1608796483,"event":{"mods":["2.2 Compatiblity","AchievementEnabler","Act Like it!","Aspiration","BaseMod","Better Third Choice","BetterRewards","CapriCore","Colored Map","Colored Powertips","Conspire","Friendly Minions","Halation","Highlight Path","Hubris","Infinite Spire","Jedi Mod","Marisa????????","Minty Spire (QoL Compilation)","MostiFishMod","Permanent Neow","Replay The Spire","RumiaBox-????????","Shop Mod","Spicy Shops","Spikes Relics","StSLib","Strawberry Spire","Unknown Chances","Waifu the Spire","vexMod"],"gold_per_floor":[118,118,218,232,84,112,126,141,222,240,256,276,307,319,319,415,415,434,468,485,499,516,542,95,95,95],"floor_reached":25,"playtime":2524,"items_purged":["Defend_MRS","Defend_MRS"],"score":289,"play_id":"b37d5a2a-c807-4ad0-8049-ddf815ea6a7d","local_time":"20201224135443","is_ascension_mode":false,"campfire_choices":[{"data":"MilkyWay","floor":15.0,"key":"SMITH"}],"circlet_count":0,"master_deck":["Strike_MRS","Strike_MRS","Strike_MRS","Strike_MRS","Defend_MRS","Defend_MRS","MasterSpark","UpSweep","MilkyWay+1","StarBarrage","PowerUp","MilkyWay","OrrerysSun","6A","MilkyWay","PowerUp","MilkyWay+1","CasketOfStar","MilkyWay+1","MysteriousBeam","MilkyWay+1","Shame"],"relics":["MiniHakkero","DaveBox","MerchantsRug","Replay:Wax Seal","InkBottle","BlackRope","hubris:SphereOfDissonance","strawberrySpire:MawJerky","Darkstone Periapt","Technique"],"acts_visited":["Exordium","TheCity"],"potions_floor_usage":[21,23,25],"damage_taken":[{"damage":0.0,"enemies":"conspire:RoseBush","floor":1.0,"turns":2.0},{"damage":5.0,"enemies":"Small Slimes","floor":4.0,"turns":3.0},{"damage":11.0,"enemies":"strawberrySpire:EnergyPylons","floor":6.0,"turns":5.0},{"damage":0.0,"enemies":"Cultist","floor":7.0,"turns":2.0},{"damage":0.0,"enemies":"Large Slime","floor":8.0,"turns":3.0},{"damage":2.0,"enemies":"conspire:2 RoseBushes","floor":10.0,"turns":4.0},{"damage":0.0,"enemies":"3 Louse","floor":11.0,"turns":3.0},{"damage":0.0,"enemies":"Large Slime","floor":12.0,"turns":5.0},{"damage":0.0,"enemies":"Gremlin Nob","floor":13.0,"turns":3.0},{"damage":0.0,"enemies":"Looter","floor":14.0,"turns":3.0},{"damage":10.0,"enemies":"The Guardian","floor":16.0,"turns":5.0},{"damage":33,"enemies":"3 Byrds","floor":18,"turns":5},{"damage":16,"enemies":"conspire:MimicChest","floor":19,"turns":7},{"damage":0,"enemies":"Chosen","floor":20,"turns":3},{"damage":0,"enemies":"conspire:HollyBat","floor":21,"turns":5},{"damage":7,"enemies":"Centurion and Healer","floor":22,"turns":8},{"damage":18,"enemies":"Nightmare","floor":23,"turns":7},{"damage":11,"enemies":"3 Cultists","floor":25,"turns":3}],"seed_played":"-2105066694222253768","potions_obtained":[{"floor":1.0,"key":"Dexterity Potion"},{"floor":7.0,"key":"Adrenaline Potion"},{"floor":13.0,"key":"infinitespire:BlackPotion"},{"floor":14.0,"key":"EssenceOfSteel"},{"floor":20,"key":"Fire Potion"},{"floor":22,"key":"DuplicationPotion"},{"floor":23,"key":"Adrenaline Potion"}],"is_trial":false,"path_per_floor":["M","?","?","M","$","E","M","M","T","M","M","M","E","M","R","B",null,"M","?","M","M","M","NM","$","M"],"character_chosen":"MARISA","items_purchased":["MerchantsRug","PowerUp","SynthV","Darkstone Periapt","Technique"],"campfire_rested":0,"item_purchase_floors":[5,5,5,24,24],"current_hp_per_floor":[75,75,75,70,70,59,60,60,60,58,58,58,58,58,58,48,75,42,26,26,26,19,1,7,0,0],"gold":95,"neow_bonus":"THREE_CARDS","is_daily":false,"chose_seed":false,"campfire_upgraded":1,"win_rate":0.0,"timestamp":1608796483,"path_taken":["M","?","?","M","$","E","M","?","T","M","M","M","E","M","R","BOSS","M","?","M","M","M","NM","$","M"],"items_purchased_type":["Relic","Card","Relic","Relic","Relic"],"build_version":"2020-12-22","purchased_purges":2,"victory":false,"max_hp_per_floor":[75,75,75,75,75,75,75,75,75,75,75,75,75,75,75,75,75,75,75,75,75,75,75,81,81,81],"card_choices":[{"not_picked":["IllusionStar","GravityBeat"],"picked":"MilkyWay","floor":1.0},{"not_picked":["NonDirectionalLaser","MilkyWay"],"picked":"StarBarrage","floor":4.0},{"not_picked":["MagicChant","Acceleration","DragonMeteor"],"picked":"SKIP","floor":6.0},{"not_picked":["EscapeVelocity","Acceleration"],"picked":"MilkyWay","floor":7.0},{"not_picked":["AlicesGift","DC"],"picked":"OrrerysSun","floor":8.0},{"not_picked":["AsteroidBelt","LuminesStrike"],"picked":"6A","floor":10.0},{"not_picked":["ManaConvection","NonDirectionalLaser"],"picked":"MilkyWay","floor":11.0},{"not_picked":["ShootTheMoon","SuperPerseids","Acceleration"],"picked":"SKIP","floor":12.0},{"not_picked":["ManaConvection","EnergyFlow"],"picked":"PowerUp","floor":13.0},{"not_picked":["AsteroidBelt","WitchOfGreed"],"picked":"MilkyWay","floor":14.0},{"not_picked":["AbsoluteMagnitude","StarDustReverie"],"picked":"CasketOfStar","floor":16.0},{"not_picked":["GrandCross+1","DC+1"],"picked":"MilkyWay","floor":18},{"not_picked":["ShootingEcho","AsteroidBelt"],"picked":"MysteriousBeam","floor":19},{"not_picked":["PulseMagic","Acceleration+1"],"picked":"MilkyWay","floor":20},{"not_picked":["GalacticHalo+1","WitchOfGreed","MagicChant"],"picked":"SKIP","floor":21},{"not_picked":["ManaConvection","PulseMagic","SporeBomb"],"picked":"SKIP","floor":22},{"not_picked":["DC","GalacticHalo","Acceleration"],"picked":"SKIP","floor":23},{"not_picked":["DC","GalacticHalo","Acceleration"],"picked":"SKIP","floor":23}],"player_experience":412354,"relics_obtained":[{"floor":6.0,"key":"Replay:Wax Seal"},{"floor":9.0,"key":"InkBottle"},{"floor":13.0,"key":"BlackRope"},{"floor":19,"key":"hubris:SphereOfDissonance"},{"floor":23,"key":"strawberrySpire:MawJerky"}],"event_choices":[{"damage_healed":0.0,"max_hp_gain":0.0,"max_hp_loss":0.0,"gold_gain":0.0,"event_name":"Living Wall","player_choice":"Grow","floor":2.0,"gold_loss":0.0,"damage_taken":0.0,"cards_upgraded":["MilkyWay"]},{"damage_healed":0.0,"max_hp_gain":0.0,"max_hp_loss":0.0,"gold_gain":100.0,"event_name":"Golden Shrine","player_choice":"Pray","floor":3.0,"gold_loss":0.0,"damage_taken":0.0}],"is_beta":false,"boss_relics":[{"not_picked":["Abe\u0027s Treasure","OneHitWonderSystem","hubris:GrandSneckoEye"]}],"items_purged_floors":[24,24],"is_endless":true,"potions_floor_spawned":[1,7,13,14,20,22,23],"killed_by":"3 Cultists","ascension_level":0}}