{"host":"4mphejzs0ycavab3","time":1608772767,"event":{"mods":["BaseMod","Colored Map","Colored Powertips","Marisa£®ÏF”Í°°ƒß¿Ì…≥£©","Minty Spire (QoL Compilation)","Quick Restart","StSLib","The Bug Knight","The Cursed","The Necromancer","The Servant 0.9.4"],"gold_per_floor":[109,20,20,20,47,83,83,124,124,158,37,37,137,153,153,272,272,288,108,108,127,150,150,190,215,262,21,21,45,84,122,122,122,122],"floor_reached":33,"playtime":1333,"items_purged":["Injury"],"score":316,"play_id":"c78ff93d-9b25-4c6b-97fc-8e0d37f7f5f1","local_time":"20201224091927","is_ascension_mode":true,"campfire_choices":[{"floor":7.0,"key":"REST"},{"floor":12.0,"key":"REST"},{"floor":15.0,"key":"REST"},{"data":"Mind Blast","floor":23.0,"key":"SMITH"},{"floor":32,"key":"REST"}],"circlet_count":0,"master_deck":["Strike_G","Strike_G","Strike_G","Strike_G","Strike_G","Defend_G","Defend_G","Defend_G","Defend_G","Defend_G","Survivor","Neutralize","Accuracy","Jack Of All Trades","Storm of Steel","PiercingWail","Sucker Punch","Die Die Die","Bullet Time","CurseOfTheBell","Terror","Blade Dance","Mind Blast+1","PiercingWail","Flying Knee","Backflip+1","Dash+1","Calculated Gamble","Eviscerate+1","Concentrate","After Image+1"],"relics":["Ring of the Snake","Golden Idol","Pen Nib","Ninja Scroll","The Courier","Frozen Egg 2","Gremlin Horn","PreservedInsect","Calling Bell","Snake Skull","Darkstone Periapt","Girya","Ginger","HollowMod:PaleOreRelic","Art of War","Dream Catcher","Lantern"],"acts_visited":["Exordium","TheCity"],"potions_floor_usage":[30],"damage_taken":[{"damage":3.0,"enemies":"2 Louse","floor":1.0,"turns":3.0},{"damage":33.0,"enemies":"Lagavulin","floor":6.0,"turns":11.0},{"damage":32.0,"enemies":"3 Sentries","floor":8.0,"turns":7.0},{"damage":31.0,"enemies":"Lagavulin","floor":10.0,"turns":6.0},{"damage":1.0,"enemies":"Jaw Worm","floor":14.0,"turns":2.0},{"damage":24.0,"enemies":"Hexaghost","floor":16.0,"turns":11.0},{"damage":7.0,"enemies":"2 Thieves","floor":18.0,"turns":3.0},{"damage":5.0,"enemies":"Spheric Guardian","floor":21.0,"turns":3.0},{"damage":18.0,"enemies":"Snake Plant","floor":22.0,"turns":4.0},{"damage":27.0,"enemies":"Gremlin Leader","floor":24.0,"turns":4.0},{"damage":0.0,"enemies":"Snecko","floor":25.0,"turns":3.0},{"damage":7.0,"enemies":"Cultist and Chosen","floor":29.0,"turns":7.0},{"damage":10,"enemies":"Book of Stabbing","floor":30,"turns":4},{"damage":0,"enemies":"Shelled Parasite and Fungi","floor":31,"turns":4},{"damage":45,"enemies":"Collector","floor":33,"turns":5}],"seed_played":"-4714321214795311779","potions_obtained":[{"floor":1.0,"key":"Dexterity Potion"},{"floor":10.0,"key":"Swift Potion"},{"floor":16.0,"key":"Ancient Potion"},{"floor":22.0,"key":"Strength Potion"},{"floor":25.0,"key":"SteroidPotion"},{"floor":29.0,"key":"Energy Potion"},{"floor":31,"key":"SpeedPotion"}],"is_trial":false,"path_per_floor":["M","$","?","?","T","E","R","E","T","E","$","R","?","M","R","B",null,"M","$","?","M","M","R","E","M","T","$","$","M","E","M","R","B"],"character_chosen":"THE_SILENT","items_purchased":["Jack Of All Trades","PreservedInsect","Blade Dance","Mind Blast","Art of War","Dream Catcher"],"campfire_rested":4,"item_purchase_floors":[2,11,19,19,27,27],"current_hp_per_floor":[74,74,74,74,74,41,64,32,32,1,1,24,24,23,46,22,77,70,70,70,65,47,47,20,20,20,20,20,13,3,3,26,0,0],"gold":122,"neow_bonus":"TEN_PERCENT_HP_BONUS","is_daily":false,"chose_seed":false,"campfire_upgraded":1,"win_rate":0.0,"timestamp":1608772767,"path_taken":["M","$","?","?","?","E","R","E","T","E","$","R","?","M","R","BOSS","M","?","?","M","M","R","E","?","T","?","$","?","E","M","R","BOSS"],"items_purchased_type":["Card","Relic","Card","Card","Relic","Relic"],"build_version":"2020-12-22","purchased_purges":1,"victory":false,"max_hp_per_floor":[77,77,77,77,77,77,77,77,77,77,77,77,77,77,77,77,77,77,77,77,77,77,77,77,77,77,77,77,77,77,77,77,77,77],"card_choices":[{"not_picked":["Dash","Concentrate"],"picked":"Accuracy","floor":1.0},{"not_picked":["Poisoned Stab","Acrobatics"],"picked":"Storm of Steel","floor":6.0},{"not_picked":["Sucker Punch","Acrobatics"],"picked":"PiercingWail","floor":8.0},{"not_picked":["Setup","Deflect"],"picked":"Sucker Punch","floor":10.0},{"not_picked":["Deflect","Reflex"],"picked":"Die Die Die","floor":14.0},{"not_picked":["Phantasmal Killer","After Image+1"],"picked":"Bullet Time","floor":16.0},{"not_picked":["Bouncing Flask","Deadly Poison"],"picked":"Terror","floor":18.0},{"not_picked":["Deadly Poison","Expertise"],"picked":"PiercingWail","floor":21.0},{"not_picked":["Backflip","Dagger Throw"],"picked":"Flying Knee","floor":22.0},{"not_picked":["Bullet Time","Dash"],"picked":"Backflip+1","floor":24.0},{"not_picked":["Riddle With Holes","Flying Knee"],"picked":"Dash+1","floor":25.0},{"not_picked":["Expertise","Setup"],"picked":"Calculated Gamble","floor":29.0},{"not_picked":["Deflect","Reflex"],"picked":"Eviscerate+1","floor":30},{"not_picked":["Masterful Stab","Acrobatics"],"picked":"Concentrate","floor":31},{"not_picked":["Flying Knee","PiercingWail"],"picked":"After Image+1","floor":32}],"player_experience":238715,"relics_obtained":[{"floor":5.0,"key":"Pen Nib"},{"floor":6.0,"key":"Ninja Scroll"},{"floor":8.0,"key":"The Courier"},{"floor":9.0,"key":"Frozen Egg 2"},{"floor":10.0,"key":"Gremlin Horn"},{"floor":17.0,"key":"Snake Skull"},{"floor":17.0,"key":"Darkstone Periapt"},{"floor":17.0,"key":"Girya"},{"floor":24.0,"key":"Ginger"},{"floor":26.0,"key":"HollowMod:PaleOreRelic"},{"floor":30,"key":"Lantern"}],"event_choices":[{"damage_healed":0.0,"max_hp_gain":0.0,"max_hp_loss":0.0,"gold_gain":0.0,"event_name":"Golden Wing","player_choice":"Ignored","floor":3.0,"gold_loss":0.0,"damage_taken":0.0},{"damage_healed":0.0,"max_hp_gain":0.0,"max_hp_loss":0.0,"gold_gain":0.0,"event_name":"Golden Idol","player_choice":"Take Wound","floor":4.0,"gold_loss":0.0,"damage_taken":0.0,"relics_obtained":["Golden Idol"],"cards_obtained":["Injury"]},{"damage_healed":0.0,"max_hp_gain":0.0,"max_hp_loss":0.0,"gold_gain":100.0,"event_name":"Wheel of Change","player_choice":"Gold","floor":13.0,"gold_loss":0.0,"damage_taken":0.0},{"damage_healed":0.0,"max_hp_gain":0.0,"max_hp_loss":0.0,"gold_gain":0.0,"event_name":"Match and Keep!","player_choice":"0 cards matched","floor":20.0,"gold_loss":0.0,"damage_taken":0.0,"cards_obtained":[]}],"is_beta":false,"boss_relics":[{"not_picked":["Astrolabe","Ring of the Serpent"],"picked":"Calling Bell"}],"items_purged_floors":[19],"is_endless":false,"potions_floor_spawned":[1,10,16,22,25,29,31],"killed_by":"Collector","ascension_level":1}}