{"host":"dcj2yvrgcvh5dl2s","time":1608779761,"event":{"mods":["BaseMod","Better Note","Block Reminder","Colored Powertips","DeckTracker","Minty Spire (QoL Compilation)","Quick Restart","Rare Cards Sparkle","Relic Stats","StSLib"],"gold_per_floor":[111,8,25,42,56,88,88,116,116,130,130,130,163,180,180,278,278,293,304,313,313,341,383,383,383,383],"floor_reached":25,"playtime":2757,"items_purged":[],"score":279,"play_id":"885ea308-9771-45a2-88f3-3f8c620653b8","local_time":"20201224131601","is_ascension_mode":true,"campfire_choices":[{"floor":7,"key":"REST"},{"floor":11,"key":"REST"},{"floor":15,"key":"REST"},{"floor":24,"key":"REST"}],"circlet_count":0,"master_deck":["Strike_G","Strike_G","Strike_G","Strike_G","Strike_G","Defend_G","Defend_G","Defend_G","Defend_G","Defend_G","Survivor","Neutralize+1","Backflip","Catalyst","Bane","Bouncing Flask","Cloak And Dagger","Crippling Poison","Deadly Poison","Blade Dance+1","Envenom","Blade Dance+1","Adrenaline+1","Terror+1","Backflip+1","Writhe","Slice+1","Prepared+1"],"relics":["Ring of the Snake","Question Card","Pear","Toxic Egg 2","Smiling Mask","Sozu","CeramicFish","Nloth\u0027s Gift","Meat on the Bone"],"acts_visited":["Exordium","TheCity"],"potions_floor_usage":[8,8,16,16,18,23],"damage_taken":[{"damage":0,"enemies":"Cultist","floor":1,"turns":1},{"damage":0,"enemies":"Small Slimes","floor":3,"turns":1},{"damage":0,"enemies":"Jaw Worm","floor":4,"turns":1},{"damage":24,"enemies":"Lots of Slimes","floor":5,"turns":6},{"damage":21,"enemies":"Lagavulin","floor":6,"turns":5},{"damage":25,"enemies":"3 Sentries","floor":8,"turns":11},{"damage":9,"enemies":"Red Slaver","floor":10,"turns":3},{"damage":17,"enemies":"Lagavulin","floor":13,"turns":5},{"damage":6,"enemies":"Looter","floor":14,"turns":3},{"damage":36,"enemies":"Slime Boss","floor":16,"turns":9},{"damage":9,"enemies":"2 Thieves","floor":18,"turns":3},{"damage":10,"enemies":"Shell Parasite","floor":19,"turns":3},{"damage":39,"enemies":"Cultist and Chosen","floor":22,"turns":6},{"damage":19,"enemies":"Slavers","floor":23,"turns":5},{"damage":30,"enemies":"Gremlin Leader","floor":25,"turns":4}],"seed_played":"-9149358228913473116","potions_obtained":[{"floor":1,"key":"Fire Potion"},{"floor":5,"key":"Swift Potion"},{"floor":6,"key":"Block Potion"},{"floor":8,"key":"DuplicationPotion"},{"floor":14,"key":"Energy Potion"},{"floor":16,"key":"SneckoOil"}],"is_trial":false,"path_per_floor":["M","$","M","M","M","E","R","E","T","M","R","?","E","M","R","B",null,"M","M","?","?","M","E","R","E"],"character_chosen":"THE_SILENT","items_purchased":["Catalyst","Bane"],"campfire_rested":4,"item_purchase_floors":[2,2],"current_hp_per_floor":[70,70,70,70,46,25,46,31,31,22,46,46,29,23,47,11,80,71,61,61,61,22,3,27,0,0],"gold":383,"neow_bonus":"THREE_ENEMY_KILL","is_daily":false,"chose_seed":false,"campfire_upgraded":0,"win_rate":0.0,"timestamp":1608779761,"path_taken":["M","?","M","M","M","E","R","E","T","?","R","?","E","M","R","BOSS","M","M","?","?","?","E","R","E"],"items_purchased_type":["Card","Card"],"build_version":"2020-12-22","purchased_purges":0,"victory":false,"max_hp_per_floor":[70,70,70,70,70,70,70,80,80,80,80,80,80,80,80,80,80,80,80,80,80,80,80,80,80,80],"relic_stats":{"Sozu":1,"counters":[15,66],"CeramicFish":27,"Nloth\u0027s Gift":0,"Question Card":9,"Smiling Mask":0,"obtain_stats":[{"Sozu":17,"Pear":8,"NeowsBlessing":0,"CeramicFish":20,"Nloth\u0027s Gift":21,"Toxic Egg 2":9,"Question Card":6,"Smiling Mask":13,"Ring of the Snake":0,"Meat on the Bone":23},{"Sozu":10,"Pear":6,"NeowsBlessing":0,"CeramicFish":12,"Nloth\u0027s Gift":12,"Toxic Egg 2":6,"Question Card":5,"Smiling Mask":8,"Ring of the Snake":0,"Meat on the Bone":14},{"Sozu":45,"Pear":25,"NeowsBlessing":0,"CeramicFish":51,"Nloth\u0027s Gift":51,"Toxic Egg 2":25,"Question Card":14,"Smiling Mask":33,"Ring of the Snake":0,"Meat on the Bone":62}],"Ring of the Snake":[30],"Meat on the Bone":0},"card_choices":[{"not_picked":["Noxious Fumes","Quick Slash"],"picked":"Backflip","floor":1},{"not_picked":["Endless Agony","Masterful Stab","Tactician"],"picked":"SKIP","floor":3},{"not_picked":["Flying Knee","Noxious Fumes"],"picked":"Bouncing Flask","floor":4},{"not_picked":["Sucker Punch","Dagger Throw"],"picked":"Cloak And Dagger","floor":5},{"not_picked":["Flying Knee","Noxious Fumes"],"picked":"Crippling Poison","floor":6},{"not_picked":["Dodge and Roll","PiercingWail","Masterful Stab"],"picked":"Deadly Poison","floor":8},{"not_picked":["Reflex+1","Flechettes","Dodge and Roll+1"],"picked":"Blade Dance+1","floor":10},{"not_picked":["Blur+1","Outmaneuver+1","PiercingWail+1"],"picked":"Envenom","floor":13},{"not_picked":["Outmaneuver+1","Poisoned Stab","Leg Sweep+1"],"picked":"Blade Dance+1","floor":14},{"not_picked":["Grand Finale","Malaise+1","Die Die Die"],"picked":"Adrenaline+1","floor":16},{"not_picked":["Poisoned Stab","Acrobatics+1","Sucker Punch"],"picked":"Terror+1","floor":18},{"not_picked":["Blur+1","Endless Agony","Slice"],"picked":"Backflip+1","floor":19},{"not_picked":["Riddle With Holes","Skewer","Terror+1"],"picked":"Slice+1","floor":22},{"not_picked":["Terror+1","Reflex+1","Wraith Form v2"],"picked":"Prepared+1","floor":23}],"player_experience":2027431,"relics_obtained":[{"floor":6,"key":"Question Card"},{"floor":8,"key":"Pear"},{"floor":9,"key":"Toxic Egg 2"},{"floor":13,"key":"Smiling Mask"},{"floor":23,"key":"Meat on the Bone"}],"event_choices":[{"damage_healed":0,"gold_gain":0,"player_choice":"Grow","damage_taken":0,"max_hp_gain":0,"max_hp_loss":0,"event_name":"Living Wall","floor":12,"gold_loss":0,"cards_upgraded":["Neutralize"]},{"damage_healed":0,"gold_gain":0,"player_choice":"Opened","damage_taken":0,"relics_obtained":["CeramicFish"],"max_hp_gain":0,"max_hp_loss":0,"event_name":"The Mausoleum","floor":20,"gold_loss":0,"cards_obtained":["Writhe"]},{"damage_healed":0,"gold_gain":0,"player_choice":"Traded Relic","damage_taken":0,"relics_obtained":["Nloth\u0027s Gift"],"max_hp_gain":0,"max_hp_loss":0,"event_name":"N\u0027loth","floor":21,"relics_lost":["NeowsBlessing"],"gold_loss":0}],"is_beta":false,"boss_relics":[{"not_picked":["Fusion Hammer","Calling Bell"],"picked":"Sozu"}],"items_purged_floors":[],"is_endless":false,"potions_floor_spawned":[1,5,6,8,14,16,22],"killed_by":"Gremlin Leader","ascension_level":3}}