{"host":"oy4pyvr762z5n0bb","time":1608774926,"event":{"mods":["AchievementEnabler","BaseMod","Colored Map","Colored Powertips","Googly Eyes","Key Reminder","Minty Spire (QoL Compilation)","Quick Restart","Relic Sorter","StSLib","SuperFastMode","Unceasing Turn Reminder","slay the spire mod where everything is the same but ironclad has a cowboy hat"],"gold_per_floor":[113,113,131,5,80,80,106,141,141,141,141,153,0,13,13,108,108,122,122,136,150,169,169,169,169,192,202,202,202,233,233,233],"floor_reached":31,"playtime":597,"items_purged":["Normality"],"score":306,"play_id":"9648688c-5b96-4d63-aa85-a926cfaa307e","local_time":"20201223175526","is_ascension_mode":true,"campfire_choices":[{"data":"Bash","floor":6,"key":"SMITH"},{"floor":11,"key":"REST"},{"data":"Inflame","floor":15,"key":"SMITH"},{"floor":23,"key":"REST"},{"floor":25,"key":"REST"},{"floor":28,"key":"RECALL"}],"circlet_count":0,"master_deck":["Strike_R","Strike_R+1","Strike_R","Strike_R","Strike_R+1","Defend_R","Defend_R","Defend_R","Defend_R","Bash+1","Dropkick","Rage","Pommel Strike+1","Metallicize+1","Sentinel","Inflame+1","Hemokinesis","Cleave","Fiend Fire","True Grit","Armaments","Shrug It Off","Armaments+1","Headbutt","J.A.X.","Havoc"],"relics":["Burning Blood","Turnip","Happy Flower","Vajra","Shuriken","Charon\u0027s Ashes","Fusion Hammer","Whetstone","keyreminder:keyreminder","Bird Faced Urn"],"acts_visited":["Exordium","TheCity"],"potions_floor_usage":[21,22,22,24],"damage_taken":[{"damage":7,"enemies":"Jaw Worm","floor":1,"turns":3},{"damage":10,"enemies":"2 Louse","floor":3,"turns":3},{"damage":13,"enemies":"Gremlin Nob","floor":8,"turns":3},{"damage":6,"enemies":"Small Slimes","floor":12,"turns":3},{"damage":3,"enemies":"Looter","floor":14,"turns":3},{"damage":40,"enemies":"Hexaghost","floor":16,"turns":9},{"damage":24,"enemies":"2 Thieves","floor":18,"turns":4},{"damage":10,"enemies":"Chosen","floor":20,"turns":3},{"damage":27,"enemies":"Snake Plant","floor":21,"turns":4},{"damage":13,"enemies":"Cultist and Chosen","floor":22,"turns":6},{"damage":2,"enemies":"Snecko","floor":24,"turns":2},{"damage":8,"enemies":"3 Cultists","floor":27,"turns":4},{"damage":63,"enemies":"Gremlin Leader","floor":30,"turns":5},{"damage":23,"enemies":"Centurion and Healer","floor":31,"turns":4}],"seed_played":"-496504043976762007","potions_obtained":[{"floor":8,"key":"BloodPotion"},{"floor":18,"key":"SkillPotion"},{"floor":22,"key":"SmokeBomb"}],"is_trial":false,"path_per_floor":["M","?","M","$","?","R","T","E","T","?","R","M","$","M","R","B",null,"M","?","M","M","M","R","M","R","T","M","R","?","E","M"],"character_chosen":"IRONCLAD","items_purchased":["Pommel Strike","Inflame","Hemokinesis"],"campfire_rested":3,"item_purchase_floors":[4,13,13],"current_hp_per_floor":[79,67,63,63,52,52,52,45,45,29,53,53,53,56,56,22,80,62,50,46,41,34,58,62,80,80,78,78,78,21,0,0],"gold":233,"neow_bonus":"ONE_RARE_RELIC","is_daily":false,"chose_seed":false,"campfire_upgraded":2,"win_rate":0.0,"timestamp":1608774926,"path_taken":["M","?","M","$","?","R","?","E","T","?","R","M","?","?","R","BOSS","M","?","M","?","M","R","M","R","T","M","R","?","E","M"],"items_purchased_type":["Card","Card","Card"],"build_version":"2020-12-22","purchased_purges":1,"victory":false,"max_hp_per_floor":[80,80,80,80,80,80,80,80,80,80,80,80,80,80,80,80,80,80,80,80,80,80,80,80,80,80,80,80,80,80,80,80],"card_choices":[{"not_picked":["Havoc","Perfected Strike"],"picked":"Dropkick","floor":1},{"not_picked":["Perfected Strike","Body Slam"],"picked":"Rage","floor":3},{"not_picked":["Uppercut","Shockwave"],"picked":"Metallicize","floor":8},{"not_picked":["Iron Wave","Body Slam"],"picked":"Sentinel","floor":12},{"not_picked":["Headbutt","Wild Strike"],"picked":"Cleave","floor":14},{"not_picked":["Offering","Corruption"],"picked":"Fiend Fire","floor":16},{"not_picked":["Burning Pact","Warcry+1"],"picked":"True Grit","floor":18},{"not_picked":["Warcry","Body Slam"],"picked":"Armaments","floor":20},{"not_picked":["Cleave+1","Heavy Blade+1"],"picked":"Shrug It Off","floor":21},{"not_picked":["Infernal Blade","Dropkick"],"picked":"Armaments+1","floor":22},{"not_picked":["Warcry","Armaments"],"picked":"Headbutt","floor":27},{"not_picked":["Bludgeon","Headbutt+1"],"picked":"Havoc","floor":30}],"player_experience":554768,"relics_obtained":[{"floor":7,"key":"Vajra"},{"floor":8,"key":"Shuriken"},{"floor":9,"key":"Charon\u0027s Ashes"},{"floor":26,"key":"Whetstone"},{"floor":30,"key":"Bird Faced Urn"}],"event_choices":[{"damage_healed":0,"gold_gain":0,"player_choice":"Success","damage_taken":12,"relics_obtained":["Happy Flower"],"max_hp_gain":0,"max_hp_loss":0,"event_name":"Scrap Ooze","floor":2,"gold_loss":0},{"damage_healed":0,"gold_gain":75,"player_choice":"Gather Gold","damage_taken":11,"max_hp_gain":0,"max_hp_loss":0,"event_name":"World of Goop","floor":5,"gold_loss":0},{"damage_healed":0,"gold_gain":0,"player_choice":"Entered Light","damage_taken":16,"max_hp_gain":0,"max_hp_loss":0,"event_name":"Shining Light","floor":10,"gold_loss":0,"cards_upgraded":["Metallicize","Strike_R"]},{"damage_healed":0,"gold_gain":0,"player_choice":"POTION ","damage_taken":12,"max_hp_gain":0,"max_hp_loss":0,"event_name":"Knowing Skull","floor":19,"potions_obtained":["SkillPotion"],"gold_loss":0,"cards_obtained":[]},{"damage_healed":0,"gold_gain":0,"player_choice":"Obtain J.A.X.","damage_taken":0,"max_hp_gain":0,"max_hp_loss":0,"event_name":"Drug Dealer","floor":29,"gold_loss":0,"cards_obtained":["J.A.X."]}],"is_beta":false,"boss_relics":[{"not_picked":["Tiny House","Runic Cube"],"picked":"Fusion Hammer"}],"items_purged_floors":[4],"is_endless":false,"potions_floor_spawned":[8,18,20,22,24],"killed_by":"Centurion and Healer","ascension_level":4}}