{"host":"hd496gdorkfoob6n","time":1608783989,"event":{"mods":["2.2 Compatiblity","BaseMod","Colored Map","Downfall","Minty Spire (QoL Compilation)","StSLib"],"gold_per_floor":[11,31,62,62,75,75,108,108,185,38,53,53,53],"floor_reached":12,"playtime":1096,"items_purged":["Strike_R"],"score":80,"play_id":"8ce1a09c-2c96-4155-acf8-b5b559aa379f","local_time":"20201223232629","is_ascension_mode":false,"campfire_choices":[{"data":"Magnetism","floor":6.0,"key":"SMITH"},{"floor":8.0,"key":"REST"}],"circlet_count":0,"master_deck":["Strike_R","Strike_R","Strike_R","Strike_R","Defend_R","Defend_R","Defend_R","Defend_R","Bash","Magnetism+1","Seeing Red","Headbutt","Spot Weakness","Disarm"],"relics":["Burning Blood","Golden Idol","Bird Faced Urn","Pantograph"],"acts_visited":["Exordium"],"potions_floor_usage":[],"damage_taken":[{"damage":7.0,"enemies":"2 Louse","floor":1.0,"turns":3.0},{"damage":2.0,"enemies":"Small Slimes","floor":2.0,"turns":5.0},{"damage":15.0,"enemies":"Jaw Worm","floor":3.0,"turns":6.0},{"damage":23.0,"enemies":"Exordium Wildlife","floor":5.0,"turns":7.0},{"damage":40.0,"enemies":"Gremlin Nob","floor":7.0,"turns":5.0},{"damage":3.0,"enemies":"3 Louse","floor":11.0,"turns":5.0},{"damage":45,"enemies":"3 Sentries","floor":12,"turns":4}],"seed_played":"-5770175345601783706","potions_obtained":[{"floor":3.0,"key":"Weak Potion"},{"floor":5.0,"key":"BloodPotion"},{"floor":7.0,"key":"SteroidPotion"},{"floor":11,"key":"Strength Potion"}],"is_trial":false,"path_per_floor":["M","M","M","?","M","R","E","R","T","$","M","E"],"character_chosen":"IRONCLAD","items_purchased":["Disarm"],"campfire_rested":1,"item_purchase_floors":[10],"current_hp_per_floor":[79,80,71,51,34,34,16,40,40,40,45,0,0],"gold":53,"neow_bonus":"RANDOM_COLORLESS_2","is_daily":false,"chose_seed":false,"campfire_upgraded":1,"win_rate":0.0,"timestamp":1608783989,"path_taken":["M","M","M","?","M","R","E","R","T","$","M","E"],"items_purchased_type":["Card"],"build_version":"2020-12-13","purchased_purges":1,"victory":false,"max_hp_per_floor":[80,80,80,80,80,80,80,80,80,80,80,80,80],"card_choices":[{"not_picked":["The Bomb","expansioncontent:QuickStudy"],"picked":"Magnetism","floor":0.0},{"not_picked":["Dropkick","Body Slam"],"picked":"Seeing Red","floor":1.0},{"not_picked":["Shockwave","Hemokinesis","Thunderclap"],"picked":"SKIP","floor":2.0},{"not_picked":["Clash","Warcry"],"picked":"Headbutt","floor":3.0},{"not_picked":["Second Wind","Fire Breathing"],"picked":"Spot Weakness","floor":5.0},{"not_picked":["Anger","Cleave","Inflame"],"picked":"SKIP","floor":7.0},{"not_picked":["Cleave","Feel No Pain","Combust"],"picked":"SKIP","floor":11}],"player_experience":84916,"relics_obtained":[{"floor":7.0,"key":"Bird Faced Urn"},{"floor":9.0,"key":"Pantograph"}],"event_choices":[{"damage_healed":0.0,"max_hp_gain":0.0,"max_hp_loss":0.0,"gold_gain":0.0,"event_name":"Golden Idol","player_choice":"Take Damage","floor":4.0,"gold_loss":0.0,"damage_taken":20.0,"relics_obtained":["Golden Idol"]}],"is_beta":false,"boss_relics":[],"items_purged_floors":[10],"is_endless":false,"potions_floor_spawned":[3,5,7,11],"killed_by":"3 Sentries","ascension_level":0}}