{"host":"bp73yv6vym73vckj","time":1608828377,"event":{"mods":["BaseMod","Colored Powertips","Conspire","Downfall","Hermit","Highlight Path","Hubris","Infinite Spire","Ironclad Rager","Minty Spire (QoL Compilation)","Quick Restart","Replay The Spire","StSLib","The Construct","The Cursed","The Hierophant","The IronCluck","The Runesmith"],"gold_per_floor":[99,116,133,150,32,32,57,57,157,7,32,32,69,94,129,245,245,245,279,279,394,79,160,237,270,220,270,102,192,287,346,389,548,548,548,614,144,544,594,668,668,668,723,773,401,508,508,595,595,595,595],"floor_reached":49,"playtime":3272,"items_purged":["ReplayTheSpireMod:Restless Dread"],"score":889,"play_id":"fb6c8641-ee63-4197-8389-0a562cbc1f55","local_time":"20201224114617","is_ascension_mode":true,"campfire_choices":[{"floor":1,"key":"RECALL"},{"data":"Guardian:Orbwalk","floor":10,"key":"SMITH"},{"floor":12,"key":"REST"},{"floor":18,"key":"DIG"},{"floor":35,"key":"DIG"},{"floor":42,"key":"DIG"}],"circlet_count":0,"master_deck":["Guardian:Strike_Guardian","Guardian:Strike_Guardian","Guardian:Strike_Guardian","Guardian:Strike_Guardian","Guardian:Defend_Guardian","Guardian:Defend_Guardian","Guardian:Defend_Guardian","Guardian:Defend_Guardian","Guardian:CurlUp","Guardian:TwinSlam","Guardian:Incinerate","Guardian:ShieldCharger","Guardian:PiercingHide","Guardian:Orbwalk+1","Guardian:ArmoredProtocol","Guardian:ShieldCharger","Guardian:Clone","hubris:Greed","hubris:Greed","Guardian:MultiBeam","hubris:Greed","Guardian:PrimingBeam","Guardian:Planning+1","Guardian:TimeCapacitor","Guardian:WalkerClaw","Guardian:PrismaticBarrier","Guardian:Recover","conspire:SpireCoStock","conspire:SpireCoStock","Guardian:Strike_Guardian","Guardian:Strike_Guardian","Guardian:Strike_Guardian","Guardian:Defend_Guardian","Guardian:Defend_Guardian","Guardian:Defend_Guardian","Guardian:Defend_Guardian","Guardian:CurlUp","Guardian:TwinSlam","Guardian:Incinerate","Guardian:ShieldCharger","Guardian:PiercingHide","Guardian:Orbwalk+1","Guardian:ArmoredProtocol","Guardian:ShieldCharger","Guardian:Clone","hubris:Greed","hubris:Greed","Guardian:MultiBeam","hubris:Greed","Guardian:PrimingBeam","Guardian:Planning+1","Guardian:TimeCapacitor","Guardian:WalkerClaw","Guardian:Recover","conspire:SpireCoStock","conspire:SpireCoStock","Guardian:Planning","Guardian:FuturePlans+1","Guardian:Suspension+1","Guardian:SpikerProtocol","Guardian:TimeSifter","Guardian:Suspension","Guardian:Recover+1","Guardian:WalkerClaw+1","Voices","hubris:Greed","Regret","Spreading Infection","Guardian:PiercingHide","Guardian:Aged","Parasite","Guardian:TimeBomb+1","Guardian:GemFire+1","Guardian:StasisField","Mayhem","expansioncontent:ManipulateTime","Guardian:BronzeOrb+1","Doubt","Guardian:TemporalShield+1","Guardian:Reroute+1","hubris:Greed","Guardian:Gem_Red"],"relics":["Guardian:ModeShifter","Torii","Guardian:PickAxe","Pantograph","downfall:HeartBlessingRed","downfall:HeartBlessingBlue","Runesmith:Locket","CaptainsWheel","hubris:CrackedHourglass","Replay:Multitool","Letter Opener","downfall:CloakOfManyFaces","CultistMask","FaceOfCleric","NlothsMask","GremlinMask","SsserpentHead","Guardian:StasisUpgradeRelic","infinitespire:Satchel","Molten Egg 2","Bottled Lightning","Cursed Key","Sundial","Replay:PocketPolymizer","conspire:TreasureMap","Ring of Greed","ReplayTheSpireMod:Ring of Challenge","Membership Card","Old Coin","PreservedInsect","Nunchaku","Strange Spoon","infinitespire:PuzzleCube"],"acts_visited":["Exordium","TheCity","TheBeyond"],"potions_floor_usage":[48],"damage_taken":[{"damage":1,"enemies":"Cultist","floor":2,"turns":4},{"damage":2,"enemies":"Jaw Worm","floor":3,"turns":5},{"damage":0,"enemies":"2 Louse","floor":4,"turns":3},{"damage":3,"enemies":"downfall:FleeingMerchant","floor":5,"turns":4},{"damage":13,"enemies":"3 Sentries","floor":11,"turns":8},{"damage":14,"enemies":"Lagavulin","floor":13,"turns":10},{"damage":0,"enemies":"Exordium Wildlife","floor":14,"turns":4},{"damage":7,"enemies":"Red Slaver","floor":15,"turns":4},{"damage":30,"enemies":"downfall:Silent","floor":16,"turns":8},{"damage":0,"enemies":"3 Byrds","floor":19,"turns":5},{"damage":1,"enemies":"downfall:FaceTrader","floor":21,"turns":12},{"damage":0,"enemies":"downfall:FleeingMerchant","floor":22,"turns":4},{"damage":15,"enemies":"Snecko","floor":23,"turns":6},{"damage":13,"enemies":"Snake Plant","floor":25,"turns":6},{"damage":4,"enemies":"downfall:FleeingMerchant","floor":28,"turns":4},{"damage":16,"enemies":"Nightmare","floor":29,"turns":9},{"damage":13,"enemies":"Shelled Parasite and Fungi","floor":30,"turns":5},{"damage":15,"enemies":"Replay:Snechameleon","floor":31,"turns":6},{"damage":6,"enemies":"Snecko","floor":32,"turns":6},{"damage":33,"enemies":"downfall:Ironclad","floor":33,"turns":9},{"damage":20,"enemies":"3 Darklings","floor":36,"turns":6},{"damage":0,"enemies":"downfall:FleeingMerchant","floor":37,"turns":4},{"damage":36,"enemies":"3 Shapes","floor":40,"turns":6},{"damage":44,"enemies":"Writhing Mass","floor":43,"turns":7},{"damage":19,"enemies":"downfall:FleeingMerchant","floor":45,"turns":4},{"damage":27,"enemies":"Sphere and 2 Shapes","floor":46,"turns":4},{"damage":7,"enemies":"Nemesis","floor":48,"turns":7},{"damage":74,"enemies":"Transient","floor":49,"turns":5}],"seed_played":"-1361846882935935214","potions_obtained":[{"floor":2,"key":"SkillPotion"},{"floor":11,"key":"Block Potion"},{"floor":13,"key":"LiquidBronze"},{"floor":23,"key":"PowerPotion"},{"floor":46,"key":"Guardian:AcceleratePotion"}],"is_trial":false,"path_per_floor":["R","M","M","M","$","?","T","T","?","R","E","R","E","M","M","B",null,"R","M","T","?","$","M","T","M","?","?","$","NM","M","E","M","B",null,"R","M","$","?","?","M","T","R","M","?","$","M","R","E","M"],"character_chosen":"GUARDIAN","items_purchased":["Guardian:ArmoredProtocol","Guardian:ShieldCharger","Guardian:StasisUpgradeRelic","Guardian:PrismaticBarrier","Guardian:Gem_Crimson","infinitespire:Satchel","Replay:PocketPolymizer","conspire:TreasureMap","Guardian:WalkerClaw+1","Strange Spoon","Guardian:StasisField","Mayhem","expansioncontent:ManipulateTime","Guardian:BronzeOrb+1"],"campfire_rested":1,"item_purchase_floors":[5,5,22,22,22,28,37,37,37,45,45,45,45,45],"current_hp_per_floor":[80,79,77,77,74,62,62,62,62,72,59,86,72,72,65,60,90,90,90,90,89,90,76,76,64,64,64,61,46,34,20,15,8,99,99,80,81,81,81,46,46,46,3,103,85,59,59,53,0,0,0],"gold":595,"neow_bonus":"ONE_RARE_RELIC","is_daily":false,"chose_seed":false,"campfire_upgraded":1,"win_rate":0.0,"timestamp":1608828377,"path_taken":["R","M","M","M","$","?","T","?","?","R","E","R","E","?","M","BOSS","R","M","?","?","$","?","T","M","?","?","$","NM","?","E","M","BOSS","R","M","$","?","?","M","T","R","M","?","$","?","R","E","M"],"items_purchased_type":["Card","Card","Relic","Card","Card","Relic","Relic","Relic","Card","Relic","Card","Card","Card","Card"],"build_version":"2020-12-22","purchased_purges":1,"victory":false,"max_hp_per_floor":[80,80,80,80,80,80,80,80,80,90,90,90,90,90,90,90,90,90,90,90,90,91,92,92,93,93,93,94,95,96,97,98,99,99,99,100,101,101,101,102,102,102,103,103,104,105,105,106,106,106,106],"card_choices":[{"not_picked":["Guardian:VentSteam","Guardian:PrimingBeam"],"picked":"Guardian:Incinerate","floor":2},{"not_picked":["Guardian:Incinerate","Guardian:PrimingBeam"],"picked":"Guardian:ShieldCharger","floor":3},{"not_picked":["Guardian:VentSteam","Guardian:TemporalStrike"],"picked":"Guardian:PiercingHide","floor":4},{"not_picked":["Guardian:ChargeUp","Guardian:Reroute"],"picked":"Guardian:Orbwalk","floor":5},{"not_picked":["Guardian:HyperBeam_Guardian","Guardian:Planning"],"picked":"Guardian:Clone","floor":11},{"not_picked":["Guardian:TimeBomb","Guardian:PrimingBeam"],"picked":"Guardian:Gem_Blue","floor":13},{"not_picked":["Guardian:TemporalStrike","Guardian:SentryBeam"],"picked":"Guardian:MultiBeam","floor":14},{"not_picked":["Guardian:RollAttack","Guardian:BronzeArmor"],"picked":"Guardian:PrimingBeam","floor":15},{"not_picked":["Guardian:FastForward","Guardian:HyperBeam_Guardian"],"picked":"Guardian:Gem_Orange","floor":16},{"not_picked":["Guardian:PrimingBeam","Guardian:Gem_Lightblue"],"picked":"Guardian:Planning+1","floor":19},{"not_picked":["Guardian:TemporalShield","Guardian:PrismaticBeam"],"picked":"Guardian:TimeCapacitor","floor":21},{"not_picked":["Guardian:Gem_White","Guardian:PrimingBeam"],"picked":"Guardian:WalkerClaw","floor":22},{"not_picked":["Guardian:RefractedBeam","Guardian:GuardianWhirl+1"],"picked":"Guardian:Recover","floor":23},{"not_picked":["Guardian:ArmoredProtocol+1","Guardian:GemFire"],"picked":"Guardian:Gem_Yellow","floor":25},{"not_picked":["Guardian:TimeCapacitor","Guardian:Gem_Lightblue"],"picked":"Guardian:Planning","floor":28},{"not_picked":["Guardian:Gem_Blue","Guardian:DonusPower"],"picked":"Guardian:FuturePlans+1","floor":29},{"not_picked":["Guardian:Gem_Red","Guardian:CrystalBeam+1"],"picked":"Guardian:Suspension+1","floor":30},{"not_picked":["Guardian:Emergency","Guardian:PrismaticBarrier"],"picked":"Guardian:SpikerProtocol","floor":31},{"not_picked":["Guardian:ShieldSpikes","Guardian:RefractedBeam+1","Guardian:Gem_Cyan"],"picked":"SKIP","floor":32},{"not_picked":["Guardian:Gem_Orange","Guardian:HyperBeam_Guardian+1"],"picked":"Guardian:TimeSifter","floor":33},{"not_picked":["Guardian:Gem_Green","Guardian:Harden"],"picked":"Guardian:Suspension","floor":36},{"not_picked":["Guardian:Planning+1","Guardian:VentSteam+1"],"picked":"Guardian:Recover+1","floor":37},{"not_picked":["Guardian:VentSteam+1","Guardian:Reroute+1"],"picked":"Guardian:PiercingHide","floor":40},{"not_picked":["Guardian:Gem_Green","Guardian:Suspension"],"picked":"Guardian:TimeBomb+1","floor":43},{"not_picked":["Guardian:VentSteam+1","Guardian:Gem_Fragmented"],"picked":"Guardian:GemFire+1","floor":45},{"not_picked":["Guardian:ChargeCore+1","Guardian:PiercingHide+1"],"picked":"Guardian:TemporalShield+1","floor":46},{"not_picked":["Guardian:VentSteam+1","Guardian:Gem_White"],"picked":"Guardian:Gem_Red","floor":48}],"player_experience":988635,"relics_obtained":[{"floor":8,"key":"Pantograph"},{"floor":11,"key":"Runesmith:Locket"},{"floor":13,"key":"CaptainsWheel"},{"floor":18,"key":"Replay:Multitool"},{"floor":20,"key":"Letter Opener"},{"floor":21,"key":"downfall:CloakOfManyFaces"},{"floor":29,"key":"Molten Egg 2"},{"floor":31,"key":"Bottled Lightning"},{"floor":35,"key":"Sundial"},{"floor":38,"key":"Ring of Greed"},{"floor":38,"key":"ReplayTheSpireMod:Ring of Challenge"},{"floor":38,"key":"Membership Card"},{"floor":38,"key":"Old Coin"},{"floor":41,"key":"PreservedInsect"},{"floor":42,"key":"Nunchaku"},{"floor":48,"key":"infinitespire:PuzzleCube"}],"event_choices":[{"damage_healed":0,"gold_gain":0,"player_choice":"Invest 2","damage_taken":0,"max_hp_gain":0,"max_hp_loss":0,"event_name":"conspire:Investor","floor":26,"gold_loss":0},{"damage_healed":100,"gold_gain":0,"player_choice":"Full Heal","damage_taken":0,"max_hp_gain":0,"max_hp_loss":0,"event_name":"Wheel of Change","floor":44,"gold_loss":0}],"is_beta":false,"boss_relics":[{"not_picked":["hubris:HollowSoul","Guardian:StasisSlotReductionRelic"],"picked":"hubris:CrackedHourglass"},{"not_picked":["Runic Pyramid","Tiny House"],"picked":"Cursed Key"}],"items_purged_floors":[45],"is_endless":true,"potions_floor_spawned":[2,11,13,23,25,29,30,31,32,40,43,46],"killed_by":"Transient","ascension_level":1}}