{"host":"4akf6f7tvzk9vus6","time":1608803614,"event":{"mods":["BaseMod","Downfall","Minty Spire (QoL Compilation)","StSLib"],"gold_per_floor":[113,113,20,34,34,63,10,10,10,27,53,63,63,63,63,167,167,180,180,194,293,293,323,342,372,372,372,389,401,401,418,418,522,522,538,538,556,556,567,567,601,621,645,645,658,119,47,60,60,60],"floor_reached":51,"playtime":7540,"items_purged":["Malaise"],"score":890,"play_id":"9dc7d3dc-7c74-48e6-a057-98cdb67e6320","local_time":"20201224035334","is_ascension_mode":true,"campfire_choices":[{"data":"Envenom","floor":8,"key":"SMITH"},{"data":"Blade Dance","floor":13,"key":"SMITH"},{"data":"Blur","floor":15,"key":"SMITH"},{"floor":27,"key":"REST"},{"floor":30,"key":"REST"},{"data":"Envenom","floor":32,"key":"SMITH"},{"data":"After Image","floor":40,"key":"SMITH"},{"data":"Deflect","floor":44,"key":"SMITH"},{"data":"Accuracy","floor":49,"key":"SMITH"}],"circlet_count":0,"master_deck":["Survivor","Neutralize","Escape Plan","Accuracy+1","Prepared","Slice","Envenom+1","Backflip","Quick Slash+1","Blur+1","Blade Dance+1","Envenom+1","Backstab+1","Neutralize","Acrobatics","Cloak And Dagger+1","Blur","Deflect+1","Escape Plan","Cloak And Dagger","Acrobatics","Storm of Steel","Corpse Explosion","Sucker Punch","Bane","After Image+1","Dash","Malaise","Bouncing Flask","Deflect+1","Backflip+1","Acrobatics+1","Adrenaline","Cloak And Dagger+1","Footwork","Noxious Fumes+1"],"relics":["Ring of the Snake","Gambling Chip","Pantograph","Omamori","HoveringKite","Nloth\u0027s Gift","Darkstone Periapt","Thread and Needle","Nunchaku","Pandora\u0027s Box","Whetstone","Dream Catcher","Anchor","Dead Branch"],"acts_visited":["Exordium","TheCity","TheBeyond"],"potions_floor_usage":[20,23,23,33,35],"damage_taken":[{"damage":0,"enemies":"2 Louse","floor":1,"turns":1},{"damage":0,"enemies":"Cultist","floor":4,"turns":1},{"damage":0,"enemies":"3 Sentries","floor":6,"turns":2},{"damage":0,"enemies":"Small Slimes","floor":10,"turns":4},{"damage":30,"enemies":"Gremlin Nob","floor":11,"turns":5},{"damage":9,"enemies":"Exordium Wildlife","floor":12,"turns":4},{"damage":19,"enemies":"Slime Boss","floor":16,"turns":9},{"damage":0,"enemies":"Chosen","floor":18,"turns":3},{"damage":16,"enemies":"Spheric Guardian","floor":20,"turns":4},{"damage":5,"enemies":"Slavers","floor":23,"turns":5},{"damage":10,"enemies":"Centurion and Healer","floor":24,"turns":6},{"damage":38,"enemies":"Book of Stabbing","floor":25,"turns":7},{"damage":1,"enemies":"Snake Plant","floor":28,"turns":4},{"damage":1,"enemies":"Shelled Parasite and Fungi","floor":29,"turns":5},{"damage":9,"enemies":"Centurion and Healer","floor":31,"turns":5},{"damage":6,"enemies":"Automaton","floor":33,"turns":9},{"damage":24,"enemies":"3 Darklings","floor":35,"turns":4},{"damage":0,"enemies":"3 Shapes","floor":37,"turns":4},{"damage":0,"enemies":"Writhing Mass","floor":39,"turns":7},{"damage":8,"enemies":"Nemesis","floor":41,"turns":7},{"damage":0,"enemies":"Maw","floor":42,"turns":6},{"damage":0,"enemies":"Sphere and 2 Shapes","floor":45,"turns":4},{"damage":8,"enemies":"3 Darklings","floor":48,"turns":4},{"damage":0,"enemies":"Donu and Deca","floor":50,"turns":9}],"seed_played":"4183103632923534108","potions_obtained":[{"floor":1,"key":"LiquidBronze"},{"floor":10,"key":"GamblersBrew"},{"floor":11,"key":"Dexterity Potion"},{"floor":16,"key":"ColorlessPotion"},{"floor":29,"key":"Guardian:BlockOnCardUsePotion"},{"floor":31,"key":"Regen Potion"},{"floor":33,"key":"Regen Potion"},{"floor":39,"key":"sneckomod:MuddlingPotion"},{"floor":42,"key":"CultistPotion"}],"is_trial":false,"path_per_floor":["M","?","$","M","?","E","$","R","T","M","E","M","R","?","R","B",null,"M","?","M","?","?","E","M","E","T","R","M","M","R","M","R","B",null,"M","?","M","?","M","R","E","M","T","R","M","$","$","M","R","B",null],"character_chosen":"THE_SILENT","items_purchased":["Accuracy","Prepared","Backflip","Anchor","Dead Branch","Footwork"],"campfire_rested":2,"item_purchase_floors":[3,3,7,46,46,47],"current_hp_per_floor":[70,70,70,70,63,63,63,63,63,63,33,24,24,47,47,51,70,70,70,54,54,54,49,39,1,1,22,21,20,41,32,32,63,70,55,70,70,70,70,70,62,62,62,62,62,62,62,54,54,70],"gold":60,"neow_bonus":"THREE_ENEMY_KILL","is_daily":false,"chose_seed":false,"campfire_upgraded":7,"win_rate":0.0,"timestamp":1608803614,"path_taken":["M","?","?","M","?","E","$","R","T","?","E","M","R","?","R","BOSS","M","?","?","?","?","E","M","E","T","R","M","M","R","?","R","BOSS","M","?","?","?","M","R","E","M","T","R","M","?","$","M","R","BOSS"],"items_purchased_type":["Card","Card","Card","Relic","Relic","Card"],"build_version":"2020-12-22","purchased_purges":1,"victory":true,"max_hp_per_floor":[70,70,70,70,70,70,70,70,70,70,70,70,70,70,70,70,70,70,70,70,70,70,70,70,70,70,70,70,70,70,70,70,70,70,70,70,70,70,70,70,70,70,70,70,70,70,70,70,70,70],"card_choices":[{"not_picked":["Eviscerate","PiercingWail"],"picked":"Escape Plan","floor":1},{"not_picked":["Outmaneuver","Flying Knee"],"picked":"Slice","floor":4},{"not_picked":["PiercingWail","Sucker Punch"],"picked":"Envenom","floor":6},{"not_picked":["Dagger Throw","Sucker Punch"],"picked":"Quick Slash","floor":10},{"not_picked":["Predator","Expertise"],"picked":"Blur","floor":11},{"not_picked":["Reflex","Quick Slash"],"picked":"Blade Dance","floor":12},{"not_picked":["Venomology","Die Die Die"],"picked":"Envenom","floor":16},{"not_picked":["PiercingWail","Underhanded Strike"],"picked":"Backstab","floor":18},{"not_picked":["Dagger Spray+1","Setup"],"picked":"Cloak And Dagger+1","floor":20},{"not_picked":["Envenom","Dash+1"],"picked":"Blur","floor":23},{"not_picked":["Bane+1","Predator"],"picked":"Deflect","floor":24},{"not_picked":["Skewer","Storm of Steel"],"picked":"Escape Plan","floor":25},{"not_picked":["Bane","Dagger Throw"],"picked":"Deadly Poison","floor":28},{"not_picked":["Flying Knee","Bane"],"picked":"Cloak And Dagger","floor":29},{"not_picked":["Dash","Dagger Throw"],"picked":"Acrobatics","floor":31},{"not_picked":["Grand Finale","Phantasmal Killer"],"picked":"Storm of Steel","floor":33},{"not_picked":["Deadly Poison","Dodge and Roll"],"picked":"Deflect+1","floor":35},{"not_picked":["Prepared","Dodge and Roll"],"picked":"Backflip+1","floor":37},{"not_picked":["Dagger Throw","Sucker Punch"],"picked":"Acrobatics+1","floor":39},{"not_picked":["Caltrops","Eviscerate+1"],"picked":"Adrenaline","floor":41},{"not_picked":["Reflex+1","Flying Knee+1","Crippling Poison+1"],"picked":"SKIP","floor":42},{"not_picked":["Poisoned Stab","Sucker Punch"],"picked":"Cloak And Dagger+1","floor":45},{"not_picked":["Deflect+1","Choke"],"picked":"Noxious Fumes+1","floor":48}],"player_experience":274323,"relics_obtained":[{"floor":6,"key":"Gambling Chip"},{"floor":9,"key":"Pantograph"},{"floor":11,"key":"Omamori"},{"floor":23,"key":"Darkstone Periapt"},{"floor":25,"key":"Thread and Needle"},{"floor":26,"key":"Nunchaku"},{"floor":41,"key":"Whetstone"},{"floor":43,"key":"Dream Catcher"}],"event_choices":[{"cards_removed":["Strike_G"],"damage_healed":0,"gold_gain":0,"player_choice":"Card Removal","damage_taken":0,"max_hp_gain":0,"max_hp_loss":0,"event_name":"Wheel of Change","floor":2,"gold_loss":0},{"cards_removed":["Strike_G"],"damage_healed":0,"gold_gain":0,"player_choice":"Card Removal","damage_taken":7,"max_hp_gain":0,"max_hp_loss":0,"event_name":"Golden Wing","floor":5,"gold_loss":0},{"damage_healed":23,"gold_gain":0,"player_choice":"Banana","damage_taken":0,"max_hp_gain":0,"max_hp_loss":0,"event_name":"Big Fish","floor":14,"gold_loss":0},{"damage_healed":0,"gold_gain":0,"player_choice":"2 cards matched","damage_taken":0,"max_hp_gain":0,"max_hp_loss":0,"event_name":"Match and Keep!","floor":19,"gold_loss":0,"cards_obtained":["Neutralize","Acrobatics"]},{"damage_healed":0,"gold_gain":99,"player_choice":"Stole From Cult","damage_taken":0,"max_hp_gain":0,"max_hp_loss":0,"event_name":"Nest","floor":21,"gold_loss":0},{"damage_healed":0,"gold_gain":0,"player_choice":"Traded Relic","damage_taken":0,"relics_obtained":["Nloth\u0027s Gift"],"max_hp_gain":0,"max_hp_loss":0,"event_name":"N\u0027loth","floor":22,"relics_lost":["NeowsBlessing"],"gold_loss":0},{"damage_healed":15,"gold_gain":0,"player_choice":"Full Heal","damage_taken":0,"max_hp_gain":0,"max_hp_loss":0,"event_name":"Wheel of Change","floor":36,"gold_loss":0},{"cards_removed":["Deadly Poison"],"damage_healed":0,"gold_gain":0,"player_choice":"Removed Skill","damage_taken":0,"max_hp_gain":0,"max_hp_loss":0,"event_name":"Falling","floor":38,"gold_loss":0}],"is_beta":false,"boss_relics":[{"not_picked":["Astrolabe","Empty Cage"],"picked":"HoveringKite"},{"not_picked":["Runic Dome","Busted Crown"],"picked":"Pandora\u0027s Box"}],"items_purged_floors":[46],"is_endless":false,"potions_floor_spawned":[1,10,11,16,29,31,33,39,42,45],"ascension_level":3}}