{"host":"qhn6g0owdgjb77rz","time":1608783646,"event":{"mods":["BaseMod","Colored Map","Downfall","Minty Spire (QoL Compilation)","Relic Sorter","Replay The Spire","StSLib"],"gold_per_floor":[99,110,110,110,129,129,129,162,12,37,48,77,2,30,47,143,143,143,160,160,160,160,160,238,264,264,289,331,409,443,476,503,623,635,647,677,703,729,754,751,763,775,821,847,869,881,6,43,72,72,72,116,45,45,45],"floor_reached":56,"playtime":4617,"items_purged":[],"score":2006,"play_id":"ee9b7d3f-fb5e-4f16-a711-7d909e668a78","local_time":"20201224132046","is_ascension_mode":true,"campfire_choices":[{"floor":1.0,"key":"DIG"},{"floor":9.0,"key":"RECALL"},{"data":"hexamod:BurningTouch","floor":13.0,"key":"SMITH"},{"data":"hexamod:ExtraCrispy","floor":18.0,"key":"SMITH"},{"data":"hexamod:SpectralSpark","floor":18.0,"key":"SMITH"},{"data":"hexamod:SoulSteal","floor":23.0,"key":"SMITH"},{"data":"hexamod:Hexaguard","floor":23.0,"key":"SMITH"},{"data":"hexamod:FlamesFromBeyond","floor":26.0,"key":"SMITH"},{"data":"hexamod:Sear","floor":26.0,"key":"SMITH"},{"data":"hexamod:WildfireWeapon","floor":35.0,"key":"SMITH"},{"data":"hexamod:BurningTouch","floor":35.0,"key":"SMITH"},{"data":"hexamod:WildfireWeapon","floor":42,"key":"SMITH"},{"data":"hexamod:SoulSteal","floor":42,"key":"SMITH"},{"data":"hexamod:BurningTouch","floor":54,"key":"SMITH"},{"data":"hexamod:Hexaguard","floor":54,"key":"SMITH"}],"circlet_count":0,"master_deck":["hexamod:Strike","hexamod:Strike+1","hexamod:Strike","hexamod:Strike","hexamod:Defend","hexamod:Defend+1","hexamod:Defend","hexamod:Sear+1","hexamod:Float+1","hexamod:BurningTouch+1","hexamod:ExtraCrispy+1","Sickly","hexamod:RainOfEmbers+1","hexamod:SpectralSpark+1","hexamod:SoulSteal+1","hexamod:Hexaguard+1","Injury","Writhe","Overencumbered","hexamod:HeatShield+1","hexamod:FlamesFromBeyond+1","hexamod:FifthSeal","ReplayTheSpireMod:Splinters","hexamod:FlamesFromBeyond+1","hexamod:SoulSteal+1","hexamod:BurningTouch+1","hexamod:DynamicBlow+1","hexamod:Hexaguard+1","hexamod:BurningTouch+1","hexamod:WildfireWeapon+1","hexamod:Hexaguard+1","hexamod:SpectersWail+1","hexamod:RainOfEmbers+1","hexamod:WildfireWeapon+1","hexamod:ExtraCrispy+1","hexamod:Hexaguard","hexamod:DynamicBlow+1","hexamod:BurningTouch+1","Pain","hexamod:AdvancingGuard+1","hexamod:Incineration+1","hexamod:Hexaguard+1","hexamod:BurningTouch+1","hexamod:BurningTouch+1","hexamod:AdvancingGuard+1","hexamod:RecurringNightmare+1","hexamod:CrushingStance+1","hexamod:CrushingStance+1"],"relics":["hexamod:SpiritBrand","ReplayTheSpireMod:TigerMarble","Centennial Puzzle","Ring of Misfortune","Toy Ornithopter","downfall:HeartBlessingBlue","downfall:HeartBlessingGreen","Bird Faced Urn","Pet Ghost","downfall:HeartBlessingRed","Whetstone","Replay:Ancient Bell","hexamod:BolsterEngine","The Courier","Replay:Arrowhead","Mercury Hourglass","Snack Pack","Prayer Wheel","MawBank","hexamod:TheBrokenSeal","Coffee Dripper","Molten Egg 2","Mango","WarpedTongs","Replay:WaspNest","Strange Spoon","Happy Flower","Meat on the Bone","Bag of Marbles","Potion Belt","Art of War","CeramicFish","Unceasing Top"],"acts_visited":["Exordium","TheCity","TheBeyond","TheEnding"],"potions_floor_usage":[55,55,55,55],"damage_taken":[{"damage":1.0,"enemies":"Jaw Worm","floor":2.0,"turns":3.0},{"damage":0.0,"enemies":"2 Louse","floor":5.0,"turns":1.0},{"damage":11.0,"enemies":"Replay:BlueRogue","floor":8.0,"turns":3.0},{"damage":2.0,"enemies":"Gremlin Nob","floor":10.0,"turns":3.0},{"damage":0.0,"enemies":"Cultist","floor":11.0,"turns":3.0},{"damage":0.0,"enemies":"Replay:BlueRogue","floor":12.0,"turns":3.0},{"damage":7.0,"enemies":"Gremlin Nob","floor":14.0,"turns":3.0},{"damage":7.0,"enemies":"Blue Slaver","floor":15.0,"turns":2.0},{"damage":25.0,"enemies":"downfall:Defect","floor":16.0,"turns":6.0},{"damage":0.0,"enemies":"Shell Parasite","floor":19.0,"turns":3.0},{"damage":2.0,"enemies":"Slavers","floor":25.0,"turns":3.0},{"damage":0.0,"enemies":"Chosen","floor":27.0,"turns":3.0},{"damage":4.0,"enemies":"Replay:Snechameleon","floor":28.0,"turns":6.0},{"damage":0.0,"enemies":"Gremlin Leader","floor":30.0,"turns":6.0},{"damage":33.0,"enemies":"Shelled Parasite and Fungi","floor":31.0,"turns":4.0},{"damage":9.0,"enemies":"Snake Plant","floor":32.0,"turns":3.0},{"damage":39.0,"enemies":"downfall:Silent","floor":33.0,"turns":9.0},{"damage":3.0,"enemies":"3 Shapes","floor":36.0,"turns":3.0},{"damage":1.0,"enemies":"Orb Walker","floor":37.0,"turns":3.0},{"damage":6.0,"enemies":"Spire Growth","floor":38.0,"turns":3.0},{"damage":9.0,"enemies":"Maw","floor":39.0,"turns":6.0},{"damage":0.0,"enemies":"downfall:FleeingMerchant","floor":40.0,"turns":4.0},{"damage":53,"enemies":"Reptomancer","floor":43,"turns":4},{"damage":0,"enemies":"Writhing Mass","floor":44,"turns":3},{"damage":0,"enemies":"Spire Growth","floor":45,"turns":3},{"damage":6,"enemies":"downfall:FleeingMerchant","floor":47,"turns":3},{"damage":0,"enemies":"Giant Head","floor":48,"turns":6},{"damage":1,"enemies":"Sphere and 2 Shapes","floor":49,"turns":3},{"damage":0,"enemies":"downfall:Ironclad","floor":50,"turns":6},{"damage":31,"enemies":"downfall:CharBossMerchant","floor":52,"turns":6},{"damage":3,"enemies":"downfall:NeowBoss","floor":55,"turns":23}],"seed_played":"5096013429068729276","potions_obtained":[{"floor":5.0,"key":"SteroidPotion"},{"floor":8.0,"key":"Adrenaline Potion"},{"floor":10.0,"key":"CultistPotion"},{"floor":15.0,"key":"Ancient Potion"},{"floor":25.0,"key":"Milkshake"},{"floor":28.0,"key":"DuplicationPotion"},{"floor":28.0,"key":"BlessingOfTheForge"},{"floor":31.0,"key":"Fruit Juice"},{"floor":32.0,"key":"Death Potion"},{"floor":33.0,"key":"Fire Potion"}],"is_trial":false,"path_per_floor":["R_BF","M","?","?","M","?","T","E","R","E","M","E","R","E","M","B",null,"R","M","?","?","?","R","T","E","R","M","E","?","E","M","M","B",null,"R","M","M","M","M","$","T","R","E","M","M","?","$","E","M","B",null,"E","$","R","B",null],"character_chosen":"THE_SPIRIT","items_purchased":["hexamod:Incineration+1","Replay:WaspNest","Strange Spoon","Happy Flower","hexamod:Hexaguard","Meat on the Bone","Bag of Marbles","Potion Belt","Cursed Concoction","Art of War","Swift Potion","hexamod:CrushingStance+1"],"campfire_rested":0,"item_purchase_floors":[47,47,47,47,47,47,47,47,47,47,47,53],"current_hp_per_floor":[63,69,69,69,69,69,69,58,68,66,68,70,70,70,63,50,73,73,77,77,62,62,62,62,64,64,70,74,74,84,70,67,95,99,99,99,100,96,95,100,100,100,61,69,75,75,75,89,98,104,112,89,89,89,113],"gold":45,"neow_bonus":"RANDOM_COMMON_RELIC","is_daily":false,"chose_seed":false,"campfire_upgraded":13,"win_rate":0.0,"timestamp":1608783646,"path_taken":["R_BF","M","?","?","?","?","T","E","R","E","M","E","R","E","M","BOSS","R","M","?","?","?","R","T","E","R","M","E","?","E","?","M","BOSS","R","M","M","M","M","$","T","R","E","M","?","?","$","E","M","BOSS","E","$","R","BOSS"],"items_purchased_type":["Card","Relic","Relic","Relic","Card","Relic","Relic","Relic","Potion","Relic","Potion","Card"],"build_version":"2020-12-22","purchased_purges":0,"victory":true,"max_hp_per_floor":[70,70,70,70,70,70,70,70,80,80,80,80,80,80,80,80,80,80,80,80,85,85,85,85,85,85,85,85,85,85,90,90,100,100,100,100,100,100,100,100,100,100,114,114,114,114,114,114,114,114,114,114,114,114,114],"card_choices":[{"not_picked":["hexamod:GhostShield","hexamod:HeatCrush"],"picked":"hexamod:BurningTouch","floor":2.0},{"not_picked":["hexamod:SpectersWail","hexamod:BurningTouch"],"picked":"hexamod:ExtraCrispy","floor":5.0},{"not_picked":["hexamod:ShieldOfDarkness","hexamod:NightmareGuise","hexamod:HauntingEcho"],"picked":"SKIP","floor":8.0},{"not_picked":["hexamod:SuperheatedStrike","hexamod:NecessarySacrifice"],"picked":"hexamod:RainOfEmbers","floor":10.0},{"not_picked":["hexamod:Haunt","hexamod:EmpoweredFlame"],"picked":"hexamod:SpectralSpark","floor":11.0},{"not_picked":["hexamod:Again","hexamod:RainOfEmbers"],"picked":"hexamod:SoulSteal","floor":12.0},{"not_picked":["hexamod:SoulSteal","hexamod:FastForward"],"picked":"hexamod:Hexaguard","floor":14.0},{"not_picked":["hexamod:ThirdSeal","hexamod:SpectralSpark","hexamod:SpectersWail"],"picked":"SKIP","floor":15.0},{"not_picked":["hexamod:TimeWarp","hexamod:TimeOfNeed"],"picked":"hexamod:FifthSeal","floor":16.0},{"not_picked":["Spreading Infection","Decay"],"picked":"Injury","floor":17.0},{"not_picked":["AbeCurse","ReplayTheSpireMod:Doomed"],"picked":"Writhe","floor":17.0},{"not_picked":["AbeCurse","Delirium"],"picked":"Overencumbered","floor":17.0},{"not_picked":["hexamod:SecondSeal","hexamod:ThirdSeal"],"picked":"hexamod:SixthSeal","floor":19.0},{"not_picked":["hexamod:StepThrough","hexamod:ChargedBarrage"],"picked":"hexamod:HeatShield+1","floor":19.0},{"not_picked":["hexamod:FirstSeal","hexamod:SixthSeal"],"picked":"hexamod:SecondSeal","floor":25.0},{"not_picked":["hexamod:ThermalTransfer","hexamod:InspiringFlames+1"],"picked":"hexamod:FlamesFromBeyond","floor":25.0},{"not_picked":["hexamod:ThirdSeal","hexamod:SixthSeal"],"picked":"hexamod:FourthSeal","floor":27.0},{"not_picked":["hexamod:PhantomCloak","hexamod:NightmareStrike","hexamod:GhostOfSpirePresent"],"picked":"SKIP","floor":27.0},{"not_picked":["hexamod:Firestarter","hexamod:BacktrackSmack"],"picked":"hexamod:FifthSeal","floor":28.0},{"not_picked":["hexamod:SpectersWail","hexamod:HauntingEcho+1"],"picked":"hexamod:FlamesFromBeyond+1","floor":29.0},{"not_picked":["hexamod:ThermalTransfer","hexamod:NightmareStrike+1"],"picked":"hexamod:SoulSteal","floor":29.0},{"not_picked":["hexamod:SecondSeal","hexamod:AdvancingGuard"],"picked":"hexamod:BurningTouch","floor":30.0},{"not_picked":["hexamod:SixthSeal","hexamod:SecondSeal"],"picked":"hexamod:ThirdSeal","floor":30.0},{"not_picked":["hexamod:FourthSeal","hexamod:SixthSeal","hexamod:ThirdSeal"],"picked":"SKIP","floor":30.0},{"not_picked":["hexamod:RecurringNightmare","hexamod:NecessarySacrifice"],"picked":"hexamod:DynamicBlow+1","floor":31.0},{"not_picked":["hexamod:Again","hexamod:GhostLash"],"picked":"hexamod:Hexaguard+1","floor":31.0},{"not_picked":["hexamod:SecondSeal","hexamod:ThirdSeal","hexamod:FourthSeal"],"picked":"SKIP","floor":31.0},{"not_picked":["hexamod:FastForward+1","hexamod:GhostShield+1","hexamod:UnleashSpirits"],"picked":"SKIP","floor":31.0},{"not_picked":["hexamod:SixthSeal","hexamod:SecondSeal"],"picked":"hexamod:FirstSeal","floor":32.0},{"not_picked":["hexamod:GhostShield","hexamod:InspiringFlames"],"picked":"hexamod:BurningTouch+1","floor":32.0},{"not_picked":["hexamod:ThirdSeal","hexamod:FourthSeal","hexamod:SixthSeal"],"picked":"SKIP","floor":32.0},{"not_picked":["hexamod:EtherealExpedition","hexamod:AdvancingGuard","hexamod:FastForward"],"picked":"SKIP","floor":32.0},{"not_picked":["hexamod:SixthSeal","hexamod:TimeOfNeed"],"picked":"hexamod:WildfireWeapon","floor":33.0},{"not_picked":["hexamod:GhostOfSpirePresent+1","hexamod:ShieldOfDarkness+1"],"picked":"hexamod:Hexaguard+1","floor":36.0},{"not_picked":["hexamod:SwordOfDarkness+1","hexamod:GhostShield+1"],"picked":"hexamod:SpectersWail+1","floor":36.0},{"not_picked":["hexamod:SoulSteal+1","hexamod:GhostLash"],"picked":"hexamod:RainOfEmbers+1","floor":37.0},{"not_picked":["hexamod:InspiringFlames","hexamod:AdvancingGuard","hexamod:EmpoweredFlame+1"],"picked":"SKIP","floor":37.0},{"not_picked":["hexamod:SoulSteal+1","hexamod:BacktrackSmack+1","hexamod:FourthSeal"],"picked":"SKIP","floor":38.0},{"not_picked":["hexamod:StepThrough","hexamod:SkipABeat+1","hexamod:InspiringFlames"],"picked":"SKIP","floor":38.0},{"not_picked":["hexamod:Firestarter+1","hexamod:BacktrackSmack+1"],"picked":"hexamod:WildfireWeapon","floor":39.0},{"not_picked":["hexamod:HeatMetal+1","hexamod:RainOfEmbers"],"picked":"hexamod:ExtraCrispy+1","floor":39.0},{"not_picked":["hexamod:FirstSeal","hexamod:ThirdSeal","hexamod:SixthSeal"],"picked":"SKIP","floor":39.0},{"not_picked":["hexamod:NightmareStrike","hexamod:GhostOfSpirePast+1","hexamod:TimeOfNeed"],"picked":"SKIP","floor":40},{"not_picked":["hexamod:GhostShield","hexamod:Firestarter+1"],"picked":"hexamod:Hexaguard","floor":43},{"not_picked":["hexamod:SpectersWail+1","hexamod:GhostOfSpirePresent+1"],"picked":"hexamod:DynamicBlow+1","floor":44},{"not_picked":["hexamod:GhostOfSpireFuture","hexamod:FastForward+1"],"picked":"hexamod:BurningTouch","floor":44},{"not_picked":["hexamod:FirstSeal","hexamod:GhostOfSpirePast+1","hexamod:GhostOfSpirePresent+1"],"picked":"SKIP","floor":45},{"not_picked":["hexamod:ChargedBarrage+1","hexamod:WildfireWeapon","hexamod:SwordOfDarkness+1"],"picked":"SKIP","floor":45},{"not_picked":["hexamod:HauntingEcho+1","hexamod:SwordOfDarkness+1"],"picked":"hexamod:AdvancingGuard+1","floor":47},{"not_picked":["hexamod:GhostOfSpireFuture+1","hexamod:SpectralAdrenaline+1"],"picked":"hexamod:BurningTouch+1","floor":48},{"not_picked":["hexamod:ThirdSeal","hexamod:SecondSeal","hexamod:FourthSeal"],"picked":"SKIP","floor":48},{"not_picked":["hexamod:Firestarter+1","hexamod:InspiringFlames"],"picked":"hexamod:BurningTouch+1","floor":49},{"not_picked":["hexamod:HauntingEcho+1","hexamod:FastForward"],"picked":"hexamod:AdvancingGuard+1","floor":49},{"not_picked":["hexamod:SpectralSpark","hexamod:ChargedBarrage"],"picked":"hexamod:RecurringNightmare+1","floor":52},{"not_picked":["hexamod:FourthSeal","hexamod:FirstSeal","hexamod:SixthSeal"],"picked":"SKIP","floor":52}],"player_experience":528065,"relics_obtained":[{"floor":1.0,"key":"Centennial Puzzle"},{"floor":6.0,"key":"Ring of Misfortune"},{"floor":8.0,"key":"Toy Ornithopter"},{"floor":10.0,"key":"Bird Faced Urn"},{"floor":12.0,"key":"Pet Ghost"},{"floor":14.0,"key":"Whetstone"},{"floor":24.0,"key":"Mercury Hourglass"},{"floor":25.0,"key":"Snack Pack"},{"floor":28.0,"key":"Prayer Wheel"},{"floor":30.0,"key":"MawBank"},{"floor":41,"key":"Molten Egg 2"},{"floor":43,"key":"Mango"},{"floor":48,"key":"CeramicFish"},{"floor":52,"key":"Unceasing Top"}],"event_choices":[{"damage_healed":0.0,"max_hp_gain":0.0,"max_hp_loss":0.0,"gold_gain":0.0,"event_name":"Upgrade Shrine","player_choice":"Upgraded","floor":4.0,"gold_loss":0.0,"damage_taken":0.0,"cards_upgraded":["hexamod:Float"]},{"damage_healed":0,"gold_gain":0,"player_choice":"Rummage","damage_taken":0,"relics_obtained":["WarpedTongs"],"max_hp_gain":0,"max_hp_loss":0,"event_name":"Accursed Blacksmith","floor":46,"gold_loss":0,"cards_obtained":["Pain"]}],"is_beta":false,"boss_relics":[{"not_picked":["SacredBark","ChewingGum"],"picked":"Replay:Ancient Bell"},{"not_picked":["MealTicket","Nunchaku"],"picked":"hexamod:BolsterEngine"},{"not_picked":["Ornamental Fan","Singing Bowl"],"picked":"The Courier"},{"not_picked":["Ice Cream","WingedGreaves"],"picked":"Replay:Arrowhead"},{"not_picked":["Ring of Chaos","Philosopher\u0027s Stone"],"picked":"Coffee Dripper"}],"items_purged_floors":[],"is_endless":false,"potions_floor_spawned":[5,8,10,15,25,28,33,37,39,45,48,52],"ascension_level":6}}