{"host":"4gpocmiyl6swb7z6","time":1608834518,"event":{"mods":["AchievementEnabler","BaseMod","Colored Map","Colored Powertips","Minty Spire (QoL Compilation)","Rare Cards Sparkle"],"gold_per_floor":[118,118,132,145,14,14,43,55,55,55,71,71,71,84,84,84,84],"floor_reached":16,"playtime":1220,"items_purged":[],"score":107,"play_id":"fa43ee86-f939-4d95-83bf-5d548d87bbb8","local_time":"20201224192838","is_ascension_mode":true,"campfire_choices":[{"data":"Offering","floor":6,"key":"SMITH"},{"data":"Barricade","floor":10,"key":"SMITH"},{"data":"Madness","floor":12,"key":"SMITH"},{"floor":15,"key":"REST"}],"circlet_count":0,"master_deck":["Strike_R","Strike_R","Strike_R","Strike_R+1","Strike_R","Defend_R","Defend_R","Defend_R+1","Defend_R","Bash","Corruption","Bloodletting","Offering+1","Battle Trance","Madness+1","Seeing Red","Barricade+1","Thunderclap","Shrug It Off","Reaper"],"relics":["Burning Blood","Vajra","Darkstone Periapt"],"acts_visited":["Exordium"],"potions_floor_usage":[14,16],"damage_taken":[{"damage":2,"enemies":"2 Louse","floor":1,"turns":3},{"damage":4,"enemies":"Cultist","floor":3,"turns":3},{"damage":6,"enemies":"Small Slimes","floor":4,"turns":2},{"damage":36,"enemies":"3 Sentries","floor":7,"turns":7},{"damage":20,"enemies":"3 Louse","floor":8,"turns":3},{"damage":18,"enemies":"Exordium Wildlife","floor":11,"turns":4},{"damage":6,"enemies":"Exordium Thugs","floor":14,"turns":5},{"damage":69,"enemies":"Hexaghost","floor":16,"turns":12}],"seed_played":"-4416451500298431140","potions_obtained":[{"floor":1,"key":"ColorlessPotion"},{"floor":4,"key":"EssenceOfSteel"},{"floor":8,"key":"FairyPotion"}],"is_trial":false,"path_per_floor":["M","?","M","M","$","R","E","M","T","R","M","R","?","M","R","B"],"character_chosen":"IRONCLAD","items_purchased":["Madness","Seeing Red"],"campfire_rested":1,"item_purchase_floors":[5,5],"current_hp_per_floor":[80,80,80,80,80,80,50,36,36,36,24,24,8,8,32,0,0],"gold":84,"neow_bonus":"ONE_RANDOM_RARE_CARD","is_daily":false,"chose_seed":false,"campfire_upgraded":3,"win_rate":0.0,"timestamp":1608834518,"path_taken":["M","?","M","?","$","R","E","?","T","R","?","R","?","M","R","BOSS"],"items_purchased_type":["Card","Card"],"build_version":"2020-12-22","purchased_purges":0,"victory":false,"max_hp_per_floor":[80,80,80,80,80,80,80,80,80,80,80,80,80,80,80,80,80],"card_choices":[{"not_picked":["Clothesline","Pommel Strike"],"picked":"Bloodletting","floor":1},{"not_picked":["Clash","True Grit"],"picked":"Offering","floor":3},{"not_picked":["Headbutt","Pommel Strike"],"picked":"Battle Trance","floor":4},{"not_picked":["Dropkick","Warcry"],"picked":"Barricade","floor":7},{"not_picked":["Fire Breathing","Sword Boomerang"],"picked":"Thunderclap","floor":8},{"not_picked":["Ghostly Armor","Thunderclap"],"picked":"Shrug It Off","floor":11},{"not_picked":["True Grit","Thunderclap"],"picked":"Reaper","floor":14}],"player_experience":16828,"relics_obtained":[{"floor":7,"key":"Vajra"},{"floor":9,"key":"Darkstone Periapt"}],"event_choices":[{"damage_healed":0,"gold_gain":0,"player_choice":"Ignored","damage_taken":0,"max_hp_gain":0,"max_hp_loss":0,"event_name":"WeMeetAgain","floor":2,"gold_loss":0},{"damage_healed":0,"gold_gain":0,"player_choice":"Entered Light","damage_taken":16,"max_hp_gain":0,"max_hp_loss":0,"event_name":"Shining Light","floor":13,"gold_loss":0,"cards_upgraded":["Strike_R","Defend_R"]}],"is_beta":false,"boss_relics":[],"items_purged_floors":[],"is_endless":false,"potions_floor_spawned":[1,4,8],"killed_by":"Hexaghost","ascension_level":1}}