{"host":"i09pxcjttd31eh4q","time":1608779646,"event":{"mods":["AchievementEnabler","BaseMod","Colored Map","Keyboard Shortcuts","Minty Spire (QoL Compilation)","StSLib","SuperFastMode"],"gold_per_floor":[18,31,46,66,83,117,192,192,216,76,88,88,88,102,102,179,179,99,99],"floor_reached":18,"playtime":975,"items_purged":["Strike_G"],"score":328,"play_id":"1c2ad6cc-e077-406d-8879-a7283310bb25","local_time":"20201224121406","is_ascension_mode":true,"campfire_choices":[{"data":"Noxious Fumes","floor":13,"key":"SMITH"},{"data":"Well Laid Plans","floor":15,"key":"SMITH"}],"circlet_count":0,"master_deck":["AscendersBane","Strike_G","Strike_G","Strike_G","Defend_G","Defend_G","Defend_G","Defend_G","Defend_G","Survivor","Neutralize","Dagger Throw","Dagger Spray","Well Laid Plans+1","Acrobatics","Noxious Fumes+1","Burst"],"relics":["Ring of the Snake","Incense Burner","Pantograph","Smiling Mask","HoveringKite"],"acts_visited":["Exordium","TheCity"],"potions_floor_usage":[],"damage_taken":[{"damage":3.0,"enemies":"Cultist","floor":1.0,"turns":5.0},{"damage":4.0,"enemies":"Small Slimes","floor":2.0,"turns":3.0},{"damage":3.0,"enemies":"2 Louse","floor":3.0,"turns":4.0},{"damage":1.0,"enemies":"2 Fungi Beasts","floor":4.0,"turns":3.0},{"damage":2.0,"enemies":"Looter","floor":5.0,"turns":4.0},{"damage":12.0,"enemies":"3 Sentries","floor":6.0,"turns":7.0},{"damage":10.0,"enemies":"3 Louse","floor":11.0,"turns":3.0},{"damage":3,"enemies":"Blue Slaver","floor":14,"turns":5},{"damage":3,"enemies":"The Guardian","floor":16,"turns":14},{"damage":21,"enemies":"2 Thieves","floor":18,"turns":4}],"seed_played":"-220936546372797497","potions_obtained":[{"floor":2.0,"key":"LiquidMemories"},{"floor":3.0,"key":"EntropicBrew"},{"floor":14,"key":"GamblersBrew"}],"is_trial":false,"path_per_floor":["M","M","M","M","M","E","?","?","T","$","M","?","R","M","R","B",null,"M"],"character_chosen":"THE_SILENT","items_purchased":["Noxious Fumes"],"campfire_rested":0,"item_purchase_floors":[10],"current_hp_per_floor":[56,52,49,48,46,34,23,16,16,16,6,6,6,3,3,25,56,35,35],"gold":99,"neow_bonus":"ONE_RARE_RELIC","is_daily":false,"chose_seed":false,"campfire_upgraded":2,"win_rate":0.0,"timestamp":1608779646,"path_taken":["M","M","M","M","M","E","?","?","T","$","M","?","R","M","R","BOSS","M"],"items_purchased_type":["Card"],"build_version":"2020-12-22","purchased_purges":1,"victory":false,"max_hp_per_floor":[66,66,66,66,66,66,66,66,66,66,66,66,66,66,66,66,66,66,66],"card_choices":[{"not_picked":["PiercingWail","Acrobatics"],"picked":"Dagger Throw","floor":1.0},{"not_picked":["Expertise","Outmaneuver","PiercingWail"],"picked":"SKIP","floor":2.0},{"not_picked":["Bane","Flying Knee"],"picked":"Dagger Spray","floor":3.0},{"not_picked":["Cloak And Dagger","Underhanded Strike","Predator"],"picked":"SKIP","floor":4.0},{"not_picked":["Slice","Finisher"],"picked":"Well Laid Plans","floor":5.0},{"not_picked":["A Thousand Cuts","Dash"],"picked":"Acrobatics","floor":6.0},{"not_picked":["Concentrate","Cloak And Dagger","Bane"],"picked":"SKIP","floor":11.0},{"not_picked":["Finisher","Endless Agony","Underhanded Strike"],"picked":"SKIP","floor":14},{"not_picked":["Wraith Form v2","Glass Knife"],"picked":"Burst","floor":16}],"player_experience":766841,"relics_obtained":[{"floor":6.0,"key":"Pantograph"},{"floor":9.0,"key":"Smiling Mask"}],"event_choices":[{"damage_healed":0.0,"max_hp_gain":0.0,"max_hp_loss":0.0,"gold_gain":75.0,"event_name":"World of Goop","player_choice":"Gather Gold","floor":7.0,"gold_loss":0.0,"damage_taken":11.0},{"cards_removed":["Strike_G"],"damage_healed":0.0,"max_hp_gain":0.0,"max_hp_loss":0.0,"gold_gain":0.0,"event_name":"Golden Wing","player_choice":"Card Removal","floor":8.0,"gold_loss":0.0,"damage_taken":7.0},{"damage_healed":0,"gold_gain":0,"player_choice":"Searched \u00270\u0027 times","damage_taken":0,"max_hp_gain":0,"max_hp_loss":0,"event_name":"Dead Adventurer","floor":12,"gold_loss":0}],"is_beta":false,"boss_relics":[{"not_picked":["Ectoplasm","Coffee Dripper"],"picked":"HoveringKite"}],"items_purged_floors":[10],"is_endless":false,"potions_floor_spawned":[2,3,14],"killed_by":"2 Thieves","ascension_level":20}}