{"host":"6s2g4ctvxbrgoc4e","time":1608814881,"event":{"mods":["BaseMod","Minty Spire (QoL Compilation)"],"gold_per_floor":[115,131,141,5,5,5,32,44,44,18,31,50,50,64,64,165,165,180,105,380,27,40,72,72,101,128,28,28,56,67,78,78,78,78],"floor_reached":33,"playtime":2050,"items_purged":["Regret","Defend_G"],"score":322,"play_id":"b4697b35-ab0d-46b9-9137-b075e2055be1","local_time":"20201224140121","is_ascension_mode":true,"campfire_choices":[{"data":"Unload","floor":6,"key":"SMITH"},{"data":"Dodge and Roll","floor":15,"key":"SMITH"},{"floor":24,"key":"REST"},{"floor":32,"key":"REST"}],"circlet_count":0,"master_deck":["Strike_G","Strike_G","Strike_G","Defend_G","Defend_G","Defend_G","Defend_G","Survivor","Neutralize","Tools of the Trade","Blur","Dagger Throw","Deadly Poison","Flash of Steel","Flying Knee","Unload+1","Bullet Time","Flying Knee","Poisoned Stab","Doppelganger+1","Dodge and Roll+1","Die Die Die","Deflect+1","Doppelganger+1","Footwork","Dagger Throw","Poisoned Stab","Envenom","Glass Knife","Dodge and Roll","Dodge and Roll"],"relics":["Ring of the Snake","Ornamental Fan","HornCleat","HoveringKite","DollysMirror","Darkstone Periapt","Boot","Oddly Smooth Stone","Omamori"],"acts_visited":["Exordium","TheCity"],"potions_floor_usage":[8,16,25,25,29,31,33,33],"damage_taken":[{"damage":0,"enemies":"Cultist","floor":1,"turns":4},{"damage":5,"enemies":"Small Slimes","floor":2,"turns":6},{"damage":0,"enemies":"2 Louse","floor":3,"turns":4},{"damage":7,"enemies":"3 Sentries","floor":7,"turns":10},{"damage":5,"enemies":"Exordium Wildlife","floor":8,"turns":5},{"damage":0,"enemies":"Red Slaver","floor":11,"turns":3},{"damage":0,"enemies":"2 Fungi Beasts","floor":12,"turns":3},{"damage":2,"enemies":"Blue Slaver","floor":14,"turns":3},{"damage":7,"enemies":"Hexaghost","floor":16,"turns":10},{"damage":5,"enemies":"Shell Parasite","floor":18,"turns":5},{"damage":0,"enemies":"3 Byrds","floor":22,"turns":5},{"damage":16,"enemies":"Book of Stabbing","floor":23,"turns":7},{"damage":43,"enemies":"Gremlin Leader","floor":25,"turns":8},{"damage":20,"enemies":"Slavers","floor":29,"turns":4},{"damage":10,"enemies":"Cultist and Chosen","floor":30,"turns":7},{"damage":0,"enemies":"Snecko","floor":31,"turns":4},{"damage":39,"enemies":"Automaton","floor":33,"turns":12}],"seed_played":"3087189341458311309","potions_obtained":[{"floor":1,"key":"FearPotion"},{"floor":2,"key":"PowerPotion"},{"floor":8,"key":"Ancient Potion"},{"floor":12,"key":"Dexterity Potion"},{"floor":16,"key":"Regen Potion"},{"floor":18,"key":"CunningPotion"},{"floor":25,"key":"SteroidPotion"},{"floor":30,"key":"AttackPotion"},{"floor":31,"key":"Weak Potion"}],"is_trial":false,"path_per_floor":["M","M","M","$","?","R","E","M","T","$","M","M","?","M","R","B",null,"M","?","?","$","M","E","R","E","T","$","?","E","M","M","R","B"],"character_chosen":"THE_SILENT","items_purchased":["Flash of Steel","Flying Knee","Poisoned Stab","DollysMirror","Footwork","Dagger Throw","Poisoned Stab"],"campfire_rested":2,"item_purchase_floors":[4,4,10,21,21,21,21],"current_hp_per_floor":[49,44,44,44,44,44,37,32,32,32,32,32,32,30,30,23,70,65,65,65,65,65,49,70,27,27,27,27,21,11,11,32,0,0],"gold":78,"neow_bonus":"THREE_RARE_CARDS","is_daily":false,"chose_seed":false,"campfire_upgraded":2,"win_rate":0.0,"timestamp":1608814881,"path_taken":["M","M","M","?","?","R","E","?","T","?","M","M","?","M","R","BOSS","M","?","?","$","?","E","R","E","T","$","?","E","M","M","R","BOSS"],"items_purchased_type":["Card","Card","Card","Relic","Card","Card","Card"],"build_version":"2020-12-22","purchased_purges":2,"victory":false,"max_hp_per_floor":[70,70,70,70,70,70,70,70,70,70,70,70,70,70,70,70,70,70,70,70,70,70,70,70,70,70,70,70,70,70,70,70,70,70],"card_choices":[{"not_picked":["Bullet Time","Burst"],"picked":"Tools of the Trade","floor":0},{"not_picked":["Poisoned Stab","Flechettes"],"picked":"Blur","floor":1},{"not_picked":["Calculated Gamble","Leg Sweep"],"picked":"Dagger Throw","floor":2},{"not_picked":["Catalyst","Bane"],"picked":"Deadly Poison","floor":3},{"not_picked":["Expertise","Underhanded Strike"],"picked":"Bullet Time","floor":7},{"not_picked":["Masterful Stab","Blade Dance"],"picked":"Flying Knee","floor":8},{"not_picked":["Calculated Gamble","Riddle With Holes","Flying Knee"],"picked":"SKIP","floor":11},{"not_picked":["Slice","PiercingWail"],"picked":"Doppelganger","floor":12},{"not_picked":["Blade Dance","Expertise"],"picked":"Dodge and Roll","floor":14},{"not_picked":["Bullet Time","Tools of the Trade"],"picked":"Die Die Die","floor":16},{"not_picked":["Dagger Throw","Outmaneuver"],"picked":"Deflect+1","floor":18},{"not_picked":["Bane","Backflip","Poisoned Stab"],"picked":"SKIP","floor":22},{"not_picked":["Dodge and Roll","Flying Knee"],"picked":"Envenom","floor":23},{"not_picked":["Flying Knee","Bane","Sucker Punch"],"picked":"SKIP","floor":25},{"not_picked":["Prepared","Expertise+1"],"picked":"Glass Knife","floor":29},{"not_picked":["Deadly Poison","Dagger Spray+1"],"picked":"Dodge and Roll","floor":30},{"not_picked":["Dagger Spray","Underhanded Strike+1"],"picked":"Dodge and Roll","floor":31}],"player_experience":39052,"relics_obtained":[{"floor":7,"key":"Ornamental Fan"},{"floor":9,"key":"HornCleat"},{"floor":23,"key":"Darkstone Periapt"},{"floor":25,"key":"Boot"},{"floor":26,"key":"Oddly Smooth Stone"},{"floor":29,"key":"Omamori"}],"event_choices":[{"damage_healed":0,"gold_gain":0,"cards_transformed":["Strike_G"],"player_choice":"Transformed","damage_taken":0,"max_hp_gain":0,"max_hp_loss":0,"event_name":"Transmorgrifier","floor":5,"gold_loss":0,"cards_obtained":["Unload"]},{"damage_healed":0,"gold_gain":0,"player_choice":"Grow","damage_taken":0,"max_hp_gain":0,"max_hp_loss":0,"event_name":"Living Wall","floor":13,"gold_loss":0,"cards_upgraded":["Doppelganger"]},{"cards_removed":["Strike_G"],"damage_healed":0,"gold_gain":0,"player_choice":"Gave Gold","damage_taken":0,"max_hp_gain":0,"max_hp_loss":0,"event_name":"Beggar","floor":19,"gold_loss":75},{"damage_healed":0,"gold_gain":275,"player_choice":"Desecrate","damage_taken":0,"max_hp_gain":0,"max_hp_loss":0,"event_name":"Golden Shrine","floor":20,"gold_loss":0,"cards_obtained":["Regret"]},{"damage_healed":0,"gold_gain":0,"player_choice":"Ignored","damage_taken":0,"max_hp_gain":0,"max_hp_loss":0,"event_name":"Ghosts","floor":28,"gold_loss":0}],"is_beta":false,"boss_relics":[{"not_picked":["Empty Cage","Busted Crown"],"picked":"HoveringKite"}],"items_purged_floors":[21,27],"is_endless":false,"potions_floor_spawned":[1,2,8,12,16,18,25,30,31],"killed_by":"Automaton","ascension_level":1}}