{"host":"evok2ztcuz289k61","time":1608828419,"event":{"mods":["BaseMod","Colored Map","Downfall","Minty Spire (QoL Compilation)","StSLib"],"gold_per_floor":[99,99,99,99,99,99,99,99,99,99,99,99,99,99,99,99,99,99,99,99,84,84,84,84,84],"floor_reached":23,"playtime":1215,"items_purged":[],"score":185,"play_id":"59ab36e3-146c-40b0-9629-7e731c8c4a78","local_time":"20201224114659","is_ascension_mode":false,"campfire_choices":[{"floor":1,"key":"RECALL"},{"data":"champ:GladiatorStyle","floor":6,"key":"SMITH"},{"data":"champ:Taunt","floor":8,"key":"SMITH"},{"data":"champ:FanOfKnives","floor":11,"key":"SMITH"},{"data":"champ:Improvising","floor":18,"key":"SMITH"}],"circlet_count":0,"master_deck":["champ:Execute","champ:Taunt+1","champ:GladiatorStyle+1","champ:BringItOn","champ:RageSigil","champ:ShieldSigil","champ:FanOfKnives+1","champ:Haymaker","champ:Aggression","champ:RageSigil","champ:RecklessLeap","champ:Improvising+1","champ:Lariat","champ:BerserkersShout","champ:Circumvent","champ:FocusedDefense","champ:PerfectForm","champ:Devastate","champ:FocusedDefense","champ:GladiatorStyle","champ:ArenaPreparation","champ:FanOfKnives"],"relics":["downfall:Hecktoplasm","Boot","downfall:HeartBlessingRed","downfall:HeartBlessingBlue","Pandora\u0027s Box"],"acts_visited":["Exordium","TheCity"],"potions_floor_usage":[23],"damage_taken":[{"damage":5,"enemies":"Cultist","floor":2,"turns":4},{"damage":0,"enemies":"2 Louse","floor":3,"turns":2},{"damage":5,"enemies":"Small Slimes","floor":4,"turns":4},{"damage":22,"enemies":"3 Sentries","floor":5,"turns":8},{"damage":0,"enemies":"Exordium Wildlife","floor":9,"turns":3},{"damage":5,"enemies":"2 Fungi Beasts","floor":12,"turns":2},{"damage":1,"enemies":"3 Louse","floor":13,"turns":3},{"damage":6,"enemies":"Large Slime","floor":14,"turns":3},{"damage":10,"enemies":"Exordium Thugs","floor":15,"turns":2},{"damage":58,"enemies":"downfall:Ironclad","floor":16,"turns":8},{"damage":17,"enemies":"Shell Parasite","floor":19,"turns":4},{"damage":10,"enemies":"Chosen","floor":20,"turns":3},{"damage":31,"enemies":"downfall:FleeingMerchant","floor":21,"turns":4},{"damage":78,"enemies":"Book of Stabbing","floor":23,"turns":5}],"seed_played":"-7578548007882664280","potions_obtained":[{"floor":2,"key":"ColorlessPotion"},{"floor":3,"key":"SpeedPotion"},{"floor":5,"key":"Swift Potion"},{"floor":13,"key":"Ancient Potion"},{"floor":20,"key":"Regen Potion"}],"is_trial":false,"path_per_floor":["R","M","M","M","?","R","T","R","M","?","R","M","M","M","M","B",null,"R","M","M","$","?","E"],"character_chosen":"THE_CHAMP","items_purchased":[],"campfire_rested":0,"item_purchase_floors":[],"current_hp_per_floor":[90,90,90,90,78,78,78,88,88,88,88,86,85,79,69,40,100,100,83,73,68,68,0,0,0],"gold":84,"neow_bonus":"BOSS_RELIC","is_daily":false,"chose_seed":false,"campfire_upgraded":4,"win_rate":0.0,"timestamp":1608828419,"path_taken":["R","M","M","M","?","R","T","R","M","?","R","M","M","M","M","BOSS","R","M","M","$","?","E"],"items_purchased_type":[],"build_version":"2020-12-22","purchased_purges":0,"victory":false,"max_hp_per_floor":[90,90,90,90,90,90,90,100,100,100,100,100,100,100,100,100,100,100,100,100,100,100,100,100,100],"card_choices":[{"not_picked":["champ:EnGarde","champ:PerfectedStrike"],"picked":"champ:GladiatorStyle","floor":2},{"not_picked":["champ:FalseCounter","champ:FocusedDefense"],"picked":"champ:BringItOn","floor":3},{"not_picked":["champ:AdrenalArmor","champ:BerserkersShout"],"picked":"champ:RageSigil","floor":4},{"not_picked":["champ:AdrenalArmor","champ:CrookedStrike"],"picked":"champ:ShieldSigil","floor":5},{"not_picked":["champ:FalseCounter","champ:ShieldSigil"],"picked":"champ:FanOfKnives","floor":9},{"not_picked":["champ:StanceDance","champ:Backstep"],"picked":"champ:Haymaker","floor":12},{"not_picked":["champ:RageSigil","champ:DefensiveShout"],"picked":"champ:Aggression","floor":13},{"not_picked":["champ:FalseCounter","champ:EndlessRage"],"picked":"champ:RageSigil","floor":14},{"not_picked":["champ:Circumvent","champ:DeathBlow"],"picked":"champ:RecklessLeap","floor":15},{"not_picked":["champ:HeavySlash","champ:MurderStrike"],"picked":"champ:Improvising","floor":16},{"not_picked":["champ:BerserkersShout","champ:DefensiveShout"],"picked":"champ:GladiatorStyle","floor":19},{"not_picked":["champ:FightOn","champ:Circumvent"],"picked":"champ:ArenaPreparation","floor":20},{"not_picked":["champ:CheapShot","champ:Haymaker"],"picked":"champ:FanOfKnives","floor":21}],"player_experience":313236,"relics_obtained":[],"event_choices":[],"is_beta":false,"boss_relics":[{"not_picked":["Cursed Key","Velvet Choker"],"picked":"Pandora\u0027s Box"}],"items_purged_floors":[],"is_endless":false,"potions_floor_spawned":[2,3,5,13,14,15,20],"killed_by":"Book of Stabbing","ascension_level":0}}