{"host":"i1ibt4vxe0effuru","time":1608780586,"event":{"mods":["AchievementEnabler","BaseMod","Card Forge","Minty Spire (QoL Compilation)","Quick Restart","Shop Mod","StSLib"],"gold_per_floor":[115,131,131,131,131,463,463,494,518,518,538,568,117,132,132,207,257,272,272,39,49,49,74,74,74,74,109,109,191,224,236,248,337,349,372,384,396,408,437,481,493,535,597,641,673,695,707,679,691,703],"floor_reached":51,"playtime":985,"items_purged":[],"score":2263,"play_id":"b4e7122f-e281-47df-b750-1f616872f0f1","local_time":"20201224132946","is_ascension_mode":true,"campfire_choices":[{"floor":7,"key":"REST"},{"floor":15,"key":"REST"},{"floor":24,"key":"REST"},{"floor":28,"key":"REST"},{"floor":32,"key":"REST"},{"floor":41,"key":"REST"},{"floor":47,"key":"REST"},{"floor":49,"key":"REST"}],"circlet_count":0,"master_deck":["AscendersBane","Concentrate+1","Reflex+1","Skewer+1","Prepared+1","Tactician+1"],"relics":["Ring of the Snake","Hammer of Thor","Seething Fire","Anvil of the Gods","Juzu Bracelet","Mango","Oddly Smooth Stone","Vajra","Anchor","ClockworkSouvenir","MutagenicStrength","Membership Card","Tiny Chest","Centennial Puzzle","MerchantsRug","Singing Bowl","MawBank","Sozu","Blood Vial","Pear","Frozen Egg 2"],"acts_visited":["Exordium","TheCity","TheBeyond"],"potions_floor_usage":[],"damage_taken":[{"damage":0,"enemies":"Jaw Worm","floor":1,"turns":1},{"damage":0,"enemies":"Cultist","floor":2,"turns":1},{"damage":0,"enemies":"Lagavulin","floor":6,"turns":1},{"damage":0,"enemies":"3 Sentries","floor":8,"turns":1},{"damage":0,"enemies":"2 Louse","floor":11,"turns":1},{"damage":0,"enemies":"Lagavulin","floor":12,"turns":1},{"damage":0,"enemies":"Exordium Wildlife","floor":14,"turns":1},{"damage":0,"enemies":"The Guardian","floor":16,"turns":1},{"damage":0,"enemies":"Chosen","floor":18,"turns":1},{"damage":0,"enemies":"2 Thieves","floor":21,"turns":1},{"damage":0,"enemies":"Book of Stabbing","floor":23,"turns":1},{"damage":0,"enemies":"Gremlin Leader","floor":27,"turns":1},{"damage":0,"enemies":"Book of Stabbing","floor":30,"turns":1},{"damage":0,"enemies":"Champ","floor":33,"turns":1},{"damage":0,"enemies":"3 Darklings","floor":35,"turns":1},{"damage":0,"enemies":"Orb Walker","floor":39,"turns":1},{"damage":0,"enemies":"Reptomancer","floor":40,"turns":1},{"damage":0,"enemies":"Giant Head","floor":42,"turns":1},{"damage":0,"enemies":"Nemesis","floor":44,"turns":1},{"damage":0,"enemies":"Transient","floor":45,"turns":1},{"damage":22,"enemies":"4 Shapes","floor":46,"turns":1},{"damage":0,"enemies":"Donu and Deca","floor":50,"turns":1}],"seed_played":"-903496695315565999","potions_obtained":[{"floor":0,"key":"Explosive Potion"},{"floor":0,"key":"Explosive Potion"},{"floor":11,"key":"AttackPotion"},{"floor":16,"key":"Swift Potion"}],"is_trial":false,"path_per_floor":["M","M","?","$","?","E","R","E","T","?","M","E","$","M","R","B",null,"M","?","$","M","?","E","R","$","T","E","R","$","E","?","R","B",null,"M","T","$","?","M","E","R","E","T","E","M","M","R","?","R","B",null],"character_chosen":"THE_SILENT","items_purchased":["Vajra","Anchor","ClockworkSouvenir","Membership Card","Tiny Chest","MerchantsRug","Singing Bowl"],"campfire_rested":8,"item_purchase_floors":[13,13,13,20,20,29,29],"current_hp_per_floor":[63,63,60,60,60,60,70,84,84,84,84,84,84,84,84,84,89,89,89,89,89,89,89,89,89,89,89,89,89,91,73,96,98,98,100,100,100,100,102,114,114,116,116,118,120,100,122,122,122,122],"gold":715,"neow_bonus":"THREE_SMALL_POTIONS","is_daily":false,"chose_seed":false,"campfire_upgraded":0,"win_rate":0.0,"timestamp":1608780586,"path_taken":["M","M","?","$","?","E","R","E","T","?","M","E","?","M","R","BOSS","M","?","$","M","?","E","R","$","T","E","R","?","E","?","R","BOSS","M","?","$","?","M","E","R","E","T","E","M","M","R","?","R","BOSS"],"items_purchased_type":["Relic","Relic","Relic","Relic","Relic","Relic","Relic"],"build_version":"2020-12-22","purchased_purges":0,"victory":true,"max_hp_per_floor":[70,70,70,70,70,70,70,84,84,84,84,84,84,84,84,84,89,89,89,89,89,89,89,89,89,89,89,89,89,91,96,96,98,98,100,100,100,100,102,114,114,116,116,118,120,122,122,122,122,122],"card_choices":[{"not_picked":["Underhanded Strike","Dash","Accuracy"],"picked":"SKIP","floor":1},{"not_picked":["Riddle With Holes","Blur","Accuracy"],"picked":"SKIP","floor":2},{"not_picked":["Distraction","Venomology","Dodge and Roll"],"picked":"SKIP","floor":6},{"not_picked":["Blade Dance","Riddle With Holes","Dodge and Roll"],"picked":"SKIP","floor":8},{"not_picked":["Caltrops","Deadly Poison","Catalyst"],"picked":"SKIP","floor":11},{"not_picked":["Tactician","Dash","Dodge and Roll"],"picked":"SKIP","floor":12},{"not_picked":["Quick Slash","Deadly Poison","Finisher"],"picked":"SKIP","floor":14},{"not_picked":["Cloak And Dagger","Backflip","Flechettes"],"picked":"SKIP","floor":18},{"not_picked":["PiercingWail","Flying Knee","Predator"],"picked":"SKIP","floor":21},{"not_picked":["Tactician","Skewer","Phantasmal Killer"],"picked":"SKIP","floor":23},{"not_picked":["Masterful Stab","Expertise+1","A Thousand Cuts"],"picked":"SKIP","floor":27},{"not_picked":["Bouncing Flask","Skewer","Deadly Poison"],"picked":"Singing Bowl","floor":30},{"not_picked":["Phantasmal Killer","Malaise","Venomology"],"picked":"Singing Bowl","floor":33},{"not_picked":["Masterful Stab","Deadly Poison","Well Laid Plans+1"],"picked":"Singing Bowl","floor":35},{"not_picked":["Underhanded Strike+1","Accuracy","Deadly Poison"],"picked":"Singing Bowl","floor":39},{"not_picked":["Infinite Blades","Outmaneuver","Reflex"],"picked":"Singing Bowl","floor":40},{"not_picked":["Infinite Blades+1","Calculated Gamble","Phantasmal Killer"],"picked":"Singing Bowl","floor":42},{"not_picked":["Slice","Deadly Poison","PiercingWail"],"picked":"Singing Bowl","floor":44},{"not_picked":["Flying Knee","Deadly Poison+1","Dagger Throw"],"picked":"Singing Bowl","floor":45},{"not_picked":["Sucker Punch+1","Acrobatics","Dodge and Roll+1"],"picked":"Singing Bowl","floor":46}],"player_experience":164502,"relics_obtained":[{"floor":5,"key":"Bird Faced Urn"},{"floor":6,"key":"Old Coin"},{"floor":8,"key":"Mango"},{"floor":12,"key":"Oddly Smooth Stone"},{"floor":23,"key":"MealTicket"},{"floor":26,"key":"Pantograph"},{"floor":27,"key":"Centennial Puzzle"},{"floor":30,"key":"MawBank"},{"floor":36,"key":"Blood Vial"},{"floor":40,"key":"Pear"},{"floor":44,"key":"Frozen Egg 2"}],"event_choices":[{"damage_healed":0,"gold_gain":0,"player_choice":"Success","damage_taken":3,"relics_obtained":["Juzu Bracelet"],"max_hp_gain":0,"max_hp_loss":0,"event_name":"Scrap Ooze","floor":3,"gold_loss":0},{"damage_healed":0,"gold_gain":0,"player_choice":"Relic","damage_taken":0,"max_hp_gain":0,"max_hp_loss":0,"event_name":"Wheel of Change","floor":5,"gold_loss":0},{"damage_healed":0,"gold_gain":0,"player_choice":"Gave Potion","damage_taken":0,"relics_obtained":["White Beast Statue"],"max_hp_gain":0,"max_hp_loss":0,"event_name":"WeMeetAgain","floor":10,"gold_loss":0},{"damage_healed":0,"gold_gain":0,"player_choice":"Inject Mutagens","damage_taken":0,"relics_obtained":["MutagenicStrength"],"max_hp_gain":0,"max_hp_loss":0,"event_name":"Drug Dealer","floor":19,"gold_loss":0},{"damage_healed":0,"gold_gain":0,"player_choice":"Ignored","damage_taken":0,"max_hp_gain":0,"max_hp_loss":0,"event_name":"Vampires","floor":22,"gold_loss":0},{"damage_healed":0,"gold_gain":0,"player_choice":"Shed Blood","damage_taken":23,"max_hp_gain":5,"max_hp_loss":0,"event_name":"Forgotten Altar","floor":31,"gold_loss":0},{"damage_healed":25,"gold_gain":0,"player_choice":"Writhe","damage_taken":0,"max_hp_gain":0,"max_hp_loss":0,"event_name":"Winding Halls","floor":38,"gold_loss":0,"cards_obtained":["Writhe"]},{"damage_healed":0,"gold_gain":0,"player_choice":"Bought 3 Potions","damage_taken":0,"max_hp_gain":0,"max_hp_loss":0,"event_name":"The Woman in Blue","floor":48,"gold_loss":0}],"is_beta":false,"boss_relics":[{"not_picked":["Coffee Dripper","Philosopher\u0027s Stone"],"picked":"Tiny House"},{"not_picked":["Busted Crown","Runic Dome"],"picked":"Sozu"}],"items_purged_floors":[],"is_endless":false,"potions_floor_spawned":[2,8,11,12,14,16,18,21,23,27,39,42,44],"ascension_level":13}}