{"host":"t7rtdu4954o308h4","time":1608824285,"event":{"mods":["AchievementEnabler","Act Like it!","BaseMod","Conspire","Library of Ruina","Library of Ruina Extra","Minty Spire (QoL Compilation)","MostiFishMod","Replay The Spire","StSLib","TestMod","Waifu the Spire","【功能Mod】聪明的最终Boss","【遗物卡牌】REMEMod"],"gold_per_floor":[14,14,34,34,48,83,83,83,106,134,50,50,78,95,95,199,199,199,218,218,237,162,162,162,62,62,75,110,60,60,72,72,174,174,190,200,600,616,184,184,234,234,260,260,285,310,321,350,350,350],"floor_reached":51,"playtime":2258,"items_purged":["DegradedFairy","DegradedPillar","DegradedChain","DegradedLock+1"],"score":1529,"play_id":"c92fa3c4-f863-4576-b16a-9011cd1fc3bf","local_time":"20201224233805","is_ascension_mode":true,"campfire_choices":[{"data":"DegradedShockwave","floor":8.0,"key":"SMITH"},{"data":"testmod-TemporaryDeletion","floor":12.0,"key":"SMITH"},{"floor":15.0,"key":"REST"},{"floor":24.0,"key":"RECALL"},{"data":"DegradedLock","floor":30.0,"key":"SMITH"},{"floor":32.0,"key":"REST"},{"data":"TrashDisposal","floor":40.0,"key":"SMITH"},{"floor":42.0,"key":"REST"},{"floor":44.0,"key":"REST"},{"data":"Cruelty","floor":49.0,"key":"SMITH"}],"circlet_count":0,"master_deck":["AscendersBane","DegradedShockwave+1","MostiFishMod:StarOceanP+1","Cruelty+1","testmod-TemporaryDeletion+1","TrashDisposal+1"],"relics":["PageOfLibrarian","DaveBox","testmod-TestBox","testmod-ChristmasGift","SynthV","SynthV:TestCard","Boot","PageOfPorccubus","Chameleon Ring","Letter Opener","FeatherPendant","REME_HandOfSuture","Smiling Mask","Busted Crown","REME_CardOfGreed","Vajra","PageOfBloodbath","Pondfish Scales","Bronze Scales","ReplayTheSpireMod:TigerMarble"],"acts_visited":["Exordium","TheCity","TheBeyond"],"potions_floor_usage":[],"damage_taken":[{"damage":0.0,"enemies":"Small Slimes","floor":1.0,"turns":1.0},{"damage":0.0,"enemies":"Cultist","floor":3.0,"turns":2.0},{"damage":10.0,"enemies":"Jaw Worm","floor":5.0,"turns":2.0},{"damage":0.0,"enemies":"Gremlin Nob","floor":6.0,"turns":1.0},{"damage":4.0,"enemies":"Lagavulin","floor":10.0,"turns":3.0},{"damage":0.0,"enemies":"3 Sentries","floor":13.0,"turns":1.0},{"damage":0.0,"enemies":"Looter","floor":14.0,"turns":2.0},{"damage":21.0,"enemies":"Hexaghost","floor":16.0,"turns":3.0},{"damage":0.0,"enemies":"3 Byrds","floor":18.0,"turns":2.0},{"damage":0.0,"enemies":"Shell Parasite","floor":19.0,"turns":2.0},{"damage":0.0,"enemies":"Snecko","floor":21.0,"turns":1.0},{"damage":0.0,"enemies":"Cultist and Chosen","floor":27.0,"turns":2.0},{"damage":0.0,"enemies":"Gremlin Leader","floor":28.0,"turns":2.0},{"damage":15.0,"enemies":"Shelled Parasite and Fungi","floor":31.0,"turns":2.0},{"damage":11.0,"enemies":"RedHoodMercenary","floor":33.0,"turns":8.0},{"damage":0.0,"enemies":"3 Darklings","floor":35.0,"turns":1.0},{"damage":12.0,"enemies":"3 Shapes","floor":36.0,"turns":2.0},{"damage":0.0,"enemies":"Sphere and 2 Shapes","floor":38.0,"turns":2.0},{"damage":6.0,"enemies":"Giant Head","floor":45.0,"turns":6.0},{"damage":0.0,"enemies":"Jaw Worm Horde","floor":47.0,"turns":1.0},{"damage":0.0,"enemies":"R_Hoarder","floor":48.0,"turns":3.0},{"damage":11.0,"enemies":"Time Eater","floor":50.0,"turns":20.0},{"damage":0.0,"enemies":"Time Eater","floor":51.0,"turns":2.0}],"seed_played":"5578505316675363270","potions_obtained":[{"floor":1.0,"key":"Death Potion"},{"floor":3.0,"key":"Adrenaline Potion"},{"floor":31.0,"key":"SkillPotion"},{"floor":38.0,"key":"Explosive Potion"},{"floor":41.0,"key":"Strength Potion"},{"floor":47.0,"key":"ColorlessPotion"}],"is_trial":false,"path_per_floor":["M","?","M","?","M","E","?","R","T","E","$","R","E","M","R","B",null,"M","M","?","M","$","?","R","$","T","M","E","$","R","M","R","B",null,"M","M","?","M","$","R","?","R","T","R","E","T","M","E","R","B",null],"character_chosen":"Librarian","items_purchased":["testmod-TemporaryDeletion","testmod-SpacePotion","REME_CardOfGreed","Vajra"],"campfire_rested":4,"item_purchase_floors":[11,39,39,39],"current_hp_per_floor":[54,54,55,55,45,47,47,47,47,44,44,44,44,46,73,55,81,81,81,81,81,81,63,63,63,63,63,63,63,63,49,77,69,89,89,89,89,89,89,89,51,79,79,95,95,95,95,95,95,91],"gold":350,"neow_bonus":"REMOVE_TWO","is_daily":false,"chose_seed":false,"campfire_upgraded":5,"win_rate":0.0,"timestamp":1608824285,"path_taken":["M","?","?","?","M","E","?","R","T","E","$","R","E","?","R","BOSS","M","M","?","?","$","?","R","$","T","M","E","?","R","M","R","BOSS","M","M","?","M","$","R","?","R","T","R","E","?","M","E","R","BOSS"],"items_purchased_type":["Card","Potion","Relic","Relic"],"build_version":"2020-12-22","purchased_purges":4,"victory":true,"max_hp_per_floor":[90,90,90,90,90,90,90,90,90,90,90,90,90,90,90,90,90,90,90,90,90,90,95,95,95,95,95,95,95,95,95,95,95,95,95,95,95,95,95,95,95,95,95,95,95,95,95,95,95,91],"card_choices":[{"not_picked":["Juggling","HandleRequest","Rewind","Leap_lor","DefenseOrder","Overpower","WrathOfTorment","PreemptiveStrike","WillOfThePrescript"],"picked":"SKIP","floor":1.0},{"not_picked":["DarkCloud","BindingChains","FleetFootsteps","Execute_lor","Reload","Diversion","YourShield","EnergyShield","MindPrepared","StrongStrike","GuardingStance"],"picked":"SKIP","floor":3.0},{"not_picked":["SharpenedBlade","QuickAttack","InnerArdor","StayCalm","HiddenBlade","Creak","TrashDisposal","Parry","Rewind","Rampage_lor","AssaultOrder"],"picked":"SKIP","floor":5.0},{"not_picked":["ElectricShock","Outburst","Commandeering","ScatteringSlash","Diversion","BindingArms","TendonChords","FrontalAssault","CircusKnives","Gigigig","HighKick"],"picked":"SKIP","floor":6.0},{"not_picked":["FleetEdge","BizarreAttack","GoinFirst","Thrust","NightInTheBackstreets","FleetFootsteps","KeepItFresh","EnergyShield","Wallop_lor","BayonetCombat","CrackOfDawn"],"picked":"SKIP","floor":10.0},{"not_picked":["DriedUp","Pound","ChopItOff","Quickness","DefenseOrder","QuickAttack","SunsetBlade","Diversion","FeelinGood","Guardian_lor","UnavoidableGaze"],"picked":"SKIP","floor":13.0},{"not_picked":["DarkCloud","TendonChords","AlloutWar","BizarreAttack","Leap_lor","Crush","SharpenedBlade","ButterflySlash","FaintMemories","MultiBlock","StructuralAnalysis"],"picked":"SKIP","floor":14.0},{"not_picked":["FrontalAssault","ICanCookAnything","AsThePrescriptOrders","MultiBlock","SuppressingShot","Cruelty","ChopItOff","Quickness","HandleRequest","InkOver+1","FocusFire"],"picked":"SKIP","floor":19.0},{"not_picked":["ICanCookAnything","Diversion","YoureAHindrance","Reload","FlyingSword","EnergyCycle","HandleRequest","HighKick+1","Quickness","DesperateStruggle","ForTheFamily"],"picked":"SKIP","floor":21.0},{"not_picked":["WillBeTasty","Faith","SkitterAway+1","FierceCharge","CutIn","MindPrepared","EnergyBeam","SmokingPipe","Leap_lor+1","TendonChords+1","EndlessBattle"],"picked":"SKIP","floor":27.0},{"not_picked":["Outburst","YoureAHindrance","TieShanKao","Unlock1","Pound","FlyingSword+1","BoundaryOfDeath","AlloutWar","FierceCharge","FrontalAssault","AssaultOrder"],"picked":"SKIP","floor":28.0},{"not_picked":["MultiHit","Leap_lor","Standoff","SuppressingShot","Reload","GuidanceOfTheGears","TheArtOfRapidSteps","Faith+1","SkitterAway+1","FrontalAssault","EnergyCycle"],"picked":"SKIP","floor":31.0},{"not_picked":["Observe","Punishment","EnergyBeam","SilentNight"],"picked":"TrashDisposal","floor":33.0},{"not_picked":["StrongStrike","SturdyDefense+1","RulesOfTheBackstreets+1","NonstopAssault+1","InhaleSmoke+1","CombatPreparation","Mutilate+1","HeavyPeaks+1","BackAttack"],"picked":"SKIP","floor":35.0},{"not_picked":["SunsetBlade","NightInTheBackstreets","DarkCloud","DestructiveImpact+1","FleetFootsteps","Rewind+1","ReadyUp","ScatteringSlash+1","SpearedSweep+1"],"picked":"SKIP","floor":36.0},{"not_picked":["GuidanceOfTheGears+1","Parry+1","FleetEdge","FeatherShield","BoundaryOfDeath","QuickAttack+1","UnavoidableGaze","SuppressingShot+1","HiddenBlade+1"],"picked":"SKIP","floor":38.0},{"not_picked":["AlloutWar+1","Transpierce","Multislash","FleetFootsteps","DefenseOrder","Decapitation","MultiHit+1","DaringDecision","Overpower"],"picked":"SKIP","floor":45.0},{"not_picked":["HandleRequest","PuppetBlockade+1","FleetFootsteps","SuppressingShot","Rampage_lor","DimensionalRift+1","BackAttack+1","SmokingPipe","Leap_lor"],"picked":"SKIP","floor":47.0},{"not_picked":["ExtractFuel","BackAttack+1","InnerArdor+1","Commandeering","AGoldenOpportunity+1","Reload","MultiHit","ShockingBlow+1","TieShanKao"],"picked":"SKIP","floor":48.0}],"player_experience":63794,"relics_obtained":[{"floor":1.0,"key":"SynthV:TestCard"},{"floor":6.0,"key":"Boot"},{"floor":9.0,"key":"PageOfPorccubus"},{"floor":10.0,"key":"Chameleon Ring"},{"floor":13.0,"key":"Letter Opener"},{"floor":26.0,"key":"REME_HandOfSuture"},{"floor":28.0,"key":"Smiling Mask"},{"floor":41.0,"key":"PageOfBloodbath"},{"floor":45.0,"key":"Pondfish Scales"},{"floor":46.0,"key":"Bronze Scales"},{"floor":48.0,"key":"ReplayTheSpireMod:TigerMarble"}],"event_choices":[{"damage_healed":0.0,"max_hp_gain":0.0,"max_hp_loss":0.0,"gold_gain":0.0,"event_name":"Upgrade Shrine","player_choice":"Upgraded","floor":2.0,"gold_loss":0.0,"damage_taken":0.0,"cards_upgraded":["MostiFishMod:StarOceanP"]},{"damage_healed":0.0,"max_hp_gain":0.0,"max_hp_loss":0.0,"gold_gain":0.0,"event_name":"conspire:Investor","player_choice":"Leave","floor":4.0,"gold_loss":0.0,"damage_taken":0.0},{"damage_healed":0.0,"max_hp_gain":0.0,"max_hp_loss":0.0,"gold_gain":0.0,"cards_transformed":["DegradedFairy"],"event_name":"Transmorgrifier","player_choice":"Transformed","floor":7.0,"gold_loss":0.0,"damage_taken":0.0,"cards_obtained":["Cruelty"]},{"cards_removed":["DegradedPillar"],"damage_healed":0.0,"max_hp_gain":0.0,"max_hp_loss":0.0,"gold_gain":0.0,"event_name":"Bonfire Elementals","player_choice":"Offered Basic","floor":20.0,"gold_loss":0.0,"damage_taken":0.0},{"damage_healed":0.0,"max_hp_gain":5.0,"max_hp_loss":0.0,"gold_gain":0.0,"event_name":"Forgotten Altar","player_choice":"Shed Blood","floor":23.0,"gold_loss":0.0,"damage_taken":23.0},{"damage_healed":0.0,"max_hp_gain":0.0,"max_hp_loss":0.0,"gold_gain":400.0,"event_name":"恩洛斯的盘子","player_choice":"Sell","floor":37.0,"relics_lost":["REME_ComplimentaryCards"],"gold_loss":0.0,"damage_taken":0.0}],"is_beta":false,"boss_relics":[{"not_picked":["testmod-BatchProcessingSystem","OneHitWonderSystem"],"picked":"FeatherPendant"},{"not_picked":["testmod-IncinerationGenerator","Ring of Chaos"],"picked":"Busted Crown"}],"items_purged_floors":[22,25,29,39],"is_endless":false,"potions_floor_spawned":[1,3,10,16,19,27,31,35,38,47],"ascension_level":11}}