{"host":"8v536rckjlpi3bq3","time":1608817532,"event":{"mods":["ATMod(阿瑾Mod)","Act Like it!","Aspiration","Astrologer","BaseMod","Colored Powertips","Conspire","Decade(王小明)","Dota2Spire","Gensokyo","Hallownest","HololiveMod","Jedi Mod","Lobotomy","LobotomyExtend","Luminous","Marisa（F雨　魔理沙）","Minty Spire (QoL Compilation)","MostiFishMod","Prisma Mod","Relic Stats","Replay The Spire","Spicy Shops","StSLib","TestMod","The Hierophant","The Jungle","TheWitcher","WarShipGirlsR/战舰少女R mod","Youmu（魂魄妖梦）","vexMod","【功能Mod】混沌之环修复补丁","【功能Mod】聪明的最终Boss","【角色mod】十八桐人","【遗物卡牌】REMEMod","篝火指南"],"gold_per_floor":[114,114,114,114,124,155,202,202,257,303,303,703,703,703,703,820,820,834,834,680,697,510,542,542,295,295,306,332,322,322,339,413,548,548,591,591,679,679,679,679,516,552,552,613,639,686,721,179,179,329,329,375,580,433,439,439],"floor_reached":55,"playtime":6047,"items_purged":[],"score":1480,"play_id":"2cd80eaf-301e-47e9-a211-54d926c07309","local_time":"20201224214532","daily_mods":["Vintage","Red Cards","Green Cards","Purple Cards","Colorless Cards","Heirloom","Time Dilation","Flight"],"is_ascension_mode":false,"campfire_choices":[{"data":"KamenRide","floor":8.0,"key":"SMITH"},{"data":"Decade_SpecialSkill","floor":13.0,"key":"SMITH"},{"data":"rmod:steelsupply","floor":15.0,"key":"SMITH"},{"data":"hierophant:SecretStash","floor":30.0,"key":"SMITH"},{"data":"MostiFishMod:PerfectForm","floor":40,"key":"SMITH"},{"data":"KamenRideDecade","floor":49,"key":"SMITH"}],"circlet_count":0,"master_deck":["Decade_Attack","Decade_Attack","Decade_Attack","Decade_Attack+1","KamenRide+1","Decade_SpecialSkill+1","Decade_Defend","Decade_Defend","Decade_Defend","Decade_Defend","AT_FamilyPortrait","hierophant:SecretStash+1","rmod:steelsupply+1","AT_IchimonjiDouble+1","Exercise2_Black+1","DenO_Sword+1","rmod:seals+1","Hololive_DiamondStrike","jedi:cleanse","UnarmedAttack1","MostiFishMod:SpreadingSpore","Defender_Black+1","PrismaMod:IllyaRussianRoulette+1","hierophant:RepressedViolence","Anger","REME_Flogging+1","MostiFishMod:PerfectForm+1","SnafuTest:ConciliatoryPresence+1","Decade_Illusion+1","UnarmedAttack5+1","FormRideFlame","rmod:aluminumsupply+1","KamenRideDecade+1","MostiFishMod:DeathFromBelow","MostiFishMod:Minus+1","AT_IrregularMenstruation","MostiFishMod:MusicBox+1","SpeedBlade1_Black"],"relics":["Decadriver","TOEIDeficitBill","REME_ComplimentaryCards","testmod-TestBox","AT_ATBox","OriginationStaff","testmod-ChristmasGift","ThornShield","aspiration:HiddenCompartment","SynthV:TestCard","LetterFromLob","Nunchaku","AT_LudenTempest","AT_TimeSand","Oddly Smooth Stone","Potion Belt","HaiYi:Twilight","REME_PuzzleBoxRelic","Whetstone","Dota2Spire:EchoSabre","Replay:WaspNest","PrismaticShard","Dota2Spire:BattleFury","Blue Candle","Dota2Spire:Vanguard","Dota2Spire:AghanimScepter","Dota2Spire:BlackKingBar","testmod-BloodSacrificeSpiritualization","Replay:Bandana","Gensokyo:TheCrow","AT_ForceNature","REME_HandOfSuture","ReplayTheSpireMod:EnergyBall","vexMod:MemoryStick","AT_SunfireAegis","Ancient Tea Set","vexMod:ScavengeHelm","Gremlin Food","AT_SpeedBoots","vexMod:Cooldron","REME_CardOfGreed","RhineSuit","ImprovedEquipment","aspiration:Nostalgia","Replay:M_StaffOfTheSnake","Prayer Wheel"],"acts_visited":["Gensokyo:Gensokyo","TheCity","Gensokyo:Gensokyoest","Gensokyo:Gensokyo"],"potions_floor_usage":[42,42,42,42,42,42,44,44,46,46,46,46,46,46,46,46,47,50,50,50,50,50],"damage_taken":[{"damage":1.0,"enemies":"Gensokyo:2_Kodama","floor":1.0,"turns":1.0},{"damage":11.0,"enemies":"Gensokyo:3_Fairies","floor":5.0,"turns":5.0},{"damage":5.0,"enemies":"Gensokyo:Aya","floor":6.0,"turns":3.0},{"damage":0.0,"enemies":"Gensokyo:Cirno","floor":7.0,"turns":6.0},{"damage":0.0,"enemies":"Gensokyo:Aya","floor":10.0,"turns":3.0},{"damage":18.0,"enemies":"Gensokyo:Reimu","floor":16.0,"turns":5.0},{"damage":2.0,"enemies":"Shell Parasite","floor":18.0,"turns":2.0},{"damage":5.0,"enemies":"3 Byrds","floor":21.0,"turns":2.0},{"damage":6.0,"enemies":"Gremlin Leader","floor":23.0,"turns":4.0},{"damage":0.0,"enemies":"Sentry and Sphere","floor":27.0,"turns":3.0},{"damage":0.0,"enemies":"Slavers","floor":28.0,"turns":2.0},{"damage":0.0,"enemies":"3 Cultists","floor":31.0,"turns":3.0},{"damage":14.0,"enemies":"Champ","floor":33.0,"turns":6.0},{"damage":7.0,"enemies":"Gensokyo:3_Boulders","floor":35.0,"turns":3.0},{"damage":9,"enemies":"conspire:MimicChest","floor":37,"turns":3},{"damage":15,"enemies":"Gensokyo:Marisa","floor":42,"turns":2},{"damage":3,"enemies":"Gensokyo:Kasen","floor":44,"turns":3},{"damage":3,"enemies":"Gensokyo:AncientGuardian","floor":45,"turns":2},{"damage":4,"enemies":"Gensokyo:Doremy","floor":46,"turns":3},{"damage":3,"enemies":"Gensokyo:Sharpion","floor":47,"turns":3},{"damage":25,"enemies":"Gensokyo:Shinki","floor":50,"turns":5},{"damage":3,"enemies":"Gensokyo:2_Kodama","floor":52,"turns":1},{"damage":3,"enemies":"Gensokyo:Gryphon","floor":55,"turns":1}],"seed_played":"7278985924091462781","potions_obtained":[{"floor":1.0,"key":"jedi:hoardpotion"},{"floor":4.0,"key":"Dexterity Potion"},{"floor":5.0,"key":"CultistPotion"},{"floor":21.0,"key":"jedi:wingpotion"},{"floor":27.0,"key":"ColorlessPotion"},{"floor":28.0,"key":"SkillPotion"},{"floor":35.0,"key":"Fire Potion"},{"floor":37,"key":"DuplicationPotion"},{"floor":50,"key":"EntropicBrew"}],"is_trial":true,"path_per_floor":["M","?","?","?","M","E","E","R","T","E","?","?","R","COS","R","B",null,"M","?","$","M","$","E","?","$","T","M","E","?","R","M","R","B",null,"M","?","?","?","T","R","COS","E","T","E","M","E","M","$","R","B",null,"M","?","COS","M"],"character_chosen":"Decade","items_purchased":["Whetstone","jedi:cleanse","Dota2Spire:BattleFury","vexMod:Cooldron","REME_CardOfGreed","KamenRideDecade","REME_MawOfCthun"],"campfire_rested":0,"item_purchase_floors":[20,22,25,48,48,48,48],"current_hp_per_floor":[69,69,69,69,63,66,70,70,70,70,70,70,70,70,70,65,70,70,70,70,66,66,70,62,62,62,64,70,70,70,70,70,65,70,65,65,61,68,68,68,68,59,59,58,63,62,62,62,62,56,70,69,41,41,40,40],"gold":439,"neow_bonus":"","is_daily":false,"chose_seed":false,"campfire_upgraded":6,"win_rate":0.0,"timestamp":1608817532,"path_taken":["M","?","?","?","?","E","E","R","T","E","?","?","R","COS","R","BOSS","M","?","?","M","$","E","?","?","T","?","E","?","R","?","R","BOSS","M","?","?","?","?","R","COS","E","T","E","?","E","?","?","R","BOSS","M","?","COS","?"],"items_purchased_type":["Relic","Card","Relic","Relic","Relic","Card","Card"],"build_version":"2020-12-22","purchased_purges":0,"victory":false,"max_hp_per_floor":[70,70,70,70,70,70,70,70,70,70,70,70,70,70,70,70,70,70,70,70,70,70,70,70,70,70,70,70,70,70,70,70,70,70,70,70,70,70,70,70,70,70,70,70,70,70,70,70,70,70,70,70,70,70,70,70],"relic_stats":{"Nunchaku":[13],"counters":[23,71],"Blue Candle":[3],"Prayer Wheel":0,"Whetstone":["Decade_Attack","AT_IchimonjiDouble"],"obtain_stats":[{"Dota2Spire:EchoSabre":21,"vexMod:MemoryStick":42,"AT_ATBox":0,"DaveBox":0,"Decadriver":0,"RhineSuit":51,"Dota2Spire:Vanguard":27,"AT_TimeSand":7,"Whetstone":20,"testmod-BloodSacrificeSpiritualization":34,"PrismaticShard":24,"Ancient Tea Set":44,"ReplayTheSpireMod:EnergyBall":41,"Nunchaku":5,"Replay:Bandana":35,"Prayer Wheel":55,"testmod-ChristmasGift":0,"Potion Belt":10,"AT_ForceNature":37,"Gremlin Food":46,"testmod-TestBox":0,"Replay:M_StaffOfTheSnake":54,"Dota2Spire:BlackKingBar":31,"vexMod:ScavengeHelm":45,"aspiration:Nostalgia":54,"Blue Candle":26,"Gensokyo:TheCrow":36,"ImprovedEquipment":52,"Oddly Smooth Stone":9,"Replay:WaspNest":23,"Dota2Spire:BattleFury":25,"TOEIDeficitBill":0,"ThornShield":0,"aspiration:HiddenCompartment":1,"AT_LudenTempest":6,"Dota2Spire:AghanimScepter":28,"AT_SpeedBoots":47,"vexMod:Cooldron":48,"SynthV:TestCard":1,"HaiYi:Twilight":17,"REME_HandOfSuture":39,"OriginationStaff":0,"LetterFromLob":1,"REME_CardOfGreed":48,"REME_PuzzleBoxRelic":18,"AT_SunfireAegis":43,"REME_ComplimentaryCards":0},{"Dota2Spire:EchoSabre":8,"vexMod:MemoryStick":16,"AT_ATBox":0,"DaveBox":0,"Decadriver":0,"RhineSuit":21,"Dota2Spire:Vanguard":10,"AT_TimeSand":4,"Whetstone":7,"testmod-BloodSacrificeSpiritualization":13,"PrismaticShard":9,"Ancient Tea Set":17,"ReplayTheSpireMod:EnergyBall":15,"Nunchaku":2,"Replay:Bandana":14,"Prayer Wheel":23,"testmod-ChristmasGift":0,"Potion Belt":5,"AT_ForceNature":15,"Gremlin Food":19,"testmod-TestBox":0,"Replay:M_StaffOfTheSnake":22,"Dota2Spire:BlackKingBar":12,"vexMod:ScavengeHelm":18,"aspiration:Nostalgia":22,"Blue Candle":9,"Gensokyo:TheCrow":14,"ImprovedEquipment":22,"Oddly Smooth Stone":4,"Replay:WaspNest":9,"Dota2Spire:BattleFury":9,"TOEIDeficitBill":0,"ThornShield":0,"aspiration:HiddenCompartment":1,"AT_LudenTempest":3,"Dota2Spire:AghanimScepter":11,"AT_SpeedBoots":20,"vexMod:Cooldron":20,"SynthV:TestCard":1,"HaiYi:Twilight":6,"REME_HandOfSuture":15,"OriginationStaff":0,"LetterFromLob":1,"REME_CardOfGreed":20,"REME_PuzzleBoxRelic":7,"AT_SunfireAegis":16,"REME_ComplimentaryCards":0},{"Dota2Spire:EchoSabre":27,"vexMod:MemoryStick":53,"AT_ATBox":0,"DaveBox":0,"Decadriver":0,"RhineSuit":69,"Dota2Spire:Vanguard":34,"AT_TimeSand":15,"Whetstone":25,"testmod-BloodSacrificeSpiritualization":45,"PrismaticShard":31,"Ancient Tea Set":56,"ReplayTheSpireMod:EnergyBall":51,"Nunchaku":6,"Replay:Bandana":48,"Prayer Wheel":71,"testmod-ChristmasGift":0,"Potion Belt":18,"AT_ForceNature":51,"Gremlin Food":61,"testmod-TestBox":0,"Replay:M_StaffOfTheSnake":70,"Dota2Spire:BlackKingBar":39,"vexMod:ScavengeHelm":58,"aspiration:Nostalgia":70,"Blue Candle":31,"Gensokyo:TheCrow":48,"ImprovedEquipment":70,"Oddly Smooth Stone":15,"Replay:WaspNest":31,"Dota2Spire:BattleFury":31,"TOEIDeficitBill":0,"ThornShield":0,"aspiration:HiddenCompartment":1,"AT_LudenTempest":9,"Dota2Spire:AghanimScepter":36,"AT_SpeedBoots":64,"vexMod:Cooldron":64,"SynthV:TestCard":1,"HaiYi:Twilight":23,"REME_HandOfSuture":51,"OriginationStaff":0,"LetterFromLob":1,"REME_CardOfGreed":64,"REME_PuzzleBoxRelic":25,"AT_SunfireAegis":53,"REME_ComplimentaryCards":0}]},"card_choices":[{"not_picked":["Quick Slash","LowerRealmReflectionSlash","Sucker Punch","rmod:tearstotiara"],"picked":"KamenRideKiva","floor":5.0},{"not_picked":["hierophant:RustyCrate","AT_ThistleTea","hierophant:OrnateBuckler","Run Through"],"picked":"hierophant:SecretStash","floor":6.0},{"not_picked":["Run Through","DenO_Ax","hierophant:Embezzle","hierophant:RepressedViolence"],"picked":"rmod:steelsupply","floor":7.0},{"not_picked":["testmod-CardIndex","hierophant:TollTheBells","SpiritCrash_Black","Outmaneuver"],"picked":"AT_IchimonjiDouble","floor":7.0},{"not_picked":["Wild Strike","UnarmedAttack1","Exercise1_Black","ReplayTheSpireMod:Scrap Shanks"],"picked":"Exercise2_Black","floor":10.0},{"not_picked":["hierophant:HammerAndAnvil","Stab_Black","rmod:garrisonisland","Hololive_DevilCharm"],"picked":"DenO_Sword","floor":10.0},{"not_picked":["Hololive_IdolExercise","TheEnd_Black","vexMod:StairwayStrike","Hololive_FlareMind"],"picked":"rmod:seals","floor":16.0},{"not_picked":["REME_MawOfCthun","hierophant:AuricForm","MatsuyoiReflectingSatelliteSlash","Hololive_OpenUp"],"picked":"Hololive_DiamondStrike","floor":16.0},{"not_picked":["MostiFishMod:PoisonShield","KamenRideRyuki","conspire:Charge","Warcry"],"picked":"UnarmedAttack1","floor":23.0},{"not_picked":["PhosphoricSlash+1","Hololive_CallOzoraSubaru","Sucker Punch","LifeCuttingSword+1"],"picked":"MostiFishMod:SpreadingSpore","floor":23.0},{"not_picked":["testmod-Collector","PhosphoricSlash","Hololive_CallAyundaRisu","jedi:fear+1"],"picked":"Defender_Black+1","floor":24.0},{"not_picked":["Uppercut","jedi:unstablefumes","Hololive_Sequa","FTL"],"picked":"PrismaMod:IllyaRussianRoulette+1","floor":27.0},{"not_picked":["FlurryOfBlows+1","ReplayTheSpireMod:Reroute Power","astrologer:CometStrike+1","Hololive_CallOzoraSubaru"],"picked":"hierophant:RepressedViolence","floor":28.0},{"not_picked":[],"picked":"Anger","floor":29.0},{"not_picked":[],"picked":"REME_Flogging","floor":29.0},{"not_picked":["Hemogenesis","testmod-ChaoticCore","REME_HeartOfCthun","astrologer:BlackHole"],"picked":"MostiFishMod:PerfectForm","floor":33.0},{"not_picked":["MostiFishMod:NewArrival","Devotion","MostiFishMod:HellRitual","PrismaMod:ChloeAnyAttackTrace"],"picked":"SnafuTest:ConciliatoryPresence","floor":33.0},{"not_picked":["ClearTheMind","NonDirectionalLaser+1","GrandCross","Streamline"],"picked":"Decade_Illusion+1","floor":37},{"not_picked":["AT_ArcaneSupremacy+1","Loneliness+1","SnafuTest:SpellBitingFrost+1","REME_TwoStrings"],"picked":"UnarmedAttack5","floor":42},{"not_picked":["PrismaMod:IllyaInstallForeigner","MysteriousBeam","PrismaMod:IllyaPoisonTippedWeapons+1","astrologer:SpaceDust"],"picked":"FormRideFlame","floor":44},{"not_picked":["Poisoned Stab+1","SwordDance_Black+1","Dagger Spray","Cold Snap"],"picked":"rmod:aluminumsupply+1","floor":46},{"not_picked":["SlashOfTheEternalFuture","testmod-AutoReboundSystem","Die Die Die","Hololive_HighAtkLowDef"],"picked":"MostiFishMod:DeathFromBelow","floor":50}],"player_experience":236559,"relics_obtained":[{"floor":1.0,"key":"aspiration:HiddenCompartment"},{"floor":1.0,"key":"SynthV:TestCard"},{"floor":1.0,"key":"LetterFromLob"},{"floor":5.0,"key":"Nunchaku"},{"floor":6.0,"key":"AT_LudenTempest"},{"floor":7.0,"key":"AT_TimeSand"},{"floor":9.0,"key":"Oddly Smooth Stone"},{"floor":10.0,"key":"Potion Belt"},{"floor":18.0,"key":"REME_PuzzleBoxRelic"},{"floor":21.0,"key":"Dota2Spire:EchoSabre"},{"floor":23.0,"key":"Replay:WaspNest"},{"floor":24.0,"key":"PrismaticShard"},{"floor":26.0,"key":"Blue Candle"},{"floor":27.0,"key":"Dota2Spire:Vanguard"},{"floor":28.0,"key":"Dota2Spire:AghanimScepter"},{"floor":31.0,"key":"Dota2Spire:BlackKingBar"},{"floor":35.0,"key":"Replay:Bandana"},{"floor":37,"key":"AT_ForceNature"},{"floor":39,"key":"REME_HandOfSuture"},{"floor":42,"key":"vexMod:MemoryStick"},{"floor":43,"key":"AT_SunfireAegis"},{"floor":44,"key":"Ancient Tea Set"},{"floor":45,"key":"vexMod:ScavengeHelm"},{"floor":46,"key":"Gremlin Food"},{"floor":47,"key":"AT_SpeedBoots"},{"floor":52,"key":"ImprovedEquipment"}],"event_choices":[{"damage_healed":0.0,"max_hp_gain":0.0,"max_hp_loss":0.0,"gold_gain":0.0,"event_name":"conspire:Investor","player_choice":"Leave","floor":2.0,"gold_loss":0.0,"damage_taken":0.0},{"damage_healed":0.0,"max_hp_gain":0.0,"max_hp_loss":0.0,"gold_gain":400.0,"event_name":"恩洛斯的盘子","player_choice":"Sell","floor":12.0,"relics_lost":["DaveBox"],"gold_loss":0.0,"damage_taken":0.0}],"is_beta":false,"boss_relics":[{"not_picked":["Black Star","Runic Pyramid"],"picked":"HaiYi:Twilight"},{"not_picked":["Replay:Wanted Poster","aspiration:SilentSkillbook"],"picked":"testmod-BloodSacrificeSpiritualization"},{"not_picked":["Busted Crown","aspiration:SecretTechniqueScroll"],"picked":"RhineSuit"}],"items_purged_floors":[],"is_endless":true,"potions_floor_spawned":[1,5,21,27,28,35,37,50],"killed_by":"Gensokyo:Gryphon","ascension_level":0}}