{"host":"5bdt6s51dmpd4l3v","time":1608778833,"event":{"mods":["AchievementEnabler","BaseMod","Colored Map","Colored Powertips","Highlight Path","Minty Spire (QoL Compilation)","Quick Restart","Rare Cards Sparkle","StSLib"],"gold_per_floor":[112,112,136,286,302,302,3,3,30,63,77,115,115,138,138,138,138],"floor_reached":16,"playtime":341,"items_purged":["Doubt"],"score":236,"play_id":"e03db0a1-95de-4885-bc7c-381aedaf0da0","local_time":"20201224110033","is_ascension_mode":true,"campfire_choices":[{"data":"Thunderclap","floor":6,"key":"SMITH"},{"data":"Whirlwind","floor":8,"key":"SMITH"},{"data":"Armaments","floor":13,"key":"SMITH"},{"data":"Seeing Red","floor":15,"key":"SMITH"}],"circlet_count":0,"master_deck":["AscendersBane","Strike_R","Strike_R","Strike_R","Strike_R","Strike_R","Defend_R","Defend_R","Defend_R","Defend_R","Bash","Clash","Sword Boomerang","Thunderclap+1","Whirlwind+1","Seeing Red+1","Armaments+1","Headbutt"],"relics":["Burning Blood","NeowsBlessing","Golden Idol","Happy Flower","Regal Pillow","Meat on the Bone","PreservedInsect"],"acts_visited":["Exordium"],"potions_floor_usage":[10,12,12,12],"damage_taken":[{"damage":0,"enemies":"2 Louse","floor":1,"turns":1},{"damage":0,"enemies":"Small Slimes","floor":3,"turns":1},{"damage":0,"enemies":"Cultist","floor":5,"turns":1},{"damage":30,"enemies":"Lagavulin","floor":10,"turns":5},{"damage":9,"enemies":"Red Slaver","floor":11,"turns":2},{"damage":0,"enemies":"Gremlin Nob","floor":12,"turns":2},{"damage":4,"enemies":"2 Fungi Beasts","floor":14,"turns":3},{"damage":60,"enemies":"The Guardian","floor":16,"turns":9}],"seed_played":"-6499659809005338516","potions_obtained":[{"floor":3,"key":"AttackPotion"},{"floor":11,"key":"EntropicBrew"}],"is_trial":false,"path_per_floor":["M","?","M","?","M","R","$","R","T","E","M","E","R","M","R","B"],"character_chosen":"IRONCLAD","items_purchased":["Whirlwind","Happy Flower"],"campfire_rested":0,"item_purchase_floors":[7,7],"current_hp_per_floor":[74,48,54,54,60,60,60,60,60,36,45,56,56,58,58,0,0],"gold":138,"neow_bonus":"THREE_ENEMY_KILL","is_daily":false,"chose_seed":false,"campfire_upgraded":4,"win_rate":0.0,"timestamp":1608778833,"path_taken":["M","?","M","?","M","R","$","R","T","E","M","E","R","M","R","BOSS"],"items_purchased_type":["Card","Relic"],"build_version":"2020-12-22","purchased_purges":1,"victory":false,"max_hp_per_floor":[75,75,75,75,75,75,75,75,75,75,75,75,75,75,75,75,75],"card_choices":[{"not_picked":["Shrug It Off","Entrench"],"picked":"Clash","floor":1},{"not_picked":["Sentinel","Feel No Pain"],"picked":"Sword Boomerang","floor":3},{"not_picked":["Headbutt","Shrug It Off"],"picked":"Thunderclap","floor":5},{"not_picked":["Cleave","Iron Wave"],"picked":"Seeing Red","floor":10},{"not_picked":["Wild Strike","Anger"],"picked":"Armaments","floor":11},{"not_picked":["Havoc","Wild Strike","Immolate"],"picked":"SKIP","floor":12},{"not_picked":["Flame Barrier","Heavy Blade"],"picked":"Headbutt","floor":14}],"player_experience":210866,"relics_obtained":[{"floor":9,"key":"Regal Pillow"},{"floor":10,"key":"Meat on the Bone"},{"floor":12,"key":"PreservedInsect"}],"event_choices":[{"damage_healed":0,"gold_gain":0,"player_choice":"Take Damage","damage_taken":26,"relics_obtained":["Golden Idol"],"max_hp_gain":0,"max_hp_loss":0,"event_name":"Golden Idol","floor":2,"gold_loss":0},{"damage_healed":0,"gold_gain":150,"player_choice":"AGREE","damage_taken":0,"max_hp_gain":0,"max_hp_loss":0,"event_name":"Liars Game","floor":4,"gold_loss":0,"cards_obtained":["Doubt"]}],"is_beta":false,"boss_relics":[],"items_purged_floors":[7],"is_endless":false,"potions_floor_spawned":[3,11],"killed_by":"The Guardian","ascension_level":15}}