{"host":"c2og1cp357bgjv9b","time":1608793689,"event":{"mods":["BaseMod","Colored Map","Minty Spire (QoL Compilation)","Replay The Spire","StSLib"],"gold_per_floor":[111,111,129,129,129,163,34,34,83,101,101,118,118,18,18,18,18],"floor_reached":16,"playtime":598,"items_purged":["Strike_R","Strike_R"],"score":123,"play_id":"308caf28-e720-4a31-b1c1-3538ed00945f","local_time":"20201224150809","is_ascension_mode":false,"campfire_choices":[{"data":"Impervious","floor":11,"key":"SMITH"},{"floor":15,"key":"DIG"}],"circlet_count":0,"master_deck":["Strike_R+1","Strike_R","Strike_R","Defend_R","Defend_R","Defend_R+1","Defend_R+1","Replay:Undeath\u0027s Touch","True Grit","Metallicize+1","Impervious+1","Dark Embrace"],"relics":["Burning Blood","NeowsBlessing","Ancient Tea Set","Replay:Bottled Flurry","MealTicket","Golden Idol","Smiling Mask"],"acts_visited":["Exordium"],"potions_floor_usage":[16],"damage_taken":[{"damage":0,"enemies":"Small Slimes","floor":1,"turns":1},{"damage":0,"enemies":"Cultist","floor":3,"turns":1},{"damage":0,"enemies":"Lagavulin","floor":6,"turns":1},{"damage":3,"enemies":"Jaw Worm","floor":10,"turns":4},{"damage":0,"enemies":"Blue Slaver","floor":12,"turns":6},{"damage":59,"enemies":"Hexaghost","floor":16,"turns":16}],"seed_played":"-3641198992908227479","potions_obtained":[{"floor":1,"key":"Block Potion"},{"floor":6,"key":"PowerPotion"}],"is_trial":false,"path_per_floor":["M","?","M","?","T","E","$","?","T","M","R","M","?","$","R_BF","B"],"character_chosen":"IRONCLAD","items_purchased":["Metallicize+1"],"campfire_rested":0,"item_purchase_floors":[7],"current_hp_per_floor":[80,80,80,80,80,80,80,64,64,67,67,73,53,68,68,9,9],"gold":18,"neow_bonus":"THREE_ENEMY_KILL","is_daily":false,"chose_seed":false,"campfire_upgraded":1,"win_rate":0.0,"timestamp":1608793689,"path_taken":["M","?","?","?","?","E","?","?","T","M","R","M","?","$","R_BF","BOSS"],"items_purchased_type":["Card"],"build_version":"2020-12-22","purchased_purges":2,"victory":false,"max_hp_per_floor":[80,80,80,80,80,80,80,80,80,80,80,80,80,80,80,80,80],"card_choices":[{"not_picked":["Intimidate","Sever Soul","Entrench"],"picked":"SKIP","floor":1},{"not_picked":["Iron Wave","Havoc"],"picked":"Replay:Undeath\u0027s Touch","floor":3},{"not_picked":["Power Through","Clash"],"picked":"True Grit","floor":6},{"not_picked":["Feel No Pain","Armaments"],"picked":"Impervious","floor":10},{"not_picked":["Clothesline","Thunderclap"],"picked":"Dark Embrace","floor":12}],"player_experience":115562,"relics_obtained":[{"floor":5,"key":"Ancient Tea Set"},{"floor":6,"key":"Replay:Bottled Flurry"},{"floor":9,"key":"MealTicket"},{"floor":15,"key":"Smiling Mask"}],"event_choices":[{"damage_healed":0,"gold_gain":0,"player_choice":"Forge","damage_taken":0,"max_hp_gain":0,"max_hp_loss":0,"event_name":"Accursed Blacksmith","floor":2,"gold_loss":0,"cards_upgraded":["Defend_R"]},{"damage_healed":0,"gold_gain":0,"player_choice":"Entered Light","damage_taken":16,"max_hp_gain":0,"max_hp_loss":0,"event_name":"Shining Light","floor":8,"gold_loss":0,"cards_upgraded":["Defend_R","Strike_R"]},{"damage_healed":0,"gold_gain":0,"player_choice":"Take Damage","damage_taken":20,"relics_obtained":["Golden Idol"],"max_hp_gain":0,"max_hp_loss":0,"event_name":"Golden Idol","floor":13,"gold_loss":0}],"is_beta":false,"boss_relics":[],"items_purged_floors":[7,14],"is_endless":false,"potions_floor_spawned":[1,6],"killed_by":"Hexaghost","ascension_level":0}}