{"host":"btj53a7qlsawl9sy","time":1608780905,"event":{"mods":["Act Like it!","BaseMod","Better Vampires","Colored Powertips","Gensokyo","Luminous","Marisa（F雨　魔理沙）","Marked Mod","Minty Spire (QoL Compilation)","Quick Restart","Reimu（博丽灵梦）","Relic Stats","Remilia（蕾米莉亚）","Replay The Spire","Spicy Shops","StSLib","The Administrix","The Hierophant","The Servant 0.9.4","Waifu the Spire","WarShipGirlsR/战舰少女R mod","Youmu（魂魄妖梦）","Yuyuko","vexMod","【东方二次创作】八云紫mod","【遗物卡牌】REMEMod"],"gold_per_floor":[115,135,155,169,181,181,190,190,217,217,217,217,227,227,238,254,254,357,357,357],"floor_reached":19,"playtime":620,"items_purged":[],"score":171,"play_id":"c80214d1-f73e-4987-a10f-31fd0ed8216d","local_time":"20201224113505","is_ascension_mode":false,"campfire_choices":[{"floor":6,"key":"REST"},{"floor":8,"key":"REST"},{"floor":14,"key":"REST"},{"data":"hierophant:Community","floor":17,"key":"SMITH"}],"circlet_count":0,"master_deck":["hierophant:Strike_Hierophant","hierophant:Strike_Hierophant+1","hierophant:Strike_Hierophant","hierophant:Strike_Hierophant","hierophant:Punish+1","hierophant:Defend_Hierophant","hierophant:Defend_Hierophant","hierophant:Defend_Hierophant","hierophant:Defend_Hierophant","hierophant:ChurchCoffers","hierophant:Community+1","hierophant:HolyVerse","hierophant:MorningPrayer","hierophant:Smite","hierophant:Shelter","hierophant:Racketeering","hierophant:HolyVerse","hierophant:OrnateBuckler","hierophant:MorningPrayer","hierophant:AuricForm"],"relics":["REME_ComplimentaryCards","Black Star","InkBottle","Whetstone","Bag of Preparation","Velvet Choker"],"acts_visited":["Exordium","Gensokyo:Gensokyoer"],"potions_floor_usage":[7],"damage_taken":[{"damage":12,"enemies":"Jaw Worm","floor":1,"turns":5},{"damage":1,"enemies":"Cultist","floor":2,"turns":4},{"damage":2,"enemies":"Small Slimes","floor":3,"turns":3},{"damage":4,"enemies":"Gremlin Gang","floor":4,"turns":2},{"damage":0,"enemies":"3 Louse","floor":5,"turns":1},{"damage":51,"enemies":"Lagavulin","floor":7,"turns":9},{"damage":7,"enemies":"Blue Slaver","floor":13,"turns":5},{"damage":0,"enemies":"2 Fungi Beasts","floor":15,"turns":2},{"damage":0,"enemies":"Red Slaver","floor":16,"turns":1},{"damage":38,"enemies":"Fading Forest","floor":18,"turns":11}],"seed_played":"8640040273806554453","potions_obtained":[{"floor":1,"key":"Death Potion"},{"floor":4,"key":"SpeedPotion"},{"floor":5,"key":"BlessingOfTheForge"},{"floor":7,"key":"Weak Potion"}],"is_trial":false,"path_per_floor":["M","M","M","M","M","R","E","R","T","PTL","PTL","?","M","R","M","M","R","B",null],"character_chosen":"HIEROPHANT","items_purchased":[],"campfire_rested":3,"item_purchase_floors":[],"current_hp_per_floor":[63,62,60,56,56,75,24,46,46,46,46,46,39,61,61,61,61,33,75,75],"gold":357,"neow_bonus":"BOSS_RELIC","is_daily":false,"chose_seed":false,"campfire_upgraded":1,"win_rate":0.0,"timestamp":1608780905,"path_taken":["M","M","M","M","M","R","E","R","T","PTL","PTL","?","M","R","M","M","R","BOSS"],"items_purchased_type":[],"build_version":"2020-12-22","purchased_purges":0,"victory":false,"max_hp_per_floor":[75,75,75,75,75,75,75,75,75,75,75,75,75,75,75,75,75,75,75,75],"relic_stats":{"counters":[10,43],"Black Star":1,"Bag of Preparation":[8],"Whetstone":["hierophant:Punish","hierophant:Strike_Hierophant"],"obtain_stats":[{"hierophant:PropheticMaskRelic":0,"Velvet Choker":19,"Black Star":0,"Bag of Preparation":9,"Whetstone":7,"InkBottle":7,"REME_ComplimentaryCards":0},{"hierophant:PropheticMaskRelic":0,"Velvet Choker":10,"Black Star":0,"Bag of Preparation":6,"Whetstone":6,"InkBottle":6,"REME_ComplimentaryCards":0},{"hierophant:PropheticMaskRelic":0,"Velvet Choker":43,"Black Star":0,"Bag of Preparation":24,"Whetstone":24,"InkBottle":24,"REME_ComplimentaryCards":0}],"InkBottle":[4]},"card_choices":[{"not_picked":["hierophant:OrnateBuckler","hierophant:DisplayOfPower"],"picked":"hierophant:Community","floor":1},{"not_picked":["hierophant:CursedGold","hierophant:PassingBell"],"picked":"hierophant:HolyVerse","floor":2},{"not_picked":["hierophant:RustyCrate","hierophant:Chorus"],"picked":"hierophant:MorningPrayer","floor":3},{"not_picked":["hierophant:Flagellation","hierophant:Doubloon"],"picked":"hierophant:Smite","floor":4},{"not_picked":["hierophant:RepressedViolence","hierophant:Upheaval"],"picked":"hierophant:Shelter","floor":5},{"not_picked":["hierophant:AuricShield","hierophant:DeathKnell"],"picked":"hierophant:Racketeering","floor":7},{"not_picked":["hierophant:Prophecy","hierophant:FlamingChariot"],"picked":"hierophant:HolyVerse","floor":13},{"not_picked":["hierophant:Remorse","hierophant:ArchangelShield"],"picked":"hierophant:OrnateBuckler","floor":15},{"not_picked":["hierophant:CoinFling","hierophant:RustyCrate"],"picked":"hierophant:MorningPrayer","floor":16},{"not_picked":["hierophant:WrathOfGod","hierophant:LocustPlague"],"picked":"hierophant:AuricForm","floor":18}],"player_experience":131404,"relics_obtained":[{"floor":7,"key":"InkBottle"},{"floor":7,"key":"Whetstone"},{"floor":9,"key":"Bag of Preparation"}],"event_choices":[{"damage_healed":0,"gold_gain":0,"player_choice":"Ignored","damage_taken":0,"max_hp_gain":0,"max_hp_loss":0,"event_name":"NoteForYourself","floor":12,"gold_loss":0}],"is_beta":false,"boss_relics":[{"not_picked":["vexMod:ImprovementManual","vexMod:CursedCompass"],"picked":"Velvet Choker"}],"items_purged_floors":[],"is_endless":false,"potions_floor_spawned":[1,4,5,7,15],"ascension_level":0}}