{"host":"raai0vtvcfkt8csp","time":1608772082,"event":{"mods":["2.2 Compatiblity","AchievementEnabler","BaseMod","Block Reminder","DeckTracker","Defective Defect","GifTheSpireLib","Minty Spire (QoL Compilation)","Quick Restart","Random Character Button","Rare Cards Sparkle","StSLib","Unceasing Turn Reminder"],"gold_per_floor":[111,111,111,111,127,162,174,205,205,236,236,265,282,299,299,404,454,474,474,497,486,496,496,521,539,566,566,579,579,579],"floor_reached":29,"playtime":1511,"items_purged":[],"score":315,"play_id":"521a6350-6076-4d53-84e3-92f29ab362ef","local_time":"20201224020802","is_ascension_mode":true,"campfire_choices":[{"floor":11,"key":"REST"},{"floor":15,"key":"REST"},{"floor":23,"key":"REST"},{"floor":27,"key":"REST"}],"circlet_count":0,"master_deck":["Strike_P","Defend_P+1","Defend_P","Defend_P","Defend_P","Eruption","Vigilance+1","MasterReality+1","WheelKick+1","BattleHymn+1","Sanctity","Study","EmptyFist","BattleHymn+1","Scrawl","Evaluate","Wireheading+1","Prostrate","Alpha","Protect","Evaluate","Weave","LikeWater+1","EmptyBody"],"relics":["Astrolabe","Girya","Frozen Egg 2","Toy Ornithopter","Lizard Tail","Blue Candle","Bag of Preparation","Tiny House","Tiny Chest","Vajra"],"acts_visited":["Exordium","TheCity"],"potions_floor_usage":[5,12,24,25],"damage_taken":[{"damage":1,"enemies":"Jaw Worm","floor":1,"turns":3},{"damage":2,"enemies":"Small Slimes","floor":5,"turns":3},{"damage":26,"enemies":"Gremlin Nob","floor":6,"turns":4},{"damage":0,"enemies":"Cultist","floor":7,"turns":3},{"damage":2,"enemies":"3 Sentries","floor":8,"turns":5},{"damage":0,"enemies":"Lagavulin","floor":10,"turns":5},{"damage":26,"enemies":"3 Sentries","floor":12,"turns":7},{"damage":0,"enemies":"Exordium Wildlife","floor":13,"turns":6},{"damage":1,"enemies":"Looter","floor":14,"turns":3},{"damage":37,"enemies":"The Guardian","floor":16,"turns":9},{"damage":16,"enemies":"Chosen","floor":18,"turns":5},{"damage":20,"enemies":"2 Thieves","floor":21,"turns":4},{"damage":32,"enemies":"Snake Plant","floor":22,"turns":5},{"damage":19,"enemies":"Book of Stabbing","floor":24,"turns":5},{"damage":26,"enemies":"Centurion and Healer","floor":25,"turns":8},{"damage":34,"enemies":"Shelled Parasite and Fungi","floor":28,"turns":5},{"damage":33,"enemies":"Gremlin Leader","floor":29,"turns":2}],"seed_played":"-3647351069710828806","potions_obtained":[{"floor":1,"key":"DuplicationPotion"},{"floor":5,"key":"LiquidMemories"},{"floor":7,"key":"Regen Potion"},{"floor":16,"key":"PowerPotion"},{"floor":17,"key":"EssenceOfSteel"},{"floor":24,"key":"Swift Potion"},{"floor":28,"key":"LiquidMemories"}],"is_trial":false,"path_per_floor":["M","?","?","?","M","E","M","E","T","E","R","E","M","M","R","B",null,"M","?","T","M","M","R","E","M","T","R","M","E"],"character_chosen":"WATCHER","items_purchased":[],"campfire_rested":4,"item_purchase_floors":[],"current_hp_per_floor":[71,71,68,68,66,40,40,38,38,38,59,38,38,37,58,21,77,61,61,61,41,9,32,18,38,38,61,27,0,0],"gold":579,"neow_bonus":"BOSS_RELIC","is_daily":false,"chose_seed":false,"campfire_upgraded":0,"win_rate":0.0,"timestamp":1608772082,"path_taken":["M","?","?","?","M","E","M","E","T","E","R","E","M","M","R","BOSS","M","?","?","M","M","R","E","M","T","R","?","E"],"items_purchased_type":[],"build_version":"2020-12-22","purchased_purges":0,"victory":false,"max_hp_per_floor":[72,72,72,72,72,72,72,72,72,72,72,72,72,72,72,72,77,77,77,77,77,77,77,77,77,77,77,77,77,77],"card_choices":[{"not_picked":["Crescendo","Perseverance"],"picked":"Sanctity","floor":1},{"not_picked":["Indignation","SashWhip"],"picked":"Study","floor":5},{"not_picked":["MasterReality+1","EmptyBody"],"picked":"EmptyFist","floor":6},{"not_picked":["Conclude","Crescendo","BattleHymn+1"],"picked":"SKIP","floor":7},{"not_picked":["Conclude","Crescendo"],"picked":"BattleHymn+1","floor":7},{"not_picked":["Vengeance","BattleHymn+1"],"picked":"Scrawl","floor":8},{"not_picked":["SashWhip","SignatureMove"],"picked":"Evaluate","floor":10},{"not_picked":["ThirdEye","Collect"],"picked":"Wireheading+1","floor":12},{"not_picked":["CrushJoints","Tantrum"],"picked":"Prostrate","floor":13},{"not_picked":["Sanctity","Crescendo","EmptyFist"],"picked":"SKIP","floor":14},{"not_picked":["LessonLearned","Brilliance"],"picked":"Alpha","floor":16},{"not_picked":["EmptyFist","Fasting2+1"],"picked":"Protect","floor":18},{"not_picked":["CarveReality","JustLucky+1","SandsOfTime"],"picked":"SKIP","floor":21},{"not_picked":["Evaluate","PathToVictory"],"picked":"Weave","floor":22},{"not_picked":["FearNoEvil","ReachHeaven"],"picked":"LikeWater+1","floor":24},{"not_picked":["WheelKick+1","BowlingBash","Wallop"],"picked":"SKIP","floor":25},{"not_picked":["Fasting2+1","Weave+1"],"picked":"EmptyBody","floor":28}],"player_experience":444722,"relics_obtained":[{"floor":6,"key":"Frozen Egg 2"},{"floor":8,"key":"Toy Ornithopter"},{"floor":9,"key":"Lizard Tail"},{"floor":10,"key":"Blue Candle"},{"floor":12,"key":"Bag of Preparation"},{"floor":24,"key":"Tiny Chest"},{"floor":26,"key":"Vajra"}],"event_choices":[{"damage_healed":0,"gold_gain":0,"player_choice":"Leave","damage_taken":0,"max_hp_gain":0,"max_hp_loss":0,"event_name":"The Cleric","floor":2,"gold_loss":0},{"damage_healed":0,"gold_gain":0,"player_choice":"Success","damage_taken":3,"relics_obtained":["Girya"],"max_hp_gain":0,"max_hp_loss":0,"event_name":"Scrap Ooze","floor":3,"gold_loss":0},{"damage_healed":0,"gold_gain":0,"player_choice":"Grow","damage_taken":0,"max_hp_gain":0,"max_hp_loss":0,"event_name":"Living Wall","floor":4,"gold_loss":0,"cards_upgraded":["Vigilance"]},{"damage_healed":0,"gold_gain":0,"player_choice":"Read","damage_taken":0,"max_hp_gain":0,"max_hp_loss":0,"event_name":"The Library","floor":19,"gold_loss":0,"cards_obtained":["Evaluate"]}],"is_beta":false,"boss_relics":[{"not_picked":["Coffee Dripper","Pandora\u0027s Box"],"picked":"Tiny House"}],"items_purged_floors":[],"is_endless":false,"potions_floor_spawned":[1,5,7,16,21,24,28],"killed_by":"Gremlin Leader","ascension_level":1}}