{"host":"k0kjm4m87pwj4phr","time":1608802898,"event":{"mods":["ATMod(°¢èªMod)","BaseMod","Colored Map","Colored Powertips","Minty Spire (QoL Compilation)","Permanent Neow","Quick Restart","Relic Stats","Replay The Spire","StSLib","The Dragon Tamer"],"gold_per_floor":[116,7,27,39,39,70,85,98,175,211,229,179,204,223,223,346,346,361,361,382,405,425,425,460,473,473,492,510,531,554,579,579,705,705,817,927,1041,1153,528,528,528,636,636,511,511,624,743,853,853,853],"floor_reached":51,"playtime":2516,"items_purged":["DTMod:TargetDefense","DTMod:Strike","DTMod:Strike"],"score":697,"play_id":"ffe2bc78-6621-400a-9872-951afaa1b758","local_time":"20201224174138","is_ascension_mode":false,"metric_token":727,"campfire_choices":[{"data":"AT_LightSaberMaster","floor":15,"key":"SMITH"},{"data":"DTMod:SealedStrike","floor":23,"key":"SMITH"},{"floor":32,"key":"REST"},{"floor":40,"key":"DIG"},{"floor":45,"key":"REST"},{"floor":49,"key":"DIG"}],"dtmod_dragon_data":[22,50,1,4,8,3],"circlet_count":0,"master_deck":["DTMod:DoubleHit","DTMod:TargetDefense","DTMod:TargetDefense","DTMod:TargetDefense","DTMod:SwitchingTactic","AT_LightSaberMaster+1","DTMod:BurningEnergy","DTMod:BuildUp","DTMod:BuildUp","DTMod:CrossStep","DTMod:ComboAttack","DTMod:Inferno","DTMod:WarmUp","DTMod:Training","DTMod:BalancedStrike","DTMod:Coolant","DTMod:TriAttack","DTMod:SealedStrike+1","DTMod:ShieldDrain+1","DTMod:ComboAttack+1","DTMod:Observe","DTMod:CrossStep","DTMod:ComboAttack+1","DTMod:ComboAttack+1","DTMod:GearUp","DTMod:HeadStart","DTMod:CrossStep","Pain","DTMod:Harmonize","Parasite"],"relics":["DTMod:PactStone","AT_ATBox","Runic Pyramid","Painkiller Herb","Golden Idol","AT_ChloranthyRing","Gambling Chip","AT_TrinityForce","PreservedInsect","AT_GuinsooRageblade","Cursed Key","Toxic Egg 2","Shovel","Ancient Tea Set","AT_Manta","Replay:Bottled Steam"],"acts_visited":["Exordium","TheCity","TheBeyond"],"potions_floor_usage":[16,19,46,50,50,50],"damage_taken":[{"damage":0,"enemies":"Cultist","floor":1,"turns":4},{"damage":0,"enemies":"Small Slimes","floor":3,"turns":3},{"damage":0,"enemies":"2 Louse","floor":4,"turns":2},{"damage":7,"enemies":"Lagavulin","floor":6,"turns":7},{"damage":0,"enemies":"Exordium Thugs","floor":7,"turns":3},{"damage":1,"enemies":"Large Slime","floor":8,"turns":4},{"damage":6,"enemies":"Gremlin Nob","floor":10,"turns":3},{"damage":0,"enemies":"Looter","floor":11,"turns":2},{"damage":0,"enemies":"Exordium Wildlife","floor":13,"turns":3},{"damage":0,"enemies":"Red Slaver","floor":14,"turns":2},{"damage":0,"enemies":"Hexaghost","floor":16,"turns":6},{"damage":0,"enemies":"3 Byrds","floor":18,"turns":3},{"damage":0,"enemies":"Chosen","floor":20,"turns":3},{"damage":0,"enemies":"Snecko","floor":21,"turns":2},{"damage":0,"enemies":"Chosen and Byrds","floor":22,"turns":4},{"damage":14,"enemies":"Replay:Snechameleon","floor":24,"turns":3},{"damage":0,"enemies":"Snake Plant","floor":25,"turns":3},{"damage":5,"enemies":"Sentry and Sphere","floor":27,"turns":3},{"damage":0,"enemies":"Snecko","floor":28,"turns":3},{"damage":0,"enemies":"Cultist and Chosen","floor":29,"turns":2},{"damage":0,"enemies":"Centurion and Healer","floor":30,"turns":4},{"damage":0,"enemies":"Snake Plant","floor":31,"turns":3},{"damage":0,"enemies":"Champ","floor":33,"turns":6},{"damage":0,"enemies":"3 Darklings","floor":35,"turns":3},{"damage":0,"enemies":"3 Shapes","floor":36,"turns":1},{"damage":0,"enemies":"Maw","floor":37,"turns":6},{"damage":0,"enemies":"3 Darklings","floor":38,"turns":4},{"damage":2,"enemies":"Jaw Worm Horde","floor":42,"turns":3},{"damage":0,"enemies":"Transient","floor":46,"turns":5},{"damage":0,"enemies":"3 Darklings","floor":47,"turns":1},{"damage":1,"enemies":"Writhing Mass","floor":48,"turns":3},{"damage":14,"enemies":"Replay:Hell Engine","floor":50,"turns":8}],"seed_played":"6061864427405937992","potions_obtained":[{"floor":3,"key":"Elixir"},{"floor":7,"key":"Adrenaline Potion"},{"floor":8,"key":"Regen Potion"},{"floor":16,"key":"Dexterity Potion"},{"floor":19,"key":"Fruit Juice"},{"floor":19,"key":"AttackPotion"},{"floor":46,"key":"Energy Potion"}],"is_trial":false,"path_per_floor":["?","T","?","?","?","E","?","?","T","E","?","?","?","?","T","B",null,"?","?","?","?","?","T","E","?","T","?","?","?","?","?","T","B",null,"?","?","?","?","T","T","?","?","T","T","T","?","?","?","T","B",null],"character_chosen":"THE_DT","items_purchased":["DTMod:BuildUp","Toxic Egg 2","Shovel"],"campfire_rested":2,"item_purchase_floors":[2,39,39],"current_hp_per_floor":[45,45,45,45,42,35,35,34,34,28,28,28,28,28,28,42,42,42,47,47,47,47,47,33,33,33,28,28,28,28,28,42,42,47,47,47,47,47,47,47,47,45,45,45,47,47,47,46,46,32],"gold":853,"neow_bonus":"DOUBLE_BOSS_RELIC","is_daily":false,"chose_seed":false,"campfire_upgraded":2,"win_rate":0.0,"timestamp":1608802898,"path_taken":["?","?","?","?","?","E","?","?","T","E","?","?","?","?","T","BOSS","?","?","?","?","?","T","E","?","T","?","?","?","?","?","T","BOSS","?","?","?","?","T","T","?","?","T","?","T","?","?","?","T","BOSS"],"items_purchased_type":["Card","Relic","Relic"],"build_version":"2020-12-22","purchased_purges":3,"victory":true,"max_hp_per_floor":[45,45,45,45,42,42,42,42,42,42,42,42,42,42,42,42,42,42,47,47,47,47,47,47,47,47,47,47,47,47,47,47,47,47,47,47,47,47,47,47,47,47,47,47,47,47,47,47,47,47],"relic_stats":{"Shovel":2,"counters":[32,112],"Golden Idol":357,"Gambling Chip":[35],"PreservedInsect":0,"Cursed Key":1,"obtain_stats":[{"AT_ChloranthyRing":6,"AT_ATBox":0,"AT_Manta":43,"Golden Idol":5,"Painkiller Herb":0,"PreservedInsect":24,"Cursed Key":34,"Ancient Tea Set":40,"Shovel":39,"DTMod:PactStone":0,"Gambling Chip":10,"AT_TrinityForce":17,"Toxic Egg 2":39,"AT_GuinsooRageblade":26,"Runic Pyramid":0,"Replay:Bottled Steam":49},{"AT_ChloranthyRing":4,"AT_ATBox":0,"AT_Manta":28,"Golden Idol":3,"Painkiller Herb":0,"PreservedInsect":16,"Cursed Key":23,"Ancient Tea Set":27,"Shovel":27,"DTMod:PactStone":0,"Gambling Chip":7,"AT_TrinityForce":11,"Toxic Egg 2":27,"AT_GuinsooRageblade":17,"Runic Pyramid":0,"Replay:Bottled Steam":31},{"AT_ChloranthyRing":16,"AT_ATBox":0,"AT_Manta":95,"Golden Idol":9,"Painkiller Herb":0,"PreservedInsect":54,"Cursed Key":78,"Ancient Tea Set":92,"Shovel":92,"DTMod:PactStone":0,"Gambling Chip":26,"AT_TrinityForce":39,"Toxic Egg 2":92,"AT_GuinsooRageblade":57,"Runic Pyramid":0,"Replay:Bottled Steam":104}]},"card_choices":[{"not_picked":["DTMod:Hide","DTMod:BreakAttack"],"picked":"DTMod:BurningEnergy","floor":1},{"not_picked":["DTMod:ComboAttack","DTMod:StarRain"],"picked":"DTMod:CrossStep","floor":3},{"not_picked":["DTMod:QuickFly","DTMod:Hide"],"picked":"DTMod:ComboAttack","floor":4},{"not_picked":["DTMod:Feint","DTMod:CalculatedDefense"],"picked":"DTMod:Inferno","floor":6},{"not_picked":["DTMod:HeatWave","DTMod:BlazingStrike"],"picked":"DTMod:WarmUp","floor":7},{"not_picked":["DTMod:Conduct","DTMod:BlazingStrike"],"picked":"DTMod:Training","floor":8},{"not_picked":["DTMod:HeatWave","DTMod:Cover"],"picked":"DTMod:BalancedStrike","floor":10},{"not_picked":["DTMod:MaximumCharge","DTMod:BreakAttack"],"picked":"DTMod:Coolant","floor":11},{"not_picked":["DTMod:Feint","DTMod:DragonDance"],"picked":"DTMod:TriAttack","floor":13},{"not_picked":["DTMod:BreakAttack","DTMod:BuildUp","DTMod:QuickFly"],"picked":"SKIP","floor":14},{"not_picked":["DTMod:Outburst","DTMod:OpeningTactic"],"picked":"DTMod:SealedStrike","floor":16},{"not_picked":["DTMod:DeepFocus","DTMod:BizarreTactic+1"],"picked":"DTMod:ShieldDrain+1","floor":18},{"not_picked":["DTMod:HeatWave+1","DTMod:DeepFocus+1"],"picked":"DTMod:ComboAttack+1","floor":20},{"not_picked":["DTMod:Threaten+1","DTMod:BizarreTactic"],"picked":"DTMod:Observe","floor":21},{"not_picked":["DTMod:CleansingStrike","DTMod:Hide+1","DTMod:Weaken"],"picked":"SKIP","floor":22},{"not_picked":["DTMod:MaximumCharge","DTMod:QuickFly+1"],"picked":"DTMod:CrossStep","floor":24},{"not_picked":["DTMod:Threaten","DTMod:DeepFocus"],"picked":"DTMod:ComboAttack+1","floor":25},{"not_picked":["DTMod:BreakAttack","DTMod:InvisibleFlame+1"],"picked":"DTMod:ComboAttack+1","floor":27},{"not_picked":["DTMod:Astonish","DTMod:Hide+1"],"picked":"DTMod:GearUp","floor":28},{"not_picked":["DTMod:FlameSlash","DTMod:HeatWave","DTMod:BizarreTactic"],"picked":"SKIP","floor":29},{"not_picked":["DTMod:Weaken","DTMod:MagiciansMark+1","DTMod:Punisher"],"picked":"SKIP","floor":30},{"not_picked":["DTMod:BalancedStrike","DTMod:CalculatedDefense+1","DTMod:InvisibleFlame"],"picked":"SKIP","floor":31},{"not_picked":["DTMod:FierySynthesis","DTMod:SealedStrike"],"picked":"DTMod:HeadStart","floor":33},{"not_picked":["DTMod:SneakAttack","DTMod:BreakAttack","DTMod:Hide"],"picked":"SKIP","floor":35},{"not_picked":["DTMod:LowKick+1","DTMod:WarmUp"],"picked":"DTMod:CrossStep","floor":36},{"not_picked":["DTMod:Weaken+1","DTMod:CleansingStrike+1","DTMod:Training+1"],"picked":"SKIP","floor":37},{"not_picked":["DTMod:FlameSlash+1","DTMod:MagiciansMark+1","DTMod:ComboAttack"],"picked":"SKIP","floor":38},{"not_picked":["DTMod:Hide+1","DTMod:CrossStep+1","DTMod:BurningEnergy+1"],"picked":"SKIP","floor":42},{"not_picked":["DTMod:Hide+1","DTMod:MasterPlan+1"],"picked":"DTMod:Harmonize","floor":46},{"not_picked":["DTMod:Feint","DTMod:RecklessFlurry","DTMod:BreakAttack+1"],"picked":"SKIP","floor":47},{"not_picked":["DTMod:ForkedFire","DTMod:Dissolve","DTMod:HeatWave"],"picked":"SKIP","floor":48}],"player_experience":420813,"relics_obtained":[{"floor":6,"key":"AT_ChloranthyRing"},{"floor":10,"key":"Gambling Chip"},{"floor":24,"key":"PreservedInsect"},{"floor":26,"key":"AT_GuinsooRageblade"},{"floor":40,"key":"Ancient Tea Set"},{"floor":43,"key":"AT_Manta"},{"floor":49,"key":"Replay:Bottled Steam"}],"event_choices":[{"damage_healed":0,"gold_gain":0,"player_choice":"Lose Max HP","damage_taken":0,"relics_obtained":["Golden Idol"],"max_hp_gain":0,"max_hp_loss":3,"event_name":"Golden Idol","floor":5,"gold_loss":0},{"cards_removed":["DTMod:Strike"],"damage_healed":0,"gold_gain":0,"player_choice":"Card Removal","damage_taken":0,"max_hp_gain":0,"max_hp_loss":0,"event_name":"The Cleric","floor":12,"gold_loss":50},{"damage_healed":0,"gold_gain":0,"player_choice":"Got Potions","damage_taken":0,"max_hp_gain":0,"max_hp_loss":0,"event_name":"Lab","floor":19,"gold_loss":0},{"cards_removed":["DTMod:Strike"],"damage_healed":0,"gold_gain":0,"player_choice":"Purged","damage_taken":0,"max_hp_gain":0,"max_hp_loss":0,"event_name":"Purifier","floor":41,"gold_loss":0}],"is_beta":false,"boss_relics":[{"not_picked":["Empty Cage","Black Star"],"picked":"AT_TrinityForce"},{"not_picked":["SlaversCollar","Velvet Choker"],"picked":"Cursed Key"}],"items_purged_floors":[2,39,44],"is_endless":false,"potions_floor_spawned":[3,7,8,10,13,16,18,22,27,29,31,35,38,46,48],"ascension_level":0}}