{"host":"63rwe7p34ct1i0qu","time":1608809175,"event":{"mods":["BaseMod","Colored Map","DeckTracker","Minty Spire (QoL Compilation)","Permanent Neow","Quick Restart","StSLib"],"gold_per_floor":[114,133,133,133,133,163,163,176,176,176,193,216,166,176,176,176,176],"floor_reached":16,"playtime":299,"items_purged":[],"score":160,"play_id":"6a5ba5cd-f2cb-4871-b377-4ad6eac710c7","local_time":"20201224202615","is_ascension_mode":true,"campfire_choices":[{"floor":7,"key":"REST"},{"floor":15,"key":"REST"}],"circlet_count":0,"master_deck":["AscendersBane","Strike_B","Strike_B","Strike_B","Strike_B","Defend_B","Defend_B+1","Defend_B","Defend_B","Zap","Dualcast","Rip and Tear","Chill+1","Capacitor","Streamline","Hologram","Sweeping Beam"],"relics":["SacredBark","Pantograph","Bronze Scales","Tiny Chest"],"acts_visited":["Exordium"],"potions_floor_usage":[14],"damage_taken":[{"damage":14,"enemies":"Small Slimes","floor":1,"turns":5},{"damage":3,"enemies":"2 Louse","floor":2,"turns":2},{"damage":28,"enemies":"Lagavulin","floor":6,"turns":7},{"damage":2,"enemies":"Jaw Worm","floor":8,"turns":4},{"damage":7,"enemies":"Blue Slaver","floor":11,"turns":3},{"damage":1,"enemies":"Looter","floor":14,"turns":2},{"damage":0,"enemies":"The Guardian","floor":16,"turns":1}],"seed_played":"662540626296720320","potions_obtained":[{"floor":6,"key":"Energy Potion"},{"floor":11,"key":"LiquidMemories"}],"is_trial":false,"path_per_floor":["M","M","$","?","?","E","R","M","T","$","M","T","$","M","R","B"],"character_chosen":"DEFECT","items_purchased":["Hologram"],"campfire_rested":2,"item_purchase_floors":[13],"current_hp_per_floor":[54,51,51,36,36,8,30,28,28,28,21,21,21,20,42,67,67],"gold":176,"neow_bonus":"BOSS_RELIC","is_daily":false,"chose_seed":false,"campfire_upgraded":0,"win_rate":0.0,"timestamp":1608809175,"path_taken":["M","M","$","?","?","E","R","M","T","?","M","?","?","M","R","BOSS"],"items_purchased_type":["Card"],"build_version":"2020-12-22","purchased_purges":0,"victory":false,"max_hp_per_floor":[75,75,75,75,75,75,75,75,75,75,75,75,75,75,75,75,75],"card_choices":[{"not_picked":["Barrage","Heatsinks"],"picked":"Rip and Tear","floor":1},{"not_picked":["Conserve Battery","Darkness"],"picked":"Chill","floor":2},{"not_picked":["Steam","Turbo"],"picked":"Capacitor","floor":6},{"not_picked":["Loop","Redo","Hello World"],"picked":"SKIP","floor":8},{"not_picked":["Core Surge","Heatsinks"],"picked":"Streamline","floor":11},{"not_picked":["Conserve Battery","Storm"],"picked":"Sweeping Beam","floor":14}],"player_experience":809011,"relics_obtained":[{"floor":6,"key":"Pantograph"},{"floor":9,"key":"Bronze Scales"},{"floor":12,"key":"Tiny Chest"}],"event_choices":[{"damage_healed":0,"gold_gain":0,"player_choice":"Entered Light","damage_taken":15,"max_hp_gain":0,"max_hp_loss":0,"event_name":"Shining Light","floor":4,"gold_loss":0,"cards_upgraded":["Defend_B","Chill"]},{"damage_healed":0,"gold_gain":0,"player_choice":"Ignored","damage_taken":0,"max_hp_gain":0,"max_hp_loss":0,"event_name":"Liars Game","floor":5,"gold_loss":0}],"is_beta":false,"boss_relics":[],"items_purged_floors":[],"is_endless":false,"potions_floor_spawned":[6,11],"killed_by":"The Guardian","ascension_level":12}}