{"host":"os9owiyb0rak6c8n","time":1608846096,"event":{"mods":["AchievementEnabler","BaseMod","Beaked The Cultist","Better Third Choice","Block Reminder","Colored Map","Colored Powertips","Dio Mod","Minty Spire (QoL Compilation)","Robot Space Explorer","Spicy Shops","StSLib","The Death Knight","The Necromancer"],"gold_per_floor":[111,124,135,135,154,194,3,3,56,56,56,72,72,103,103,224,224,248,248,261,19,19,19,19,62,62,62,75,99,99,42,42,172,172,199,224,204,4,20,61,61,61],"floor_reached":41,"playtime":1621,"items_purged":["Strike_G","Doubt"],"score":651,"play_id":"c1d1e348-d8d6-4f41-b648-3cb574b68e45","local_time":"20201224224136","is_ascension_mode":true,"campfire_choices":[{"data":"Well Laid Plans","floor":8,"key":"SMITH"},{"floor":13,"key":"REST"},{"data":"Bouncing Flask","floor":15,"key":"SMITH"},{"floor":23,"key":"REST"},{"data":"Deadly Poison","floor":27,"key":"SMITH"},{"data":"Dodge and Roll","floor":30,"key":"SMITH"},{"data":"Cloak And Dagger","floor":32,"key":"SMITH"}],"circlet_count":0,"master_deck":["Strike_G+1","Strike_G+1","Strike_G+1","Strike_G+1","Defend_G+1","Defend_G+1","Defend_G+1","Defend_G+1","Defend_G+1","Survivor","Neutralize","Deadly Poison+1","All Out Attack","Cloak And Dagger+1","Bouncing Flask+1","Poisoned Stab","Well Laid Plans+1","Dagger Spray","Leg Sweep+1","Burst+1","Bouncing Flask+1","PiercingWail","Dodge and Roll+1","Bullet Time","Noxious Fumes+1","Backflip+1"],"relics":["Ring of the Snake","Golden Idol","Mercury Hourglass","PreservedInsect","Anchor","Ancient Tea Set","Black Star","CeramicFish","Eternal Feather","GremlinMask","The Courier","Bottled Flame","Ginger","OrangePellets","Fusion Hammer","Oddly Smooth Stone","Dream Catcher","Orichalcum"],"acts_visited":["Exordium","TheCity","TheBeyond"],"potions_floor_usage":[16,16,29,33,33,40,41],"damage_taken":[{"damage":0,"enemies":"Cultist","floor":1,"turns":3},{"damage":3,"enemies":"Jaw Worm","floor":2,"turns":5},{"damage":3,"enemies":"2 Louse","floor":3,"turns":3},{"damage":7,"enemies":"Exordium Wildlife","floor":5,"turns":5},{"damage":24,"enemies":"Gremlin Nob","floor":6,"turns":4},{"damage":4,"enemies":"Large Slime","floor":12,"turns":5},{"damage":4,"enemies":"3 Sentries","floor":14,"turns":3},{"damage":19,"enemies":"Slime Boss","floor":16,"turns":9},{"damage":4,"enemies":"3 Byrds","floor":18,"turns":5},{"damage":18,"enemies":"Shell Parasite","floor":20,"turns":4},{"damage":1,"enemies":"Gremlin Leader","floor":25,"turns":5},{"damage":0,"enemies":"Snake Plant","floor":28,"turns":3},{"damage":5,"enemies":"Centurion and Healer","floor":29,"turns":5},{"damage":44,"enemies":"StardustCrusaders","floor":33,"turns":9},{"damage":0,"enemies":"3 Shapes","floor":35,"turns":2},{"damage":0,"enemies":"Orb Walker","floor":36,"turns":3},{"damage":4,"enemies":"Sphere and 2 Shapes","floor":39,"turns":5},{"damage":39,"enemies":"Giant Head","floor":40,"turns":9},{"damage":21,"enemies":"Transient","floor":41,"turns":4}],"seed_played":"4025534947907351805","potions_obtained":[{"floor":1,"key":"DistilledChaos"},{"floor":3,"key":"CunningPotion"},{"floor":12,"key":"GamblersBrew"},{"floor":18,"key":"DistilledChaos"},{"floor":25,"key":"Block Potion"},{"floor":28,"key":"DuplicationPotion"},{"floor":33,"key":"CunningPotion"},{"floor":35,"key":"Energy Potion"},{"floor":37,"key":"Explosive Potion"}],"is_trial":false,"path_per_floor":["M","M","M","?","M","E","$","R","T","$","?","M","R","E","R","B",null,"M","?","M","$","?","R","?","E","T","R","M","M","R","$","R","B",null,"M","M","?","$","M","E","M"],"character_chosen":"THE_SILENT","items_purchased":["Well Laid Plans","PreservedInsect","CeramicFish","Eternal Feather","OrangePellets","Oddly Smooth Stone"],"campfire_rested":2,"item_purchase_floors":[7,7,21,21,31,38],"current_hp_per_floor":[70,67,64,64,57,33,33,33,33,33,33,29,50,46,46,27,60,56,35,17,17,17,50,50,49,49,61,61,56,68,68,71,27,60,60,60,60,60,56,17,0,0],"gold":61,"neow_bonus":"TEN_PERCENT_HP_BONUS","is_daily":false,"chose_seed":false,"campfire_upgraded":5,"win_rate":0.0,"timestamp":1608846096,"path_taken":["M","M","?","?","M","E","$","R","T","$","?","M","R","E","R","BOSS","M","?","M","$","?","R","?","E","T","R","M","M","R","$","R","BOSS","M","?","?","$","?","E","M"],"items_purchased_type":["Card","Relic","Relic","Relic","Relic","Relic"],"build_version":"2020-12-22","purchased_purges":2,"victory":false,"max_hp_per_floor":[77,77,77,71,71,71,71,71,71,71,71,71,71,71,71,71,71,71,71,71,71,71,71,71,71,71,71,71,71,71,71,71,71,71,71,71,71,71,71,71,71,71],"card_choices":[{"not_picked":["Well Laid Plans","Dagger Spray"],"picked":"Deadly Poison","floor":1},{"not_picked":["Setup","Backflip"],"picked":"All Out Attack","floor":2},{"not_picked":["Deflect","Acrobatics"],"picked":"Cloak And Dagger","floor":3},{"not_picked":["Quick Slash","All Out Attack"],"picked":"Bouncing Flask","floor":5},{"not_picked":["PiercingWail","Outmaneuver"],"picked":"Poisoned Stab","floor":6},{"not_picked":["Riddle With Holes","Setup"],"picked":"Dagger Spray","floor":12},{"not_picked":["Backflip","Cloak And Dagger"],"picked":"Leg Sweep","floor":14},{"not_picked":["Wraith Form v2","Phantasmal Killer"],"picked":"Burst","floor":16},{"not_picked":["Blade Dance","Escape Plan"],"picked":"Bouncing Flask","floor":18},{"not_picked":["Well Laid Plans+1","Prepared"],"picked":"PiercingWail","floor":20},{"not_picked":["Finisher+1","Terror"],"picked":"Dodge and Roll","floor":25},{"not_picked":["Accuracy+1","Flechettes","Infinite Blades"],"picked":"SKIP","floor":28},{"not_picked":["Bane","Sucker Punch","Deflect"],"picked":"SKIP","floor":29},{"not_picked":["Bane","Sucker Punch","Deflect"],"picked":"SKIP","floor":29},{"not_picked":["Unload","A Thousand Cuts"],"picked":"Bullet Time","floor":33},{"not_picked":["Cloak And Dagger+1","Quick Slash"],"picked":"Noxious Fumes+1","floor":35},{"not_picked":["Dagger Spray","Outmaneuver+1"],"picked":"Backflip+1","floor":36},{"not_picked":["Dagger Throw","Concentrate+1","Prepared"],"picked":"SKIP","floor":39},{"not_picked":["Expertise","Terror","Flechettes+1"],"picked":"SKIP","floor":40}],"player_experience":528959,"relics_obtained":[{"floor":6,"key":"Mercury Hourglass"},{"floor":9,"key":"Anchor"},{"floor":14,"key":"Ancient Tea Set"},{"floor":25,"key":"The Courier"},{"floor":25,"key":"Bottled Flame"},{"floor":26,"key":"Ginger"},{"floor":40,"key":"Dream Catcher"},{"floor":40,"key":"Orichalcum"}],"event_choices":[{"damage_healed":0,"gold_gain":0,"player_choice":"Lose Max HP","damage_taken":0,"relics_obtained":["Golden Idol"],"max_hp_gain":0,"max_hp_loss":6,"event_name":"Golden Idol","floor":4,"gold_loss":0},{"damage_healed":0,"gold_gain":0,"player_choice":"Ignored","damage_taken":56,"max_hp_gain":0,"max_hp_loss":0,"event_name":"betterThird:BetterSerpent","floor":11,"gold_loss":0},{"damage_healed":0,"gold_gain":0,"player_choice":"Simplicity","damage_taken":0,"max_hp_gain":0,"max_hp_loss":9,"event_name":"betterThird:BetterWriting","floor":22,"gold_loss":0},{"damage_healed":0,"gold_gain":0,"player_choice":"Trade","damage_taken":0,"relics_obtained":["GremlinMask"],"max_hp_gain":0,"max_hp_loss":0,"event_name":"FaceTrader","floor":24,"gold_loss":0},{"damage_healed":0,"gold_gain":0,"player_choice":"Bought 1 Potion","damage_taken":0,"max_hp_gain":0,"max_hp_loss":0,"event_name":"The Woman in Blue","floor":37,"gold_loss":0}],"is_beta":false,"boss_relics":[{"not_picked":["Empty Cage","Philosopher\u0027s Stone"],"picked":"Black Star"},{"not_picked":["Busted Crown","Runic Pyramid"],"picked":"Fusion Hammer"}],"items_purged_floors":[21,38],"is_endless":false,"potions_floor_spawned":[1,3,12,18,25,28,33,35,39],"killed_by":"Transient","ascension_level":9}}