{"host":"6pgtslebjnyv5xmi","time":1608819093,"event":{"mods":["AchievementEnabler","BaseMod","Colored Map","Minty Spire (QoL Compilation)","Rare Cards Sparkle","StSLib","SuperFastMode","The Dragon Tamer","everything is the same but u backflip on backflip"],"gold_per_floor":[114,133,133,148,223,148,183,203,277,325,325,356,60,125,125,125,125],"floor_reached":16,"playtime":984,"items_purged":[],"score":135,"play_id":"185aba98-f044-44e2-9c15-62ad17d7feb7","local_time":"20201224231133","is_ascension_mode":true,"campfire_choices":[{"data":"Caltrops","floor":11,"key":"SMITH"},{"data":"After Image","floor":15,"key":"SMITH"}],"circlet_count":0,"master_deck":["Strike_G","Strike_G","Strike_G+1","Strike_G","Strike_G","Defend_G","Defend_G","Defend_G","Defend_G","Defend_G","Survivor","Neutralize+1","Finesse","Good Instincts","Storm of Steel","Blur","Wraith Form v2","Acrobatics","Caltrops+1","After Image+1","Caltrops+1"],"relics":["Ring of the Snake","The Specimen","Eternal Feather","Whetstone","Strawberry","DollysMirror","Happy Flower","Akabeko"],"acts_visited":["Exordium"],"potions_floor_usage":[7,12,16],"damage_taken":[{"damage":4,"enemies":"2 Louse","floor":1,"turns":3},{"damage":0,"enemies":"Cultist","floor":2,"turns":3},{"damage":0,"enemies":"Jaw Worm","floor":4,"turns":3},{"damage":31,"enemies":"Gremlin Nob","floor":7,"turns":6},{"damage":13,"enemies":"Blue Slaver","floor":8,"turns":6},{"damage":4,"enemies":"Lagavulin","floor":12,"turns":8},{"damage":16,"enemies":"Gremlin Nob","floor":14,"turns":6},{"damage":19,"enemies":"The Guardian","floor":16,"turns":6}],"seed_played":"7320814459427487245","potions_obtained":[{"floor":4,"key":"Weak Potion"},{"floor":8,"key":"Fire Potion"},{"floor":14,"key":"DistilledChaos"}],"is_trial":false,"path_per_floor":["M","M","?","M","?","$","E","M","T","T","R","E","$","?","R","B"],"character_chosen":"THE_SILENT","items_purchased":["Wraith Form v2","DollysMirror","Happy Flower"],"campfire_rested":0,"item_purchase_floors":[6,13,13],"current_hp_per_floor":[66,66,66,66,55,55,24,11,11,11,20,23,23,7,19,0,0],"gold":125,"neow_bonus":"RANDOM_COLORLESS","is_daily":false,"chose_seed":false,"campfire_upgraded":2,"win_rate":0.0,"timestamp":1608819093,"path_taken":["M","M","?","?","?","$","E","M","T","?","R","E","$","?","R","BOSS"],"items_purchased_type":["Card","Relic","Relic"],"build_version":"2020-12-22","purchased_purges":0,"victory":false,"max_hp_per_floor":[70,70,70,70,70,70,70,70,70,70,70,77,77,77,77,77,77],"card_choices":[{"not_picked":["PanicButton","Discovery"],"picked":"Finesse","floor":0},{"not_picked":["Masterful Stab","Underhanded Strike","Distraction"],"picked":"SKIP","floor":1},{"not_picked":["Dagger Spray","Dodge and Roll","Poisoned Stab"],"picked":"SKIP","floor":2},{"not_picked":["Acrobatics","PiercingWail"],"picked":"Blur","floor":4},{"not_picked":["Prepared","Dodge and Roll"],"picked":"Acrobatics","floor":7},{"not_picked":["Predator","Acrobatics"],"picked":"Caltrops","floor":8},{"not_picked":["Expertise","Blade Dance"],"picked":"After Image","floor":12}],"player_experience":460367,"relics_obtained":[{"floor":7,"key":"The Specimen"},{"floor":9,"key":"Eternal Feather"},{"floor":10,"key":"Whetstone"},{"floor":12,"key":"Strawberry"},{"floor":14,"key":"Akabeko"}],"event_choices":[{"damage_healed":0,"gold_gain":0,"player_choice":"2 cards matched","damage_taken":0,"max_hp_gain":0,"max_hp_loss":0,"event_name":"Match and Keep!","floor":3,"gold_loss":0,"cards_obtained":["Good Instincts","Storm of Steel"]},{"damage_healed":0,"gold_gain":75,"player_choice":"Gather Gold","damage_taken":11,"max_hp_gain":0,"max_hp_loss":0,"event_name":"World of Goop","floor":5,"gold_loss":0},{"damage_healed":0,"gold_gain":0,"player_choice":"Searched \u00271\u0027 times","damage_taken":0,"max_hp_gain":0,"max_hp_loss":0,"event_name":"Dead Adventurer","floor":14,"gold_loss":0}],"is_beta":false,"boss_relics":[],"items_purged_floors":[],"is_endless":false,"potions_floor_spawned":[4,8,14],"killed_by":"The Guardian","ascension_level":5}}