{"host":"qhn6g0owdgjb77rz","time":1608799960,"event":{"mods":["BaseMod","Colored Map","Minty Spire (QoL Compilation)","Relic Sorter","Replay The Spire","StSLib"],"gold_per_floor":[112,74,74,74,74,74,105,122,122,142,142,160,160,192,192,269,269,281,221,239,239,164,164,195,195,195,195,195],"floor_reached":27,"playtime":872,"items_purged":["Flex"],"score":391,"play_id":"efa27f4f-4dc4-4d63-9537-30095d212cef","local_time":"20201224175240","is_ascension_mode":true,"campfire_choices":[{"data":"Rampage","floor":6.0,"key":"SMITH"},{"data":"Strike_R","floor":11,"key":"PURGE"},{"data":"True Grit","floor":13,"key":"SMITH"},{"data":"Strike_R","floor":15,"key":"PURGE"},{"data":"Strike_R","floor":23,"key":"PURGE"},{"data":"Strike_R","floor":25,"key":"PURGE"}],"circlet_count":0,"master_deck":["AscendersBane","Defend_R","Defend_R","Defend_R","Defend_R","Twin Strike","Rampage+1","Survivor","Neutralize","True Grit+1","Headbutt","ReplayTheSpireMod:Stacked","Headbutt","Offering","Headbutt"],"relics":["Burning Blood","Bronze Scales","Ice Cream","Peace Pipe","Bag of Marbles","Ooze Armor","Shovel","Vajra","Torii"],"acts_visited":["Exordium","TheCity"],"potions_floor_usage":[20,27],"damage_taken":[{"damage":0.0,"enemies":"2 Louse","floor":1.0,"turns":3.0},{"damage":22.0,"enemies":"Replay:BlueRogue","floor":7.0,"turns":7.0},{"damage":0.0,"enemies":"Small Slimes","floor":8.0,"turns":3.0},{"damage":0,"enemies":"Jaw Worm","floor":10,"turns":3},{"damage":0,"enemies":"Red Slaver","floor":12,"turns":4},{"damage":16,"enemies":"Gremlin Nob","floor":14,"turns":4},{"damage":45,"enemies":"The Guardian","floor":16,"turns":11},{"damage":7,"enemies":"Chosen","floor":18,"turns":4},{"damage":30,"enemies":"2 Thieves","floor":20,"turns":4},{"damage":20,"enemies":"Replay:Snechameleon","floor":24,"turns":6},{"damage":47,"enemies":"Slavers","floor":27,"turns":3}],"seed_played":"-9103211689581102122","potions_obtained":[{"floor":7.0,"key":"LiquidBronze"},{"floor":16,"key":"BloodPotion"},{"floor":20,"key":"ElixirPotion"}],"is_trial":false,"path_per_floor":["M","$","?","?","?","R","E","M","T","M","R","M","R","E","R","B",null,"M","?","M","?","$","R","E","R","T","E"],"character_chosen":"IRONCLAD","items_purchased":["Rampage"],"campfire_rested":0,"item_purchase_floors":[2],"current_hp_per_floor":[78,78,78,78,66,66,50,56,56,62,62,68,68,58,58,19,65,64,64,56,56,56,56,42,42,42,0,0],"gold":195,"neow_bonus":"THREE_CARDS","is_daily":false,"chose_seed":false,"campfire_upgraded":2,"win_rate":0.0,"timestamp":1608799960,"path_taken":["M","$","?","?","?","R","E","?","T","M","R","M","R","E","R","BOSS","M","?","M","?","$","R","E","R","T","E"],"items_purchased_type":["Card"],"build_version":"2020-12-22","purchased_purges":1,"victory":false,"max_hp_per_floor":[80,80,80,80,80,80,80,80,80,80,80,80,80,80,80,80,80,80,80,80,80,80,80,80,80,80,80,80],"card_choices":[{"not_picked":["Infernal Blade","Iron Wave"],"picked":"Flex","floor":0.0},{"not_picked":["Battle Trance","Pommel Strike"],"picked":"Twin Strike","floor":1.0},{"not_picked":["Thunderclap","Reckless Charge"],"picked":"True Grit","floor":7.0},{"not_picked":["Wild Strike","Heavy Blade"],"picked":"Headbutt","floor":8.0},{"not_picked":["Intimidate","Combust"],"picked":"ReplayTheSpireMod:Stacked","floor":10},{"not_picked":["Armaments","Sword Boomerang"],"picked":"Headbutt","floor":12},{"not_picked":["ReplayReversal","Replay:Many Hands","Armaments"],"picked":"SKIP","floor":14},{"not_picked":["Limit Break","Brutality"],"picked":"Offering","floor":16},{"not_picked":["Body Slam","Dual Wield+1","Sword Boomerang"],"picked":"SKIP","floor":18},{"not_picked":["Entrench","Iron Wave+1","Rupture"],"picked":"SKIP","floor":20},{"not_picked":["Replay:Undeath\u0027s Touch","Seeing Red"],"picked":"Headbutt","floor":24}],"player_experience":382159,"relics_obtained":[{"floor":7.0,"key":"Ice Cream"},{"floor":9.0,"key":"Peace Pipe"},{"floor":14,"key":"Bag of Marbles"},{"floor":24,"key":"Vajra"},{"floor":26,"key":"Torii"}],"event_choices":[{"cards_removed":["Strike_R"],"damage_healed":0.0,"max_hp_gain":0.0,"max_hp_loss":0.0,"gold_gain":0.0,"event_name":"Living Wall","player_choice":"Forget","floor":3.0,"gold_loss":0.0,"damage_taken":0.0},{"damage_healed":0.0,"max_hp_gain":0.0,"max_hp_loss":0.0,"gold_gain":0.0,"event_name":"Scrap Ooze","player_choice":"Success","floor":5.0,"gold_loss":0.0,"damage_taken":12.0,"relics_obtained":["Bronze Scales"]}],"is_beta":false,"boss_relics":[{"not_picked":["Runic Cube","Astrolabe"],"picked":"Ooze Armor"}],"items_purged_floors":[22],"is_endless":false,"potions_floor_spawned":[7,16,18,20],"killed_by":"Slavers","ascension_level":13}}