{"host":"9nt1zhl3k8mtcf72","time":1608796803,"event":{"mods":["Aspiration","BaseMod","BetterRewards","Conjunction","Conspire","Downfall","Energized Spire","Friendly Minions","GifTheSpireLib","Halation","Hubris","Infinite Spire","Jedi Mod","Mimic Mod","Minty Spire (QoL Compilation)","RatMod","Replay The Spire","Spikes Relics","StSLib","Stuff the Spire","Trackpad","Useless Jewels Mod","Wandering Minibosses","vexMod"],"gold_per_floor":[99,99,135,135,135,135,135,135,60,71,82,107,122,132,148,148,148,148],"floor_reached":16,"playtime":437,"items_purged":[],"score":100,"play_id":"0374d00c-ea83-4a67-8133-e263bc5b37d8","local_time":"20201224030003","is_ascension_mode":false,"campfire_choices":[{"floor":1,"key":"RECALL"},{"data":"hexamod:Incineration","floor":9,"key":"SMITH"}],"circlet_count":0,"master_deck":["hexamod:Strike","hexamod:Strike","hexamod:Strike","hexamod:Defend","hexamod:Defend","hexamod:Defend","hexamod:Defend","hexamod:Sear","hexamod:Float","hexamod:FlamesFromBeyond","hexamod:PhantomFireball","Pain","hexamod:Incineration+1","hexamod:RainOfEmbers","hexamod:Firestarter","hexamod:Firestarter","hexamod:Firestarter"],"relics":["hexamod:SpiritBrand","downfall:HeartsMalice","WarpedTongs","Juzu Bracelet","rat:KircheisShard","downfall:HeartBlessingBlue","Replay:PocketPolymizer"],"acts_visited":["Exordium"],"potions_floor_usage":[12,16,16],"damage_taken":[{"damage":0,"enemies":"downfall:FleeingMerchant","floor":2,"turns":1},{"damage":0,"enemies":"Cultist","floor":3,"turns":1},{"damage":0,"enemies":"Cultist","floor":5,"turns":1},{"damage":0,"enemies":"Jaw Worm","floor":10,"turns":2},{"damage":2,"enemies":"Small Slimes","floor":11,"turns":2},{"damage":17,"enemies":"Lagavulin","floor":12,"turns":5},{"damage":9,"enemies":"Blue Slaver","floor":13,"turns":3},{"damage":1,"enemies":"Red Slaver","floor":14,"turns":3},{"damage":14,"enemies":"3 Louse","floor":15,"turns":3},{"damage":28,"enemies":"downfall:Defect","floor":16,"turns":4}],"seed_played":"-1346862848303923476","potions_obtained":[{"floor":10,"key":"Conjunction:LightningMarble"},{"floor":11,"key":"CultistPotion"},{"floor":13,"key":"PowerPotion"},{"floor":14,"key":"hexamod:InfernoChargePotion"}],"is_trial":false,"path_per_floor":["R","$","MIM","?","M","?","T","?","R","M","M","E","M","M","M","B"],"character_chosen":"THE_SPIRIT","items_purchased":[],"campfire_rested":0,"item_purchase_floors":[],"current_hp_per_floor":[70,70,70,70,70,70,70,58,68,68,66,49,40,39,25,0,0,0],"gold":148,"neow_bonus":"THREE_ENEMY_KILL","is_daily":false,"chose_seed":false,"campfire_upgraded":1,"win_rate":0.0,"timestamp":1608796803,"path_taken":["R","$","?","?","?","?","T","?","R","M","M","E","M","M","M","BOSS"],"items_purchased_type":[],"build_version":"2020-12-22","purchased_purges":0,"victory":false,"max_hp_per_floor":[70,70,70,70,70,70,70,70,80,80,80,80,80,80,80,80,80,80],"card_choices":[{"not_picked":["hexamod:Rewind","hexamod:DynamicBlow"],"picked":"hexamod:FlamesFromBeyond","floor":2},{"not_picked":["hexamod:InspiringFlames","hexamod:SpectralAdrenaline"],"picked":"hexamod:PhantomFireball","floor":3},{"not_picked":["hexamod:AdvancingGuard","hexamod:FastForward"],"picked":"hexamod:Incineration","floor":5},{"not_picked":["hexamod:GhostShield","hexamod:InspiringFlames"],"picked":"hexamod:RainOfEmbers","floor":10},{"not_picked":["hexamod:GhostOfSpirePresent","hexamod:BacktrackSmack","hexamod:NightmareStrike"],"picked":"SKIP","floor":11},{"not_picked":["hexamod:SpectersWail","hexamod:InspiringFlames"],"picked":"hexamod:Firestarter","floor":12},{"not_picked":["hexamod:NecessarySacrifice","hexamod:GhostShield"],"picked":"hexamod:Firestarter","floor":13},{"not_picked":["hexamod:BacktrackSmack","hexamod:UnleashSpirits","hexamod:SwordOfDarkness"],"picked":"SKIP","floor":14},{"not_picked":["hexamod:BacktrackSmack","hexamod:FourthSeal"],"picked":"hexamod:Firestarter","floor":15}],"player_experience":457647,"relics_obtained":[{"floor":7,"key":"Juzu Bracelet"},{"floor":12,"key":"Replay:PocketPolymizer"}],"event_choices":[{"damage_healed":0,"gold_gain":0,"player_choice":"Rummage","damage_taken":0,"relics_obtained":["WarpedTongs"],"max_hp_gain":0,"max_hp_loss":0,"event_name":"Accursed Blacksmith","floor":4,"gold_loss":0,"cards_obtained":["Pain"]},{"damage_healed":0,"gold_gain":0,"player_choice":"Success","damage_taken":12,"relics_obtained":["rat:KircheisShard"],"max_hp_gain":0,"max_hp_loss":0,"event_name":"Scrap Ooze","floor":8,"gold_loss":0}],"is_beta":false,"boss_relics":[],"items_purged_floors":[],"is_endless":false,"potions_floor_spawned":[10,11,13,14,15],"killed_by":"downfall:Defect","ascension_level":0}}