{"host":"0azimyi6n3ugndj4","time":1608832452,"event":{"mods":["2.2 Compatiblity","BaseMod","Bestiary","Conspire","Curses Come First","Defuse TimeMaze Blight","Hyrulean Relics","Infinite Spire","Minty Spire (QoL Compilation)","Relic Stats","Replay The Spire","StSLib","SuperFastMode","Uncapped","¡¼?Úª?ø«¡½REMEMod"],"gold_per_floor":[99,147,147,147,147,222,222,318,365,446,446,545,626,278,278,278,278],"floor_reached":16,"playtime":753,"items_purged":[],"score":439,"play_id":"1ad8c33f-6e73-486a-8926-9269212d62d7","local_time":"20201225025412","daily_mods":["Draft","Hoarder","Insanity","Chimera","Specialized","Vintage","ControlledChaos","Allstar","Diverse","Colorless Cards","Heirloom","Time Dilation","Flight","Binary","Cursed Run","Elite Swarm","Lethality","Midas","Night Terrors","Terminal","Binary"],"is_ascension_mode":true,"campfire_choices":[{"floor":7,"key":"REST"},{"floor":15,"key":"REST"}],"circlet_count":0,"master_deck":["Demon Form","Wraith Form v2","Echo Form","DevaForm","AscendersBane","Bash","Survivor","Zap","Eruption","Strike_R","Strike_B","Defend_R","Defend_G","Defend_P","Replay:AtTheReady","Cleave","Abandon+1","Replay:BluntJabs","Infinite Blades","Recycle","REME_Scribble","Consume","Shockwave","Cloak And Dagger","Double Energy","Aggregate","Toxin Wave","Lockon","BowlingBash","Evaluate","infinitespire:OneForAll","Replay:Battleflow","Twin Strike","SashWhip","Carnage","Chill","Acrobatics","Evaluate","PathToVictory","Wild Strike","Reprogram","Outmaneuver","Thunderclap","Sweeping Beam","Perfected Strike","Life Link","Hologram","Defy Death","Hologram","Sever Soul","Underhanded Strike","Twin Strike","Blizzard","EmptyFist","Body Slam","Searing Blow","Iron Wave","Replay:Hum","Protect","BootSequence","JustLucky","Backflip","Collect","Cloak And Dagger","Poisoned Stab","Poisoned Stab","Poisoned Stab","Poisoned Stab","Poisoned Stab","Poisoned Stab","Poisoned Stab","Poisoned Stab","Poisoned Stab","Poisoned Stab","Poisoned Stab","Poisoned Stab","Poisoned Stab","Poisoned Stab","Poisoned Stab","Dodge and Roll","Dodge and Roll","Dodge and Roll","Cleave","Cleave","Cleave","Panic Button","Panic Button","Panic Button","ReplayReversal","ReplayReversal","ReplayReversal","Armaments","Armaments","Armaments","All Out Attack","All Out Attack","All Out Attack","ReplayTheSpireMod:Muscle Training","ReplayTheSpireMod:Muscle Training","ReplayTheSpireMod:Muscle Training","Gash","Gash","Gash","conspire:DoublingDagger","conspire:DoublingDagger","conspire:DoublingDagger","FlyingSleeves","FlyingSleeves","FlyingSleeves","Dodge and Roll","Dodge and Roll","Dodge and Roll","Hidden Blade","Hidden Blade","Hidden Blade","WreathOfFlame","WreathOfFlame","WreathOfFlame","Deflect","Deflect","Deflect","Flex","Flex","Flex","REME_GrazeFinale","REME_GrazeFinale","REME_GrazeFinale","conspire:Rain+1","conspire:Rain+1","conspire:Rain+1","Looming Evil","Looming Evil","Looming Evil"],"relics":["Snecko Eye","Unceasing Top","Busted Crown","Ring of Chaos","replay:Trail_Library","REME_ComplimentaryCards","infinitespire:CursedDice","Vajra","zeldaRelics:CourageTriforce","zeldaRelics:WisdomTriforce","Ring of Fury","Ring of Fangs","Membership Card","conspire:Dentures","Replay:Wax Seal"],"acts_visited":["Exordium"],"potions_floor_usage":[12,16],"damage_taken":[{"damage":13,"enemies":"2 Louse","floor":2,"turns":3},{"damage":14,"enemies":"Lagavulin","floor":6,"turns":5},{"damage":0,"enemies":"Gremlin Nob","floor":8,"turns":3},{"damage":12,"enemies":"Lagavulin","floor":10,"turns":4},{"damage":36,"enemies":"Gremlin Nob","floor":12,"turns":4},{"damage":9,"enemies":"3 Sentries","floor":13,"turns":4},{"damage":45,"enemies":"The Guardian","floor":16,"turns":4}],"seed_played":"737459423480701733","potions_obtained":[{"floor":6,"key":"Venom Potion"},{"floor":10,"key":"Elixir"}],"is_trial":true,"path_per_floor":["?","M","$","?","$","E","R","E","T","E","?","E","E","$","R","B"],"character_chosen":"WATCHER","items_purchased":["Membership Card","conspire:Dentures","Replay:Wax Seal"],"campfire_rested":2,"item_purchase_floors":[14,14,14],"current_hp_per_floor":[61,50,50,50,50,36,57,56,55,43,43,7,19,19,44,0,0],"gold":278,"neow_bonus":"","is_daily":false,"chose_seed":false,"campfire_upgraded":0,"win_rate":0.0,"timestamp":1608832452,"path_taken":["?","M","?","?","$","E","R","E","T","E","?","E","E","$","R","BOSS"],"items_purchased_type":["Relic","Relic","Relic"],"build_version":"2020-12-22","purchased_purges":0,"victory":false,"max_hp_per_floor":[66,67,66,65,64,63,57,56,55,54,53,52,51,50,44,44,44],"relic_stats":{"Busted Crown":16,"counters":[7,27],"Snecko Eye":[47,49,50,54],"obtain_stats":[{"conspire:Dentures":14,"zeldaRelics:WisdomPiece":10,"infinitespire:CursedDice":0,"Vajra":2,"Ring of Chaos":0,"zeldaRelics:CourageTriforce":9,"zeldaRelics:WisdomTriforce":13,"Busted Crown":0,"Ring of Fangs":11,"Snecko Eye":0,"Ring of Fury":11,"zeldaRelics:CouragePiece":6,"Membership Card":14,"Replay:Wax Seal":14,"Unceasing Top":0,"replay:Trail_Library":0,"REME_ComplimentaryCards":0},{"conspire:Dentures":6,"zeldaRelics:WisdomPiece":4,"infinitespire:CursedDice":0,"Vajra":1,"Ring of Chaos":0,"zeldaRelics:CourageTriforce":3,"zeldaRelics:WisdomTriforce":6,"Busted Crown":0,"Ring of Fangs":4,"Snecko Eye":0,"Ring of Fury":4,"zeldaRelics:CouragePiece":2,"Membership Card":6,"Replay:Wax Seal":6,"Unceasing Top":0,"replay:Trail_Library":0,"REME_ComplimentaryCards":0},{"conspire:Dentures":23,"zeldaRelics:WisdomPiece":15,"infinitespire:CursedDice":0,"Vajra":3,"Ring of Chaos":0,"zeldaRelics:CourageTriforce":11,"zeldaRelics:WisdomTriforce":23,"Busted Crown":0,"Ring of Fangs":15,"Snecko Eye":0,"Ring of Fury":15,"zeldaRelics:CouragePiece":8,"Membership Card":23,"Replay:Wax Seal":23,"Unceasing Top":0,"replay:Trail_Library":0,"REME_ComplimentaryCards":0}],"Unceasing Top":[0]},"card_choices":[{"not_picked":["Redo","SignatureMove"],"picked":"Dodge and Roll","floor":0},{"not_picked":["Protect","Beam Cell"],"picked":"Cleave","floor":0},{"not_picked":["Cleave","Slice"],"picked":"Panic Button","floor":0},{"not_picked":["Distraction","Crescendo"],"picked":"ReplayReversal","floor":0},{"not_picked":["Halt","Perfected Strike"],"picked":"Armaments","floor":0},{"not_picked":["CrushJoints","Halt"],"picked":"All Out Attack","floor":0},{"not_picked":["Chaos","FlyingSleeves"],"picked":"ReplayTheSpireMod:Muscle Training","floor":0},{"not_picked":["SashWhip","Wild Strike"],"picked":"Gash","floor":0},{"not_picked":["Caltrops","Flying Knee"],"picked":"conspire:DoublingDagger","floor":0},{"not_picked":["Streamline","CrushJoints"],"picked":"FlyingSleeves","floor":0},{"not_picked":["Shrug It Off","CrushJoints"],"picked":"Dodge and Roll","floor":0},{"not_picked":["Melter","True Grit"],"picked":"Hidden Blade","floor":0},{"not_picked":["Inflame","REME_Repentance"],"picked":"WreathOfFlame","floor":0},{"not_picked":["Impatience","Perseverance"],"picked":"Deflect","floor":0},{"not_picked":["Cold Snap","Poisoned Stab"],"picked":"Flex","floor":0}],"player_experience":1500972,"relics_obtained":[{"floor":2,"key":"Vajra"},{"floor":6,"key":"zeldaRelics:CouragePiece"},{"floor":8,"key":"zeldaRelics:CouragePiece"},{"floor":9,"key":"zeldaRelics:CouragePiece"},{"floor":10,"key":"zeldaRelics:WisdomPiece"},{"floor":11,"key":"Ring of Fury"},{"floor":11,"key":"Ring of Fangs"},{"floor":12,"key":"zeldaRelics:WisdomPiece"},{"floor":13,"key":"zeldaRelics:WisdomPiece"}],"event_choices":[],"is_beta":false,"boss_relics":[],"items_purged_floors":[],"is_endless":false,"potions_floor_spawned":[6,10],"killed_by":"The Guardian","ascension_level":20}}