{"host":"5dzuyvrjb30uqvwu","time":1608792694,"event":{"mods":["AchievementEnabler","BaseMod","Colored Powertips","Lobotomy","Minty Spire (QoL Compilation)","Quick Restart","slay the spire mod where everything is the same but ironclad has a cowboy hat"],"gold_per_floor":[112,127,127,139,157,157,197,216,216,246,17,17,17,29,29,29,29],"floor_reached":16,"playtime":981,"items_purged":["SpecialBullet"],"score":104,"play_id":"d6e0b3b3-71e2-4d25-9ed6-c5a8b76fadd4","local_time":"20201223225134","is_ascension_mode":false,"campfire_choices":[],"circlet_count":0,"master_deck":["SpecialBullet","SpecialBullet","SpecialBullet","SpecialBullet","SpecialBullet","SecurityCode","InformationCode","DisciplinaryCode","WristCuter","VoidDream","BearPaw+1","WallGazer","BlackSwan_ego","NothingThere","Lamp+3","BlackSwan_ego+1","Moonlight"],"relics":["CogitoBucket","BackwardClock","MealTicket","PreservedInsect","Oddly Smooth Stone","War Paint"],"acts_visited":["Exordium"],"potions_floor_usage":[7,7],"damage_taken":[{"damage":11,"enemies":"Jaw Worm","floor":1,"turns":2},{"damage":0,"enemies":"Cultist","floor":2,"turns":2},{"damage":2,"enemies":"Small Slimes","floor":4,"turns":3},{"damage":16,"enemies":"3 Louse","floor":5,"turns":3},{"damage":45,"enemies":"Exordium Wildlife","floor":7,"turns":5},{"damage":49,"enemies":"Exordium Thugs","floor":8,"turns":6},{"damage":11,"enemies":"Gremlin Nob","floor":10,"turns":4},{"damage":14,"enemies":"3 Louse","floor":14,"turns":4},{"damage":56,"enemies":"The Guardian","floor":16,"turns":8}],"seed_played":"5993579494117039951","potions_obtained":[{"floor":4,"key":"Swift Potion"},{"floor":5,"key":"ColorlessPotion"}],"is_trial":false,"path_per_floor":["M","M","?","M","M","R","M","M","T","E","$","R","?","M","R","B"],"character_chosen":"Angela","items_purchased":["Oddly Smooth Stone"],"campfire_rested":0,"item_purchase_floors":[11],"current_hp_per_floor":[67,70,70,70,68,68,49,40,40,40,55,55,43,40,40,5,5],"gold":29,"neow_bonus":"REMOVE_CARD","is_daily":false,"chose_seed":false,"campfire_upgraded":0,"win_rate":0.0,"timestamp":1608792694,"path_taken":["M","M","?","M","M","R","M","?","T","E","$","R","?","M","R","BOSS"],"items_purchased_type":["Relic"],"build_version":"2020-12-22","purchased_purges":1,"victory":false,"max_hp_per_floor":[70,70,70,70,70,70,70,70,70,70,70,70,70,70,70,70,70],"card_choices":[{"not_picked":["Horn"],"picked":"WristCuter","floor":1},{"not_picked":["OSAHOGD","WhitesApple"],"picked":"VoidDream","floor":2},{"not_picked":["LifeForTheDareDevil"],"picked":"BearPaw","floor":2},{"not_picked":["Scorched","Wellcheers"],"picked":"WallGazer","floor":4},{"not_picked":["RedEyes"],"picked":"BlackSwan_ego","floor":4},{"not_picked":["CherryBlossoms","LittlePrince"],"picked":"NothingThere","floor":5},{"not_picked":["Horn"],"picked":"Lamp","floor":5},{"not_picked":["CrimsonScar"],"picked":"BlackSwan_ego","floor":7},{"not_picked":["Soda","Wingbeat"],"picked":"SKIP","floor":8},{"not_picked":["InTheNameOfLoveAndHate"],"picked":"Moonlight","floor":10},{"not_picked":["Wingbeat","LifeForTheDareDevil"],"picked":"SKIP","floor":14}],"player_experience":322827,"relics_obtained":[{"floor":9,"key":"MealTicket"},{"floor":10,"key":"PreservedInsect"}],"event_choices":[{"cards_removed":["SpecialBullet"],"damage_healed":0,"gold_gain":0,"player_choice":"Purged","damage_taken":0,"max_hp_gain":0,"max_hp_loss":0,"event_name":"Purifier","floor":3,"gold_loss":0},{"damage_healed":0,"gold_gain":0,"player_choice":"Success","damage_taken":12,"relics_obtained":["War Paint"],"max_hp_gain":0,"max_hp_loss":0,"event_name":"Scrap Ooze","floor":13,"gold_loss":0}],"is_beta":false,"boss_relics":[],"items_purged_floors":[11],"is_endless":false,"potions_floor_spawned":[4,5],"killed_by":"The Guardian","ascension_level":0}}