{"host":"hjw1ay65n7jm40lc","time":1608831219,"event":{"mods":["AchievementEnabler","BaseMod","Block Reminder","Colored Map","Colored Powertips","Downfall","Googly Eyes","Highlight Path","Minty Spire (QoL Compilation)","Quick Restart","Relic Stats","StSLib"],"gold_per_floor":[99,115,132,2,2,35,60,74,92,111,36,36,55,83,93,188,188,188,203,214,232,17,17,93,28,128,128,146,180,195,395,415,510,510,435,454,501,518,536,570,570,570,570,570,166,181,181,197,214,214],"floor_reached":51,"playtime":5717,"items_purged":["Guardian:Strike_Guardian","Guardian:Aged"],"score":1089,"play_id":"2210962f-b27c-4e46-b09d-a1491cf7f927","local_time":"20201224123339","is_ascension_mode":true,"campfire_choices":[{"floor":1.0,"key":"RECALL"},{"data":"Guardian:EvasiveProtocol","floor":11.0,"key":"SMITH"},{"data":"Guardian:FuturePlans","floor":18.0,"key":"SMITH"},{"data":"Guardian:DecasProtection","floor":23.0,"key":"SMITH"},{"floor":27.0,"key":"REST"},{"floor":35.0,"key":"REST"},{"floor":44,"key":"REST"},{"floor":47,"key":"REST"}],"circlet_count":0,"master_deck":["Guardian:Defend_Guardian","Guardian:Defend_Guardian","Guardian:Defend_Guardian","Guardian:CurlUp","Guardian:TwinSlam","Guardian:ChargeCore","Guardian:DecasProtection+1","Guardian:RollAttack","Guardian:EvasiveProtocol+1","Guardian:Reroute","Guardian:BronzeOrb","Guardian:StasisField","Guardian:RevengeProtocol","Guardian:Planning","Guardian:FuturePlans+1","Guardian:PiercingHide","Guardian:ExploitGems","Guardian:PolyBeam+1","Guardian:ShieldSpikes+1","Guardian:AncientConstruct","Guardian:DonusPower","J.A.X.","Guardian:Preprogram","Guardian:DecasProtection+1","Guardian:CompilePackage","Guardian:Orbwalk+1","Guardian:TemporalStrike+1","Guardian:WalkerClaw+1","Guardian:PrismaticBeam","Guardian:PolyBeam","Guardian:CrystalBeam"],"relics":["Empty Cage","Toy Ornithopter","Strawberry","downfall:HeartBlessingRed","Smiling Mask","Sozu","ClockworkSouvenir","Bottled Lightning","MutagenicStrength","Blue Candle","Fusion Hammer","downfall:HeartBlessingGreen","Guardian:SackOfGems","Pen Nib","Mercury Hourglass","Guardian:StasisEgg","HandDrill","Art of War","Question Card"],"acts_visited":["Exordium","TheCity","TheBeyond"],"potions_floor_usage":[],"damage_taken":[{"damage":1.0,"enemies":"Cultist","floor":2.0,"turns":3.0},{"damage":3.0,"enemies":"2 Louse","floor":3.0,"turns":2.0},{"damage":0.0,"enemies":"downfall:FleeingMerchant","floor":4.0,"turns":4.0},{"damage":21.0,"enemies":"3 Sentries","floor":6.0,"turns":6.0},{"damage":6.0,"enemies":"Jaw Worm","floor":8.0,"turns":4.0},{"damage":3.0,"enemies":"Red Slaver","floor":9.0,"turns":4.0},{"damage":0.0,"enemies":"3 Louse","floor":10.0,"turns":2.0},{"damage":5.0,"enemies":"Blue Slaver","floor":13.0,"turns":4.0},{"damage":14.0,"enemies":"Gremlin Nob","floor":14.0,"turns":4.0},{"damage":3.0,"enemies":"2 Fungi Beasts","floor":15.0,"turns":2.0},{"damage":6.0,"enemies":"downfall:Watcher","floor":16.0,"turns":9.0},{"damage":0.0,"enemies":"Spheric Guardian","floor":19.0,"turns":5.0},{"damage":17.0,"enemies":"Shelled Parasite and Fungi","floor":20.0,"turns":5.0},{"damage":8.0,"enemies":"Snake Plant","floor":21.0,"turns":3.0},{"damage":2.0,"enemies":"downfall:FleeingMerchant","floor":22.0,"turns":4.0},{"damage":6.0,"enemies":"downfall:FleeingMerchant","floor":25.0,"turns":4.0},{"damage":10.0,"enemies":"downfall:Augmenter","floor":26.0,"turns":6.0},{"damage":0.0,"enemies":"3 Cultists","floor":28.0,"turns":4.0},{"damage":42.0,"enemies":"Slavers","floor":29.0,"turns":4.0},{"damage":17.0,"enemies":"Centurion and Healer","floor":30.0,"turns":5.0},{"damage":0.0,"enemies":"Sentry and Sphere","floor":32.0,"turns":3.0},{"damage":3.0,"enemies":"downfall:Defect","floor":33.0,"turns":6.0},{"damage":11.0,"enemies":"3 Shapes","floor":36.0,"turns":2.0},{"damage":21.0,"enemies":"2 Orb Walkers","floor":37.0,"turns":4.0},{"damage":6.0,"enemies":"Orb Walker","floor":38.0,"turns":3.0},{"damage":9,"enemies":"Writhing Mass","floor":39,"turns":5},{"damage":0,"enemies":"Reptomancer","floor":40,"turns":4},{"damage":7,"enemies":"downfall:FleeingMerchant","floor":45,"turns":3},{"damage":14,"enemies":"Spire Growth","floor":46,"turns":3},{"damage":0,"enemies":"Jaw Worm Horde","floor":48,"turns":2},{"damage":3,"enemies":"Maw","floor":49,"turns":3},{"damage":15,"enemies":"downfall:Silent","floor":50,"turns":3}],"seed_played":"-4691699991338835032","potions_obtained":[{"floor":6.0,"key":"hexamod:EctoCoolerPotion"},{"floor":8.0,"key":"sneckomod:MuddlingPotion"},{"floor":10.0,"key":"SpeedPotion"},{"floor":16.0,"key":"ColorlessPotion"}],"is_trial":false,"path_per_floor":["R","M","M","$","T","E","T","M","M","M","R","?","M","E","M","B",null,"R","M","M","M","$","R","T","$","?","R","M","E","M","?","M","B",null,"R","M","?","M","M","E","T","?","?","R","$","M","R","M","M","B",null],"character_chosen":"GUARDIAN","items_purchased":["Guardian:EvasiveProtocol","hexamod:EctoCoolerPotion","ClockworkSouvenir","Guardian:Gem_Cyan","Guardian:PrismaticBeam","Guardian:Gem_Blue","HandDrill","Art of War","Question Card"],"campfire_rested":4,"item_purchase_floors":[4,4,22,22,45,45,45,45,45],"current_hp_per_floor":[72,71,68,68,78,57,64,58,55,55,55,55,50,36,33,37,82,82,82,65,57,55,55,55,49,39,68,68,26,9,9,9,6,74,97,86,65,59,50,50,50,50,50,78,71,57,85,85,82,67],"gold":214,"neow_bonus":"BOSS_RELIC","is_daily":false,"chose_seed":false,"campfire_upgraded":3,"win_rate":0.0,"timestamp":1608831219,"path_taken":["R","M","M","$","?","E","T","M","M","M","R","?","?","E","M","BOSS","R","M","M","M","$","R","T","?","?","R","M","E","M","?","M","BOSS","R","M","?","M","M","E","T","?","?","R","$","M","R","M","M","BOSS"],"items_purchased_type":["Card","Potion","Relic","Card","Card","Card","Relic","Relic","Relic"],"build_version":"2020-12-22","purchased_purges":2,"victory":true,"max_hp_per_floor":[80,80,80,80,90,90,97,97,97,97,97,97,97,97,97,97,97,97,97,97,97,97,97,97,97,97,97,97,97,97,97,97,97,97,97,97,97,97,97,97,97,94,94,94,94,94,94,94,94,94],"relic_stats":{"Sozu":8,"counters":[32,125],"Blue Candle":[0],"Pen Nib":[3],"HandDrill":[16],"Art of War":[0],"Smiling Mask":75,"Question Card":3,"obtain_stats":[{"Pear":5,"downfall:HeartBlessingRed":11,"Guardian:StasisEgg":43,"Blue Candle":29,"Guardian:ModeShifter":0,"downfall:HeartBlessingGreen":35,"Guardian:SackOfGems":37,"Pen Nib":40,"Empty Cage":0,"Smiling Mask":14,"Question Card":45,"ClockworkSouvenir":22,"Mercury Hourglass":41,"Sozu":17,"Strawberry":7,"MutagenicStrength":26,"Fusion Hammer":34,"HandDrill":45,"Art of War":45,"Bottled Lightning":24,"Toy Ornithopter":6},{"Pear":3,"downfall:HeartBlessingRed":7,"Guardian:StasisEgg":27,"Blue Candle":19,"Guardian:ModeShifter":0,"downfall:HeartBlessingGreen":22,"Guardian:SackOfGems":24,"Pen Nib":27,"Empty Cage":0,"Smiling Mask":9,"Question Card":28,"ClockworkSouvenir":15,"Mercury Hourglass":27,"Sozu":11,"Strawberry":4,"MutagenicStrength":17,"Fusion Hammer":22,"HandDrill":28,"Art of War":28,"Bottled Lightning":15,"Toy Ornithopter":4},{"Pear":9,"downfall:HeartBlessingRed":25,"Guardian:StasisEgg":111,"Blue Candle":79,"Guardian:ModeShifter":0,"downfall:HeartBlessingGreen":93,"Guardian:SackOfGems":99,"Pen Nib":111,"Empty Cage":0,"Smiling Mask":33,"Question Card":114,"ClockworkSouvenir":61,"Mercury Hourglass":111,"Sozu":44,"Strawberry":15,"MutagenicStrength":71,"Fusion Hammer":93,"HandDrill":114,"Art of War":114,"Bottled Lightning":61,"Toy Ornithopter":15}],"Toy Ornithopter":10,"Mercury Hourglass":[23]},"card_choices":[{"not_picked":["Guardian:Gem_Lightblue","Guardian:Gem_Cyan"],"picked":"Guardian:ChargeCore","floor":2.0},{"not_picked":["Guardian:TemporalShield","Guardian:Emergency"],"picked":"Guardian:DecasProtection","floor":3.0},{"not_picked":["Guardian:Gem_Green","Guardian:PiercingHide"],"picked":"Guardian:RollAttack","floor":4.0},{"not_picked":["Guardian:PolyBeam","Guardian:TemporalShield"],"picked":"Guardian:Reroute","floor":6.0},{"not_picked":["Guardian:PrismaticBarrier","Guardian:VentSteam","Guardian:TemporalStrike"],"picked":"SKIP","floor":8.0},{"not_picked":["Guardian:Incinerate","Guardian:Gem_Green"],"picked":"Guardian:BronzeOrb","floor":9.0},{"not_picked":["Guardian:CrystalBeam","Guardian:ChargeCore"],"picked":"Guardian:StasisField","floor":10.0},{"not_picked":["Guardian:PrimingBeam","Guardian:Reroute"],"picked":"Guardian:Planning","floor":13.0},{"not_picked":["Guardian:Suspension","Guardian:TemporalStrike"],"picked":"Guardian:FuturePlans","floor":14.0},{"not_picked":["Guardian:VentSteam","Guardian:GuardianWhirl"],"picked":"Guardian:PiercingHide","floor":15.0},{"not_picked":["Guardian:GatlingBeam","Guardian:GemFire"],"picked":"Guardian:ExploitGems","floor":16.0},{"not_picked":["Guardian:Gem_Lightblue","Guardian:Incinerate"],"picked":"Guardian:Gem_Crimson","floor":19.0},{"not_picked":["Guardian:Planning","Guardian:VentSteam+1"],"picked":"Guardian:PolyBeam+1","floor":20.0},{"not_picked":["Guardian:Emergency","Guardian:Harden"],"picked":"Guardian:ShieldSpikes+1","floor":21.0},{"not_picked":["Guardian:DecasProtection","Guardian:Gem_Lightblue"],"picked":"Guardian:Gem_Crimson","floor":22.0},{"not_picked":["Guardian:PrimingBeam+1","Guardian:Gem_Green"],"picked":"Guardian:Gem_Cyan","floor":25.0},{"not_picked":[],"picked":"J.A.X.","floor":26.0},{"not_picked":["Guardian:TimeBomb","Guardian:PiercingHide+1"],"picked":"Guardian:Preprogram","floor":26.0},{"not_picked":["Guardian:PrismaticBeam+1","Guardian:CrystalBeam"],"picked":"Guardian:Gem_Yellow","floor":28.0},{"not_picked":["Guardian:ShieldCharger","Guardian:ArmoredProtocol"],"picked":"Guardian:DecasProtection+1","floor":29.0},{"not_picked":["Guardian:Reroute+1","Guardian:Planning","Guardian:TemporalStrike+1"],"picked":"SKIP","floor":30.0},{"not_picked":["Guardian:DonusPower","Guardian:Incinerate"],"picked":"Guardian:Gem_Yellow","floor":32.0},{"not_picked":["Guardian:StasisEngine","Guardian:ConstructionForm"],"picked":"Guardian:CompilePackage","floor":33.0},{"not_picked":["Guardian:VentSteam+1","Guardian:Incinerate+1"],"picked":"Guardian:Orbwalk+1","floor":36.0},{"not_picked":["Guardian:RefractedBeam+1","Guardian:Gem_Red"],"picked":"Guardian:TemporalStrike+1","floor":38.0},{"not_picked":["Guardian:Gem_Red","Guardian:ShieldCharger"],"picked":"Guardian:WalkerClaw+1","floor":39},{"not_picked":["Guardian:ChargeCore+1","Guardian:Gem_Green"],"picked":"Guardian:Gem_White","floor":40},{"not_picked":["Guardian:Reroute","Guardian:SentryBeam+1"],"picked":"Guardian:Gem_Orange","floor":45},{"not_picked":["Guardian:GuardianWhirl","Guardian:Gem_Lightblue","Guardian:Reroute+1"],"picked":"Guardian:PolyBeam","floor":46},{"not_picked":["Guardian:ShieldCharger+1","Guardian:WalkerClaw+1","Guardian:MultiBeam"],"picked":"Guardian:CrystalBeam","floor":48},{"not_picked":["Guardian:WalkerClaw+1","Guardian:Planning+1","Guardian:HyperBeam_Guardian","Guardian:CrystalBeam"],"picked":"SKIP","floor":49}],"player_experience":546045,"relics_obtained":[{"floor":5.0,"key":"Pear"},{"floor":6.0,"key":"Toy Ornithopter"},{"floor":7.0,"key":"Strawberry"},{"floor":14.0,"key":"Smiling Mask"},{"floor":24.0,"key":"Bottled Lightning"},{"floor":26.0,"key":"MutagenicStrength"},{"floor":29.0,"key":"Blue Candle"},{"floor":37.0,"key":"Guardian:SackOfGems"},{"floor":40,"key":"Pen Nib"},{"floor":41,"key":"Mercury Hourglass"}],"event_choices":[{"damage_healed":0.0,"max_hp_gain":0.0,"max_hp_loss":0.0,"gold_gain":200.0,"event_name":"Wheel of Change","player_choice":"Gold","floor":31.0,"gold_loss":0.0,"damage_taken":0.0},{"damage_healed":0.0,"max_hp_gain":0.0,"max_hp_loss":0.0,"gold_gain":0.0,"event_name":"Mysterious Sphere","player_choice":"Fight","floor":37.0,"gold_loss":0.0,"damage_taken":0.0}],"is_beta":false,"boss_relics":[{"not_picked":["downfall:Hecktoplasm","Velvet Choker"],"picked":"Sozu"},{"not_picked":["Black Star","Guardian:StasisSlotReductionRelic"],"picked":"Fusion Hammer"}],"items_purged_floors":[25,45],"is_endless":false,"potions_floor_spawned":[6,8,10,14,16,21,28,29,30,32,36,46,49],"ascension_level":7}}