{"host":"dazi714svy9she3p","time":1608807998,"event":{"mods":["AchievementEnabler","Act Like it!","BaseMod","Better Skull","CapriCore","CatGirl Mod","Colored Map","Downfall","Friendly Minions","GifTheSpireLib","Highlight Path","Hubris","Infinite Spire","Jorbs\u0027s Wanderer Trilogy","Koishi","Lobotomy","LobotomyExtend","Mad Scientist","Minty Spire (QoL Compilation)","Random Character Button","Rare Cards Sparkle","Relic Sorter","RemiliaÅiÂQïƒ‰ª?Åj","Replay The Spire","StSLib","The Animator","The Blackbeard","The Bladedancer","The Construct","The Cursed","The Druid","The Forsaken","The Gatherer","The Immortal","The Juggle","The Marked","The Mystic","The Wild Card"],"gold_per_floor":[114,114,114,114,114,114,134,134,134,134,134,150,150,170,170,275,275,275,275],"floor_reached":18,"playtime":4515,"items_purged":[],"score":148,"play_id":"37d824a4-3883-4759-804c-4f03753cfa74","local_time":"20201224030638","is_ascension_mode":false,"campfire_choices":[{"floor":6,"key":"RECALL"},{"data":"Infinite Blades","floor":8,"key":"SMITH"},{"data":"All Out Attack","floor":10,"key":"SMITH"},{"data":"Deadly Poison","floor":13,"key":"SMITH"}],"circlet_count":0,"master_deck":["Strike_G","Strike_G","Strike_G","Strike_G","Strike_G","Defend_G","Defend_G","Defend_G","Defend_G","Defend_G","Survivor","Neutralize","All Out Attack+1","Freischutz","hubris:Fate+1","Infinite Blades+1","CrumblingArmor","Deadly Poison+1","OldLady","Toxin Wave+1","UniverseFragment","Malaise"],"relics":["construct:Cogwheel","CogitoBucket","LetterFromLob","infinitespire:Cubic Diamond","construct:ClawGrip"],"acts_visited":["Exordium","TheCity"],"potions_floor_usage":[18,18,18],"damage_taken":[{"damage":0,"enemies":"2 Louse","floor":1,"turns":3},{"damage":0,"enemies":"Small Slimes","floor":7,"turns":2},{"damage":0,"enemies":"Cultist","floor":12,"turns":2},{"damage":13,"enemies":"Blue Slaver","floor":14,"turns":4},{"damage":30,"enemies":"Hexaghost","floor":16,"turns":10},{"damage":120,"enemies":"2 Thieves","floor":18,"turns":3}],"seed_played":"219562212310102570","potions_obtained":[{"floor":12,"key":"FearPotion"},{"floor":14,"key":"DistilledChaos"},{"floor":16,"key":"Dexterity Potion"}],"is_trial":false,"path_per_floor":["M","?","?","$","?","R","M","R","T","R","?","M","R","M","R_BF","B",null,"M"],"character_chosen":"THE_SILENT","items_purchased":[],"campfire_rested":0,"item_purchase_floors":[],"current_hp_per_floor":[70,53,53,53,53,53,53,53,53,53,53,53,53,55,70,40,70,0,0],"gold":275,"neow_bonus":"","is_daily":false,"chose_seed":false,"campfire_upgraded":3,"win_rate":0.0,"timestamp":1608807998,"path_taken":["M","?","?","$","?","R","M","R","T","R","?","M","R","M","R_BF","BOSS","M"],"items_purchased_type":[],"build_version":"2020-12-22","purchased_purges":0,"victory":false,"max_hp_per_floor":[70,70,70,70,70,70,70,70,70,70,70,70,70,70,70,70,70,70,70],"card_choices":[{"not_picked":["Dagger Throw","Masterful Stab"],"picked":"All Out Attack","floor":1},{"not_picked":["Scarecrow","Murderer"],"picked":"Freischutz","floor":1},{"not_picked":["infinitespire:Execution","infinitespire:Gouge"],"picked":"hubris:Fate","floor":2},{"not_picked":["Blade Dance","ReplayTheSpireMod:Shiv Toss"],"picked":"Infinite Blades","floor":7},{"not_picked":["VoidDream","CherryBlossoms"],"picked":"CrumblingArmor","floor":7},{"not_picked":["Tactician","Quick Slash"],"picked":"Deadly Poison","floor":12},{"not_picked":["Bloodbath","Scorched"],"picked":"OldLady","floor":12},{"not_picked":["Quick Slash","PiercingWail"],"picked":"Toxin Wave","floor":14},{"not_picked":["Scorched","PunishingBird"],"picked":"UniverseFragment","floor":14},{"not_picked":["Wraith Form v2","Venomology"],"picked":"Malaise","floor":16},{"not_picked":["OSAHOGD","SingingMachine"],"picked":"Woodsman","floor":16}],"player_experience":7377,"relics_obtained":[{"floor":1,"key":"LetterFromLob"}],"event_choices":[{"damage_healed":0,"gold_gain":0,"player_choice":"Ignored","damage_taken":0,"max_hp_gain":0,"max_hp_loss":0,"event_name":"Liars Game","floor":3,"gold_loss":0},{"damage_healed":0,"gold_gain":0,"player_choice":"Forge","damage_taken":0,"max_hp_gain":0,"max_hp_loss":0,"event_name":"Accursed Blacksmith","floor":11,"gold_loss":0,"cards_upgraded":["hubris:Fate"]}],"is_beta":false,"boss_relics":[{"not_picked":["Replay:Drink Me","hubris:Stopwatch"],"picked":"construct:ClawGrip"}],"items_purged_floors":[],"is_endless":false,"potions_floor_spawned":[12,14,16],"killed_by":"2 Thieves","ascension_level":0}}