{"host":"dpbezu80jg8zk7un","time":1608827998,"event":{"mods":["BaseMod","Colored Map","Colored Powertips","Custom Start","DeckTracker","Minty Spire (QoL Compilation)","Quick Restart","StSLib","SuperFastMode"],"gold_per_floor":[111,111,122,142,154,154,154,232,232,260,272,301,311,346,346,420,420,430,446,371,388,388,388,438,473,546,546,561,461,479,479,479,553,553,570,621,646,521,535,565,585,246,246,274,288,288,288,308,308,308,308,308,308,133,159,159],"floor_reached":57,"playtime":3303,"items_purged":["Strike_P","Defend_P","Defend_P+1","Strike_P+1","Strike_P+1"],"score":3079,"play_id":"547114e0-c977-44fb-bf7c-a0e9d8436422","local_time":"20201225013958","is_ascension_mode":true,"campfire_choices":[{"data":"FollowUp","floor":6.0,"key":"SMITH"},{"data":"Scrawl","floor":15.0,"key":"SMITH"},{"floor":23.0,"key":"RECALL"},{"data":"WindmillStrike","floor":32.0,"key":"SMITH"},{"data":"Master of Strategy","floor":47.0,"key":"SMITH"},{"floor":49.0,"key":"REST"},{"floor":53,"key":"REST"}],"circlet_count":0,"master_deck":["AscendersBane","Defend_P+1","Eruption+1","Vigilance+1","Consecrate+1","FearNoEvil+1","FollowUp+1","Scrawl+1","LessonLearned+1","Halt+1","SpiritShield+1","WindmillStrike+1","Adaptation+1","Study+1","Master of Strategy+1","Tantrum+1"],"relics":["Runic Pyramid","Blood Vial","Frozen Egg 2","Ice Cream","Pantograph","Eternal Feather","Turnip","Philosopher\u0027s Stone","Singing Bowl","Black Star","Mango","Ginger","Ancient Tea Set","Vajra","Oddly Smooth Stone","Gremlin Horn","HornCleat","Damaru","Bag of Marbles","Bag of Preparation"],"acts_visited":["Exordium","TheCity","TheBeyond","TheEnding"],"potions_floor_usage":[56,56],"damage_taken":[{"damage":3.0,"enemies":"Small Slimes","floor":1.0,"turns":5.0},{"damage":0.0,"enemies":"Cultist","floor":3.0,"turns":3.0},{"damage":0.0,"enemies":"Jaw Worm","floor":4.0,"turns":2.0},{"damage":19.0,"enemies":"Exordium Wildlife","floor":5.0,"turns":3.0},{"damage":0.0,"enemies":"3 Sentries","floor":10.0,"turns":3.0},{"damage":14.0,"enemies":"Exordium Thugs","floor":11.0,"turns":3.0},{"damage":3.0,"enemies":"Gremlin Nob","floor":12.0,"turns":3.0},{"damage":0.0,"enemies":"Large Slime","floor":13.0,"turns":2.0},{"damage":7.0,"enemies":"Lagavulin","floor":14.0,"turns":5.0},{"damage":3.0,"enemies":"The Guardian","floor":16.0,"turns":11.0},{"damage":10.0,"enemies":"Chosen","floor":18.0,"turns":5.0},{"damage":9.0,"enemies":"Shell Parasite","floor":19.0,"turns":2.0},{"damage":0.0,"enemies":"Snake Plant","floor":21.0,"turns":4.0},{"damage":0.0,"enemies":"Gremlin Leader","floor":25.0,"turns":3.0},{"damage":0.0,"enemies":"Cultist and Chosen","floor":28.0,"turns":4.0},{"damage":3.0,"enemies":"Centurion and Healer","floor":30.0,"turns":3.0},{"damage":0.0,"enemies":"Champ","floor":33.0,"turns":10.0},{"damage":0.0,"enemies":"3 Darklings","floor":35.0,"turns":1.0},{"damage":9.0,"enemies":"2 Orb Walkers","floor":36.0,"turns":4.0},{"damage":0.0,"enemies":"Mind Bloom Boss Battle","floor":37.0,"turns":4.0},{"damage":0.0,"enemies":"Orb Walker","floor":39.0,"turns":3.0},{"damage":24.0,"enemies":"Nemesis","floor":40.0,"turns":7.0},{"damage":0.0,"enemies":"Transient","floor":41.0,"turns":6.0},{"damage":0.0,"enemies":"Giant Head","floor":44.0,"turns":3.0},{"damage":0.0,"enemies":"Maw","floor":45.0,"turns":3.0},{"damage":2.0,"enemies":"Sphere and 2 Shapes","floor":48.0,"turns":2.0},{"damage":27.0,"enemies":"Time Eater","floor":50.0,"turns":4.0},{"damage":9,"enemies":"Donu and Deca","floor":51,"turns":4},{"damage":0,"enemies":"Shield and Spear","floor":55,"turns":3},{"damage":58,"enemies":"The Heart","floor":56,"turns":8}],"seed_played":"-8747767148240821552","potions_obtained":[{"floor":5.0,"key":"DistilledChaos"},{"floor":10.0,"key":"FearPotion"},{"floor":12.0,"key":"SteroidPotion"},{"floor":13.0,"key":"Energy Potion"},{"floor":30.0,"key":"Ambrosia"},{"floor":36.0,"key":"BlessingOfTheForge"},{"floor":37.0,"key":"GamblersBrew"},{"floor":41.0,"key":"PowerPotion"},{"floor":48.0,"key":"BottledMiracle"}],"is_trial":false,"path_per_floor":["M","?","M","M","M","R","?","T","T","E","M","E","M","E","R","B",null,"M","M","$","M","?","R","?","E","T","?","M","$","M","?","R","B",null,"M","?","?","$","M","E","M","$","T","E","M","T","R","M","R","B","B",null,"R","$","E","B",null],"character_chosen":"WATCHER","items_purchased":["Master of Strategy"],"campfire_rested":2,"item_purchase_floors":[42],"current_hp_per_floor":[58,58,58,58,39,39,34,34,34,36,24,23,25,20,29,53,64,56,49,49,51,51,60,60,62,62,62,66,66,67,67,72,74,74,76,83,94,94,96,74,76,76,76,80,82,82,91,93,102,75,93,100,102,102,104,46],"gold":159,"neow_bonus":"BOSS_RELIC","is_daily":false,"chose_seed":false,"campfire_upgraded":4,"win_rate":0.0,"timestamp":1608827998,"path_taken":["M","?","M","?","M","R","?","?","T","E","?","E","M","E","R","BOSS","M","M","$","M","?","R","?","E","T","?","?","$","M","?","R","BOSS","M","?","?","$","M","E","M","$","T","E","M","?","R","M","R","BOSS","BOSS","R","$","E","BOSS"],"items_purchased_type":["Card"],"build_version":"2020-12-22","purchased_purges":5,"victory":true,"max_hp_per_floor":[68,68,68,68,68,68,68,68,68,68,68,68,68,68,68,68,68,68,68,68,68,68,68,68,68,68,68,70,70,72,72,72,74,74,76,92,94,94,96,98,98,98,98,100,100,100,100,102,102,102,102,102,102,102,104,104],"card_choices":[{"not_picked":["CutThroughFate","JustLucky","Consecrate"],"picked":"SKIP","floor":1.0},{"not_picked":["CutThroughFate","JustLucky"],"picked":"Consecrate","floor":1.0},{"not_picked":["CrushJoints","ThirdEye"],"picked":"FearNoEvil","floor":3.0},{"not_picked":["BowlingBash","Indignation","Fasting2"],"picked":"SKIP","floor":4.0},{"not_picked":["WreathOfFlame","ClearTheMind"],"picked":"FollowUp","floor":5.0},{"not_picked":["CutThroughFate","ClearTheMind","ReachHeaven"],"picked":"SKIP","floor":10.0},{"not_picked":["Prostrate","FollowUp","MasterReality+1"],"picked":"SKIP","floor":11.0},{"not_picked":["Study+1","Halt"],"picked":"Scrawl","floor":12.0},{"not_picked":["FollowUp","Worship","ThirdEye"],"picked":"SKIP","floor":13.0},{"not_picked":["Sanctity","FollowUp","Ragnarok"],"picked":"SKIP","floor":14.0},{"not_picked":["Blasphemy","DevaForm+1"],"picked":"LessonLearned","floor":16.0},{"not_picked":["EmptyBody","PathToVictory","FlurryOfBlows"],"picked":"SKIP","floor":18.0},{"not_picked":["PathToVictory","CrushJoints","CarveReality"],"picked":"SKIP","floor":19.0},{"not_picked":["Consecrate","Nirvana+1"],"picked":"Halt+1","floor":21.0},{"not_picked":["FollowUp","Consecrate"],"picked":"Adaptation+1","floor":25.0},{"not_picked":["Protect","ClearTheMind","CutThroughFate"],"picked":"Singing Bowl","floor":28.0},{"not_picked":["CutThroughFate","CarveReality+1","Vengeance"],"picked":"Singing Bowl","floor":30.0},{"not_picked":["LessonLearned","MasterReality+1","Alpha"],"picked":"Singing Bowl","floor":33.0},{"not_picked":["FlurryOfBlows","EmptyMind+1","ReachHeaven"],"picked":"Singing Bowl","floor":35.0},{"not_picked":["WindmillStrike","Protect","EmptyFist"],"picked":"Singing Bowl","floor":36.0},{"not_picked":["BowlingBash","Protect","FlurryOfBlows"],"picked":"Singing Bowl","floor":37.0},{"not_picked":["DeusExMachina","Pray","Prostrate"],"picked":"Singing Bowl","floor":39.0},{"not_picked":["SignatureMove","SashWhip","Conclude"],"picked":"Singing Bowl","floor":40.0},{"not_picked":["Consecrate","TalkToTheHand"],"picked":"Study+1","floor":41.0},{"not_picked":["EmptyMind","FlyingSleeves","Prostrate"],"picked":"Singing Bowl","floor":44.0},{"not_picked":["ClearTheMind","PathToVictory"],"picked":"Tantrum+1","floor":45.0},{"not_picked":["ReachHeaven+1","Crescendo","Prostrate"],"picked":"Singing Bowl","floor":48.0},{"not_picked":["CrushJoints","WindmillStrike","Indignation"],"picked":"Singing Bowl","floor":55}],"player_experience":2776017,"relics_obtained":[{"floor":8.0,"key":"Frozen Egg 2"},{"floor":9.0,"key":"Ice Cream"},{"floor":10.0,"key":"Pantograph"},{"floor":12.0,"key":"Eternal Feather"},{"floor":14.0,"key":"Turnip"},{"floor":25.0,"key":"Singing Bowl"},{"floor":36.0,"key":"Mango"},{"floor":37.0,"key":"Ginger"},{"floor":40.0,"key":"Ancient Tea Set"},{"floor":40.0,"key":"Vajra"},{"floor":43.0,"key":"Oddly Smooth Stone"},{"floor":44.0,"key":"Gremlin Horn"},{"floor":44.0,"key":"HornCleat"},{"floor":46.0,"key":"Damaru"},{"floor":55,"key":"Bag of Marbles"},{"floor":55,"key":"Bag of Preparation"}],"event_choices":[{"damage_healed":0.0,"max_hp_gain":0.0,"max_hp_loss":0.0,"gold_gain":0.0,"event_name":"Upgrade Shrine","player_choice":"Upgraded","floor":2.0,"gold_loss":0.0,"damage_taken":0.0,"cards_upgraded":["Eruption"]},{"damage_healed":0.0,"max_hp_gain":0.0,"max_hp_loss":0.0,"gold_gain":0.0,"event_name":"Scrap Ooze","player_choice":"Success","floor":7.0,"gold_loss":0.0,"damage_taken":5.0,"relics_obtained":["Blood Vial"]},{"damage_healed":0.0,"max_hp_gain":0.0,"max_hp_loss":0.0,"gold_gain":0.0,"cards_transformed":["Strike_P","Defend_P"],"event_name":"Drug Dealer","player_choice":"Became Test Subject","floor":22.0,"gold_loss":0.0,"damage_taken":0.0,"cards_obtained":["SpiritShield","WindmillStrike"]},{"damage_healed":0.0,"max_hp_gain":0.0,"max_hp_loss":0.0,"gold_gain":50.0,"event_name":"Nest","player_choice":"Stole From Cult","floor":24.0,"gold_loss":0.0,"damage_taken":0.0},{"damage_healed":0.0,"max_hp_gain":0.0,"max_hp_loss":0.0,"gold_gain":0.0,"event_name":"Lab","player_choice":"Got Potions","floor":27.0,"gold_loss":0.0,"damage_taken":0.0},{"damage_healed":0.0,"max_hp_gain":0.0,"max_hp_loss":0.0,"gold_gain":0.0,"event_name":"Cursed Tome","player_choice":"Ignored","floor":31.0,"gold_loss":0.0,"damage_taken":0.0},{"damage_healed":0.0,"max_hp_gain":0.0,"max_hp_loss":0.0,"gold_gain":0.0,"event_name":"Mysterious Sphere","player_choice":"Fight","floor":36.0,"gold_loss":0.0,"damage_taken":0.0},{"damage_healed":0.0,"max_hp_gain":0.0,"max_hp_loss":0.0,"gold_gain":0.0,"event_name":"MindBloom","player_choice":"Fight","floor":37.0,"gold_loss":0.0,"damage_taken":0.0}],"is_beta":false,"boss_relics":[{"not_picked":["Snecko Eye","Busted Crown"],"picked":"Philosopher\u0027s Stone"},{"not_picked":["Calling Bell","Velvet Choker"],"picked":"Black Star"}],"items_purged_floors":[20,29,38,42,54],"is_endless":false,"potions_floor_spawned":[5,10,12,13,14,19,21,25,30,36,37,41,45,48],"ascension_level":20}}