{"host":"iy58fyt9wsbv4cf1","time":1608771833,"event":{"mods":["BaseMod","Better Altar","Better Match","Better Skull","Better Third Choice","BetterRewards","Conspire","Custom Start","Defuse TimeMaze Blight","Hubris","Infinite Spire","Minty Spire (QoL Compilation)","Permanent Neow","Quick Restart","Spicy Shops","StSLib"],"gold_per_floor":[113,113,128,128,146,146,174,174,226,255,267,313,340,370,382,499,511,540,563,575,597,524,536,548,560,572,603,615,640,679,702,714,726,726],"floor_reached":33,"playtime":674,"items_purged":["Writhe","Defend_R"],"score":404,"play_id":"c0e3b912-843f-49d3-99bf-a8ac6962ab6d","local_time":"20201223200353","is_ascension_mode":false,"campfire_choices":[{"data":"1","floor":6.0,"key":"LIFT"},{"data":"2","floor":8.0,"key":"LIFT"},{"data":"Flex","floor":15.0,"key":"SMITH"},{"data":"3","floor":23.0,"key":"LIFT"},{"floor":25.0,"key":"RECALL"},{"data":"Flex","floor":32,"key":"SMITH"}],"circlet_count":0,"master_deck":["Strike_R","Strike_R","Strike_R","Strike_R","Strike_R","Defend_R","Defend_R","Defend_R","Bash","Flex+1","Shrug It Off","Shrug It Off","Heavy Blade+1","Flex+1","Offering","hubris:CleavingFinish+1"],"relics":["Burning Blood","Bag of Preparation","Membership Card","Girya","PreservedInsect","Lee\u0027s Waffle","hubris:Towel","Smiling Mask","MawBank","Blood Vial","Coffee Dripper","hubris:Icosahedron","White Beast Statue","Question Card","Anchor"],"acts_visited":["Exordium","TheCity"],"potions_floor_usage":[],"damage_taken":[{"damage":0.0,"enemies":"conspire:RoseBush","floor":1.0,"turns":4.0},{"damage":2.0,"enemies":"Small Slimes","floor":3.0,"turns":3.0},{"damage":1.0,"enemies":"Cultist","floor":5.0,"turns":3.0},{"damage":6.0,"enemies":"Gremlin Nob","floor":7.0,"turns":3.0},{"damage":2.0,"enemies":"3 Louse","floor":10.0,"turns":4.0},{"damage":15.0,"enemies":"Lagavulin","floor":12.0,"turns":3.0},{"damage":19.0,"enemies":"Lots of Slimes","floor":13.0,"turns":5.0},{"damage":11.0,"enemies":"Large Slime","floor":14.0,"turns":2.0},{"damage":41.0,"enemies":"The Guardian","floor":16.0,"turns":8.0},{"damage":6.0,"enemies":"Shell Parasite","floor":18.0,"turns":2.0},{"damage":6.0,"enemies":"2 Thieves","floor":19.0,"turns":3.0},{"damage":6.0,"enemies":"Snecko","floor":21.0,"turns":2.0},{"damage":15,"enemies":"Centurion and Healer","floor":27,"turns":3},{"damage":13,"enemies":"Shelled Parasite and Fungi","floor":29,"turns":3},{"damage":6,"enemies":"conspire:Head Lice","floor":30,"turns":2},{"damage":6,"enemies":"Snecko","floor":31,"turns":2},{"damage":81,"enemies":"Collector","floor":33,"turns":6}],"seed_played":"-431183638255066760","potions_obtained":[{"floor":5.0,"key":"SpeedPotion"},{"floor":7.0,"key":"Dexterity Potion"},{"floor":12.0,"key":"ElixirPotion"}],"is_trial":false,"path_per_floor":["M","?","M","?","M","R","E","R","T","M","?","E","M","M","R","B",null,"M","M","?","M","?","R","$","R","T","M","$","M","E","M","R","B"],"character_chosen":"IRONCLAD","items_purchased":["Bag of Preparation","Membership Card","Girya","Flex","PreservedInsect","Lee\u0027s Waffle"],"campfire_rested":0,"item_purchase_floors":[0,0,0,0,0,0],"current_hp_per_floor":[87,87,87,87,87,87,87,87,87,87,87,78,67,64,64,31,87,87,87,87,87,87,87,87,87,87,78,78,73,75,77,77,0,0],"gold":726,"neow_bonus":"","is_daily":false,"chose_seed":false,"campfire_upgraded":2,"win_rate":0.0,"timestamp":1608771833,"path_taken":["M","?","M","?","?","R","E","R","T","M","?","E","M","M","R","BOSS","M","?","?","M","?","R","$","R","T","M","$","M","E","M","R","BOSS"],"items_purchased_type":["Relic","Relic","Relic","Card","Relic","Relic"],"build_version":"2020-12-22","purchased_purges":2,"victory":false,"max_hp_per_floor":[87,87,87,87,87,87,87,87,87,87,87,87,87,87,87,87,87,87,87,87,87,87,87,87,87,87,87,87,87,87,87,87,87,87],"card_choices":[{"not_picked":["Twin Strike","Whirlwind"],"picked":"Shrug It Off","floor":1.0},{"not_picked":["Headbutt","Perfected Strike"],"picked":"Shrug It Off","floor":3.0},{"not_picked":["Headbutt","Infernal Blade","Feel No Pain"],"picked":"SKIP","floor":5.0},{"not_picked":["Wild Strike","Clash","True Grit"],"picked":"SKIP","floor":7.0},{"not_picked":["Wild Strike","Thunderclap"],"picked":"Heavy Blade","floor":10.0},{"not_picked":["Warcry","Pommel Strike","Exhume"],"picked":"SKIP","floor":12.0},{"not_picked":["Feel No Pain","Warcry","Wild Strike"],"picked":"SKIP","floor":13.0},{"not_picked":["Shrug It Off","Carnage"],"picked":"Flex","floor":14.0},{"not_picked":["Reaper","Demon Form"],"picked":"Offering","floor":16.0},{"not_picked":["Blood for Blood","Body Slam","Demon Form"],"picked":"SKIP","floor":18.0},{"not_picked":["Power Through","Flex","Armaments"],"picked":"SKIP","floor":19.0},{"not_picked":["Anger+1","Rage"],"picked":"hubris:CleavingFinish+1","floor":21.0},{"not_picked":["Dark Embrace","Sword Boomerang+1","Sentinel","hubris:CleavingFinish"],"picked":"SKIP","floor":27},{"not_picked":["Warcry+1","Heavy Blade+1","Havoc","Dark Embrace"],"picked":"SKIP","floor":29},{"not_picked":["Sword Boomerang","Twin Strike","Fiend Fire","Clash"],"picked":"SKIP","floor":30},{"not_picked":["Havoc","Ghostly Armor+1","Twin Strike","Shrug It Off+1"],"picked":"SKIP","floor":31}],"player_experience":37760,"relics_obtained":[{"floor":7.0,"key":"Smiling Mask"},{"floor":9.0,"key":"MawBank"},{"floor":12.0,"key":"Blood Vial"},{"floor":26.0,"key":"Question Card"},{"floor":30,"key":"Anchor"}],"event_choices":[{"damage_healed":0.0,"max_hp_gain":0.0,"max_hp_loss":0.0,"gold_gain":0.0,"event_name":"NoteForYourself","player_choice":"Ignored","floor":4.0,"gold_loss":0.0,"damage_taken":0.0},{"damage_healed":0.0,"max_hp_gain":0.0,"max_hp_loss":0.0,"gold_gain":0.0,"event_name":"Accursed Blacksmith","player_choice":"Forge","floor":11.0,"gold_loss":0.0,"damage_taken":0.0,"cards_upgraded":["Heavy Blade"]},{"damage_healed":0.0,"max_hp_gain":0.0,"max_hp_loss":0.0,"gold_gain":0.0,"event_name":"Addict","player_choice":"Obtained Relic","floor":22.0,"gold_loss":85.0,"damage_taken":0.0,"relics_obtained":["White Beast Statue"]}],"is_beta":false,"boss_relics":[{"not_picked":["conspire:SpecialSausage","Runic Pyramid"],"picked":"Coffee Dripper"}],"items_purged_floors":[0,0],"is_endless":false,"potions_floor_spawned":[5,7,12,13,27,29,30,31],"killed_by":"Collector","ascension_level":0}}