{"host":"96bpdudduaq3ttpf","time":1608776281,"event":{"mods":["Act Like it!","Astrologer","Bard","Bartender","BaseMod","BetterRewards","CapriCore","Challenge The Spire","Chen","Downfall","Elementarium","Friendly Minions","GifTheSpireLib","Hallownest","Hermit","Jorbs\u0027s Wanderer Trilogy","KinomotoSakuraMod(????)","Koishi","KomeijiMod","Mari Mod (Legacy)","Mari\u0027s V1 Patch","Marisa????????","Mimic Mod","Minty Spire (QoL Compilation)","Prisma Mod","Replay The Spire","Shade Mod","StSLib","Td1madao Mod","The Administrix","The Animator","The Bug Knight","The Construct","The Cursed","The Factory","The Gatherer","The Hierophant","The Immortal","The IronCluck","The Jungle","The Mystic","The Necromancer","The Runesmith","The Senshi","The Servant 0.9.4","WarShipGirlsR/????R mod","Yohane!","Yuyuko"],"gold_per_floor":[112,112,112,34,49,87,87,38,38,38,71,71,84,98,98,98,98,223,223,242,262,287,69,84,84,84,84,84,84,84,104,123,123,123],"floor_reached":33,"playtime":1785,"items_purged":["rmod:strick"],"score":280,"play_id":"684f96c6-f1de-48fb-9236-6b0dbef30d87","local_time":"20201223191801","is_ascension_mode":false,"campfire_choices":[{"data":"rmod:fuelsupply","floor":7,"key":"SMITH"},{"data":"rmod:fuelsupply","floor":10,"key":"SMITH"},{"floor":12,"key":"REST"},{"data":"rmod:fuelsupply","floor":17,"key":"SMITH"},{"data":"rmod:acesubmarine","floor":25,"key":"SMITH"},{"floor":30,"key":"RECALL"}],"circlet_count":0,"master_deck":["rmod:strick","rmod:strick","rmod:strick","rmod:defend","rmod:defend","rmod:defend","rmod:defend","rmod:basicallowance","rmod:maingunfire","rmod:fletcherpendant","rmod:mineteam","rmod:fuelsupply+1","rmod:fuelsupply+1","rmod:firesupport","rmod:desperatesituation","rmod:fuelsupply+1","rmod:acesubmarine+1","rmod:luckystar+1","rmod:firesupport","rmod:supportaircraftcarrier"],"relics":["NeowsBlessing","Golden Idol","Bronze Scales","ReplayTheSpireMod:Ninjato","ShirouKen","rmod:mogul","Replay:Baseball"],"acts_visited":["Exordium","TheCity"],"potions_floor_usage":[24,31,32],"damage_taken":[{"damage":0,"enemies":"Small Slimes","floor":1,"turns":1},{"damage":0,"enemies":"Jaw Worm","floor":5,"turns":1},{"damage":0,"enemies":"Lagavulin","floor":6,"turns":1},{"damage":20,"enemies":"3 Sentries","floor":11,"turns":6},{"damage":0,"enemies":"2 Louse","floor":13,"turns":2},{"damage":0,"enemies":"2 Fungi Beasts","floor":14,"turns":3},{"damage":3,"enemies":"Slime Boss","floor":18,"turns":10},{"damage":24,"enemies":"Spheric Guardian","floor":20,"turns":5},{"damage":4,"enemies":"Chosen","floor":21,"turns":4},{"damage":5,"enemies":"Centurion and Healer","floor":22,"turns":4},{"damage":0,"enemies":"Cultist and Chosen","floor":24,"turns":4},{"damage":35,"enemies":"Snecko","floor":31,"turns":7},{"damage":10,"enemies":"Sentry and Sphere","floor":32,"turns":6},{"damage":11,"enemies":"3 Cultists","floor":33,"turns":3}],"seed_played":"5319856549001915129","potions_obtained":[{"floor":11,"key":"Dexterity Potion"},{"floor":13,"key":"Elixir"},{"floor":14,"key":"ColorlessPotion"},{"floor":31,"key":"CalmPotion"}],"is_trial":false,"path_per_floor":["M","?","?","$","M","E","R","$","T","R","E","R","M","M","PTL","PTL","R","B",null,"M","M","M","$","M","R","?","?","T","$","R","M","M","M"],"character_chosen":"PRAEFECT","items_purchased":["rmod:mineteam","rmod:firesupport","Replay:Baseball"],"campfire_rested":1,"item_purchase_floors":[4,8,23],"current_hp_per_floor":[75,75,69,69,69,69,69,69,69,69,49,69,69,69,69,69,69,66,69,45,41,36,36,36,36,36,36,36,36,36,1,10,0,0],"gold":123,"neow_bonus":"THREE_ENEMY_KILL","is_daily":false,"chose_seed":false,"campfire_upgraded":4,"win_rate":0.0,"timestamp":1608776281,"path_taken":["M","?","?","?","M","E","R","$","T","R","E","R","M","M","PTL","PTL","R","BOSS","M","M","M","$","M","R","?","?","T","$","R","M","M","M"],"items_purchased_type":["Card","Card","Relic"],"build_version":"2020-12-22","purchased_purges":1,"victory":false,"max_hp_per_floor":[75,75,69,69,69,69,69,69,69,69,69,69,69,69,69,69,69,69,69,69,69,69,69,69,69,69,69,69,69,69,69,69,69,69],"card_choices":[{"not_picked":["rmod:unsinkable","rmod:tearstotiara"],"picked":"rmod:fletcherpendant","floor":1},{"not_picked":["rmod:smokecover","rmod:victimresponsibility"],"picked":"rmod:fuelsupply","floor":5},{"not_picked":["rmod:expedition","rmod:steelsupply"],"picked":"rmod:fuelsupply","floor":6},{"not_picked":["rmod:diamondstrike","rmod:victimresponsibility"],"picked":"rmod:desperatesituation","floor":11},{"not_picked":["rmod:sl","rmod:garrisonisland"],"picked":"rmod:fuelsupply","floor":13},{"not_picked":["rmod:rockthrower","rmod:tearstotiara","rmod:fuelsupply"],"picked":"SKIP","floor":14},{"not_picked":["rmod:supriseattacks","rmod:windflower"],"picked":"rmod:acesubmarine","floor":18},{"not_picked":["rmod:launchingtorpedo+1","rmod:ammunitionsupply"],"picked":"rmod:luckystar+1","floor":20},{"not_picked":["rmod:sl","rmod:robin"],"picked":"rmod:firesupport","floor":21},{"not_picked":["rmod:aluminumsupply","rmod:wolves","rmod:aggressivemary"],"picked":"SKIP","floor":22},{"not_picked":["rmod:acesubmarine","rmod:firesupport","rmod:slowdown"],"picked":"SKIP","floor":24},{"not_picked":["rmod:firesupport","rmod:intelligenceanalysis+1"],"picked":"rmod:supportaircraftcarrier","floor":31},{"not_picked":["rmod:firesupport","rmod:victimresponsibility","rmod:rockthrower"],"picked":"SKIP","floor":32}],"player_experience":712706,"relics_obtained":[{"floor":6,"key":"Bronze Scales"},{"floor":9,"key":"ReplayTheSpireMod:Ninjato"},{"floor":11,"key":"ShirouKen"}],"event_choices":[{"damage_healed":0,"gold_gain":0,"player_choice":"Lose Max HP","damage_taken":0,"relics_obtained":["Golden Idol"],"max_hp_gain":0,"max_hp_loss":6,"event_name":"Golden Idol","floor":3,"gold_loss":0}],"is_beta":false,"boss_relics":[{"not_picked":["SlaversCollar","Painkiller Herb"],"picked":"rmod:mogul"}],"items_purged_floors":[23],"is_endless":false,"potions_floor_spawned":[11,13,14,21,31],"killed_by":"3 Cultists","ascension_level":0}}