{"host":"151yr9p79rpn1su6","time":1608840541,"event":{"mods":["BaseMod","Colored Map","Downfall","Minty Spire (QoL Compilation)","StSLib"],"gold_per_floor":[99,99,99,99,110,110,110,110,184,194,119,136,136,151,170,170,170,170],"floor_reached":16,"playtime":521,"items_purged":[],"score":90,"play_id":"3af00647-a918-413e-bcf8-84e7eb09a829","local_time":"20201224150901","is_ascension_mode":false,"campfire_choices":[{"floor":1.0,"key":"RECALL"},{"data":"Slimebound:RollThrough","floor":11.0,"key":"SMITH"},{"floor":13.0,"key":"REST"}],"circlet_count":0,"master_deck":["Slimebound:Strike_Slimebound","Slimebound:Strike_Slimebound","Slimebound:Strike_Slimebound","Slimebound:Tackle","Slimebound:Defend_Slimebound","Slimebound:Defend_Slimebound","Slimebound:Defend_Slimebound","Slimebound:Defend_Slimebound","Slimebound:Split","Slimebound:CorrosiveSpit","Slimebound:SplitLeeching","Slimebound:RollThrough+1","Slimebound:GoopSpray","Slimebound:ForwardTackle","Slimebound:SpikyOuterGoop","Slimebound:SplitBruiser","Slimebound:SlimeSpikes"],"relics":["Slimebound:AbsorbEndCombat","downfall:HeartsMalice","Bottled Flame","downfall:BrokenWingStatue","The Courier","downfall:HeartBlessingRed"],"acts_visited":["Exordium"],"potions_floor_usage":[16,16,16],"damage_taken":[{"damage":0.0,"enemies":"Cultist","floor":2.0,"turns":1.0},{"damage":0.0,"enemies":"Small Slimes","floor":3.0,"turns":1.0},{"damage":0.0,"enemies":"Jaw Worm","floor":4.0,"turns":1.0},{"damage":19.0,"enemies":"2 Fungi Beasts","floor":5.0,"turns":3.0},{"damage":18.0,"enemies":"Blue Slaver","floor":10.0,"turns":4.0},{"damage":2.0,"enemies":"3 Louse","floor":12.0,"turns":3.0},{"damage":5.0,"enemies":"2 Fungi Beasts","floor":14.0,"turns":3.0},{"damage":31,"enemies":"Exordium Thugs","floor":15,"turns":3},{"damage":45,"enemies":"downfall:Defect","floor":16,"turns":5}],"seed_played":"-3308831616070607320","potions_obtained":[{"floor":10.0,"key":"PowerPotion"},{"floor":12.0,"key":"EssenceOfSteel"},{"floor":14,"key":"LiquidMemories"},{"floor":15,"key":"Fire Potion"}],"is_trial":false,"path_per_floor":["R","M","M","M","M","?","T","?","T","M","R","M","R","M","M","B"],"character_chosen":"SLIMEBOUND","items_purchased":[],"campfire_rested":1,"item_purchase_floors":[],"current_hp_per_floor":[60,60,60,60,49,49,49,49,49,41,41,43,60,60,37,0,0,0],"gold":170,"neow_bonus":"THREE_ENEMY_KILL","is_daily":false,"chose_seed":false,"campfire_upgraded":1,"win_rate":0.0,"timestamp":1608840541,"path_taken":["R","M","M","?","M","?","T","?","?","M","R","M","R","M","M","BOSS"],"items_purchased_type":[],"build_version":"2020-12-22","purchased_purges":0,"victory":false,"max_hp_per_floor":[60,60,60,60,60,60,60,60,60,60,60,60,60,60,60,60,60,60],"card_choices":[{"not_picked":["Slimebound:FinishingTackle","Slimebound:SlimeTap"],"picked":"Slimebound:SplitLeeching","floor":2.0},{"not_picked":["Slimebound:SplitAcid","Slimebound:SlimeSpikes"],"picked":"Slimebound:RollThrough","floor":3.0},{"not_picked":["Slimebound:GoopTackle","Slimebound:Nibble"],"picked":"Slimebound:GoopSpray","floor":4.0},{"not_picked":["Slimebound:Dissolve","Slimebound:DivideAndConquer","Slimebound:ServeAndProtect"],"picked":"SKIP","floor":5.0},{"not_picked":["Slimebound:AcidTongue","Slimebound:Gluttony"],"picked":"Slimebound:ForwardTackle","floor":10.0},{"not_picked":["Slimebound:Grow","Slimebound:Replication"],"picked":"Slimebound:SpikyOuterGoop","floor":12.0},{"not_picked":["Slimebound:FormOfPuddle","Slimebound:PressTheAttack"],"picked":"Slimebound:SplitBruiser","floor":14},{"not_picked":["Slimebound:ViciousTackle","Slimebound:Dissolve"],"picked":"Slimebound:SlimeSpikes","floor":15}],"player_experience":1042607,"relics_obtained":[{"floor":7.0,"key":"Bottled Flame"},{"floor":9.0,"key":"The Courier"}],"event_choices":[{"damage_healed":0.0,"max_hp_gain":0.0,"max_hp_loss":0.0,"gold_gain":0.0,"event_name":"Scrap Ooze","player_choice":"Fled","floor":6.0,"gold_loss":0.0,"damage_taken":0.0}],"is_beta":false,"boss_relics":[],"items_purged_floors":[],"is_endless":false,"potions_floor_spawned":[10,12,14,15],"killed_by":"downfall:Defect","ascension_level":0}}