{"host":"ywif2ugnepgiw45s","time":1608839103,"event":{"mods":["Act Like it!","BaseMod","Better Skull","Downfall","Elementarium","GifTheSpireLib","Hermit","Lobotomy","Marisa????????","Minty Spire (QoL Compilation)","READ ME - Guardian Mod","Shade Mod","Shop Mod","StSLib","The Cursed","The Jungle","The Runesmith"],"gold_per_floor":[118,118,193,193,208,236,236,248,248,248,263,289,308,325,325,427,427,439,453,263,279,279,279,311,97,147,174,273,273,273,298,298,395,395,411,15,15,15],"floor_reached":37,"playtime":7403,"items_purged":["Shade:Strike_Shade"],"score":483,"play_id":"de382e9b-1646-497d-8c55-9cf093f61f38","local_time":"20201224144503","is_ascension_mode":true,"campfire_choices":[{"floor":7,"key":"REST"},{"data":"Shade:Brains","floor":15,"key":"SMITH"},{"data":"Shade:AnimateDead","floor":23,"key":"SMITH"},{"data":"Shade:UnbarTheGrave","floor":29,"key":"SMITH"},{"data":"Shade:UnbarTheGrave","floor":32,"key":"SMITH"}],"circlet_count":0,"master_deck":["Shade:Strike_Shade","Shade:Strike_Shade","Shade:Defend_Shade","Shade:Defend_Shade","Shade:Defend_Shade","Shade:AnimateDead+1","Shade:CarefulCut","Shade:Carnophage","Shade:Bite_Shade","Shade:Brains+1","Shade:Bonestorm","Shade:UnbarTheGrave+1","Shade:FingerOfDeath","Shade:Carnophage","Shade:OneIsEnough","Shade:DangerousRitual","Shade:FuneraryJewels","Shade:OpenGraves","Shade:FuneraryJewels","Shade:FleshToFlesh+1","Shade:SpectralStrikes+1","Shade:ExtraLimbs","Shade:UnbarTheGrave+1","Shade:StitchTogether","Shade:LichForm"],"relics":["Shade:YorickPolishedSkull","Prayer Wheel","Mummified Hand","Omamori","Nunchaku","Juzu Bracelet","Tiny Chest","PreservedInsect","Strawberry","Blue Candle","Runesmith:UraniumAnvil","Shuriken","Medical Kit"],"acts_visited":["Exordium","TheCity","TheBeyond"],"potions_floor_usage":[16,24,37],"damage_taken":[{"damage":0,"enemies":"2 Louse","floor":1,"turns":3},{"damage":0,"enemies":"Small Slimes","floor":5,"turns":3},{"damage":55,"enemies":"Lagavulin","floor":6,"turns":12},{"damage":0,"enemies":"Cultist","floor":8,"turns":3},{"damage":3,"enemies":"Large Slime","floor":11,"turns":7},{"damage":10,"enemies":"3 Sentries","floor":12,"turns":8},{"damage":2,"enemies":"Looter","floor":13,"turns":2},{"damage":0,"enemies":"2 Fungi Beasts","floor":14,"turns":4},{"damage":41,"enemies":"The Guardian","floor":16,"turns":13},{"damage":9,"enemies":"Shell Parasite","floor":18,"turns":12},{"damage":4,"enemies":"2 Thieves","floor":19,"turns":3},{"damage":0,"enemies":"Sentry and Sphere","floor":21,"turns":6},{"damage":0,"enemies":"Gremlin Leader","floor":24,"turns":5},{"damage":22,"enemies":"Slavers","floor":27,"turns":5},{"damage":20,"enemies":"Gremlin Leader","floor":31,"turns":6},{"damage":9,"enemies":"Automaton","floor":33,"turns":11},{"damage":0,"enemies":"3 Shapes","floor":35,"turns":4},{"damage":108,"enemies":"Orin","floor":37,"turns":8}],"seed_played":"-1770942205995976217","potions_obtained":[{"floor":8,"key":"SkillPotion"},{"floor":12,"key":"FairyPotion"},{"floor":14,"key":"GamblersBrew"},{"floor":19,"key":"DuplicationPotion"},{"floor":24,"key":"Strength Potion"}],"is_trial":false,"path_per_floor":["M","$","?","?","M","E","R","M","T","?","M","E","M","M","R","B",null,"M","M","$","M","?","R","E","$","T","E","?","R","?","E","R","B",null,"M","$","?"],"character_chosen":"SHADE","items_purchased":["Shade:OpenGraves","Shade:FuneraryJewels","Shade:StitchTogether","Tiny Chest","Shuriken","Medical Kit"],"campfire_rested":1,"item_purchase_floors":[20,20,25,25,36,36],"current_hp_per_floor":[59,59,48,53,53,10,29,31,31,31,36,30,30,34,34,3,64,60,58,58,62,62,62,64,64,64,58,58,58,58,40,40,44,71,71,71,0,0],"gold":15,"neow_bonus":"ONE_RARE_RELIC","is_daily":false,"chose_seed":false,"campfire_upgraded":4,"win_rate":0.0,"timestamp":1608839103,"path_taken":["M","$","?","?","M","E","R","M","T","?","M","E","M","?","R","BOSS","M","M","$","M","?","R","E","$","T","E","?","R","?","E","R","BOSS","M","$","?"],"items_purchased_type":["Card","Card","Card","Relic","Relic","Relic"],"build_version":"2020-12-22","purchased_purges":1,"victory":false,"max_hp_per_floor":[59,59,59,64,64,64,64,64,64,64,64,64,64,64,64,64,64,64,64,64,64,64,64,64,64,64,71,71,71,71,71,71,71,71,71,71,71,71],"card_choices":[{"not_picked":["Shade:ExtraLimbs","Shade:GraveStillness"],"picked":"Shade:Carnophage","floor":1},{"not_picked":["Shade:GraveStillness","Shade:FuneraryArmor","Shade:CommandSoldier"],"picked":"SKIP","floor":1},{"not_picked":["Shade:Premonition","Shade:UnbarTheGrave"],"picked":"Shade:Bite_Shade","floor":5},{"not_picked":["Shade:GraveStillness","Shade:SoulToxin"],"picked":"Shade:Brains","floor":5},{"not_picked":["Shade:AncientSpear","Shade:GreyBargain","Shade:CommandSoldier"],"picked":"SKIP","floor":6},{"not_picked":["Shade:SpontaneousRitual","Shade:Doomsay"],"picked":"Shade:Bonestorm","floor":8},{"not_picked":["Shade:FeralStrike","Shade:CoffinDance","Shade:FreshBones"],"picked":"SKIP","floor":8},{"not_picked":["Shade:SoulToxin","Shade:GraveStillness","Shade:CoffinDance"],"picked":"SKIP","floor":11},{"not_picked":["Shade:ExtraLimbs","Shade:CoffinDance","Shade:BoneShards"],"picked":"SKIP","floor":11},{"not_picked":["Shade:PressTheAttack","Shade:AncientSpear"],"picked":"Shade:UnbarTheGrave","floor":12},{"not_picked":["Shade:FeralStrike","Shade:GreyBargain"],"picked":"Shade:FingerOfDeath","floor":13},{"not_picked":["Shade:BoneShards","Shade:FeralStrike"],"picked":"Shade:Carnophage","floor":13},{"not_picked":["Shade:CallWraith","Shade:Frenzy","Shade:Doomsay"],"picked":"SKIP","floor":14},{"not_picked":["Shade:Frenzy","Shade:GraveStillness","Shade:ClawBack"],"picked":"SKIP","floor":14},{"not_picked":["Shade:Tombstone","Shade:GreaterAnimation"],"picked":"Shade:OneIsEnough","floor":16},{"not_picked":["Shade:SkeletonArmy+1","Shade:FuneraryArmor"],"picked":"Shade:DangerousRitual","floor":18},{"not_picked":["Shade:SensePrey","Shade:SkeletonHug"],"picked":"Shade:FuneraryJewels","floor":18},{"not_picked":["Shade:AncientSpear","Shade:Trample+1","Shade:Bonestorm"],"picked":"SKIP","floor":19},{"not_picked":["Shade:GraveStillness","Shade:CallOfTheGrave","Shade:Frenzy"],"picked":"SKIP","floor":19},{"not_picked":["Shade:FleshOffering","Shade:FingerOfDeath+1"],"picked":"Shade:FleshToFlesh+1","floor":21},{"not_picked":["Shade:SpectralStrikes+1","Shade:FingerOfDeath+1","Shade:Premonition"],"picked":"SKIP","floor":21},{"not_picked":["Shade:FingerOfDeath+1","Shade:Premonition"],"picked":"Shade:SpectralStrikes+1","floor":21},{"not_picked":["Shade:Premonition","Shade:Asphyxiate","Shade:SkeletonArmy"],"picked":"SKIP","floor":24},{"not_picked":["Shade:FleshToFlesh+1","Shade:FuneraryJewels","Shade:SensePrey"],"picked":"SKIP","floor":27},{"not_picked":["Shade:WallOfFlesh","Shade:GreaterAnimation","Shade:Excise"],"picked":"SKIP","floor":31},{"not_picked":["Shade:OminousRitual","Shade:OfferingToTheBeyond"],"picked":"Shade:LichForm","floor":33},{"not_picked":["Shade:Excise","Shade:Premonition+1","Shade:Carnophage"],"picked":"SKIP","floor":35},{"not_picked":["Shade:Frenzy+1","Shade:TouchOfTheGrave","Shade:Asphyxiate"],"picked":"SKIP","floor":35}],"player_experience":1618650,"relics_obtained":[{"floor":6,"key":"Mummified Hand"},{"floor":9,"key":"Omamori"},{"floor":12,"key":"Nunchaku"},{"floor":24,"key":"Juzu Bracelet"},{"floor":26,"key":"PreservedInsect"},{"floor":27,"key":"Strawberry"},{"floor":31,"key":"Blue Candle"}],"event_choices":[{"damage_healed":0,"gold_gain":75,"player_choice":"Gather Gold","damage_taken":11,"max_hp_gain":0,"max_hp_loss":0,"event_name":"World of Goop","floor":3,"gold_loss":0},{"damage_healed":0,"gold_gain":0,"player_choice":"Donut","damage_taken":0,"max_hp_gain":5,"max_hp_loss":0,"event_name":"Big Fish","floor":4,"gold_loss":0},{"damage_healed":0,"gold_gain":0,"player_choice":"Ignored","damage_taken":0,"max_hp_gain":0,"max_hp_loss":0,"event_name":"NoteForYourself","floor":10,"gold_loss":0},{"damage_healed":0,"gold_gain":0,"cards_transformed":["Shade:Strike_Shade","Shade:Defend_Shade"],"player_choice":"Became Test Subject","damage_taken":0,"max_hp_gain":0,"max_hp_loss":0,"event_name":"Drug Dealer","floor":22,"gold_loss":0,"cards_obtained":["Shade:ExtraLimbs","Shade:UnbarTheGrave"]},{"damage_healed":0,"gold_gain":99,"player_choice":"Stole From Cult","damage_taken":0,"max_hp_gain":0,"max_hp_loss":0,"event_name":"Nest","floor":28,"gold_loss":0},{"damage_healed":0,"gold_gain":0,"player_choice":"Ignored","damage_taken":0,"max_hp_gain":0,"max_hp_loss":0,"event_name":"Ghosts","floor":30,"gold_loss":0},{"damage_healed":0,"gold_gain":0,"player_choice":"Fight","damage_taken":0,"max_hp_gain":0,"max_hp_loss":0,"event_name":"OrinTheCat","floor":37,"gold_loss":0}],"is_beta":false,"boss_relics":[{"not_picked":["Fusion Hammer","Philosopher\u0027s Stone"],"picked":"Shade:YorickPolishedSkull"},{"not_picked":["Snecko Eye","SacredBark"],"picked":"Runesmith:UraniumAnvil"}],"items_purged_floors":[20],"is_endless":false,"potions_floor_spawned":[8,12,14,19,24,31],"killed_by":"Orin","ascension_level":1}}