{"host":"0msxzbajcl1c78mb","time":1608787149,"event":{"mods":["AchievementEnabler","BaseMod","Colored Map","Colored Powertips","Highlight Path","Minty Spire (QoL Compilation)","Relic Sorter","Relic Stats","StSLib","The Jungle","everything is the same but u backflip on backflip"],"gold_per_floor":[110,110,185,185,201,227,244,244,244],"floor_reached":8,"playtime":206,"items_purged":[],"score":117,"play_id":"96918f97-f0b3-4c23-af34-6334d64cf94e","local_time":"20201224001909","is_ascension_mode":true,"campfire_choices":[],"circlet_count":0,"master_deck":["Strike_R","Strike_R","Strike_R+1","Strike_R","Strike_R","Defend_R","Defend_R","Defend_R","Defend_R","Bash+1","Shrug It Off","Spot Weakness","Clothesline","Pommel Strike"],"relics":["Burning Blood","NeowsBlessing","Regal Pillow","Eternal Feather"],"acts_visited":["Exordium"],"potions_floor_usage":[8],"damage_taken":[{"damage":0,"enemies":"Jaw Worm","floor":1,"turns":1},{"damage":0,"enemies":"2 Louse","floor":5,"turns":2},{"damage":0,"enemies":"3 Sentries","floor":6,"turns":2},{"damage":12,"enemies":"Small Slimes","floor":7,"turns":4},{"damage":44,"enemies":"Gremlin Nob","floor":8,"turns":4}],"seed_played":"1308536832314762963","potions_obtained":[{"floor":6,"key":"EssenceOfSteel"}],"is_trial":false,"path_per_floor":["M","?","?","?","M","E","M","E"],"character_chosen":"IRONCLAD","items_purchased":[],"campfire_rested":0,"item_purchase_floors":[],"current_hp_per_floor":[78,60,49,33,39,45,39,0,0],"gold":244,"neow_bonus":"THREE_ENEMY_KILL","is_daily":false,"chose_seed":false,"campfire_upgraded":0,"win_rate":0.0,"timestamp":1608787149,"path_taken":["M","?","?","?","?","E","M","E"],"items_purchased_type":[],"build_version":"2020-12-22","purchased_purges":0,"victory":false,"max_hp_per_floor":[80,80,80,80,80,80,80,80,80],"relic_stats":{"Regal Pillow":0,"counters":[5,13],"Eternal Feather":0,"obtain_stats":[{"Regal Pillow":2,"NeowsBlessing":0,"Eternal Feather":6,"Burning Blood":0},{"Regal Pillow":1,"NeowsBlessing":0,"Eternal Feather":3,"Burning Blood":0},{"Regal Pillow":1,"NeowsBlessing":0,"Eternal Feather":5,"Burning Blood":0}],"Burning Blood":24},"card_choices":[{"not_picked":["Heavy Blade","Blood for Blood"],"picked":"Shrug It Off","floor":1},{"not_picked":["Pommel Strike","Pummel"],"picked":"Spot Weakness","floor":5},{"not_picked":["Burning Pact","Flex"],"picked":"Clothesline","floor":6},{"not_picked":["Warcry","Dual Wield"],"picked":"Pommel Strike","floor":7}],"player_experience":285640,"relics_obtained":[{"floor":6,"key":"Eternal Feather"}],"event_choices":[{"damage_healed":0,"gold_gain":0,"player_choice":"Success","damage_taken":18,"relics_obtained":["Regal Pillow"],"max_hp_gain":0,"max_hp_loss":0,"event_name":"Scrap Ooze","floor":2,"gold_loss":0},{"damage_healed":0,"gold_gain":75,"player_choice":"Gather Gold","damage_taken":11,"max_hp_gain":0,"max_hp_loss":0,"event_name":"World of Goop","floor":3,"gold_loss":0},{"damage_healed":0,"gold_gain":0,"player_choice":"Entered Light","damage_taken":16,"max_hp_gain":0,"max_hp_loss":0,"event_name":"Shining Light","floor":4,"gold_loss":0,"cards_upgraded":["Bash","Strike_R"]}],"is_beta":false,"boss_relics":[],"items_purged_floors":[],"is_endless":false,"potions_floor_spawned":[6],"killed_by":"Gremlin Nob","ascension_level":9}}