{"host":"jn0ak8pel44mihsi","time":1608806559,"event":{"mods":["BaseMod","Downfall","Minty Spire (QoL Compilation)","StSLib"],"gold_per_floor":[99,99,99,99,99,99,99,118,26,49,49,61,61,61,61,61],"floor_reached":14,"playtime":667,"items_purged":[],"score":74,"play_id":"30ae00c6-24bd-4ff7-970d-0bff3e05eef3","local_time":"20201224044239","is_ascension_mode":false,"campfire_choices":[{"data":"champ:Taunt","floor":1,"key":"SMITH"},{"data":"champ:BerserkersShout","floor":11,"key":"SMITH"}],"circlet_count":0,"master_deck":["champ:Strike","champ:Strike","champ:Strike","champ:Strike","champ:Defend","champ:Defend","champ:Defend","champ:Defend","champ:Execute","champ:Taunt+1","champ:DefensiveShout","champ:FlashCut","champ:BladeFlurry","champ:Circumvent","champ:BringItOn","champ:GladiatorStyle","champ:BerserkersShout+1","champ:SteelEdge","Pain"],"relics":["champ:ChampionCrown","downfall:HeartsMalice","Ornamental Fan","Odd Mushroom","WarpedTongs"],"acts_visited":["Exordium"],"potions_floor_usage":[9,14],"damage_taken":[{"damage":0,"enemies":"2 Louse","floor":2,"turns":1},{"damage":0,"enemies":"Cultist","floor":5,"turns":1},{"damage":0,"enemies":"Small Slimes","floor":6,"turns":1},{"damage":22,"enemies":"3 Louse","floor":8,"turns":4},{"damage":5,"enemies":"downfall:FleeingMerchant","floor":9,"turns":4},{"damage":35,"enemies":"The Mushroom Lair","floor":10,"turns":6},{"damage":26,"enemies":"Exordium Thugs","floor":12,"turns":6},{"damage":37,"enemies":"Gremlin Nob","floor":14,"turns":4}],"seed_played":"4464478794853281381","potions_obtained":[{"floor":4,"key":"DuplicationPotion"},{"floor":4,"key":"SkillPotion"},{"floor":4,"key":"SmokeBomb"},{"floor":10,"key":"FearPotion"}],"is_trial":false,"path_per_floor":["R","M","?","?","M","M","T","M","$","?","R","M","?","E"],"character_chosen":"THE_CHAMP","items_purchased":["champ:GladiatorStyle"],"campfire_rested":0,"item_purchase_floors":[9],"current_hp_per_floor":[90,90,90,90,90,90,90,73,73,38,38,23,23,0,0,0],"gold":61,"neow_bonus":"THREE_ENEMY_KILL","is_daily":false,"chose_seed":false,"campfire_upgraded":2,"win_rate":0.0,"timestamp":1608806559,"path_taken":["R","M","?","?","M","M","T","?","$","?","R","M","?","E"],"items_purchased_type":["Card"],"build_version":"2020-12-22","purchased_purges":0,"victory":false,"max_hp_per_floor":[90,90,90,90,90,90,90,90,90,90,90,90,90,90,90,90],"card_choices":[{"not_picked":["champ:CrookedStrike","champ:IronFortress"],"picked":"champ:DefensiveShout","floor":2},{"not_picked":["champ:FightOn","champ:ArenaPreparation"],"picked":"champ:FlashCut","floor":5},{"not_picked":["champ:FocusedBerserking","champ:CrookedStrike"],"picked":"champ:BladeFlurry","floor":6},{"not_picked":["champ:FocusedBerserking","champ:SwordThrow"],"picked":"champ:Circumvent","floor":8},{"not_picked":["champ:Haymaker","champ:Circumvent"],"picked":"champ:BringItOn","floor":9},{"not_picked":["champ:BringItOn","champ:Haymaker"],"picked":"champ:BerserkersShout","floor":10},{"not_picked":["champ:TornadoPunch","champ:Haymaker"],"picked":"champ:SteelEdge","floor":12}],"player_experience":475796,"relics_obtained":[{"floor":7,"key":"Ornamental Fan"},{"floor":10,"key":"Odd Mushroom"}],"event_choices":[{"damage_healed":0,"gold_gain":0,"player_choice":"Got Potions","damage_taken":0,"max_hp_gain":0,"max_hp_loss":0,"event_name":"Lab","floor":4,"gold_loss":0},{"damage_healed":0,"gold_gain":0,"player_choice":"Fought Mushrooms","damage_taken":0,"max_hp_gain":0,"max_hp_loss":0,"event_name":"Mushrooms","floor":10,"gold_loss":0},{"damage_healed":0,"gold_gain":0,"player_choice":"Rummage","damage_taken":0,"relics_obtained":["WarpedTongs"],"max_hp_gain":0,"max_hp_loss":0,"event_name":"Accursed Blacksmith","floor":13,"gold_loss":0,"cards_obtained":["Pain"]}],"is_beta":false,"boss_relics":[],"items_purged_floors":[],"is_endless":false,"potions_floor_spawned":[10],"killed_by":"Gremlin Nob","ascension_level":0}}