{"host":"naykp6d9ulahlwib","time":1608792818,"event":{"mods":["BaseMod","Highlight Path","Minty Spire (QoL Compilation)","Shop Mod","StSLib"],"gold_per_floor":[115,65,65,81,6,6,38,38,38,38,68,68,68,80,80,182,182,198,21,32,32,32,32,32,42,42,132,150,150,169,185,185,283,283,295,312,323,337,77,77,97,97,123,148,160,0,22,52,64,76],"floor_reached":51,"playtime":4624,"items_purged":["Strike_G","Strike_G"],"score":951,"play_id":"5883893a-b82a-4e74-a31b-a5323b826bb9","local_time":"20201224005338","is_ascension_mode":true,"campfire_choices":[{"data":"Neutralize","floor":6.0,"key":"SMITH"},{"data":"Storm of Steel","floor":8.0,"key":"SMITH"},{"data":"Dagger Spray","floor":10.0,"key":"SMITH"},{"data":"Survivor","floor":12.0,"key":"SMITH"},{"data":"Escape Plan","floor":15.0,"key":"SMITH"},{"floor":23.0,"key":"RECALL"},{"floor":29.0,"key":"REST"},{"floor":32.0,"key":"REST"},{"floor":40,"key":"REST"},{"floor":45,"key":"REST"},{"floor":49,"key":"REST"}],"circlet_count":0,"master_deck":["AscendersBane","Strike_G","Defend_G","Defend_G","Defend_G","Defend_G","Survivor+1","Neutralize+1","Dagger Spray+1","Escape Plan+1","Storm of Steel+1","After Image","Infinite Blades","Shame","Quick Slash+1","Blade Dance+1","Blade Dance+1","A Thousand Cuts","Blade Dance+1","Prepared+1","Night Terror","Cloak And Dagger+1","PiercingWail"],"relics":["Ring of the Snake","NeowsBlessing","Lantern","Orichalcum","HornCleat","Blood Vial","Fusion Hammer","Blue Candle","SlaversCollar","Regal Pillow","MawBank","Red Mask"],"acts_visited":["Exordium","TheCity","TheBeyond"],"potions_floor_usage":[38,50,50,50],"damage_taken":[{"damage":0.0,"enemies":"Jaw Worm","floor":1.0,"turns":1.0},{"damage":0.0,"enemies":"Small Slimes","floor":4.0,"turns":1.0},{"damage":0.0,"enemies":"3 Sentries","floor":7.0,"turns":2.0},{"damage":2.0,"enemies":"Gremlin Nob","floor":11.0,"turns":4.0},{"damage":0.0,"enemies":"2 Louse","floor":14.0,"turns":1.0},{"damage":29.0,"enemies":"The Guardian","floor":16.0,"turns":18.0},{"damage":3.0,"enemies":"2 Thieves","floor":18.0,"turns":4.0},{"damage":0.0,"enemies":"3 Byrds","floor":20.0,"turns":3.0},{"damage":16.0,"enemies":"Snake Plant","floor":25.0,"turns":10.0},{"damage":12.0,"enemies":"Sentry and Sphere","floor":28.0,"turns":6.0},{"damage":5.0,"enemies":"Snecko","floor":30.0,"turns":6.0},{"damage":7.0,"enemies":"Shelled Parasite and Fungi","floor":31.0,"turns":6.0},{"damage":49.0,"enemies":"Automaton","floor":33.0,"turns":14.0},{"damage":1.0,"enemies":"Orb Walker","floor":35.0,"turns":4.0},{"damage":10.0,"enemies":"3 Shapes","floor":36.0,"turns":9.0},{"damage":0.0,"enemies":"Maw","floor":37.0,"turns":8.0},{"damage":40,"enemies":"Writhing Mass","floor":38,"turns":15},{"damage":0,"enemies":"Jaw Worm Horde","floor":41,"turns":3},{"damage":19,"enemies":"Spire Growth","floor":44,"turns":6},{"damage":1,"enemies":"Maw","floor":47,"turns":8},{"damage":16,"enemies":"Transient","floor":48,"turns":5},{"damage":35,"enemies":"Donu and Deca","floor":50,"turns":8}],"seed_played":"1967941910787798879","potions_obtained":[{"floor":4.0,"key":"SteroidPotion"},{"floor":14.0,"key":"CunningPotion"},{"floor":16.0,"key":"Explosive Potion"},{"floor":25.0,"key":"Energy Potion"},{"floor":28.0,"key":"BlessingOfTheForge"},{"floor":31.0,"key":"GamblersBrew"},{"floor":37.0,"key":"Weak Potion"},{"floor":38,"key":"CunningPotion"},{"floor":41,"key":"FearPotion"},{"floor":47,"key":"Dexterity Potion"}],"is_trial":false,"path_per_floor":["M","?","?","M","$","R","E","R","T","R","E","R","?","M","R","B",null,"M","$","M","$","?","R","?","M","T","?","M","R","M","M","R","B",null,"M","M","M","M","$","R","M","?","T","M","R","?","M","M","R","B",null],"character_chosen":"THE_SILENT","items_purchased":["Infinite Blades","CultistPotion","Regal Pillow"],"campfire_rested":5,"item_purchase_floors":[19,39,39],"current_hp_per_floor":[63,63,56,56,56,56,56,56,56,56,54,54,54,56,56,29,60,59,59,61,61,61,61,61,47,47,29,19,40,37,32,53,6,54,55,47,49,11,11,47,49,49,49,32,68,68,69,54,70,35],"gold":88,"neow_bonus":"THREE_ENEMY_KILL","is_daily":false,"chose_seed":false,"campfire_upgraded":5,"win_rate":0.0,"timestamp":1608792818,"path_taken":["M","?","?","M","$","R","E","R","T","R","E","R","?","?","R","BOSS","M","$","M","$","?","R","?","M","T","?","M","R","M","M","R","BOSS","M","?","M","M","$","R","M","?","T","M","R","?","M","M","R","BOSS"],"items_purchased_type":["Card","Potion","Relic"],"build_version":"2020-12-22","purchased_purges":2,"victory":true,"max_hp_per_floor":[70,70,70,70,70,70,70,70,70,70,70,70,70,70,70,70,70,70,70,70,70,70,70,70,70,70,70,70,70,70,70,70,70,70,70,70,70,70,70,70,70,70,70,70,70,70,70,70,70,70],"card_choices":[{"not_picked":["Infinite Blades","Deflect"],"picked":"Dagger Spray","floor":1.0},{"not_picked":["Tactician","Poisoned Stab"],"picked":"Escape Plan","floor":4.0},{"not_picked":["Deadly Poison","Leg Sweep"],"picked":"Storm of Steel","floor":7.0},{"not_picked":["Sucker Punch","Backstab","Poisoned Stab"],"picked":"SKIP","floor":11.0},{"not_picked":["Sucker Punch","Backstab","Poisoned Stab"],"picked":"SKIP","floor":11.0},{"not_picked":["Deadly Poison","Choke","Expertise"],"picked":"SKIP","floor":14.0},{"not_picked":["Tools of the Trade","Storm of Steel"],"picked":"After Image","floor":16.0},{"not_picked":["Endless Agony","Prepared","Riddle With Holes"],"picked":"SKIP","floor":18.0},{"not_picked":["Bane+1","Backflip","Backstab"],"picked":"SKIP","floor":20.0},{"not_picked":["Prepared","Riddle With Holes"],"picked":"Quick Slash+1","floor":25.0},{"not_picked":["Deadly Poison","Masterful Stab","Dagger Throw"],"picked":"SKIP","floor":28.0},{"not_picked":["Acrobatics","Prepared"],"picked":"Blade Dance+1","floor":30.0},{"not_picked":["Doppelganger","Skewer"],"picked":"Blade Dance+1","floor":31.0},{"not_picked":["Storm of Steel","Glass Knife"],"picked":"A Thousand Cuts","floor":33.0},{"not_picked":["Dodge and Roll","Cloak And Dagger"],"picked":"Blade Dance+1","floor":35.0},{"not_picked":["Cloak And Dagger","Bane"],"picked":"Prepared+1","floor":36.0},{"not_picked":["Prepared","Flying Knee+1"],"picked":"Night Terror","floor":37.0},{"not_picked":["Noxious Fumes","Terror+1"],"picked":"Cloak And Dagger+1","floor":38},{"not_picked":["Deadly Poison","Grand Finale","Deflect+1"],"picked":"SKIP","floor":41},{"not_picked":["Dagger Spray+1","Deflect","Riddle With Holes"],"picked":"SKIP","floor":44},{"not_picked":["Cloak And Dagger","Backflip","Concentrate+1"],"picked":"SKIP","floor":47},{"not_picked":["Flying Knee","Cloak And Dagger"],"picked":"PiercingWail","floor":48}],"player_experience":880690,"relics_obtained":[{"floor":7.0,"key":"Orichalcum"},{"floor":9.0,"key":"HornCleat"},{"floor":11.0,"key":"Blood Vial"},{"floor":43,"key":"MawBank"}],"event_choices":[{"cards_removed":["Strike_G"],"damage_healed":0.0,"max_hp_gain":0.0,"max_hp_loss":0.0,"gold_gain":0.0,"event_name":"The Cleric","player_choice":"Card Removal","floor":2.0,"gold_loss":50.0,"damage_taken":0.0},{"damage_healed":0.0,"max_hp_gain":0.0,"max_hp_loss":0.0,"gold_gain":0.0,"event_name":"Scrap Ooze","player_choice":"Success","floor":3.0,"gold_loss":0.0,"damage_taken":7.0,"relics_obtained":["Lantern"]},{"cards_removed":["Defend_G"],"damage_healed":0.0,"max_hp_gain":0.0,"max_hp_loss":0.0,"gold_gain":0.0,"event_name":"Bonfire Elementals","player_choice":"Offered Basic","floor":13.0,"gold_loss":0.0,"damage_taken":0.0},{"damage_healed":0.0,"max_hp_gain":0.0,"max_hp_loss":0.0,"gold_gain":0.0,"event_name":"Cursed Tome","player_choice":"Ignored","floor":22.0,"gold_loss":0.0,"damage_taken":0.0},{"damage_healed":0.0,"max_hp_gain":0.0,"max_hp_loss":0.0,"gold_gain":0.0,"event_name":"Addict","player_choice":"Stole Relic","floor":24.0,"gold_loss":0.0,"damage_taken":0.0,"relics_obtained":["Blue Candle"],"cards_obtained":["Shame"]},{"damage_healed":0.0,"max_hp_gain":0.0,"max_hp_loss":0.0,"gold_gain":90.0,"event_name":"Knowing Skull","player_choice":"GOLD POTION ","floor":27.0,"potions_obtained":["EssenceOfSteel"],"gold_loss":0.0,"damage_taken":18.0,"cards_obtained":[]},{"cards_removed":["Strike_G"],"damage_healed":0,"gold_gain":0,"player_choice":"Removed Attack","damage_taken":0,"max_hp_gain":0,"max_hp_loss":0,"event_name":"Falling","floor":42,"gold_loss":0},{"damage_healed":0,"gold_gain":0,"player_choice":"Paid","damage_taken":0,"relics_obtained":["Red Mask"],"max_hp_gain":0,"max_hp_loss":0,"event_name":"Tomb of Lord Red Mask","floor":46,"gold_loss":172}],"is_beta":false,"boss_relics":[{"not_picked":["Busted Crown","Astrolabe"],"picked":"Fusion Hammer"},{"not_picked":["Velvet Choker","HoveringKite"],"picked":"SlaversCollar"}],"items_purged_floors":[5,19],"is_endless":false,"potions_floor_spawned":[4,14,16,25,28,31,37,38,41,47],"ascension_level":10}}