{"host":"gk9qdtkqd8dwfeg2","time":1608804960,"event":{"mods":["Act Like it!","Aspiration","BaseMod","Bestiary","Gensokyo","Minty Spire (QoL Compilation)","Quick Restart","Replay The Spire","Shop Mod","StSLib","TestMod","Waifu the Spire"],"gold_per_floor":[110,38,38,38,57,57,57,57,84,113,33,33,33,58,58,153,153,171,53,65,83,97,132,132,157,181,231,81,105,132,160,172,285,297,323,146,174,196,7,7,37,62,116,136,151,185,280,300,300,300,300,300,10,39,39,39],"floor_reached":55,"playtime":1688,"items_purged":["Writhe"],"score":1025,"play_id":"5d25e01d-dd0a-43a8-a2ae-3747236a9e3c","local_time":"20201224181600","is_ascension_mode":false,"campfire_choices":[{"data":"Bash","floor":6,"key":"SMITH"},{"floor":8,"key":"RECALL"},{"data":"Feel No Pain","floor":15,"key":"SMITH"},{"data":"ReplayReversal","floor":24,"key":"SMITH"},{"data":"Armaments","floor":32,"key":"SMITH"},{"data":"Gensokyo:SpontaneousHumanCombustion","floor":40,"key":"SMITH"},{"data":"Barricade","floor":52,"key":"SMITH"}],"circlet_count":0,"master_deck":["Bash+1","Combust","Feel No Pain+1","Pain","Injury","Offering","Immolate","Rupture","Feel No Pain","ReplayReversal+1","Combust","Voices","Armaments+1","Defy Death","Hemokinesis","Impervious","Cleave","Anger","Infernal Blade","Rage","Ghostly Armor","Juggernaut","Infernal Blade","Iron Wave","Sickly","Sword Boomerang","Gensokyo:SpontaneousHumanCombustion+1","Hemogenesis","Gensokyo:ImpossibleRequest","Power Through+1","Barricade+1","Voices","Havoc+1","Fire Breathing","testmod-AdversityCounterattack","Pummel+1"],"relics":["Burning Blood","testmod-TestBox","testmod-TurbochargingSystem","Sizzling Blood","Gensokyo:NagashiBinaDoll","Cracked Core","Blue Doll","TungstenRod","Gensokyo:LunaticRedEyes","Pen Nib","Eternal Feather","Electric Blood","MerchantsRug","Toy Ornithopter","Gremlin Food","Tiny Chest","ReplayTheSpireMod:Ring of Collecting","Ring of Greed","Smiling Mask","Brimstone","Pandora\u0027s Box","Shuriken","Bag of Marbles","Ring of Peace","Ring of Hypnosis","Pet Ghost","Juzu Bracelet","Gensokyo:EmptyGrave","Counterbalance"],"acts_visited":["Exordium","Gensokyo:Gensokyo","Gensokyo:Gensokyoer","TheEnding"],"potions_floor_usage":[10,16,29,33,46,50,50,55],"damage_taken":[{"damage":12,"enemies":"Gensokyo:Gryphon","floor":1,"turns":3},{"damage":3,"enemies":"Gensokyo:Python","floor":5,"turns":2},{"damage":33,"enemies":"Gensokyo:Cirno","floor":10,"turns":6},{"damage":15,"enemies":"Gensokyo:Aya","floor":14,"turns":5},{"damage":15,"enemies":"Gensokyo:Reimu","floor":16,"turns":8},{"damage":6,"enemies":"Gensokyo:2_Gloops","floor":18,"turns":3},{"damage":0,"enemies":"Gensokyo:3_Dogs","floor":20,"turns":1},{"damage":18,"enemies":"Gensokyo:Slime_Group","floor":21,"turns":4},{"damage":7,"enemies":"Gensokyo:Chomper_and_Gloop","floor":22,"turns":3},{"damage":6,"enemies":"Gensokyo:Reisen","floor":23,"turns":7},{"damage":30,"enemies":"Gensokyo:Koishi","floor":25,"turns":5},{"damage":11,"enemies":"Gensokyo:Wraith","floor":29,"turns":3},{"damage":14,"enemies":"Gensokyo:Slime_Group","floor":30,"turns":3},{"damage":7,"enemies":"Gensokyo:Chomper_and_Gloop","floor":31,"turns":4},{"damage":75,"enemies":"Gensokyo:Eiki","floor":33,"turns":7},{"damage":2,"enemies":"Gensokyo:3_Boulders","floor":35,"turns":4},{"damage":1,"enemies":"Gensokyo:3_Bats","floor":37,"turns":1},{"damage":19,"enemies":"Gensokyo:Sharpion","floor":38,"turns":4},{"damage":34,"enemies":"Gensokyo:Doremy","floor":41,"turns":5},{"damage":1,"enemies":"Gensokyo:Rafflesia","floor":44,"turns":3},{"damage":3,"enemies":"Gensokyo:3_Boulders","floor":45,"turns":3},{"damage":23,"enemies":"Gensokyo:Marisa","floor":46,"turns":3},{"damage":5,"enemies":"Gensokyo:Dusk_and_Dawn","floor":48,"turns":2},{"damage":9,"enemies":"Gensokyo:Scarlet_Devils","floor":50,"turns":6},{"damage":35,"enemies":"Shield and Spear","floor":54,"turns":5},{"damage":84,"enemies":"The Heart","floor":55,"turns":5}],"seed_played":"-5569805809174253917","potions_obtained":[{"floor":1,"key":"BlessingOfTheForge"},{"floor":5,"key":"Fire Potion"},{"floor":16,"key":"SpeedPotion"},{"floor":18,"key":"Elixir"},{"floor":20,"key":"EssenceOfSteel"},{"floor":33,"key":"Strength Potion"},{"floor":41,"key":"Block Potion"},{"floor":44,"key":"Adrenaline Potion"},{"floor":46,"key":"Fruit Juice"}],"is_trial":false,"path_per_floor":["M","COS","?","?","M","R","?","R","T","E","$","?","?","E","R","B",null,"M","$","M","M","M","E","R","E","T","?","COS","M","M","M","R","B",null,"M","COS","M","M","$","R","E","T","T","M","M","E","?","M","R","B",null,"R","$","E","B"],"character_chosen":"IRONCLAD","items_purchased":["Feel No Pain","MerchantsRug","Shuriken","testmod-AdversityCounterattack","Strength Potion"],"campfire_rested":0,"item_purchase_floors":[11,19,39,53,53],"current_hp_per_floor":[82,82,82,82,84,84,76,76,76,53,53,53,53,48,57,52,84,84,84,84,76,79,83,84,64,64,64,64,68,64,67,79,19,84,84,84,84,75,75,84,65,65,65,79,84,81,60,65,82,82,82,82,82,62,0,0],"gold":39,"neow_bonus":"NOSTALGIA","is_daily":false,"chose_seed":false,"campfire_upgraded":6,"win_rate":0.0,"timestamp":1608804960,"path_taken":["M","COS","?","?","M","R","?","R","T","E","$","?","?","E","R","BOSS","M","?","M","M","M","E","R","E","T","?","COS","?","M","M","R","BOSS","M","COS","M","?","$","R","E","?","T","?","M","E","?","M","R","BOSS","R","$","E","BOSS"],"items_purchased_type":["Card","Relic","Relic","Card","Potion"],"build_version":"2020-12-22","purchased_purges":1,"victory":false,"max_hp_per_floor":[84,84,84,84,84,84,84,84,84,84,84,84,84,84,84,84,84,84,84,84,84,84,84,84,84,84,84,84,84,84,84,84,84,84,84,84,84,84,84,84,84,84,84,84,84,89,89,89,82,82,82,82,82,82,82,82],"card_choices":[{"not_picked":["Life Link","Warcry","Thunderclap"],"picked":"SKIP","floor":1},{"not_picked":["Anger","True Grit","Pommel Strike"],"picked":"SKIP","floor":5},{"not_picked":["Combust","Havoc","Intimidate"],"picked":"SKIP","floor":10},{"not_picked":["Havoc","Intimidate"],"picked":"Combust","floor":10},{"not_picked":["Thunderclap","Havoc"],"picked":"Offering","floor":14},{"not_picked":["Reaper","Hemogenesis"],"picked":"Immolate","floor":16},{"not_picked":["Thunderclap+1","Iron Wave+1"],"picked":"Rupture","floor":18},{"not_picked":["Warcry","ReplayTheSpireMod:Strike From Hell","Flex"],"picked":"SKIP","floor":20},{"not_picked":["Havoc","Sever Soul"],"picked":"Feel No Pain","floor":21},{"not_picked":["Warcry","Thunderclap","Cleave"],"picked":"SKIP","floor":22},{"not_picked":["Inflame","Heavy Blade"],"picked":"ReplayReversal","floor":23},{"not_picked":["Feel No Pain","Flex+1"],"picked":"Combust","floor":25},{"not_picked":["Iron Wave+1","Warcry"],"picked":"Armaments","floor":29},{"not_picked":["Cleave","True Grit+1"],"picked":"Defy Death","floor":30},{"not_picked":["Twin Strike+1","Rampage"],"picked":"Hemokinesis","floor":31},{"not_picked":["Fiend Fire","Immolate"],"picked":"Impervious","floor":33},{"not_picked":["Pommel Strike","Reckless Charge"],"picked":"Sword Boomerang","floor":35},{"not_picked":["Replay:Undeath\u0027s Touch+1","Clash","Perfected Strike+1"],"picked":"SKIP","floor":37},{"not_picked":["Armaments+1","Pommel Strike"],"picked":"Hemogenesis","floor":38},{"not_picked":["Clothesline","Cleave","Combust"],"picked":"SKIP","floor":41},{"not_picked":["Inflame","Wild Strike"],"picked":"Power Through+1","floor":44},{"not_picked":["Perfected Strike+1","Anger+1","Shrug It Off"],"picked":"SKIP","floor":45},{"not_picked":["Double Tap","Headbutt+1"],"picked":"Barricade","floor":46},{"not_picked":["ReplayReversal","Flex"],"picked":"Havoc+1","floor":47},{"not_picked":["Headbutt","Run Through"],"picked":"Fire Breathing","floor":48},{"not_picked":["Twin Strike","ReplayReversal"],"picked":"Pummel+1","floor":54}],"player_experience":542294,"relics_obtained":[{"floor":9,"key":"Blue Doll"},{"floor":10,"key":"TungstenRod"},{"floor":14,"key":"Eternal Feather"},{"floor":23,"key":"Toy Ornithopter"},{"floor":25,"key":"Gremlin Food"},{"floor":26,"key":"Tiny Chest"},{"floor":27,"key":"ReplayTheSpireMod:Ring of Collecting"},{"floor":27,"key":"Ring of Greed"},{"floor":27,"key":"Smiling Mask"},{"floor":27,"key":"MawBank"},{"floor":41,"key":"Bag of Marbles"},{"floor":42,"key":"Ring of Peace"},{"floor":43,"key":"Ring of Hypnosis"},{"floor":43,"key":"Pet Ghost"},{"floor":46,"key":"Juzu Bracelet"},{"floor":54,"key":"Counterbalance"}],"event_choices":[{"damage_healed":0,"gold_gain":0,"player_choice":"Swap Relic","damage_taken":0,"relics_obtained":["aspiration:Nostalgia"],"max_hp_gain":0,"max_hp_loss":0,"event_name":"给自己的盒子","floor":4,"relics_lost":["aspiration:Nostalgia"],"gold_loss":0}],"is_beta":false,"boss_relics":[{"not_picked":["Black Blood","Empty Cage"],"picked":"Electric Blood"},{"not_picked":["Snecko Eye","testmod-SaigiyounoYou"],"picked":"Pandora\u0027s Box"}],"items_purged_floors":[53],"is_endless":false,"potions_floor_spawned":[1,5,16,18,20,22,23,33,41,44,46],"killed_by":"The Heart","ascension_level":0}}