{"host":"li2oyy8xcjugrjw6","time":1608850583,"event":{"mods":["AchievementEnabler","BaseMod","Colored Map","Minty Spire (QoL Compilation)","Permanent Neow","Replay The Spire","StSLib"],"gold_per_floor":[115,115,11,31,46,46,79,94,94,94,123,139,89,100,100,100,100],"floor_reached":16,"playtime":1127,"items_purged":[],"score":168,"play_id":"5ce31996-b718-4d15-ab94-9e70eadaf558","local_time":"20201224145623","is_ascension_mode":true,"campfire_choices":[{"data":"ReplayTheSpireMod:From All Sides","floor":6,"key":"SMITH"},{"data":"Venomology","floor":10,"key":"SMITH"},{"data":"Dagger Spray","floor":15,"key":"SMITH"}],"circlet_count":0,"master_deck":["AscendersBane","Strike_G","Strike_G","Strike_G","Strike_G","Defend_G","Defend_G","Defend_G","Defend_G","Defend_G","Survivor","Neutralize","ReplayTheSpireMod:From All Sides+1","Skewer","Leg Sweep+1","Dagger Spray","Dagger Spray+1","Venomology+1","Backflip","Prepared","Backstab"],"relics":["Ring of the Snake","Replay:Bottled Steam","Bottled Lightning","White Beast Statue"],"acts_visited":["Exordium"],"potions_floor_usage":[7,11,11,14,16,16],"damage_taken":[{"damage":6,"enemies":"Small Slimes","floor":1,"turns":5},{"damage":4,"enemies":"Cultist","floor":4,"turns":3},{"damage":0,"enemies":"2 Louse","floor":5,"turns":3},{"damage":5,"enemies":"Replay:BlueRogue","floor":7,"turns":8},{"damage":4,"enemies":"2 Fungi Beasts","floor":8,"turns":3},{"damage":8,"enemies":"3 Sentries","floor":11,"turns":5},{"damage":11,"enemies":"3 Louse","floor":12,"turns":3},{"damage":11,"enemies":"Exordium Thugs","floor":14,"turns":4},{"damage":14,"enemies":"Hexaghost","floor":16,"turns":9}],"seed_played":"-6681769492182922731","potions_obtained":[{"floor":7,"key":"FearPotion"},{"floor":8,"key":"SkillPotion"},{"floor":12,"key":"Elixir"},{"floor":14,"key":"Weak Potion"}],"is_trial":false,"path_per_floor":["M","?","$","M","M","R","E","M","T","R","E","M","?","M","R","B"],"character_chosen":"THE_SILENT","items_purchased":["Leg Sweep+1","AttackPotion"],"campfire_rested":0,"item_purchase_floors":[3,3],"current_hp_per_floor":[57,57,57,53,53,53,48,44,44,44,36,25,25,14,14,0,0],"gold":100,"neow_bonus":"THREE_RARE_CARDS","is_daily":false,"chose_seed":false,"campfire_upgraded":3,"win_rate":0.0,"timestamp":1608850583,"path_taken":["M","?","$","M","M","R","E","?","T","R","E","M","?","M","R","BOSS"],"items_purchased_type":["Card","Potion"],"build_version":"2020-12-22","purchased_purges":0,"victory":false,"max_hp_per_floor":[70,70,70,70,70,70,70,70,70,70,70,70,70,70,70,70,70],"card_choices":[{"not_picked":["ReplayTheSpireMod:Necrosis","Unload"],"picked":"ReplayTheSpireMod:From All Sides","floor":0},{"not_picked":["ReplayTheSpireMod:Shiv Toss","Sucker Punch"],"picked":"Skewer","floor":1},{"not_picked":["Flechettes","Outmaneuver"],"picked":"Dagger Spray","floor":4},{"not_picked":["Sucker Punch","Slice"],"picked":"Dagger Spray","floor":5},{"not_picked":["Outmaneuver","Sneak Up","Sucker Punch"],"picked":"SKIP","floor":7},{"not_picked":["Blade Dance","Deadly Poison"],"picked":"Venomology","floor":8},{"not_picked":["ReplayTheSpireMod:The Works","Predator"],"picked":"Backflip","floor":11},{"not_picked":["All Out Attack","Catalyst"],"picked":"Prepared","floor":12},{"not_picked":["Flying Knee","Finisher"],"picked":"Backstab","floor":14}],"player_experience":961948,"relics_obtained":[{"floor":7,"key":"Replay:Bottled Steam"},{"floor":9,"key":"Bottled Lightning"},{"floor":11,"key":"White Beast Statue"}],"event_choices":[{"cards_removed":["Spreading Infection"],"damage_healed":0,"gold_gain":0,"player_choice":"Purged","damage_taken":0,"max_hp_gain":0,"max_hp_loss":0,"event_name":"Purifier","floor":2,"gold_loss":0},{"cards_removed":["Strike_G"],"damage_healed":0,"gold_gain":0,"player_choice":"Card Removal","damage_taken":0,"max_hp_gain":0,"max_hp_loss":0,"event_name":"The Cleric","floor":13,"gold_loss":50}],"is_beta":false,"boss_relics":[],"items_purged_floors":[],"is_endless":false,"potions_floor_spawned":[7,8,12,14],"killed_by":"Hexaghost","ascension_level":10}}