{"host":"2qdrd1k0srhz2le1","time":1608781036,"event":{"mods":["ATMod(阿瑾Mod)","BaseMod","Better Vampires","Colored Powertips","Conspire","Lobotomy","Marisa（F雨　魔理沙）","Minty Spire (QoL Compilation)","MostiFishMod","Relic Stats","Replay The Spire","Robot Space Explorer","SOS（斯巴达之子）","Shop Mod","Spicy Shops","StSLib","TestMod","The Edgeheg","【东方二次创作】八云紫mod","【功能Mod】聪明的最终Boss","篝火指南"],"gold_per_floor":[119,119,169,55,65,96,96,126,153,153,153,166,194,212,212,291,291,301,301,326,339,739,771,771,785,785,785,811,830,843,843,843,916,916,933,39,53,53,70,70,102,119,119,151,170,170,190,206,206,206,206],"floor_reached":50,"playtime":2353,"items_purged":["Strike_G","Strike_G","Strike_G"],"score":1649,"play_id":"7576132e-2dc5-47bb-a9bc-21985ea93ca0","local_time":"20201224113716","is_ascension_mode":true,"campfire_choices":[{"floor":7.0,"key":"REST"},{"data":"AT_Desolate","floor":11.0,"key":"SMITH"},{"floor":15.0,"key":"DIG"},{"floor":24.0,"key":"REST"},{"data":"Blade Dance","floor":27.0,"key":"SMITH"},{"data":"AT_Desolate","floor":32.0,"key":"SMITH"},{"data":"AT_KingSlayer","floor":40.0,"key":"SMITH"},{"floor":49,"key":"RECALL"}],"circlet_count":0,"master_deck":["AscendersBane","Strike_G","Strike_G","Defend_G","Defend_G","Defend_G","Defend_G","Defend_G","Survivor","Neutralize","AT_Desolate+1","Terror","AT_KneejerkReflex","Acrobatics","AT_Desolate+1","Blade Dance+1","AT_TwilightShroud","MostiFishMod:PerfectParry","Prepared","Accuracy","Eviscerate","AT_ShadowStep+1","Cloak And Dagger","MostiFishMod:Neurotoxin","Deflect","AT_KingSlayer+1","MostiFishMod:Neptune","MostiFishMod:TheEndOfMoonlight","MostiFishMod:SparklingWater","MostiFishMod:FantasySummer","MostiFishMod:NightSea","Blade Dance","Blade Dance","Blade Dance","testmod-ComboMaster","PiercingWail","MostiFishMod:FrostNova","MostiFishMod:Dislodge+1"],"relics":["testmod-TestBox","DaveBox","testmod-IndustrialRevolution","FeatherPendant","Snecko Eye","SynthV:TestCard","Dream Catcher","AT_LudenTempest","Oddly Smooth Stone","Replay:Bottled Flurry","testmod-BlackFramedGlasses","Philosopher\u0027s Stone","Red Mask","Toy Ornithopter","AT_GuinsooRageblade","Replay:Bottled Steam","Replay:Wax Seal","MoonlightInvasionPlan","AT_BellowingDragoncrestRing","ReplayTheSpireMod:Ninjato","InkBottle","ReplayTheSpireMod:Shallot","Golden Egg"],"acts_visited":["Exordium","TheCity","TheBeyond"],"potions_floor_usage":[41,42,47,50,50,50,50,50,50],"damage_taken":[{"damage":1.0,"enemies":"2 Louse","floor":1.0,"turns":2.0},{"damage":0.0,"enemies":"Small Slimes","floor":5.0,"turns":2.0},{"damage":0.0,"enemies":"Lagavulin","floor":6.0,"turns":4.0},{"damage":10.0,"enemies":"3 Sentries","floor":8.0,"turns":3.0},{"damage":0.0,"enemies":"Cultist","floor":12.0,"turns":1.0},{"damage":0.0,"enemies":"Gremlin Nob","floor":13.0,"turns":2.0},{"damage":0.0,"enemies":"Large Slime","floor":14.0,"turns":1.0},{"damage":0.0,"enemies":"Fading Forest","floor":16.0,"turns":6.0},{"damage":0.0,"enemies":"Chosen","floor":18.0,"turns":2.0},{"damage":14.0,"enemies":"Masked Bandits","floor":20.0,"turns":4.0},{"damage":0.0,"enemies":"conspire:FuzzyDice","floor":21.0,"turns":5.0},{"damage":30.0,"enemies":"Replay:Snechameleon","floor":23.0,"turns":3.0},{"damage":2.0,"enemies":"Centurion and Healer","floor":25.0,"turns":7.0},{"damage":12.0,"enemies":"Book of Stabbing","floor":28.0,"turns":2.0},{"damage":0.0,"enemies":"Snecko","floor":29.0,"turns":2.0},{"damage":0.0,"enemies":"Snake Plant","floor":30.0,"turns":1.0},{"damage":0.0,"enemies":"Collector","floor":33.0,"turns":6.0},{"damage":0.0,"enemies":"3 Shapes","floor":35.0,"turns":2.0},{"damage":0.0,"enemies":"3 Darklings","floor":37.0,"turns":1.0},{"damage":9.0,"enemies":"Jaw Worm Horde","floor":39.0,"turns":2.0},{"damage":18,"enemies":"Nemesis","floor":41,"turns":3},{"damage":0,"enemies":"Maw","floor":42,"turns":2},{"damage":0,"enemies":"R_Hoarder","floor":44,"turns":5},{"damage":0,"enemies":"Writhing Mass","floor":45,"turns":1},{"damage":0,"enemies":"Spire Growth","floor":47,"turns":3},{"damage":0,"enemies":"Transient","floor":48,"turns":4},{"damage":117,"enemies":"Awakened One","floor":50,"turns":16}],"seed_played":"7658857159215979848","potions_obtained":[{"floor":1.0,"key":"BlessingOfTheForge"},{"floor":8.0,"key":"ColorlessPotion"},{"floor":23.0,"key":"testmod-SpacePotion"},{"floor":28.0,"key":"Block Potion"},{"floor":29.0,"key":"LiquidMemories"},{"floor":33.0,"key":"SkillPotion"},{"floor":41,"key":"BlessingOfTheForge"},{"floor":42,"key":"AttackPotion"},{"floor":45,"key":"FearPotion"},{"floor":48,"key":"Energy Potion"}],"is_trial":false,"path_per_floor":["M","?","?","$","M","E","R","E","T","?","R","M","E","M","R","B",null,"M","?","?","M","?","E","R","M","T","R","E","M","M","T","R","B",null,"M","$","M","$","M","R","E","M","T","E","M","?","M","M","R","B"],"character_chosen":"THE_SILENT","items_purchased":["AT_KneejerkReflex","AT_BellowingDragoncrestRing","Blade Dance","ReplayTheSpireMod:Ninjato","testmod-ComboMaster"],"campfire_rested":2,"item_purchase_floors":[4,36,36,36,36],"current_hp_per_floor":[58,55,49,49,49,49,66,56,56,56,56,56,56,56,56,66,66,66,48,38,43,43,21,42,47,47,47,37,39,40,40,40,46,65,67,67,68,68,61,61,51,58,58,63,64,64,67,67,67,0,0],"gold":206,"neow_bonus":"BOSS_RELIC","is_daily":false,"chose_seed":false,"campfire_upgraded":4,"win_rate":0.0,"timestamp":1608781036,"path_taken":["M","?","?","$","?","E","R","E","T","?","R","M","E","M","R","BOSS","M","?","?","M","?","E","R","M","T","R","E","M","M","?","R","BOSS","M","$","M","$","M","R","E","M","T","E","M","?","M","M","R","BOSS"],"items_purchased_type":["Card","Relic","Card","Relic","Card"],"build_version":"2020-12-22","purchased_purges":3,"victory":false,"max_hp_per_floor":[66,66,66,66,66,66,66,66,66,66,66,66,66,66,66,66,66,66,71,71,71,71,71,71,71,71,71,71,71,71,71,71,71,71,71,71,71,71,71,71,71,71,71,71,71,67,67,67,67,67,67],"relic_stats":{"Dream Catcher":2,"counters":[27,92],"Snecko Eye":[208,237,197,197],"obtain_stats":[{"Golden Egg":44,"AT_ATBox":0,"DaveBox":0,"testmod-BlackFramedGlasses":15,"Dream Catcher":2,"Philosopher\u0027s Stone":17,"Replay:Bottled Flurry":13,"Red Mask":20,"Replay:Wax Seal":31,"AT_GuinsooRageblade":26,"InkBottle":41,"Ring of the Snake":0,"Replay:Bottled Steam":28,"testmod-TestBox":0,"ReplayTheSpireMod:Ninjato":36,"Oddly Smooth Stone":8,"MoonlightInvasionPlan":34,"testmod-IndustrialRevolution":0,"AT_LudenTempest":6,"SynthV:TestCard":1,"AT_BellowingDragoncrestRing":36,"ReplayTheSpireMod:Shallot":43,"FeatherPendant":0,"Snecko Eye":0,"Toy Ornithopter":23},{"Golden Egg":23,"AT_ATBox":0,"DaveBox":0,"testmod-BlackFramedGlasses":7,"Dream Catcher":1,"Philosopher\u0027s Stone":8,"Replay:Bottled Flurry":6,"Red Mask":10,"Replay:Wax Seal":16,"AT_GuinsooRageblade":13,"InkBottle":21,"Ring of the Snake":0,"Replay:Bottled Steam":14,"testmod-TestBox":0,"ReplayTheSpireMod:Ninjato":18,"Oddly Smooth Stone":4,"MoonlightInvasionPlan":17,"testmod-IndustrialRevolution":0,"AT_LudenTempest":3,"SynthV:TestCard":1,"AT_BellowingDragoncrestRing":18,"ReplayTheSpireMod:Shallot":22,"FeatherPendant":0,"Snecko Eye":0,"Toy Ornithopter":12},{"Golden Egg":68,"AT_ATBox":0,"DaveBox":0,"testmod-BlackFramedGlasses":15,"Dream Catcher":2,"Philosopher\u0027s Stone":21,"Replay:Bottled Flurry":14,"Red Mask":27,"Replay:Wax Seal":47,"AT_GuinsooRageblade":42,"InkBottle":61,"Ring of the Snake":0,"Replay:Bottled Steam":44,"testmod-TestBox":0,"ReplayTheSpireMod:Ninjato":55,"Oddly Smooth Stone":11,"MoonlightInvasionPlan":53,"testmod-IndustrialRevolution":0,"AT_LudenTempest":8,"SynthV:TestCard":2,"AT_BellowingDragoncrestRing":55,"ReplayTheSpireMod:Shallot":63,"FeatherPendant":0,"Snecko Eye":0,"Toy Ornithopter":35}],"Toy Ornithopter":31,"InkBottle":[25]},"card_choices":[{"not_picked":["conspire:PoisonWeapons","Underhanded Strike"],"picked":"Terror","floor":1.0},{"not_picked":["Escape Plan","Dagger Throw","Dagger Spray","PiercingWail"],"picked":"Acrobatics","floor":5.0},{"not_picked":["Bane","Slice","ReplayTheSpireMod:From All Sides","Cloak And Dagger"],"picked":"AT_Desolate","floor":6.0},{"not_picked":["Deflect","Prepared","Hidden Blade","Riddle With Holes"],"picked":"Blade Dance","floor":7.0},{"not_picked":["Fluid Movement","Bane","Heel Hook","Prepared"],"picked":"AT_TwilightShroud","floor":8.0},{"not_picked":["Finisher","Blade Dance","AT_KneejerkReflex","Quick Slash"],"picked":"MostiFishMod:PerfectParry","floor":12.0},{"not_picked":["Blur","Quick Slash","Unload","Cloak And Dagger","Prepared"],"picked":"SKIP","floor":13.0},{"not_picked":["Blur","Quick Slash","Unload","Cloak And Dagger"],"picked":"Prepared","floor":13.0},{"not_picked":["Dodge and Roll","ReplayTheSpireMod:Tripwire","Sucker Punch","Leg Sweep","Deflect"],"picked":"SKIP","floor":14.0},{"not_picked":["Storm of Steel","Bullet Time","Phantasmal Killer","Glass Knife"],"picked":"MostiFishMod:FullyArmed","floor":16.0},{"not_picked":["Setup","Dodge and Roll","Reflex","PiercingWail"],"picked":"Accuracy","floor":18.0},{"not_picked":["Outmaneuver","Slice","AT_KneejerkReflex","Prepared"],"picked":"Eviscerate","floor":20.0},{"not_picked":["Dagger Spray","Outmaneuver","Dagger Throw","ReplayTheSpireMod:Speed Training"],"picked":"AT_ShadowStep+1","floor":21.0},{"not_picked":["AT_TinkerSharpsword","Underhanded Strike","Replay:Poison Smokescreen","Predator","Poisoned Stab"],"picked":"SKIP","floor":23.0},{"not_picked":["MostiFishMod:PerfectParry","Sneak Up","Dodge and Roll","Backflip"],"picked":"Cloak And Dagger","floor":24.0},{"not_picked":["Hidden Blade+1","PiercingWail","Deflect","Sucker Punch"],"picked":"MostiFishMod:Neurotoxin","floor":25.0},{"not_picked":["Distraction","Backflip+1","Terror","Replay:Poison Smokescreen"],"picked":"Deflect","floor":28.0},{"not_picked":["Quick Slash","Bane","Outmaneuver","Crippling Poison","Hidden Blade"],"picked":"SKIP","floor":29.0},{"not_picked":["Quick Slash","Bane","Outmaneuver","Crippling Poison","Hidden Blade"],"picked":"SKIP","floor":29.0},{"not_picked":["Deadly Poison","Predator+1","Bane","AT_ArcaneSupremacy","Deflect"],"picked":"SKIP","floor":30.0},{"not_picked":["AT_MyraUnstableElement","MostiFishMod:Wind","ReplayTheSpireMod:Necrosis","Envenom"],"picked":"AT_KingSlayer","floor":33.0},{"not_picked":["AT_ShadowStep","AT_WindFlip","Crippling Poison","Concentrate"],"picked":"Blade Dance","floor":35.0},{"not_picked":["Bane","Slice","Underhanded Strike","Cloak And Dagger"],"picked":"MostiFishMod:FullyArmed","floor":37.0},{"not_picked":["Cloak And Dagger","Deadly Poison+1","Sucker Punch","Accuracy"],"picked":"PiercingWail","floor":39.0},{"not_picked":["Atom Bomb","Draining Mist","Cloak And Dagger","Venomology"],"picked":"MostiFishMod:FrostNova","floor":41},{"not_picked":["Cloak And Dagger","Slice+1","Flying Knee","Dagger Throw+1","Quick Slash"],"picked":"SKIP","floor":42},{"not_picked":["Acrobatics","ReplayTheSpireMod:Shiv Toss","Poisoned Stab","Crippling Poison+1","MostiFishMod:PoisonShield"],"picked":"SKIP","floor":44},{"not_picked":["PiercingWail","Dagger Throw","Caltrops","Bane","Deadly Poison"],"picked":"SKIP","floor":45},{"not_picked":["Poisoned Stab","Finisher","Choke","Outmaneuver"],"picked":"MostiFishMod:Dislodge","floor":47},{"not_picked":["Reflex+1","Dagger Spray+1","Dagger Throw","AT_KneejerkReflex","Heel Hook"],"picked":"SKIP","floor":48}],"player_experience":317955,"relics_obtained":[{"floor":1.0,"key":"SynthV:TestCard"},{"floor":6.0,"key":"AT_LudenTempest"},{"floor":8.0,"key":"Oddly Smooth Stone"},{"floor":13.0,"key":"Replay:Bottled Flurry"},{"floor":15.0,"key":"testmod-BlackFramedGlasses"},{"floor":20.0,"key":"Red Mask"},{"floor":23.0,"key":"Toy Ornithopter"},{"floor":26.0,"key":"AT_GuinsooRageblade"},{"floor":28.0,"key":"Replay:Bottled Steam"},{"floor":31.0,"key":"Replay:Wax Seal"},{"floor":41,"key":"InkBottle"},{"floor":43,"key":"ReplayTheSpireMod:Shallot"},{"floor":44,"key":"Golden Egg"}],"event_choices":[{"damage_healed":0.0,"max_hp_gain":0.0,"max_hp_loss":0.0,"gold_gain":50.0,"event_name":"FaceTrader","player_choice":"Touch","floor":3.0,"gold_loss":0.0,"damage_taken":6.0},{"damage_healed":0.0,"max_hp_gain":0.0,"max_hp_loss":0.0,"gold_gain":0.0,"event_name":"WeMeetAgain","player_choice":"Ignored","floor":10.0,"gold_loss":0.0,"damage_taken":0.0},{"damage_healed":0.0,"max_hp_gain":5.0,"max_hp_loss":0.0,"gold_gain":0.0,"event_name":"Forgotten Altar","player_choice":"Shed Blood","floor":19.0,"gold_loss":0.0,"damage_taken":23.0},{"damage_healed":0.0,"max_hp_gain":0.0,"max_hp_loss":0.0,"gold_gain":0.0,"event_name":"Masked Bandits","player_choice":"Fought Bandits","floor":20.0,"gold_loss":0.0,"damage_taken":0.0},{"damage_healed":0.0,"max_hp_gain":0.0,"max_hp_loss":0.0,"gold_gain":400.0,"event_name":"恩洛斯的盘子","player_choice":"Sell","floor":22.0,"relics_lost":["AT_ATBox"],"gold_loss":0.0,"damage_taken":0.0},{"damage_healed":0,"gold_gain":0,"player_choice":"Max HP","damage_taken":0,"max_hp_gain":0,"max_hp_loss":4,"event_name":"Winding Halls","floor":46,"gold_loss":0}],"is_beta":false,"boss_relics":[{"not_picked":["ReplayTheSpireMod:DimensionalGlitch","testmod-NegativeEmotionEnhancer"],"picked":"Philosopher\u0027s Stone"},{"not_picked":["BloodWine","TakeMeEscape"],"picked":"MoonlightInvasionPlan"}],"items_purged_floors":[4,36,36],"is_endless":false,"potions_floor_spawned":[1,8,13,14,23,28,29,33,41,42,45,48],"killed_by":"Awakened One","ascension_level":20}}