{"host":"reretk0dz0kj8f1n","time":1608819838,"event":{"mods":["Arknights The Spire","BaseMod","Colored Map","Minty Spire (QoL Compilation)","StSLib"],"gold_per_floor":[113,113,133,148,98,124,141,155,182,202,18,18,118,143,143,244,244,258,270,280,280,280,280],"floor_reached":22,"playtime":1163,"items_purged":["ats:Armor Crushing Shot"],"score":198,"play_id":"f2e72a84-d049-4957-93ba-00c6a99e3bbe","local_time":"20201224232358","is_ascension_mode":false,"campfire_choices":[{"floor":12,"key":"REST"},{"data":"ats:Burning Ground","floor":15,"key":"SMITH"}],"circlet_count":0,"master_deck":["ats:Strike C","ats:Defend+1","ats:Defend","ats:Defend+1","ats:Defend","ats:Emotion Absorption","ats:Burning Ground+1","ats:Assault Order","ats:Guardian Obelisk","ats:Ignite","ats:Ignite","ats:Very Hot Blade","ats:Dogmatic Field","ats:Revitalization+1","ats:Healing Drone","ats:Healing Drone+1"],"relics":["ats:Sanity","Anchor","ats:Originium","Bag of Marbles","Lantern","Membership Card","ats:Originium","War Paint","Black Star"],"acts_visited":["Exordium","TheCity"],"potions_floor_usage":[6,6,16,22],"damage_taken":[{"damage":14,"enemies":"Jaw Worm","floor":1,"turns":5},{"damage":0,"enemies":"Cultist","floor":3,"turns":4},{"damage":0,"enemies":"Small Slimes","floor":4,"turns":4},{"damage":18,"enemies":"3 Sentries","floor":6,"turns":6},{"damage":11,"enemies":"3 Louse","floor":7,"turns":4},{"damage":3,"enemies":"Lots of Slimes","floor":8,"turns":4},{"damage":0,"enemies":"2 Fungi Beasts","floor":10,"turns":3},{"damage":15,"enemies":"Lagavulin","floor":14,"turns":5},{"damage":29,"enemies":"The Guardian","floor":16,"turns":8},{"damage":2,"enemies":"3 Byrds","floor":18,"turns":3},{"damage":24,"enemies":"Chosen","floor":19,"turns":6},{"damage":36,"enemies":"Snake Plant","floor":20,"turns":4},{"damage":52,"enemies":"Snecko","floor":22,"turns":4}],"seed_played":"3163657272375019754","potions_obtained":[{"floor":1,"key":"DistilledChaos"},{"floor":3,"key":"LiquidMemories"},{"floor":7,"key":"ats:Top Emergency Sanity Potion"},{"floor":8,"key":"GamblersBrew"},{"floor":16,"key":"ats:Top Emergency Sanity Potion"},{"floor":19,"key":"GamblersBrew"},{"floor":20,"key":"Ancient Potion"}],"is_trial":false,"path_per_floor":["M","?","M","M","?","E","M","M","T","M","$","R","?","E","R","B",null,"M","M","M","?","M"],"character_chosen":"DOCTOR_CLASS","items_purchased":["Membership Card"],"campfire_rested":1,"item_purchase_floors":[11],"current_hp_per_floor":[58,58,58,58,58,40,29,26,26,26,26,47,47,32,32,3,72,70,48,17,17,0,0],"gold":280,"neow_bonus":"RANDOM_COMMON_RELIC","is_daily":false,"chose_seed":false,"campfire_upgraded":1,"win_rate":0.0,"timestamp":1608819838,"path_taken":["M","?","M","?","?","E","M","M","T","M","$","R","?","E","R","BOSS","M","M","?","?","M"],"items_purchased_type":["Relic"],"build_version":"2020-12-22","purchased_purges":1,"victory":false,"max_hp_per_floor":[72,72,72,72,72,72,72,72,72,72,72,72,72,72,72,72,72,72,72,72,72,72,72],"card_choices":[{"not_picked":["ats:Cat Scratch","ats:Poison Spread"],"picked":"ats:Burning Ground","floor":1},{"not_picked":["ats:Poison Spread","ats:Curse Doll"],"picked":"ats:Assault Order","floor":3},{"not_picked":["ats:Curse Doll","ats:Cat Scratch"],"picked":"ats:Guardian Obelisk","floor":4},{"not_picked":["ats:Curse Doll","ats:Leaping Hammer","ats:Childhood Dance"],"picked":"SKIP","floor":6},{"not_picked":["ats:Wolf Pack","ats:Shell Defense"],"picked":"ats:Ignite","floor":7},{"not_picked":["ats:Healing Strengthening","ats:Shadow Raid"],"picked":"ats:Ignite","floor":8},{"not_picked":["ats:Childhood Dance","ats:Shadow Raid","ats:Shell Defense"],"picked":"SKIP","floor":10},{"not_picked":["ats:Composite Medical Shells","ats:Dogmatic Field"],"picked":"ats:Very Hot Blade","floor":14},{"not_picked":["ats:Soul Rend","ats:Echo Reverb"],"picked":"ats:Dogmatic Field","floor":16},{"not_picked":["ats:Flexible Camouflage","ats:Hammer On+1"],"picked":"ats:Revitalization+1","floor":18},{"not_picked":["ats:Steam Pump","ats:Curse Doll"],"picked":"ats:Healing Drone","floor":19},{"not_picked":["ats:Hammer On","ats:Flexible Camouflage"],"picked":"ats:Healing Drone+1","floor":20}],"player_experience":231577,"relics_obtained":[{"floor":6,"key":"ats:Originium"},{"floor":6,"key":"Bag of Marbles"},{"floor":9,"key":"Lantern"},{"floor":14,"key":"ats:Originium"},{"floor":14,"key":"War Paint"}],"event_choices":[{"cards_removed":["ats:Strike V"],"damage_healed":0,"gold_gain":0,"player_choice":"Purged","damage_taken":0,"max_hp_gain":0,"max_hp_loss":0,"event_name":"Purifier","floor":2,"gold_loss":0},{"cards_removed":["ats:Strike S"],"damage_healed":0,"gold_gain":0,"player_choice":"Card Removal","damage_taken":0,"max_hp_gain":0,"max_hp_loss":0,"event_name":"The Cleric","floor":5,"gold_loss":50},{"damage_healed":0,"gold_gain":100,"player_choice":"Gold","damage_taken":0,"max_hp_gain":0,"max_hp_loss":0,"event_name":"Wheel of Change","floor":13,"gold_loss":0},{"cards_removed":["ats:Strike G"],"damage_healed":0,"gold_gain":0,"player_choice":"Elegance","damage_taken":0,"max_hp_gain":0,"max_hp_loss":0,"event_name":"Back to Basics","floor":21,"gold_loss":0}],"is_beta":false,"boss_relics":[{"not_picked":["ats:Omniscience","Cursed Key"],"picked":"Black Star"}],"items_purged_floors":[11],"is_endless":false,"potions_floor_spawned":[1,3,7,8,16,19,20],"killed_by":"Snecko","ascension_level":0}}