{"host":"sav7uxregyirlf69","time":1608794096,"event":{"mods":["AchievementEnabler","BaseMod","Colored Map","DeckTracker","Keyboard Shortcuts","Minty Spire (QoL Compilation)","READ ME - Guardian Mod","StSLib","SuperFastMode"],"gold_per_floor":[119,119,133,133,149,184,198,198,198,198,237,256,331,356,356,480,480,499,1039,1057,1076,679,712,712,743,769,800,250,266,281,406,406,527,527,540,540,540,560,585,585,623,245,324,324,99,99,135,149,149,149,149,149,3,36,36],"floor_reached":56,"playtime":1867,"items_purged":["Strike_B","Strike_B","Strike_B","Defend_B"],"score":1531,"play_id":"b22ccf7a-bf34-471e-931e-f9e93be670e1","local_time":"20201224161456","daily_mods":["Heirloom"],"is_ascension_mode":true,"campfire_choices":[{"data":"Sunder","floor":8.0,"key":"SMITH"},{"data":"Dualcast","floor":10.0,"key":"SMITH"},{"data":"Coolheaded","floor":15.0,"key":"SMITH"},{"data":"Defragment","floor":24.0,"key":"SMITH"},{"data":"Hologram","floor":32,"key":"SMITH"},{"data":"Creative AI","floor":40,"key":"SMITH"},{"data":"Recycle","floor":44,"key":"SMITH"},{"data":"Enlightenment","floor":46,"key":"SMITH"},{"floor":49,"key":"RECALL"},{"data":"Reboot","floor":52,"key":"SMITH"}],"circlet_count":0,"master_deck":["Strike_B","Defend_B","Defend_B","Defend_B","Zap+1","Dualcast+1","Chill","Cold Snap","Sunder+1","Hologram+1","Coolheaded+1","Compile Driver","Electrodynamics","Go for the Eyes+1","Undo+1","Defragment+1","Enlightenment+1","Reboot+1","Leap+1","Core Surge","Glacier","BootSequence","Aggregate","Stack+1","Creative AI+1","Skim+1","Recycle+1","Turbo+1","Loop+1","Hologram+1","Capacitor+1","Echo Form+1","Electrodynamics+1"],"relics":["Cracked Core","TungstenRod","Golden Idol","Ancient Tea Set","Omamori","Eternal Feather","Coffee Dripper","Happy Flower","MealTicket","Nunchaku","CaptainsWheel","Bag of Preparation","Potion Belt","Prayer Wheel","Cables","Black Star","Centennial Puzzle","PreservedInsect","HornCleat","Frozen Egg 2","Mango","InkBottle","Oddly Smooth Stone","Orichalcum"],"acts_visited":["Exordium","TheCity","TheBeyond","TheEnding"],"potions_floor_usage":[31,33,55,55,55],"damage_taken":[{"damage":0.0,"enemies":"2 Louse","floor":1.0,"turns":2.0},{"damage":0.0,"enemies":"Small Slimes","floor":3.0,"turns":2.0},{"damage":3.0,"enemies":"Cultist","floor":5.0,"turns":3.0},{"damage":1.0,"enemies":"3 Sentries","floor":6.0,"turns":5.0},{"damage":0.0,"enemies":"Blue Slaver","floor":7.0,"turns":2.0},{"damage":5.0,"enemies":"Gremlin Nob","floor":11.0,"turns":3.0},{"damage":0.0,"enemies":"3 Louse","floor":12.0,"turns":3.0},{"damage":1.0,"enemies":"Exordium Thugs","floor":14.0,"turns":3.0},{"damage":21.0,"enemies":"Hexaghost","floor":16.0,"turns":11.0},{"damage":8.0,"enemies":"3 Byrds","floor":18.0,"turns":4.0},{"damage":9.0,"enemies":"Chosen","floor":20.0,"turns":5.0},{"damage":1.0,"enemies":"Centurion and Healer","floor":21.0,"turns":4.0},{"damage":0.0,"enemies":"Book of Stabbing","floor":23.0,"turns":6.0},{"damage":0.0,"enemies":"Slavers","floor":25.0,"turns":5.0},{"damage":18.0,"enemies":"Gremlin Leader","floor":27.0,"turns":9.0},{"damage":0.0,"enemies":"Snake Plant","floor":29.0,"turns":3.0},{"damage":0.0,"enemies":"Snecko","floor":30.0,"turns":4.0},{"damage":0,"enemies":"Colosseum Slavers","floor":31,"turns":5},{"damage":4,"enemies":"Colosseum Nobs","floor":31,"turns":4},{"damage":10,"enemies":"Collector","floor":33,"turns":10},{"damage":0,"enemies":"Orb Walker","floor":35,"turns":4},{"damage":0,"enemies":"3 Darklings","floor":38,"turns":5},{"damage":0,"enemies":"4 Shapes","floor":39,"turns":3},{"damage":0,"enemies":"Nemesis","floor":41,"turns":13},{"damage":0,"enemies":"Giant Head","floor":47,"turns":12},{"damage":1,"enemies":"Maw","floor":48,"turns":8},{"damage":0,"enemies":"Donu and Deca","floor":50,"turns":9},{"damage":0,"enemies":"Shield and Spear","floor":54,"turns":6},{"damage":11,"enemies":"The Heart","floor":55,"turns":8}],"seed_played":"-3589689907540229680","potions_obtained":[{"floor":1.0,"key":"PowerPotion"},{"floor":5.0,"key":"PowerPotion"},{"floor":6.0,"key":"Dexterity Potion"},{"floor":14.0,"key":"SkillPotion"},{"floor":18.0,"key":"Fruit Juice"},{"floor":21.0,"key":"Ancient Potion"},{"floor":25.0,"key":"FearPotion"},{"floor":30.0,"key":"PowerPotion"},{"floor":47,"key":"Block Potion"},{"floor":54,"key":"Energy Potion"}],"is_trial":true,"path_per_floor":["M","?","M","?","M","E","M","R","T","R","E","M","?","M","R","B",null,"M","?","M","M","$","E","R","E","T","E","$","M","M","?","R","B",null,"M","?","?","M","M","R","E","$","T","R","$","R","E","M","R","B",null,"R","$","E","B",null],"character_chosen":"DEFECT","items_purchased":["Defragment","FocusPotion","Enlightenment","Happy Flower","Bag of Preparation","Glacier","DuplicationPotion","Potion Belt","HornCleat","Loop+1","Echo Form+1"],"campfire_rested":0,"item_purchase_floors":[22,22,22,22,28,28,28,28,42,45,53],"current_hp_per_floor":[75,58,58,58,55,54,54,54,54,54,49,49,39,38,47,26,75,67,17,13,12,12,12,24,24,24,6,21,21,21,17,32,22,80,80,76,67,67,67,76,76,76,76,76,76,76,90,89,90,90,90,90,90,90,79],"gold":36,"neow_bonus":"","is_daily":false,"chose_seed":false,"campfire_upgraded":9,"win_rate":0.0,"timestamp":1608794096,"path_taken":["M","?","M","?","?","E","M","R","T","R","E","M","?","M","R","BOSS","M","?","M","M","$","E","R","E","T","E","?","?","M","?","R","BOSS","M","?","?","M","M","R","E","$","T","R","$","R","E","M","R","BOSS","R","$","E","BOSS"],"items_purchased_type":["Card","Potion","Card","Relic","Relic","Card","Potion","Relic","Relic","Card","Card"],"build_version":"2020-12-22","purchased_purges":4,"victory":true,"max_hp_per_floor":[75,75,75,75,75,75,75,75,75,75,75,75,75,75,75,75,75,75,75,80,80,80,80,80,80,80,80,80,80,80,80,80,80,80,80,76,76,76,76,76,76,76,76,76,76,76,90,90,90,90,90,90,90,90,90],"card_choices":[{"not_picked":["Compile Driver","Double Energy"],"picked":"Chill","floor":1.0},{"not_picked":["Redo","Scrape"],"picked":"Cold Snap","floor":3.0},{"not_picked":["Gash","Doom and Gloom"],"picked":"Sunder","floor":5.0},{"not_picked":["Storm","Conserve Battery"],"picked":"Hologram","floor":6.0},{"not_picked":["Heatsinks","Barrage"],"picked":"Coolheaded","floor":7.0},{"not_picked":["Ball Lightning","Consume"],"picked":"Compile Driver","floor":11.0},{"not_picked":["Sweeping Beam","Rebound","Machine Learning"],"picked":"SKIP","floor":12.0},{"not_picked":["Beam Cell","Leap","Compile Driver"],"picked":"SKIP","floor":14.0},{"not_picked":["Seek","Hyperbeam"],"picked":"Electrodynamics","floor":16.0},{"not_picked":["Hello World","Stack"],"picked":"Go for the Eyes+1","floor":18.0},{"not_picked":["Go for the Eyes+1","Steam Power+1","Skim"],"picked":"SKIP","floor":20.0},{"not_picked":["Ball Lightning","Skim"],"picked":"Undo+1","floor":21.0},{"not_picked":["Lockon","Chill+1"],"picked":"Reboot","floor":23.0},{"not_picked":["Ball Lightning","Steam"],"picked":"Leap+1","floor":25.0},{"not_picked":["Go for the Eyes","White Noise"],"picked":"Core Surge","floor":27.0},{"not_picked":["Lockon","Gash+1"],"picked":"BootSequence","floor":29.0},{"not_picked":["Compile Driver","Doom and Gloom+1"],"picked":"Aggregate","floor":30.0},{"not_picked":["Go for the Eyes","Tempest+1"],"picked":"Stack+1","floor":31},{"not_picked":["Thunder Strike","Reboot"],"picked":"Creative AI","floor":33},{"not_picked":["Tempest+1","Force Field"],"picked":"Skim+1","floor":35},{"not_picked":["Redo","Sweeping Beam","Static Discharge+1"],"picked":"SKIP","floor":35},{"not_picked":["Streamline","Go for the Eyes"],"picked":"Recycle","floor":38},{"not_picked":["Turbo+1","Sweeping Beam","Leap+1"],"picked":"SKIP","floor":38},{"not_picked":["Aggregate+1","Redo"],"picked":"Turbo+1","floor":39},{"not_picked":["Sweeping Beam+1","Core Surge","Scrape+1"],"picked":"SKIP","floor":39},{"not_picked":["Conserve Battery+1","Sweeping Beam","Steam"],"picked":"SKIP","floor":41},{"not_picked":["Sweeping Beam+1","Skim"],"picked":"Hologram+1","floor":47},{"not_picked":["Sweeping Beam","Go for the Eyes+1"],"picked":"Capacitor+1","floor":48},{"not_picked":["Tempest","Go for the Eyes","Aggregate"],"picked":"SKIP","floor":48},{"not_picked":["Conserve Battery+1","Beam Cell"],"picked":"Electrodynamics+1","floor":54}],"player_experience":1001210,"relics_obtained":[{"floor":6.0,"key":"Ancient Tea Set"},{"floor":9.0,"key":"Omamori"},{"floor":11.0,"key":"Eternal Feather"},{"floor":23.0,"key":"MealTicket"},{"floor":25.0,"key":"Nunchaku"},{"floor":27.0,"key":"CaptainsWheel"},{"floor":31,"key":"Prayer Wheel"},{"floor":31,"key":"Cables"},{"floor":41,"key":"Centennial Puzzle"},{"floor":41,"key":"PreservedInsect"},{"floor":43,"key":"Frozen Egg 2"},{"floor":47,"key":"Mango"},{"floor":47,"key":"InkBottle"},{"floor":54,"key":"Oddly Smooth Stone"},{"floor":54,"key":"Orichalcum"}],"event_choices":[{"damage_healed":0.0,"max_hp_gain":0.0,"max_hp_loss":0.0,"gold_gain":0.0,"event_name":"Golden Idol","player_choice":"Take Damage","floor":2.0,"gold_loss":0.0,"damage_taken":18.0,"relics_obtained":["Golden Idol"]},{"damage_healed":0.0,"max_hp_gain":0.0,"max_hp_loss":0.0,"gold_gain":0.0,"event_name":"Upgrade Shrine","player_choice":"Upgraded","floor":4.0,"gold_loss":0.0,"damage_taken":0.0,"cards_upgraded":["Zap"]},{"damage_healed":0.0,"max_hp_gain":0.0,"max_hp_loss":0.0,"gold_gain":75.0,"event_name":"World of Goop","player_choice":"Gather Gold","floor":13.0,"gold_loss":0.0,"damage_taken":11.0},{"damage_healed":0.0,"max_hp_gain":0.0,"max_hp_loss":0.0,"gold_gain":540.0,"event_name":"Knowing Skull","player_choice":"GOLD GOLD GOLD GOLD GOLD GOLD ","floor":19.0,"potions_obtained":[],"gold_loss":0.0,"damage_taken":57.0,"cards_obtained":[]},{"damage_healed":0,"gold_gain":0,"player_choice":"Fight","damage_taken":0,"max_hp_gain":0,"max_hp_loss":0,"event_name":"Colosseum","floor":31,"gold_loss":0},{"damage_healed":0,"gold_gain":0,"player_choice":"Fought Nobs","damage_taken":0,"max_hp_gain":0,"max_hp_loss":0,"event_name":"Colosseum","floor":31,"gold_loss":0},{"damage_healed":0,"gold_gain":0,"player_choice":"Max HP","damage_taken":0,"max_hp_gain":0,"max_hp_loss":4,"event_name":"Winding Halls","floor":36,"gold_loss":0},{"damage_healed":0,"gold_gain":0,"player_choice":"Memory 3","damage_taken":10,"max_hp_gain":0,"max_hp_loss":0,"event_name":"SensoryStone","floor":37,"gold_loss":0}],"is_beta":false,"boss_relics":[{"not_picked":["Cursed Key","Snecko Eye"],"picked":"Coffee Dripper"},{"not_picked":["Runic Dome","Philosopher\u0027s Stone"],"picked":"Black Star"}],"items_purged_floors":[22,28,42,45],"is_endless":false,"potions_floor_spawned":[1,5,6,14,18,21,25,30,31,47,54],"ascension_level":1}}