{"host":"28bpuzdckreop5i0","time":1608841117,"event":{"mods":["Act Like it!","BaseMod","Best Route Mod","BetterRewards","Challenge The Spire","Conspire","Defuse TimeMaze Blight","Downfall","Energized Spire","Googly Eyes","Hubris","Infinite Spire","Lobotomy","Mimic Mod","Minty Spire (QoL Compilation)","Relic Stats","Spicy Shops","StSLib","The Awakened One except there are too many feathers","The Cursed","The Hierophant","The IronCluck","The Jungle","Thieving Mod","Transform Curses","Wandering Minibosses","slay the spire mod where everything is the same but ironclad has a cowboy hat"],"gold_per_floor":[112,123,123,88,108,136,151,176,256,331,346,356,356,56,56,173,223,247,247,13,48,70,70,76,76],"floor_reached":24,"playtime":797,"items_purged":[],"score":231,"play_id":"75197042-0881-406c-a79a-6cd628a69240","local_time":"20201224141837","is_ascension_mode":false,"campfire_choices":[{"floor":13,"key":"REST"},{"floor":15,"key":"REST"},{"floor":23,"key":"REST"}],"circlet_count":0,"master_deck":["Strike_B","Strike_B","Strike_B+1","Strike_B","Defend_B","Defend_B","Defend_B","Defend_B","Zap","Dualcast","Doom and Gloom","Redo","infinitespire:FinalStrike","Redo","Defragment","Redo","Loop","hubris:DoWhile","Lockon","Conserve Battery","hubris:SpecializedCircuitry","Redo","hubris:SpecializedCircuitry","Coolheaded"],"relics":["Cracked Core","Blood Vial","Ginger","hubris:SphereOfDissonance","HornCleat","infinitespire:Midas Blood","Tiny House","Membership Card","conspire:Boomerang","Peace Pipe"],"acts_visited":["Exordium","TheCity"],"potions_floor_usage":[12,16,16,16,18,21,22],"damage_taken":[{"damage":5,"enemies":"Small Slimes","floor":1,"turns":4},{"damage":2,"enemies":"2 Louse","floor":2,"turns":2},{"damage":6,"enemies":"Jaw Worm","floor":5,"turns":3},{"damage":10,"enemies":"Gremlin Nob","floor":6,"turns":3},{"damage":1,"enemies":"3 Louse","floor":7,"turns":2},{"damage":31,"enemies":"Lagavulin","floor":8,"turns":4},{"damage":5,"enemies":"Gremlin Gang","floor":11,"turns":2},{"damage":7,"enemies":"Blue Slaver","floor":12,"turns":2},{"damage":47,"enemies":"Slime Boss","floor":16,"turns":11},{"damage":27,"enemies":"2 Thieves","floor":18,"turns":4},{"damage":46,"enemies":"conspire:MimicChest","floor":21,"turns":6},{"damage":8,"enemies":"Shell Parasite","floor":22,"turns":4},{"damage":43,"enemies":"conspire:SneckoGhost","floor":24,"turns":6}],"seed_played":"1320586601821419375","potions_obtained":[{"floor":1,"key":"Weak Potion"},{"floor":7,"key":"AttackPotion"},{"floor":12,"key":"EntropicBrew"},{"floor":17,"key":"Swift Potion"},{"floor":18,"key":"ColorlessPotion"}],"is_trial":false,"path_per_floor":["M","M","?","?","M","E","M","E","T","?","M","M","R","$","R","B",null,"M","?","$","?","M","R","E"],"character_chosen":"DEFECT","items_purchased":["infinitespire:Midas Blood","Conserve Battery","Membership Card","conspire:Boomerang","Redo"],"campfire_rested":3,"item_purchase_floors":[14,14,20,20,20],"current_hp_per_floor":[70,70,51,69,65,57,58,29,29,18,15,10,32,32,54,9,80,53,53,53,9,3,27,0,0],"gold":76,"neow_bonus":"RANDOM_COMMON_RELIC","is_daily":false,"chose_seed":false,"campfire_upgraded":0,"win_rate":0.0,"timestamp":1608841117,"path_taken":["M","M","?","?","M","E","M","E","T","?","M","M","R","$","R","BOSS","M","?","$","?","?","R","E"],"items_purchased_type":["Relic","Card","Relic","Relic","Card"],"build_version":"2020-12-22","purchased_purges":0,"victory":false,"max_hp_per_floor":[75,75,75,75,75,75,75,75,75,75,75,75,75,75,75,75,80,80,80,80,80,80,80,80,80],"relic_stats":{"Blood Vial":22,"Peace Pipe":0,"counters":[13,53],"Ginger":[8],"obtain_stats":[{"Blood Vial":0,"Peace Pipe":21,"HornCleat":9,"Tiny House":17,"hubris:SphereOfDissonance":8,"conspire:Boomerang":20,"Ginger":6,"Membership Card":20,"Cracked Core":0,"infinitespire:Midas Blood":14},{"Blood Vial":0,"Peace Pipe":11,"HornCleat":6,"Tiny House":9,"hubris:SphereOfDissonance":6,"conspire:Boomerang":10,"Ginger":4,"Membership Card":10,"Cracked Core":0,"infinitespire:Midas Blood":8},{"Blood Vial":0,"Peace Pipe":43,"HornCleat":18,"Tiny House":33,"hubris:SphereOfDissonance":18,"conspire:Boomerang":37,"Ginger":12,"Membership Card":37,"Cracked Core":0,"infinitespire:Midas Blood":22}]},"card_choices":[{"not_picked":["Rebound","Stack"],"picked":"Doom and Gloom","floor":1},{"not_picked":["Sweeping Beam","Coolheaded"],"picked":"Redo","floor":2},{"not_picked":["infinitespire:Starlight","infinitespire:SevenWalls"],"picked":"infinitespire:FinalStrike","floor":3},{"not_picked":["Coolheaded","Go for the Eyes"],"picked":"Redo","floor":5},{"not_picked":["Chaos","Reprogram"],"picked":"Defragment","floor":6},{"not_picked":["Beam Cell","Turbo"],"picked":"Redo","floor":7},{"not_picked":["Defragment","BootSequence"],"picked":"Loop","floor":8},{"not_picked":["Coolheaded","Steam"],"picked":"hubris:DoWhile","floor":11},{"not_picked":["Genetic Algorithm","Steam Power"],"picked":"Lockon","floor":12},{"not_picked":["Hyperbeam","Amplify"],"picked":"hubris:SpecializedCircuitry","floor":16},{"not_picked":["Lockon","Beam Cell+1","Turbo+1"],"picked":"SKIP","floor":18},{"not_picked":["Barrage","Gash"],"picked":"hubris:SpecializedCircuitry","floor":21},{"not_picked":["Barrage","Beam Cell"],"picked":"Coolheaded","floor":22}],"player_experience":892600,"relics_obtained":[{"floor":6,"key":"Ginger"},{"floor":8,"key":"hubris:SphereOfDissonance"},{"floor":9,"key":"HornCleat"},{"floor":21,"key":"Peace Pipe"}],"event_choices":[{"damage_healed":18,"gold_gain":0,"player_choice":"Healed","damage_taken":0,"max_hp_gain":0,"max_hp_loss":0,"event_name":"The Cleric","floor":4,"gold_loss":35},{"damage_healed":0,"gold_gain":75,"player_choice":"Gather Gold","damage_taken":11,"max_hp_gain":0,"max_hp_loss":0,"event_name":"World of Goop","floor":10,"gold_loss":0}],"is_beta":false,"boss_relics":[{"not_picked":["energizedSpire:HugeHouse","hubris:RunicObelisk"],"picked":"Tiny House"}],"items_purged_floors":[],"is_endless":false,"potions_floor_spawned":[1,7,12,18],"killed_by":"conspire:SneckoGhost","ascension_level":0}}