{"host":"g53g9qlo34vrqi92","time":1608777418,"event":{"mods":["Aspiration","Bard","BaseMod","Beaked The Cultist","BetterRewards","Colored Map","Conspire","Energized Spire","Fiend Mod","GifTheSpireLib","Googly Eyes","Gremlin Skip","Halation","Hermit","Hubris","Infinite Spire","Jedi Mod","Minty Spire (QoL Compilation)","Permanent Neow","Quick Restart","Relic Filter","Replay The Spire","Spikes Relics","StSLib","Stuff the Spire","Synergy Search","The Bladedancer","The Bug Knight","The Construct","The Cursed","The Factory","The Forsaken","The Jungle","The Necromancer","The Spell Scribe","The Trickster","Trackpad","slay the spire mod where everything is the same but ironclad has a cowboy hat","vexMod"],"gold_per_floor":[119,129,14,14,25,25,25,45,72,147,174,174,201,214,214,315,315,331,331,331,167,186,186,186,220,220,220,220,220,220,220,220,231,231,333,333,346,359,359,379,391,391,391,416,416,416,434,450,450,450],"floor_reached":49,"playtime":2589,"items_purged":["Strike_G","Strike_G","Strike_G"],"score":718,"play_id":"50a6b7dd-ed98-45af-a783-90552ff50e00","local_time":"20201223183658","is_ascension_mode":false,"campfire_choices":[{"floor":6,"key":"REST"},{"data":"Neutralize","floor":7,"key":"SMITH"},{"floor":12,"key":"REST"},{"floor":15,"key":"REST"},{"data":"Footwork","floor":29,"key":"SMITH"},{"data":"infinitespire:UltimateForm","floor":31,"key":"SMITH"},{"floor":34,"key":"RECALL"},{"floor":42,"key":"REST"},{"data":"Footwork","floor":43,"key":"SMITH"}],"circlet_count":0,"master_deck":["Strike_G","Defend_G","Defend_G","Defend_G","Defend_G","Survivor","Neutralize+1","PiercingWail","Dagger Spray+1","Backflip","PiercingWail","Poisoned Stab","Panacea+1","Dagger Throw","jedi:pocketpoison","StuffTheSpire:Repulse","Corpse Explosion","Footwork+1","Dagger Spray","infinitespire:UltimateForm+1","hubris:SlightOfHand+1","Footwork+1","StuffTheSpire:Sprint+1"],"relics":["Ring of the Snake","jedi:cryingmask","Membership Card","Bag of Preparation","WingedGreaves","hubris:EmptyBottle","hubris:Metronome","PreservedInsect","aspiration:RandomNobGenerator","aspiration:KaomsHeart"],"acts_visited":["Exordium","TheCity","TheBeyond"],"potions_floor_usage":[13,16,33,33,33,35,47,47],"damage_taken":[{"damage":0,"enemies":"Cultist","floor":1,"turns":4},{"damage":14,"enemies":"infinitespire:Voidling","floor":2,"turns":5},{"damage":0,"enemies":"Jaw Worm","floor":5,"turns":3},{"damage":0,"enemies":"Exordium Wildlife","floor":8,"turns":4},{"damage":8,"enemies":"Gremlin Nob","floor":11,"turns":4},{"damage":5,"enemies":"Lagavulin","floor":13,"turns":6},{"damage":0,"enemies":"2 Fungi Beasts","floor":14,"turns":3},{"damage":24,"enemies":"Fading Forest","floor":16,"turns":11},{"damage":0,"enemies":"Chosen","floor":18,"turns":4},{"damage":0,"enemies":"Shell Parasite","floor":22,"turns":6},{"damage":0,"enemies":"Replay:Snechameleon","floor":25,"turns":6},{"damage":0,"enemies":"Centurion and Healer","floor":33,"turns":2},{"damage":27,"enemies":"Collector","floor":35,"turns":6},{"damage":14,"enemies":"3 Shapes","floor":37,"turns":5},{"damage":11,"enemies":"3 Darklings","floor":38,"turns":3},{"damage":47,"enemies":"Jaw Worm Horde","floor":40,"turns":3},{"damage":26,"enemies":"Sphere and 2 Shapes","floor":41,"turns":4},{"damage":10,"enemies":"R_Hoarder","floor":44,"turns":10},{"damage":36,"enemies":"4 Shapes","floor":47,"turns":5},{"damage":36,"enemies":"3 Darklings","floor":48,"turns":4},{"damage":43,"enemies":"Maw","floor":49,"turns":4}],"seed_played":"-8136062078148083307","potions_obtained":[{"floor":5,"key":"jedi:hoardpotion"},{"floor":8,"key":"Adrenaline Potion"},{"floor":11,"key":"Swift Potion"},{"floor":16,"key":"Poison Potion"},{"floor":33,"key":"PowerPotion"},{"floor":37,"key":"Cursed Concoction"},{"floor":40,"key":"SteroidPotion"},{"floor":47,"key":"Venom Potion"}],"is_trial":false,"path_per_floor":["M","M","$","?","M","R","R","M","T","?","E","R","E","M","R","B",null,"M","AVR","?","$","M","PTL","PTL","E","R","?","T","R","?","R","?","M","R","B",null,"M","M","T","M","M","R","R","E","T","?","M","M","M"],"character_chosen":"THE_SILENT","items_purchased":["jedi:cryingmask","Membership Card","PiercingWail","Dagger Spray+1","Backflip","Bag of Preparation","hubris:EmptyBottle","Panacea","aspiration:KMNothing","aspiration:KMNothing","aspiration:KMNothing","Footwork","Dagger Spray"],"campfire_rested":4,"item_purchase_floors":[0,0,0,0,0,0,3,3,21,21,21,21,21],"current_hp_per_floor":[42,32,32,32,32,53,53,53,53,42,34,55,50,50,70,56,70,70,170,170,170,170,170,170,170,170,170,170,170,127,127,127,127,127,100,170,156,145,145,98,72,123,123,113,113,113,77,41,0,0],"gold":450,"neow_bonus":"","is_daily":false,"chose_seed":false,"campfire_upgraded":4,"win_rate":0.0,"timestamp":1608777418,"path_taken":["M","M","$","?","M","R","R","?","T","?","E","R","E","M","R","BOSS","M","AVR","?","$","M","PTL","PTL","E","R","?","T","R","?","R","?","?","R","BOSS","M","M","?","M","?","R","R","E","T","?","M","M","M"],"items_purchased_type":["Relic","Relic","Card","Card","Card","Relic","Relic","Card","Relic","Relic","Relic","Card","Card"],"build_version":"2020-12-22","purchased_purges":3,"victory":false,"max_hp_per_floor":[70,70,70,70,70,70,70,70,70,70,70,70,70,70,70,70,70,70,170,170,170,170,170,170,170,170,170,170,170,170,170,170,170,170,170,170,170,170,170,170,170,170,170,170,170,170,170,170,170,170],"card_choices":[{"not_picked":["Bouncing Flask","StuffTheSpire:ClusterCrunch"],"picked":"PiercingWail","floor":1},{"not_picked":["ShadowRift","hubris:SlightOfHand"],"picked":"Poisoned Stab","floor":2},{"not_picked":["ReplayTheSpireMod:The Works","Dodge and Roll","Slice"],"picked":"SKIP","floor":5},{"not_picked":["ReplayTheSpireMod:Shiv Toss","Toxin Wave"],"picked":"Dagger Throw","floor":8},{"not_picked":["Blur","Unload"],"picked":"jedi:pocketpoison","floor":11},{"not_picked":["StuffTheSpire:Python","Quick Slash"],"picked":"StuffTheSpire:Repulse","floor":13},{"not_picked":["Well Laid Plans","jedi:pocketpoison","Backflip"],"picked":"SKIP","floor":14},{"not_picked":["After Image","Glass Knife"],"picked":"Corpse Explosion","floor":16},{"not_picked":["Dagger Throw","jedi:unstablefumes","hubris:Sniper"],"picked":"SKIP","floor":18},{"not_picked":["Outmaneuver","StuffTheSpire:Sprint","Blade Dance+1"],"picked":"SKIP","floor":22},{"not_picked":["Replay:Poison Smokescreen","Dodge and Roll","hubris:Counter+1"],"picked":"SKIP","floor":25},{"not_picked":["hubris:Rewind","ReplayTheSpireMod:Echoes of Time"],"picked":"infinitespire:UltimateForm","floor":30},{"not_picked":["Deadly Poison","StuffTheSpire:Python"],"picked":"hubris:SlightOfHand+1","floor":33},{"not_picked":["conspire:DoublingDagger","hubris:Sniper+1","Slice"],"picked":"SKIP","floor":37},{"not_picked":["StuffTheSpire:Incursion+1","Hidden Blade+1","hubris:Sniper+1"],"picked":"SKIP","floor":38},{"not_picked":["Underhanded Strike+1","StuffTheSpire:Python+1","ShadowRift"],"picked":"SKIP","floor":40},{"not_picked":["Hidden Blade+1","ShadowRift+1"],"picked":"Footwork","floor":41},{"not_picked":["jedi:rejectivetoxin","Distraction"],"picked":"StuffTheSpire:Sprint+1","floor":44},{"not_picked":["Slice+1","Prepared","Eviscerate"],"picked":"SKIP","floor":47},{"not_picked":["jedi:pocketpoison","Choke+1","Deflect"],"picked":"SKIP","floor":48}],"player_experience":1066406,"relics_obtained":[{"floor":11,"key":"hubris:Metronome"},{"floor":13,"key":"PreservedInsect"},{"floor":25,"key":"aspiration:KMNothing"},{"floor":28,"key":"aspiration:KMNothing"},{"floor":39,"key":"aspiration:KMNothing"},{"floor":44,"key":"aspiration:KMNothing"},{"floor":45,"key":"aspiration:KMNothing"}],"event_choices":[{"cards_removed":["Defend_G"],"damage_healed":0,"gold_gain":0,"player_choice":"Offered Basic","damage_taken":0,"max_hp_gain":0,"max_hp_loss":0,"event_name":"Bonfire Elementals","floor":4,"gold_loss":0},{"damage_healed":0,"gold_gain":75,"player_choice":"Gather Gold","damage_taken":11,"max_hp_gain":0,"max_hp_loss":0,"event_name":"World of Goop","floor":10,"gold_loss":0},{"cards_removed":["Strike_G"],"damage_healed":0,"gold_gain":0,"player_choice":"Removed Attack","damage_taken":0,"max_hp_gain":0,"max_hp_loss":0,"event_name":"Falling","floor":46,"gold_loss":0}],"is_beta":false,"boss_relics":[{"not_picked":["hubris:RunicObelisk","aspiration:BeakedSkillbook"],"picked":"aspiration:RandomNobGenerator"},{"not_picked":["aspiration:KMNothing","aspiration:KMNothing"],"picked":"aspiration:KMNothing"}],"items_purged_floors":[0,21,21],"is_endless":false,"potions_floor_spawned":[5,8,11,16,25,33,37,40,47,48],"killed_by":"Maw","ascension_level":0}}