{"host":"5bdt6s51dmpd4l3v","time":1608796039,"event":{"mods":["AchievementEnabler","BaseMod","Colored Map","Colored Powertips","Highlight Path","Minty Spire (QoL Compilation)","Quick Restart","Rare Cards Sparkle","StSLib"],"gold_per_floor":[115,95,16,30,30,30,30,30,110,110,142,160,160,39,39,116,116,130,130,130,140,150,150,182,182,182,182,182],"floor_reached":27,"playtime":763,"items_purged":[],"score":426,"play_id":"e90ebccc-ed79-4cf6-bc1c-96be8e167f47","local_time":"20201224154719","is_ascension_mode":true,"campfire_choices":[{"data":"Trip","floor":6,"key":"SMITH"},{"data":"Inflame","floor":8,"key":"SMITH"},{"data":"Battle Trance","floor":10,"key":"SMITH"},{"data":"Flex","floor":13,"key":"SMITH"},{"data":"Armaments","floor":15,"key":"SMITH"},{"data":"Whirlwind","floor":23,"key":"SMITH"}],"circlet_count":0,"master_deck":["AscendersBane","Strike_R","Strike_R","Strike_R","Strike_R","Strike_R","Defend_R","Defend_R","Defend_R","Defend_R","Bash","Trip+1","Battle Trance+1","Inflame+1","Combust","Whirlwind+1","Flex+1","Armaments+1","Burning Pact","Feed","Blood for Blood","Seeing Red","Rage","Decay"],"relics":["Burning Blood","Eternal Feather","Incense Burner","Black Star","Lantern","Strawberry","Gremlin Horn"],"acts_visited":["Exordium","TheCity"],"potions_floor_usage":[4,11,16,19,21],"damage_taken":[{"damage":0,"enemies":"Small Slimes","floor":1,"turns":3},{"damage":0,"enemies":"Cultist","floor":4,"turns":4},{"damage":38,"enemies":"Lagavulin","floor":11,"turns":4},{"damage":7,"enemies":"2 Louse","floor":12,"turns":2},{"damage":35,"enemies":"The Guardian","floor":16,"turns":10},{"damage":27,"enemies":"Chosen","floor":18,"turns":4},{"damage":0,"enemies":"Shell Parasite","floor":19,"turns":1},{"damage":28,"enemies":"Cultist and Chosen","floor":21,"turns":5},{"damage":21,"enemies":"Snake Plant","floor":22,"turns":3},{"damage":24,"enemies":"Gremlin Leader","floor":24,"turns":7},{"damage":34,"enemies":"Slavers","floor":27,"turns":1}],"seed_played":"1122085086694910784","potions_obtained":[{"floor":2,"key":"ColorlessPotion"},{"floor":4,"key":"Swift Potion"},{"floor":11,"key":"LiquidMemories"},{"floor":12,"key":"SteroidPotion"},{"floor":18,"key":"SmokeBomb"}],"is_trial":false,"path_per_floor":["M","?","$","M","$","R","$","R","T","R","E","M","R","$","R","B",null,"M","M","?","M","M","R","E","?","T","E"],"character_chosen":"IRONCLAD","items_purchased":["Inflame","Armaments","Burning Pact"],"campfire_rested":0,"item_purchase_floors":[3,14,14],"current_hp_per_floor":[74,74,74,75,75,75,75,75,75,75,43,42,51,51,60,31,64,47,53,53,35,23,35,27,27,27,0,0],"gold":182,"neow_bonus":"RANDOM_COLORLESS","is_daily":false,"chose_seed":false,"campfire_upgraded":6,"win_rate":0.0,"timestamp":1608796039,"path_taken":["M","?","$","M","$","R","?","R","T","R","E","M","R","$","R","BOSS","M","M","?","?","M","R","E","?","T","E"],"items_purchased_type":["Card","Card","Card"],"build_version":"2020-12-22","purchased_purges":0,"victory":false,"max_hp_per_floor":[75,75,75,75,75,75,75,75,75,75,75,75,75,75,75,75,75,79,79,79,83,86,86,96,96,96,96,96],"card_choices":[{"not_picked":["Bandage Up","Deep Breath"],"picked":"Trip","floor":0},{"not_picked":["Thunderclap","Fire Breathing"],"picked":"Battle Trance","floor":1},{"not_picked":["Flame Barrier","Heavy Blade"],"picked":"Combust","floor":4},{"not_picked":["Twin Strike","Perfected Strike"],"picked":"Whirlwind","floor":11},{"not_picked":["Havoc","Warcry"],"picked":"Flex","floor":12},{"not_picked":["Impervious","Barricade"],"picked":"Feed","floor":16},{"not_picked":["Headbutt","Warcry"],"picked":"Blood for Blood","floor":18},{"not_picked":["Power Through","Reckless Charge"],"picked":"Seeing Red","floor":21},{"not_picked":["Battle Trance","Shrug It Off"],"picked":"Rage","floor":22},{"not_picked":["Disarm","Clash","Perfected Strike"],"picked":"SKIP","floor":24}],"player_experience":220083,"relics_obtained":[{"floor":9,"key":"Eternal Feather"},{"floor":11,"key":"Incense Burner"},{"floor":24,"key":"Lantern"},{"floor":24,"key":"Strawberry"},{"floor":26,"key":"Gremlin Horn"}],"event_choices":[{"damage_healed":0,"gold_gain":0,"player_choice":"Bought 1 Potion","damage_taken":0,"max_hp_gain":0,"max_hp_loss":0,"event_name":"The Woman in Blue","floor":2,"gold_loss":0},{"damage_healed":0,"gold_gain":0,"player_choice":"Ignored","damage_taken":0,"max_hp_gain":0,"max_hp_loss":0,"event_name":"N\u0027loth","floor":20,"gold_loss":0},{"damage_healed":0,"gold_gain":0,"player_choice":"Smashed Altar","damage_taken":0,"max_hp_gain":0,"max_hp_loss":0,"event_name":"Forgotten Altar","floor":25,"gold_loss":0,"cards_obtained":["Decay"]}],"is_beta":false,"boss_relics":[{"not_picked":["Calling Bell","Fusion Hammer"],"picked":"Black Star"}],"items_purged_floors":[],"is_endless":false,"potions_floor_spawned":[4,11,12,18],"killed_by":"Slavers","ascension_level":15}}