{"host":"1kq2ingo3j45gyyp","time":1608799542,"event":{"mods":["BaseMod","Better Note","Better Third Choice","Minty Spire (QoL Compilation)","StSLib","The Gatherer"],"gold_per_floor":[111,111,111,130,130,164,179,211,211,68,85,85,85,85,85,190,190,205,205,224,239,239,239,339,339,339,339,193,193,212,244,244,342,342,357,245,245,260,272,304,304,321,321,321,334,384,432,256,256,256],"floor_reached":51,"playtime":2000,"items_purged":[],"score":776,"play_id":"5b8d0bff-d78b-4129-ac6e-cc2efe823abf","local_time":"20201224034542","daily_mods":["SealedDeck"],"is_ascension_mode":false,"metric_token":401,"campfire_choices":[{"data":"Gatherer:Photoscythe","floor":12,"key":"SMITH"},{"data":"Gatherer:FlowerPower","floor":15,"key":"SMITH"},{"data":"Gatherer:LuckyClover","floor":23,"key":"SMITH"},{"data":"Gatherer:FlowerPower+1","floor":25,"key":"SMITH"},{"data":"Gatherer:FlowerBeam","floor":27,"key":"SMITH"},{"data":"Gatherer:AcidicSpray","floor":32,"key":"SMITH"},{"data":"Gatherer:FlowerBeam+1","floor":41,"key":"SMITH"},{"data":"Gatherer:BomberForm","floor":49,"key":"SMITH"}],"circlet_count":0,"master_deck":["Gatherer:SmartManeuver+1","Gatherer:AromaProtection","Gatherer:QuickSynthesis","Gatherer:ScherryThrow","Gatherer:FlowerFalling+1","Gatherer:FlowerBeam+3","Gatherer:FlowerPower+3","Gatherer:FlowerShield+1","Gatherer:FlowerFalling+1","Gatherer:Photoscythe+1","Gatherer:AromaProtection","Gatherer:LuckyClover+1","Gatherer:FlowerBeam+1","Madness","Madness","Gatherer:QuickSynthesis+1","Gatherer:FlowerFalling+2","Gatherer:Overflowing","Gatherer:FlowerFalling+2","Gatherer:EnergyBasket+1","Gatherer:BomberForm+1","Finesse"],"relics":["Gatherer:AlchemyBag","Dead Branch","Gatherer:Leftovers","Bird Faced Urn","Strange Spoon","SacredBark","Anchor","Membership Card","Question Card","Dream Catcher","Runic Pyramid","ClockworkSouvenir","Mercury Hourglass","HornCleat","Ice Cream","Calipers","Gatherer:FloralEgg"],"acts_visited":["Exordium","TheCity","TheBeyond"],"potions_floor_usage":[16,31,50,50,50],"damage_taken":[{"damage":0,"enemies":"Jaw Worm","floor":1,"turns":3},{"damage":0,"enemies":"Cultist","floor":4,"turns":2},{"damage":7,"enemies":"Gremlin Nob","floor":6,"turns":3},{"damage":0,"enemies":"2 Louse","floor":7,"turns":1},{"damage":8,"enemies":"Lagavulin","floor":8,"turns":5},{"damage":1,"enemies":"Red Slaver","floor":11,"turns":2},{"damage":17,"enemies":"Hexaghost","floor":16,"turns":9},{"damage":0,"enemies":"Spheric Guardian","floor":18,"turns":4},{"damage":5,"enemies":"3 Byrds","floor":20,"turns":3},{"damage":0,"enemies":"Cultist and Chosen","floor":21,"turns":5},{"damage":3,"enemies":"Centurion and Healer","floor":30,"turns":3},{"damage":0,"enemies":"Book of Stabbing","floor":31,"turns":4},{"damage":3,"enemies":"Collector","floor":33,"turns":5},{"damage":0,"enemies":"Orb Walker","floor":35,"turns":3},{"damage":11,"enemies":"3 Darklings","floor":38,"turns":5},{"damage":0,"enemies":"Maw","floor":39,"turns":9},{"damage":15,"enemies":"Nemesis","floor":40,"turns":9},{"damage":7,"enemies":"4 Shapes","floor":42,"turns":2},{"damage":0,"enemies":"Jaw Worm Horde","floor":45,"turns":2},{"damage":0,"enemies":"Mind Bloom Boss Battle","floor":46,"turns":3},{"damage":11,"enemies":"2 Orb Walkers","floor":47,"turns":3},{"damage":2,"enemies":"Awakened One","floor":50,"turns":6}],"seed_played":"-5463881665000142146","potions_obtained":[{"floor":1,"key":"Ancient Potion"},{"floor":11,"key":"LiquidBronze"},{"floor":16,"key":"EssenceOfSteel"},{"floor":20,"key":"Fire Potion"},{"floor":33,"key":"PowerPotion"},{"floor":38,"key":"PowerPotion"}],"is_trial":true,"path_per_floor":["M","?","$","M","?","E","M","E","T","$","M","R","?","$","R","B",null,"M","?","M","M","$","R","?","R","T","R","$","T","M","E","R","B",null,"M","$","?","M","M","E","R","M","T","?","M","?","?","$","R","B",null],"character_chosen":"THE_GATHERER","items_purchased":["Strange Spoon","Membership Card","ClockworkSouvenir","Gatherer:FlowerBeam","Gatherer:FloralEgg","Finesse"],"campfire_rested":0,"item_purchase_floors":[10,28,36,36,48,48],"current_hp_per_floor":[72,72,72,72,72,65,65,57,57,57,58,58,58,58,58,45,72,72,72,69,72,72,72,72,72,72,72,72,72,69,72,72,71,72,72,72,63,56,64,55,55,50,50,50,54,58,49,49,49,72],"gold":256,"neow_bonus":"","is_daily":false,"chose_seed":false,"campfire_upgraded":8,"win_rate":0.0,"timestamp":1608799542,"path_taken":["M","?","$","?","?","E","?","E","T","$","M","R","?","$","R","BOSS","M","?","?","M","$","R","?","R","T","R","$","?","?","E","R","BOSS","M","$","?","M","M","E","R","M","T","?","M","?","?","?","R","BOSS"],"items_purchased_type":["Relic","Relic","Relic","Card","Relic","Card"],"build_version":"2020-12-22","purchased_purges":0,"victory":true,"max_hp_per_floor":[72,72,72,72,72,72,72,72,72,72,72,72,72,72,72,72,72,72,72,72,72,72,72,72,72,72,72,72,72,72,72,72,72,72,72,72,72,72,72,72,72,72,72,72,72,72,72,72,72,72],"card_choices":[{"not_picked":["Gatherer:ScherryThrow","Gatherer:EnergyBasket","Gatherer:GatherMaterial"],"picked":"SKIP","floor":1},{"not_picked":["Gatherer:FlowerPower","Gatherer:TreeGrowth","Gatherer:FruitForce"],"picked":"SKIP","floor":4},{"not_picked":["Gatherer:TacticalStrike","Gatherer:BlackTea","Gatherer:WoolGloves"],"picked":"SKIP","floor":6},{"not_picked":["Gatherer:Snatch","Gatherer:AcidicSpray","Gatherer:WoolGloves"],"picked":"SKIP","floor":7},{"not_picked":["Gatherer:DrugPower","Gatherer:AcidicSpray","Gatherer:SaveValuables"],"picked":"SKIP","floor":8},{"not_picked":["Gatherer:TacticalStrike","Gatherer:StoneFence","Gatherer:EnergyBasket"],"picked":"SKIP","floor":11},{"not_picked":["Gatherer:PoisonMastery","Gatherer:ScrollOfPurity"],"picked":"Gatherer:LuckyClover","floor":16},{"not_picked":["Gatherer:EnergyBasket","Gatherer:TacticalStrike+1","Gatherer:DrugPower"],"picked":"SKIP","floor":18},{"not_picked":["Gatherer:Convert+1","Gatherer:BalancedGrowth","Gatherer:CarefulStrike+1"],"picked":"SKIP","floor":20},{"not_picked":["Gatherer:ScrollOfWall+1","Gatherer:TreeGrowth","Gatherer:BambuSword"],"picked":"SKIP","floor":21},{"not_picked":["Gatherer:AromaProtection","Gatherer:Pollute","Gatherer:MindSearch","Gatherer:FlowerFalling"],"picked":"SKIP","floor":30},{"not_picked":["Gatherer:WitheringStrike","Gatherer:Snatch","Gatherer:UpgradeBag","Gatherer:EnergyBasket"],"picked":"SKIP","floor":31},{"not_picked":["Gatherer:FragileHammer+1","Gatherer:Polymorphism","Gatherer:DrugPower+1","Gatherer:AromaProtection"],"picked":"SKIP","floor":35},{"not_picked":["Gatherer:Uplift","Gatherer:GlowingPlant+1","Gatherer:MiningStrike"],"picked":"Gatherer:QuickSynthesis+1","floor":38},{"not_picked":["Gatherer:BambuSword","Gatherer:DrugPower+1","Gatherer:EnergyBasket"],"picked":"Gatherer:FlowerFalling+1","floor":39},{"not_picked":["Gatherer:BambuSword","Gatherer:AromaProtection","Gatherer:RecipeChange+1"],"picked":"Gatherer:Overflowing","floor":40},{"not_picked":["Gatherer:TacticalStrike","Gatherer:CollectorsShot+1","Gatherer:QuickSynthesis+1","Gatherer:Liquidism+1"],"picked":"SKIP","floor":42},{"not_picked":["Gatherer:BambuSword+1","Gatherer:WoolGloves","Gatherer:AcidicSpray"],"picked":"Gatherer:FlowerFalling+1","floor":45},{"not_picked":["Gatherer:AromaProtection","Gatherer:RecoveryHerb","Gatherer:FlowerBeam"],"picked":"Gatherer:EnergyBasket+1","floor":46},{"not_picked":["Gatherer:FragileHammer+1","Gatherer:FlowerFalling","Gatherer:Nutrients+1"],"picked":"Gatherer:BomberForm","floor":47}],"player_experience":819043,"relics_obtained":[{"floor":6,"key":"Dead Branch"},{"floor":8,"key":"Gatherer:Leftovers"},{"floor":9,"key":"Bird Faced Urn"},{"floor":26,"key":"Anchor"},{"floor":29,"key":"Question Card"},{"floor":31,"key":"Dream Catcher"},{"floor":40,"key":"Mercury Hourglass"},{"floor":43,"key":"HornCleat"},{"floor":46,"key":"Ice Cream"},{"floor":47,"key":"Calipers"}],"event_choices":[{"damage_healed":0,"gold_gain":0,"player_choice":"Upgraded","damage_taken":0,"max_hp_gain":0,"max_hp_loss":0,"event_name":"Upgrade Shrine","floor":2,"gold_loss":0,"cards_upgraded":["Gatherer:SmartManeuver"]},{"damage_healed":0,"gold_gain":0,"player_choice":"2 cards matched","damage_taken":0,"max_hp_gain":0,"max_hp_loss":0,"event_name":"Match and Keep!","floor":5,"gold_loss":0,"cards_obtained":["Gatherer:Photoscythe","Gatherer:AromaProtection"]},{"damage_healed":0,"gold_gain":0,"player_choice":"Leave","damage_taken":0,"max_hp_gain":0,"max_hp_loss":0,"event_name":"The Cleric","floor":13,"gold_loss":0},{"damage_healed":0,"gold_gain":0,"player_choice":"Ignored","damage_taken":0,"max_hp_gain":0,"max_hp_loss":0,"event_name":"Gatherer:BottleCollector","floor":19,"gold_loss":0},{"damage_healed":0,"gold_gain":100,"player_choice":"Pray","damage_taken":0,"max_hp_gain":0,"max_hp_loss":0,"event_name":"Golden Shrine","floor":24,"gold_loss":0},{"damage_healed":0,"gold_gain":0,"player_choice":"Embrace Madness","damage_taken":9,"max_hp_gain":0,"max_hp_loss":0,"event_name":"Winding Halls","floor":37,"gold_loss":0,"cards_obtained":["Madness","Madness"]},{"cards_removed":["Gatherer:AcidicSpray"],"damage_healed":0,"gold_gain":0,"player_choice":"Removed Attack","damage_taken":0,"max_hp_gain":0,"max_hp_loss":0,"event_name":"Falling","floor":44,"gold_loss":0},{"damage_healed":0,"gold_gain":0,"player_choice":"Fight","damage_taken":0,"max_hp_gain":0,"max_hp_loss":0,"event_name":"MindBloom","floor":46,"gold_loss":0},{"damage_healed":0,"gold_gain":0,"player_choice":"Fight","damage_taken":0,"max_hp_gain":0,"max_hp_loss":0,"event_name":"Mysterious Sphere","floor":47,"gold_loss":0}],"is_beta":false,"boss_relics":[{"not_picked":["Philosopher\u0027s Stone","Coffee Dripper"],"picked":"SacredBark"},{"not_picked":["Cursed Key","Fusion Hammer"],"picked":"Runic Pyramid"}],"items_purged_floors":[],"is_endless":false,"potions_floor_spawned":[1,11,16,20,33,38,42],"ascension_level":0}}