{"host":"hfxp6ue4pvwo3fit","time":1608780066,"event":{"mods":["AchievementEnabler","BaseMod","Colored Map","Colored Powertips","Highlight Path","Minty Spire (QoL Compilation)","StSLib","SuperFastMode"],"gold_per_floor":[113,63,80,93,109,109,128,157,157,192,192,192,209,238,238,313,313,323,323,72,85,104,104,120,131,131,164,164,164,164],"floor_reached":29,"playtime":1315,"items_purged":[],"score":534,"play_id":"7dc4795f-3e86-41f6-8772-a8bc52766fc5","local_time":"20201223212106","is_ascension_mode":true,"campfire_choices":[{"data":"Sever Soul","floor":6,"key":"SMITH"},{"floor":11,"key":"REST"},{"data":"True Grit","floor":15,"key":"SMITH"},{"data":"Flame Barrier","floor":23,"key":"SMITH"},{"data":"Pommel Strike","floor":28,"key":"SMITH"}],"circlet_count":0,"master_deck":["AscendersBane","Strike_R","Strike_R","Strike_R","Strike_R","Strike_R","Defend_R","Defend_R","Defend_R","Defend_R","Bash","Flame Barrier+1","Anger","Shrug It Off","Battle Trance","Sever Soul+1","Cleave","True Grit+1","Pommel Strike+1","Offering+1","Dual Wield+1","Shrug It Off+1","True Grit+1","Feed","Warcry+1","Reaper"],"relics":["Cursed Key","Regal Pillow","Calipers","Eternal Feather","Toxic Egg 2","Coffee Dripper","Red Skull","Tiny Chest"],"acts_visited":["Exordium","TheCity"],"potions_floor_usage":[8,10,14,16,27],"damage_taken":[{"damage":1,"enemies":"Cultist","floor":1,"turns":4},{"damage":13,"enemies":"2 Louse","floor":3,"turns":4},{"damage":0,"enemies":"Small Slimes","floor":4,"turns":3},{"damage":15,"enemies":"Gremlin Gang","floor":5,"turns":5},{"damage":2,"enemies":"Red Slaver","floor":7,"turns":2},{"damage":24,"enemies":"Gremlin Nob","floor":8,"turns":4},{"damage":8,"enemies":"3 Sentries","floor":10,"turns":7},{"damage":9,"enemies":"2 Fungi Beasts","floor":13,"turns":3},{"damage":14,"enemies":"Gremlin Nob","floor":14,"turns":3},{"damage":9,"enemies":"The Guardian","floor":16,"turns":14},{"damage":15,"enemies":"2 Thieves","floor":18,"turns":3},{"damage":13,"enemies":"3 Byrds","floor":21,"turns":3},{"damage":12,"enemies":"3 Cultists","floor":22,"turns":4},{"damage":10,"enemies":"Snecko","floor":24,"turns":4},{"damage":7,"enemies":"Chosen and Byrds","floor":25,"turns":3},{"damage":34,"enemies":"Book of Stabbing","floor":27,"turns":5},{"damage":45,"enemies":"Gremlin Leader","floor":29,"turns":8}],"seed_played":"-2272215866247634388","potions_obtained":[{"floor":3,"key":"BlessingOfTheForge"},{"floor":5,"key":"ColorlessPotion"},{"floor":8,"key":"Explosive Potion"},{"floor":13,"key":"SkillPotion"},{"floor":16,"key":"FairyPotion"},{"floor":21,"key":"SkillPotion"}],"is_trial":false,"path_per_floor":["M","$","M","M","M","R","M","E","T","E","R","?","M","E","R","B",null,"M","?","$","M","M","R","M","M","T","E","R","E"],"character_chosen":"IRONCLAD","items_purchased":["Anger","Shrug It Off+1","True Grit+1","Red Skull"],"campfire_rested":1,"item_purchase_floors":[2,20,20,20],"current_hp_per_floor":[67,67,54,54,39,39,37,13,13,5,42,37,28,14,23,14,60,45,45,45,32,23,38,28,21,21,16,31,0,0],"gold":164,"neow_bonus":"BOSS_RELIC","is_daily":false,"chose_seed":false,"campfire_upgraded":4,"win_rate":0.0,"timestamp":1608780066,"path_taken":["M","$","?","M","M","R","?","E","T","E","R","?","M","E","R","BOSS","M","?","$","M","M","R","?","M","T","E","R","E"],"items_purchased_type":["Card","Card","Card","Relic"],"build_version":"2020-12-22","purchased_purges":0,"victory":false,"max_hp_per_floor":[75,75,75,75,75,75,75,75,75,75,75,75,75,75,75,75,75,75,75,75,75,78,78,78,78,78,78,78,78,78],"card_choices":[{"not_picked":["Iron Wave","Headbutt"],"picked":"Flame Barrier","floor":1},{"not_picked":["Blood for Blood","Rampage"],"picked":"Shrug It Off","floor":3},{"not_picked":["Warcry","Thunderclap"],"picked":"Battle Trance","floor":4},{"not_picked":["Sentinel","Ghostly Armor"],"picked":"Sever Soul","floor":5},{"not_picked":["Dropkick","Heavy Blade"],"picked":"Cleave","floor":7},{"not_picked":["Clash","Intimidate"],"picked":"True Grit","floor":8},{"not_picked":["Juggernaut","Cleave","Sword Boomerang"],"picked":"SKIP","floor":10},{"not_picked":["Dual Wield","Flame Barrier"],"picked":"Pommel Strike","floor":13},{"not_picked":["Clash","Heavy Blade","Flex+1"],"picked":"SKIP","floor":14},{"not_picked":["Limit Break+1","Double Tap+1"],"picked":"Offering+1","floor":16},{"not_picked":["Cleave","Second Wind+1","Iron Wave"],"picked":"SKIP","floor":18},{"not_picked":["Perfected Strike","Armaments+1"],"picked":"Feed","floor":21},{"not_picked":["Anger","Iron Wave+1"],"picked":"Warcry+1","floor":22},{"not_picked":["Thunderclap","Pommel Strike","True Grit+1"],"picked":"SKIP","floor":24},{"not_picked":["Flex+1","Iron Wave","Thunderclap"],"picked":"SKIP","floor":25},{"not_picked":["Fire Breathing","Spot Weakness+1"],"picked":"Reaper","floor":27}],"player_experience":421244,"relics_obtained":[{"floor":8,"key":"Regal Pillow"},{"floor":10,"key":"Calipers"},{"floor":14,"key":"Toxic Egg 2"},{"floor":27,"key":"Tiny Chest"}],"event_choices":[{"damage_healed":0,"gold_gain":0,"player_choice":"Success","damage_taken":5,"relics_obtained":["Eternal Feather"],"max_hp_gain":0,"max_hp_loss":0,"event_name":"Scrap Ooze","floor":12,"gold_loss":0},{"damage_healed":0,"gold_gain":0,"player_choice":"1 cards matched","damage_taken":0,"max_hp_gain":0,"max_hp_loss":0,"event_name":"Match and Keep!","floor":19,"gold_loss":0,"cards_obtained":["Dual Wield"]}],"is_beta":false,"boss_relics":[{"not_picked":["Calling Bell","Runic Dome"],"picked":"Coffee Dripper"}],"items_purged_floors":[],"is_endless":false,"potions_floor_spawned":[3,5,8,13,16,21,25],"killed_by":"Gremlin Leader","ascension_level":20}}