{"host":"njruw0b0uprlitpx","time":1608806120,"event":{"mods":["2.2 Compatiblity","Astrologer","Bartender","BaseMod","Better Altar","Better Match","Better Note","Better Sensory Stone","Better Skull","Better Third Choice","BetterRewards","Block Reminder","Chen","Colored Map","Colored Powertips","Gremlin Mod","Jedi Mod","Keyboard Shortcuts","Magitek Elite","Minty Spire (QoL Compilation)","Quick Restart","Relic Stats","Replay The Spire","SacredBarkPlus","Spicy Shops","StSLib","SuperFastMode","The Construct","The Cursed","The Marked","The Mystic","The Necromancer","The Spell Scribe"],"gold_per_floor":[119,10,26,26,38,38,63,98,153,216,37,74,147,197,197,318,318,367,432,491,217,286,350,426,479,533,817,873,873,873,873,924,1011,1011,1147,1147,1199,1248,1348,1,19,19,111,165,165,165,165,257,257,257,257,297],"floor_reached":53,"playtime":2385,"items_purged":["Defend_W","Strike_W","Defend_W","Regret"],"score":1932,"play_id":"f78ea0db-0cdf-47a6-92b0-1b159548c4a7","local_time":"20201224043520","is_ascension_mode":true,"campfire_choices":[{"data":"Summon_Vampire_Lady","floor":6.0,"key":"SMITH"},{"data":"Bone_Armory","floor":31.0,"key":"SMITH"},{"floor":34.0,"key":"REST"},{"data":"Sadistic Nature","floor":42.0,"key":"SMITH"},{"floor":46,"key":"REST"},{"data":"Cloudkill","floor":49,"key":"SMITH"},{"data":"Defend_W","floor":51,"key":"PURGE"}],"circlet_count":0,"master_deck":["AscendersBane","Strike_W","Strike_W","Strike_W","Defend_W","Negative_Energy_Arrows","Bone_Wall","Summon_Vampire_Lady+1","Negative_Energy_Burst","Negative_Energy_Shield","jedi:forcepull","Shade_Step","Injury","Bone_Bullets","Scare","Sickly","Summon_Undead+1","Blood_Wake","Finger_Of_Death","Bone_Armory+1","Whirlwind_of_Bones","Necrotic_Claws","Summon_Vampire_Lady","Life_Tap","Skeleton_Dragon","Vampiric_Strike","Stop_Heart","Reap_The_Weak","Bone_Armor","Shackles_Of_Pain","Death_Knell","Summon_Undead+1","Bone_Shift","Bone_Prison","Life_Drain","Reap_The_Weak","Flesh_Made_Foul","Plague_Bolt","Thousand_Bone_Knives","Sadistic Nature+1","Pandemic","Madness","Madness+1","Vampiric_Strike","Cloudkill+1"],"relics":["Vampire_Amulet","Incense Burner","Genji_Glove","Choco_Feather","Boot","Du-Vu Doll","CaptainsWheel","Bag of Preparation","ReplayTheSpireMod:Ring of Challenge","Ring of Searing","Happy Flower","Nunchaku","Replay:Bandana","jedi:archwizardhat","BargainBundle","CeramicFish","Gremlin Horn","Painkiller Herb","Simple Rune","Replay:Baseball","jedi:HeartOfTheCards","Gem_Box","FossilizedHelix","Strawberry","Gremlin Food","HandDrill","Matryoshka","Ornamental Fan","Oddly Smooth Stone","jedi:matchstick","Replay:Bottled Snecko"],"acts_visited":["Exordium","TheCity","TheBeyond"],"potions_floor_usage":[50],"damage_taken":[{"damage":0.0,"enemies":"Small Slimes","floor":1.0,"turns":1.0},{"damage":0.0,"enemies":"Jaw Worm","floor":3.0,"turns":1.0},{"damage":0.0,"enemies":"2 Louse","floor":5.0,"turns":1.0},{"damage":0.0,"enemies":"3 Sentries","floor":8.0,"turns":1.0},{"damage":1.0,"enemies":"Gremlin Nob","floor":10.0,"turns":2.0},{"damage":0.0,"enemies":"2 Fungi Beasts","floor":12.0,"turns":1.0},{"damage":24.0,"enemies":"Lagavulin","floor":13.0,"turns":3.0},{"damage":0.0,"enemies":"Large Slime","floor":14.0,"turns":1.0},{"damage":39.0,"enemies":"The Guardian","floor":16.0,"turns":6.0},{"damage":0.0,"enemies":"Chosen","floor":18.0,"turns":1.0},{"damage":3.0,"enemies":"3 Byrds","floor":19.0,"turns":1.0},{"damage":32.0,"enemies":"Snake Plant","floor":20.0,"turns":3.0},{"damage":2.0,"enemies":"3 Cultists","floor":22.0,"turns":2.0},{"damage":0.0,"enemies":"Centurion and Healer","floor":23.0,"turns":2.0},{"damage":3.0,"enemies":"Slavers","floor":24.0,"turns":1.0},{"damage":5.0,"enemies":"Snecko","floor":25.0,"turns":2.0},{"damage":6.0,"enemies":"3 Cultists","floor":28.0,"turns":2.0},{"damage":21.0,"enemies":"Centurion and Healer","floor":32.0,"turns":3.0},{"damage":2.0,"enemies":"Book of Stabbing","floor":33.0,"turns":3.0},{"damage":27.0,"enemies":"Collector","floor":35.0,"turns":4.0},{"damage":0.0,"enemies":"3 Shapes","floor":37.0,"turns":2.0},{"damage":2.0,"enemies":"Orb Walker","floor":38.0,"turns":1.0},{"damage":0.0,"enemies":"2 Orb Walkers","floor":39.0,"turns":1.0},{"damage":33,"enemies":"Nemesis","floor":43,"turns":3},{"damage":0,"enemies":"3 Darklings","floor":44,"turns":2},{"damage":20,"enemies":"R_Hoarder","floor":48,"turns":5},{"damage":0,"enemies":"Spire Growth","floor":50,"turns":1},{"damage":50,"enemies":"Donu and Deca","floor":52,"turns":5}],"seed_played":"7005196705621129624","potions_obtained":[{"floor":8.0,"key":"AttackPotion"},{"floor":24.0,"key":"SteroidPotion"},{"floor":25.0,"key":"Strength Potion"},{"floor":32.0,"key":"Adrenaline Potion"},{"floor":35.0,"key":"Swift Potion"},{"floor":37.0,"key":"SmokeBomb"}],"is_trial":false,"path_per_floor":["M","$","M","?","M","R","T","E","T","E","$","M","E","M","R_BF","B",null,"?","?","?","T","?","?","E","?","T","?","?","PTL","PTL","T","?","E","T","B",null,"?","?","?","T","?","T","E","?","T","T","?","E","T","?","T","B",null],"character_chosen":"NECROMANCER","items_purchased":["Summon_Vampire_Lady","Negative_Energy_Burst","Genji_Glove","Choco_Feather","Boot","DuplicationPotion","Negative_Energy_Shield","CaptainsWheel","jedi:forcepull","Bag of Preparation","Bone_Bullets","BargainBundle","CeramicFish","jedi:StrikingPotion","Bone_Armory","Whirlwind_of_Bones","Bone_Armor","Shackles_Of_Pain","PowerPotion","Strawberry","Thousand_Bone_Knives","Sadistic Nature","Gremlin Food","HandDrill","Pandemic","Matryoshka"],"campfire_rested":2,"item_purchase_floors":[0,0,0,0,0,0,0,0,0,2,2,11,11,11,11,11,21,21,21,40,40,40,40,40,40,40],"current_hp_per_floor":[68,68,70,70,71,71,71,71,71,71,71,71,52,54,71,52,66,71,71,44,44,48,52,55,55,55,55,58,58,58,58,47,50,71,62,69,71,71,71,78,64,64,39,47,47,70,70,63,63,63,63,47],"gold":297,"neow_bonus":"","is_daily":false,"chose_seed":false,"campfire_upgraded":4,"win_rate":0.0,"timestamp":1608806120,"path_taken":["M","$","M","?","M","R","?","E","T","E","$","?","E","M","R_BF","BOSS","?","?","?","T","?","?","E","?","T","?","?","PTL","PTL","T","?","E","T","BOSS","?","?","?","T","?","T","E","?","T","T","?","E","T","?","T","BOSS"],"items_purchased_type":["Card","Card","Relic","Relic","Relic","Potion","Card","Relic","Card","Relic","Card","Relic","Relic","Potion","Card","Card","Card","Card","Potion","Relic","Card","Card","Relic","Relic","Card","Relic"],"build_version":"2020-12-22","purchased_purges":4,"victory":true,"max_hp_per_floor":[71,71,71,71,71,71,71,71,71,71,71,71,71,71,71,71,71,71,71,71,71,71,71,71,71,71,71,71,71,71,71,71,71,71,71,71,71,71,71,78,78,78,78,78,78,78,78,78,78,78,78,78],"relic_stats":{"Nunchaku":[13],"Happy Flower":[19],"Gremlin Horn":[18,18],"counters":[95,307],"Ornamental Fan":[20],"CeramicFish":243,"Bag of Preparation":[54],"HandDrill":[10],"Boot":[20],"obtain_stats":[{"Ice Cream":38,"Divine Protection":45,"Gremlin Horn":13,"jedi:zontanonomicon":29,"CeramicFish":11,"Vajra":12,"Spirit Poop":36,"Bottled Tornado":9,"Sling":0,"Boot":26,"Ring of Searing":4,"Replay:Ringing Soul":16,"DollysMirror":23,"jedi:firstaidkit":27,"Sundial":14,"Strawberry":40,"Philosopher\u0027s Stone":19,"Vampire_Amulet":0,"Fusion Hammer":36,"HandDrill":40,"Toxic Egg 2":10,"Replay:Wax Seal":26,"Replay:Bottled Steam":19,"Happy Flower":39,"ReplayTheSpireMod:CursedCoin":19,"Counterbalance":2,"Replay:Grab Bag":19,"Choco_Feather":0,"Velvet Choker":17,"Oddly Smooth Stone":45,"Eternal Feather":26,"War Paint":33,"jedi:HeartOfTheCards":33,"Akabeko":28,"Du-Vu Doll":6,"jedi:heavyjacket":45,"Runic Dome":34,"Replay:Baseball":26,"Bronze Scales":26,"Snecko Eye":17,"Simple Rune":24,"ReplayTheSpireMod:TigerMarble":9,"Kintsugi":17,"StrikeDummy":50,"Unceasing Top":39,"Meat on the Bone":12,"Painkiller Herb":17,"Bag of Preparation":39,"Incense Burner":0,"jedi:archwizardhat":10,"Cursed Key":36,"Pet Ghost":29,"Replay:Bandana":24,"Nunchaku":8,"Matryoshka":0,"Ring of Fangs":2,"Pantograph":12,"Gambling Chip":41,"jedi:matchstick":42,"Genji_Glove":0,"WingedGreaves":10,"Red Mask":33,"Replay:Bottled Snecko":48,"Replay:Bottled Eggs":8,"InkBottle":47,"Runic Pyramid":19,"Gremlin Food":0,"Potion Belt":14,"BargainBundle":39,"ReplayTheSpireMod:Ninjato":0,"Replay:Towering Pillar of Hats":0,"Guide Book":37,"PreservedInsect":19,"jedi:crownofsimplicity":50,"Odd Mushroom":8,"Replay:Arrowhead":39,"White Beast Statue":40,"Calling Bell":19,"CaptainsWheel":0,"jedi:kaleidoscope":31,"jedi:ominousloannote":39,"Ornamental Fan":43,"ChewingGum":19,"Bottled Lightning":12,"Gem_Box":36,"ReplayTheSpireMod:Ring of Challenge":2,"ReplayTheSpireMod:Onyx Gauntlets":17,"FossilizedHelix":19,"wanderingMiniBosses:Inkheart":30},{"Ice Cream":15,"Divine Protection":16,"Gremlin Horn":74,"jedi:zontanonomicon":11,"CeramicFish":72,"Vajra":49,"Spirit Poop":60,"Bottled Tornado":47,"Sling":20,"Boot":32,"Ring of Searing":69,"Replay:Ringing Soul":4,"DollysMirror":8,"jedi:firstaidkit":11,"Sundial":27,"Strawberry":90,"Philosopher\u0027s Stone":5,"Vampire_Amulet":0,"Fusion Hammer":13,"HandDrill":90,"Toxic Egg 2":25,"Replay:Wax Seal":55,"Replay:Bottled Steam":5,"Happy Flower":15,"ReplayTheSpireMod:CursedCoin":29,"Counterbalance":1,"Replay:Grab Bag":5,"Choco_Feather":67,"Velvet Choker":28,"Oddly Smooth Stone":92,"Eternal Feather":10,"War Paint":34,"jedi:HeartOfTheCards":86,"Akabeko":11,"Du-Vu Doll":46,"jedi:heavyjacket":40,"Runic Dome":59,"Replay:Baseball":83,"Bronze Scales":55,"Snecko Eye":51,"Simple Rune":82,"ReplayTheSpireMod:TigerMarble":3,"Kintsugi":51,"StrikeDummy":19,"Unceasing Top":61,"Meat on the Bone":26,"Painkiller Herb":76,"Bag of Preparation":15,"Incense Burner":67,"jedi:archwizardhat":72,"Cursed Key":35,"Pet Ghost":57,"Replay:Bandana":32,"Nunchaku":71,"Matryoshka":43,"Ring of Fangs":44,"Pantograph":4,"Gambling Chip":38,"jedi:matchstick":39,"Genji_Glove":67,"WingedGreaves":48,"Red Mask":12,"Replay:Bottled Snecko":93,"Replay:Bottled Eggs":3,"InkBottle":18,"Runic Pyramid":5,"Gremlin Food":20,"Potion Belt":50,"BargainBundle":15,"ReplayTheSpireMod:Ninjato":43,"Replay:Towering Pillar of Hats":43,"Guide Book":60,"PreservedInsect":5,"jedi:crownofsimplicity":42,"Odd Mushroom":47,"Replay:Arrowhead":37,"White Beast Statue":62,"Calling Bell":5,"CaptainsWheel":67,"jedi:kaleidoscope":58,"jedi:ominousloannote":61,"Ornamental Fan":91,"ChewingGum":5,"Bottled Lightning":49,"Gem_Box":87,"ReplayTheSpireMod:Ring of Challenge":44,"ReplayTheSpireMod:Onyx Gauntlets":51,"FossilizedHelix":5,"wanderingMiniBosses:Inkheart":34},{"Ice Cream":61,"Divine Protection":65,"Gremlin Horn":256,"jedi:zontanonomicon":45,"CeramicFish":252,"Vajra":209,"Spirit Poop":232,"Bottled Tornado":205,"Sling":82,"Boot":140,"Ring of Searing":248,"Replay:Ringing Soul":13,"DollysMirror":32,"jedi:firstaidkit":45,"Sundial":110,"Strawberry":291,"Philosopher\u0027s Stone":19,"Vampire_Amulet":0,"Fusion Hammer":54,"HandDrill":291,"Toxic Egg 2":101,"Replay:Wax Seal":224,"Replay:Bottled Steam":19,"Happy Flower":61,"ReplayTheSpireMod:CursedCoin":124,"Counterbalance":3,"Replay:Grab Bag":19,"Choco_Feather":246,"Velvet Choker":118,"Oddly Smooth Stone":296,"Eternal Feather":41,"War Paint":153,"jedi:HeartOfTheCards":283,"Akabeko":45,"Du-Vu Doll":202,"jedi:heavyjacket":180,"Runic Dome":231,"Replay:Baseball":275,"Bronze Scales":224,"Snecko Eye":217,"Simple Rune":273,"ReplayTheSpireMod:TigerMarble":11,"Kintsugi":217,"StrikeDummy":76,"Unceasing Top":233,"Meat on the Bone":107,"Painkiller Herb":263,"Bag of Preparation":61,"Incense Burner":246,"jedi:archwizardhat":252,"Cursed Key":160,"Pet Ghost":226,"Replay:Bandana":140,"Nunchaku":250,"Matryoshka":193,"Ring of Fangs":196,"Pantograph":13,"Gambling Chip":171,"jedi:matchstick":176,"Genji_Glove":246,"WingedGreaves":208,"Red Mask":48,"Replay:Bottled Snecko":301,"Replay:Bottled Eggs":11,"InkBottle":72,"Runic Pyramid":19,"Gremlin Food":82,"Potion Belt":213,"BargainBundle":61,"ReplayTheSpireMod:Ninjato":193,"Replay:Towering Pillar of Hats":193,"Guide Book":232,"PreservedInsect":19,"jedi:crownofsimplicity":186,"Odd Mushroom":205,"Replay:Arrowhead":168,"White Beast Statue":235,"Calling Bell":19,"CaptainsWheel":246,"jedi:kaleidoscope":228,"jedi:ominousloannote":233,"Ornamental Fan":294,"ChewingGum":19,"Bottled Lightning":209,"Gem_Box":287,"ReplayTheSpireMod:Ring of Challenge":196,"ReplayTheSpireMod:Onyx Gauntlets":217,"FossilizedHelix":19,"wanderingMiniBosses:Inkheart":153}]},"card_choices":[{"not_picked":["Toxic_Smoke_Screen","Stop_Heart"],"picked":"Shade_Step","floor":1.0},{"not_picked":["Toxic_Smoke_Screen","Life_Tap"],"picked":"Scare","floor":3.0},{"not_picked":["Toxic_Smoke_Screen","Negative_Energy_Sphere"],"picked":"Summon_Undead","floor":5.0},{"not_picked":["Requiem","Necromantic_Selection"],"picked":"Blood_Wake","floor":8.0},{"not_picked":["Bone_Shift","Blood_Shield"],"picked":"Finger_Of_Death","floor":10.0},{"not_picked":["Negative_Energy_Javelin","Death_March_Dance"],"picked":"Necrotic_Claws","floor":12.0},{"not_picked":["Shade_Step","Negative_Energy_Burst"],"picked":"Summon_Vampire_Lady","floor":13.0},{"not_picked":["Toxic_Smoke_Screen","Summon_Undead_Army"],"picked":"Life_Tap","floor":14.0},{"not_picked":["Grasp_Heart","Blood_Magic"],"picked":"Skeleton_Dragon","floor":16.0},{"not_picked":["Epidemic","Bones_to_Steel"],"picked":"Vampiric_Strike","floor":18.0},{"not_picked":["Summon_Undead_Army","Negative_Energy_Shield"],"picked":"Stop_Heart","floor":19.0},{"not_picked":["Chill_Blood+1","Death_Coil"],"picked":"Reap_The_Weak","floor":20.0},{"not_picked":["Blood_Curse","Finger_Of_Death"],"picked":"Death_Knell","floor":22.0},{"not_picked":["Epidemic","Negative_Energy_Mist","Bone_Bullets"],"picked":"SKIP","floor":23.0},{"not_picked":["Bones_to_Steel","Negative_Energy_Javelin"],"picked":"Summon_Undead+1","floor":24.0},{"not_picked":["Negative_Energy_Shield","Vampiric_Strike"],"picked":"Bone_Shift","floor":25.0},{"not_picked":["Blood_Shield","Consume_Illness+1"],"picked":"Bone_Prison","floor":28.0},{"not_picked":["Death_March_Dance","Blood_for_Blood","Stop_Heart"],"picked":"SKIP","floor":32.0},{"not_picked":["Blood_Shield","Negative_Energy_Javelin"],"picked":"Life_Drain","floor":33.0},{"not_picked":["Grasp_Heart","Cloudkill"],"picked":"Reap_The_Weak","floor":35.0},{"not_picked":["Plague_Bolt","Uncharnel"],"picked":"Flesh_Made_Foul","floor":37.0},{"not_picked":["Death_March_Dance","Flesh_Made_Foul"],"picked":"Plague_Bolt","floor":38.0},{"not_picked":["Flesh_Made_Foul","Negative_Energy_Shield"],"picked":"Vampiric_Strike","floor":43},{"not_picked":["Blood_Curse","Bone_Spikes","Scare"],"picked":"SKIP","floor":44},{"not_picked":["Life_Drain","Bone_Spikes"],"picked":"Cloudkill","floor":48}],"player_experience":1745685,"relics_obtained":[{"floor":4.0,"key":"ReplayTheSpireMod:Ring of Challenge"},{"floor":4.0,"key":"Ring of Searing"},{"floor":7.0,"key":"Happy Flower"},{"floor":8.0,"key":"Nunchaku"},{"floor":9.0,"key":"Replay:Bandana"},{"floor":10.0,"key":"jedi:archwizardhat"},{"floor":13.0,"key":"Gremlin Horn"},{"floor":24.0,"key":"Simple Rune"},{"floor":26.0,"key":"Replay:Baseball"},{"floor":33.0,"key":"jedi:HeartOfTheCards"},{"floor":39.0,"key":"FossilizedHelix"},{"floor":43,"key":"Ornamental Fan"},{"floor":45,"key":"Oddly Smooth Stone"},{"floor":45,"key":"jedi:matchstick"},{"floor":48,"key":"Replay:Bottled Snecko"}],"event_choices":[{"damage_healed":0.0,"max_hp_gain":0.0,"max_hp_loss":0.0,"gold_gain":275.0,"event_name":"Golden Shrine","player_choice":"Desecrate","floor":27.0,"gold_loss":0.0,"damage_taken":0.0,"cards_obtained":["Regret"]},{"damage_healed":0.0,"max_hp_gain":0.0,"max_hp_loss":0.0,"gold_gain":0.0,"event_name":"Mysterious Sphere","player_choice":"Fight","floor":39.0,"gold_loss":0.0,"damage_taken":0.0},{"damage_healed":0.0,"max_hp_gain":0.0,"max_hp_loss":0.0,"gold_gain":0.0,"event_name":"Winding Halls","player_choice":"Embrace Madness","floor":41.0,"gold_loss":0.0,"damage_taken":14.0,"cards_obtained":["Madness","Madness"]},{"damage_healed":0,"gold_gain":0,"player_choice":"Ignored","damage_taken":0,"max_hp_gain":0,"max_hp_loss":0,"event_name":"Tomb of Lord Red Mask","floor":47,"gold_loss":0}],"is_beta":false,"boss_relics":[{"not_picked":["Black Star","Pandora\u0027s Box"],"picked":"Painkiller Herb"},{"not_picked":["Tiny House","Kintsugi"],"picked":"Gem_Box"}],"items_purged_floors":[0,11,21,40],"is_endless":false,"potions_floor_spawned":[3,5,8,19,22,24,25,32,35,37,44,48],"ascension_level":15}}