{"host":"h8l1uc7c2i19r904","time":1608768697,"event":{"mods":["AchievementEnabler","BaseMod","Colored Map","Colored Powertips","Downfall","Minty Spire (QoL Compilation)","Quick Restart","Replay The Spire","StSLib","SuperFastMode"],"gold_per_floor":[110,124,134,134,63,88,88,98,121,134,134,184,211,222,222,326,326,337,247,258,258,270,270,304,304,304,95,111,111,111,111],"floor_reached":30,"playtime":1595,"items_purged":[],"score":260,"play_id":"33ffe03a-7072-4a64-b5f2-74007cad9b5e","local_time":"20201223161137","is_ascension_mode":false,"campfire_choices":[{"data":"Flex","floor":7,"key":"SMITH"},{"floor":15,"key":"REST"},{"data":"Hemogenesis","floor":23,"key":"SMITH"},{"data":"Corruption","floor":25,"key":"SMITH"}],"circlet_count":0,"master_deck":["Strike_R+1","Strike_R","Strike_R","Strike_R","Strike_R","Defend_R","Bash","Demonic Infusion+1","Reckless Charge+1","Perfected Strike+1","Flex+1","Infernal Blade+1","Ghostly Armor","Reaper","Corruption+1","ReplayTheSpireMod:Muscle Training","Hemogenesis+1","Wild Strike+1","Shrug It Off","Abandon+1","ReplayTheSpireMod:Limb From Limb+1","RitualDagger"],"relics":["Astrolabe","Bronze Scales","Juzu Bracelet","Pantograph","Replay:Bottled Flurry","ChewingGum","Nilry\u0027s Codex","The Courier","Matryoshka","ReplayTheSpireMod:Shallot"],"acts_visited":["Exordium","TheCity"],"potions_floor_usage":[6,13,16,24,24],"damage_taken":[{"damage":6,"enemies":"Cultist","floor":1,"turns":3},{"damage":3,"enemies":"Small Slimes","floor":2,"turns":2},{"damage":0,"enemies":"Jaw Worm","floor":3,"turns":2},{"damage":26,"enemies":"Lagavulin","floor":6,"turns":4},{"damage":6,"enemies":"Large Slime","floor":8,"turns":5},{"damage":13,"enemies":"Red Slaver","floor":10,"turns":2},{"damage":25,"enemies":"3 Sentries","floor":13,"turns":4},{"damage":19,"enemies":"3 Louse","floor":14,"turns":2},{"damage":52,"enemies":"Hexaghost","floor":16,"turns":7},{"damage":25,"enemies":"3 Byrds","floor":18,"turns":4},{"damage":10,"enemies":"2 Thieves","floor":20,"turns":3},{"damage":28,"enemies":"3 Cultists","floor":22,"turns":6},{"damage":18,"enemies":"Gremlin Leader","floor":24,"turns":6},{"damage":6,"enemies":"Centurion and Healer","floor":28,"turns":4},{"damage":27,"enemies":"Snecko","floor":30,"turns":4}],"seed_played":"6958672694486116232","potions_obtained":[{"floor":3,"key":"champ:CounterPotion"},{"floor":6,"key":"champ:CounterPotion"},{"floor":14,"key":"sneckomod:MuddlingPotion"},{"floor":16,"key":"Weak Potion"},{"floor":20,"key":"Languid Potion"}],"is_trial":false,"path_per_floor":["M","M","M","?","$","E","R","M","T","M","?","?","E","M","R","B",null,"M","?","M","?","M","R","E","R","T","$","M","?","M"],"character_chosen":"IRONCLAD","items_purchased":["Ghostly Armor","ReplayTheSpireMod:Shallot"],"campfire_rested":1,"item_purchase_floors":[5,27],"current_hp_per_floor":[74,71,71,71,71,45,45,39,39,26,26,26,28,21,45,18,80,63,63,58,42,22,22,27,27,27,27,21,15,0,0],"gold":111,"neow_bonus":"BOSS_RELIC","is_daily":false,"chose_seed":false,"campfire_upgraded":3,"win_rate":0.0,"timestamp":1608768697,"path_taken":["M","?","M","?","?","E","R","M","T","M","?","?","E","M","R","BOSS","M","?","M","?","M","R","E","R","T","$","M","?","M"],"items_purchased_type":["Card","Relic"],"build_version":"2020-12-22","purchased_purges":0,"victory":false,"max_hp_per_floor":[80,80,80,80,80,80,80,80,80,80,80,80,80,80,80,80,80,80,80,80,80,80,80,80,80,80,80,80,80,80,80],"card_choices":[{"not_picked":["Clash","Spot Weakness"],"picked":"Flex","floor":1},{"not_picked":["Body Slam","Pommel Strike"],"picked":"Infernal Blade","floor":2},{"not_picked":["Replay:Undeath\u0027s Touch","Perfected Strike","Warcry"],"picked":"SKIP","floor":3},{"not_picked":["Armaments","Clothesline"],"picked":"Reaper","floor":6},{"not_picked":["Intimidate","Clash","Run Through"],"picked":"SKIP","floor":8},{"not_picked":["Power Through","Shrug It Off","Clash"],"picked":"SKIP","floor":10},{"not_picked":["Metallicize","Pommel Strike"],"picked":"ReplayTheSpireMod:Muscle Training","floor":12},{"not_picked":["Metallicize","Armaments","Havoc"],"picked":"SKIP","floor":13},{"not_picked":["Sword Boomerang","Iron Wave","Clash"],"picked":"SKIP","floor":14},{"not_picked":["Brutality","Barricade"],"picked":"Hemogenesis","floor":16},{"not_picked":["Iron Wave","Entrench"],"picked":"Wild Strike+1","floor":18},{"not_picked":["Twin Strike","Anger","Fire Breathing"],"picked":"SKIP","floor":20},{"not_picked":["Thunderclap+1","Twin Strike"],"picked":"Shrug It Off","floor":22},{"not_picked":["ReplayTheSpireMod:Strike From Hell","Whirlwind"],"picked":"Abandon+1","floor":24},{"not_picked":["Flame Barrier","Havoc"],"picked":"ReplayTheSpireMod:Limb From Limb+1","floor":28}],"player_experience":121547,"relics_obtained":[{"floor":6,"key":"Bronze Scales"},{"floor":9,"key":"Juzu Bracelet"},{"floor":12,"key":"Pantograph"},{"floor":13,"key":"Replay:Bottled Flurry"},{"floor":21,"key":"Nilry\u0027s Codex"},{"floor":24,"key":"The Courier"},{"floor":26,"key":"Matryoshka"}],"event_choices":[{"damage_healed":0,"gold_gain":0,"player_choice":"Grow","damage_taken":0,"max_hp_gain":0,"max_hp_loss":0,"event_name":"Living Wall","floor":4,"gold_loss":0,"cards_upgraded":["Infernal Blade"]},{"damage_healed":0,"gold_gain":0,"player_choice":"1 cards matched","damage_taken":0,"max_hp_gain":0,"max_hp_loss":0,"event_name":"Match and Keep!","floor":11,"gold_loss":0,"cards_obtained":["Corruption"]},{"cards_removed":["ReplayTheSpireMod:Splinters"],"damage_healed":0,"gold_gain":0,"player_choice":"Upgrade and Remove","damage_taken":0,"max_hp_gain":0,"max_hp_loss":0,"event_name":"Designer","floor":19,"gold_loss":90,"cards_upgraded":["Strike_R"]},{"damage_healed":0,"gold_gain":0,"player_choice":"Obtained Book","damage_taken":16,"max_hp_gain":0,"max_hp_loss":0,"event_name":"Cursed Tome","floor":21,"gold_loss":0},{"damage_healed":0,"gold_gain":0,"player_choice":"Joined the Cult","damage_taken":6,"max_hp_gain":0,"max_hp_loss":0,"event_name":"Nest","floor":29,"gold_loss":0,"cards_obtained":["RitualDagger"]}],"is_beta":false,"boss_relics":[{"not_picked":["Pandora\u0027s Box","Velvet Choker"],"picked":"ChewingGum"}],"items_purged_floors":[],"is_endless":false,"potions_floor_spawned":[3,6,14,16,20],"killed_by":"Snecko","ascension_level":0}}