{"host":"vc42n08di9czm3e7","time":1608857043,"event":{"mods":["AchievementEnabler","Act Like it!","BaseMod","Colored Powertips","Downfall","Friendly Minions","GifTheSpireLib","Hubris","Minty Spire (QoL Compilation)","Rare Cards Sparkle","StSLib"],"gold_per_floor":[99,99,99,99,99,133,133,152,185,35,55,65,65,28,45,149,199,124,138,0,10,20,20,20,20,39,49,62,62,77,91,111,207,207,207,226,237,254,254,272,297,297,50,67,77,77,108,108,118,118],"floor_reached":51,"playtime":6992,"items_purged":["Guardian:TwinSlam"],"score":720,"play_id":"dec557e0-c1d0-4ffb-9b2c-5e458de09cd0","local_time":"20201224194403","is_ascension_mode":false,"campfire_choices":[{"floor":1,"key":"RECALL"},{"data":"Guardian:ChargeCore","floor":10,"key":"SMITH"},{"data":"Guardian:ShieldCharger","floor":13,"key":"SMITH"},{"data":"Guardian:BaubleBeam","floor":18,"key":"SMITH"},{"data":"Guardian:WalkerClaw","floor":29,"key":"SMITH"},{"data":"Guardian:PiercingHide","floor":35,"key":"SMITH"},{"floor":42,"key":"REST"},{"floor":46,"key":"REST"}],"circlet_count":0,"master_deck":["Guardian:Strike_Guardian+1","Guardian:Strike_Guardian+1","Guardian:Strike_Guardian+1","Guardian:Defend_Guardian+1","Guardian:Defend_Guardian+1","Guardian:Defend_Guardian+1","Guardian:Defend_Guardian+1","Guardian:CurlUp","Guardian:Planning+1","Guardian:SpikerProtocol","Guardian:Preprogram","Guardian:ChargeCore+1","Guardian:RollAttack","Guardian:ShieldCharger+1","Guardian:Clone","Guardian:BaubleBeam+1","Guardian:ChargeUp","Guardian:PiercingHide","Guardian:TimeCapacitor","Guardian:ChargeCore","Guardian:PiercingHide+1","Guardian:WalkerClaw+1","Guardian:Suspension+1","Guardian:TimeBomb","Guardian:ExploitGems","Guardian:Emergency+1","Guardian:Preprogram","Parasite","Guardian:PrismaticBeam+1","Guardian:Clone","Guardian:AncientConstruct","Parasite","Guardian:Gem_Cyan","expansioncontent:Collect","Guardian:Gem_Cyan"],"relics":["Guardian:ModeShifter","downfall:HeartsMalice","Whetstone","hubris:Potato","downfall:HeartBlessingRed","downfall:HeartBlessingGreen","Tiny House","downfall:HeartBlessingBlue","Blood Vial","Runic Pyramid","Vajra","Bronze Scales"],"acts_visited":["Exordium","TheCity","TheBeyond"],"potions_floor_usage":[9,16,16,26,27,28,28,33,38,38,38,50],"damage_taken":[{"damage":0,"enemies":"Jaw Worm","floor":2,"turns":1},{"damage":0,"enemies":"Small Slimes","floor":4,"turns":1},{"damage":0,"enemies":"Lagavulin","floor":6,"turns":1},{"damage":0,"enemies":"Cultist","floor":8,"turns":3},{"damage":37,"enemies":"3 Sentries","floor":9,"turns":15},{"damage":2,"enemies":"Large Slime","floor":11,"turns":6},{"damage":2,"enemies":"Red Slaver","floor":12,"turns":3},{"damage":0,"enemies":"downfall:FleeingMerchant","floor":14,"turns":4},{"damage":3,"enemies":"Large Slime","floor":15,"turns":6},{"damage":23,"enemies":"downfall:Defect","floor":16,"turns":11},{"damage":4,"enemies":"Shell Parasite","floor":19,"turns":6},{"damage":0,"enemies":"downfall:FleeingMerchant","floor":20,"turns":4},{"damage":14,"enemies":"Snake Plant","floor":21,"turns":5},{"damage":0,"enemies":"Snecko","floor":22,"turns":6},{"damage":8,"enemies":"Centurion and Healer","floor":26,"turns":6},{"damage":12,"enemies":"Snake Plant","floor":27,"turns":3},{"damage":8,"enemies":"Cultist and Chosen","floor":28,"turns":10},{"damage":3,"enemies":"Centurion and Healer","floor":30,"turns":7},{"damage":8,"enemies":"3 Cultists","floor":31,"turns":6},{"damage":1,"enemies":"Snake Plant","floor":32,"turns":3},{"damage":33,"enemies":"downfall:Silent","floor":33,"turns":8},{"damage":26,"enemies":"3 Darklings","floor":36,"turns":5},{"damage":3,"enemies":"3 Shapes","floor":37,"turns":5},{"damage":10,"enemies":"Writhing Mass","floor":38,"turns":7},{"damage":34,"enemies":"Sphere and 2 Shapes","floor":40,"turns":4},{"damage":0,"enemies":"downfall:FleeingMerchant","floor":43,"turns":4},{"damage":27,"enemies":"3 Darklings","floor":44,"turns":8},{"damage":5,"enemies":"Writhing Mass","floor":45,"turns":8},{"damage":46,"enemies":"Reptomancer","floor":47,"turns":7},{"damage":0,"enemies":"Jaw Worm Horde","floor":49,"turns":4},{"damage":12,"enemies":"downfall:Watcher","floor":50,"turns":12}],"seed_played":"-9097387802509857452","potions_obtained":[{"floor":8,"key":"champ:CounterPotion"},{"floor":9,"key":"Fruit Juice"},{"floor":11,"key":"Swift Potion"},{"floor":12,"key":"LiquidMemories"},{"floor":17,"key":"SneckoOil"},{"floor":21,"key":"hexamod:EctoCoolerPotion"},{"floor":27,"key":"Slimebound:ThreeZeroPotion"},{"floor":28,"key":"Regen Potion"},{"floor":33,"key":"sneckomod:MuddlingPotion"},{"floor":36,"key":"SneckoOil"},{"floor":37,"key":"champ:CounterPotion"},{"floor":47,"key":"ColorlessPotion"},{"floor":49,"key":"SteroidPotion"}],"is_trial":false,"path_per_floor":["R","M","?","M","?","E","T","M","E","R","M","M","R","$","M","B",null,"R","M","$","M","M","?","T","?","M","M","M","R","M","M","M","B",null,"R","M","M","M","?","M","T","R","$","M","M","R","E","?","M","B",null],"character_chosen":"GUARDIAN","items_purchased":["Guardian:Gem_Red","Guardian:PiercingHide","Guardian:TimeCapacitor","Guardian:Gem_Orange"],"campfire_rested":2,"item_purchase_floors":[14,20,20,43],"current_hp_per_floor":[80,80,80,80,80,80,80,80,43,43,41,39,39,39,36,13,85,95,91,91,77,77,77,77,77,71,61,60,60,59,53,54,35,100,100,74,73,65,65,33,33,63,65,40,37,67,23,23,25,15],"gold":118,"neow_bonus":"THREE_ENEMY_KILL","is_daily":false,"chose_seed":false,"campfire_upgraded":5,"win_rate":0.0,"timestamp":1608857043,"path_taken":["R","M","?","M","?","E","T","M","E","R","M","?","R","$","M","BOSS","R","M","$","M","M","?","T","?","M","?","M","R","M","M","M","BOSS","R","M","M","M","?","M","T","R","?","?","M","R","E","?","M","BOSS"],"items_purchased_type":["Card","Card","Card","Card"],"build_version":"2020-12-22","purchased_purges":1,"victory":true,"max_hp_per_floor":[80,80,80,80,80,80,80,80,80,80,80,80,80,80,80,80,85,95,95,95,95,95,95,95,95,95,95,100,100,100,100,100,100,100,100,100,100,100,100,100,100,100,100,100,100,100,100,100,100,100],"card_choices":[{"not_picked":["Guardian:VentSteam","Guardian:RefractedBeam"],"picked":"Guardian:Planning","floor":2},{"not_picked":["Guardian:TemporalShield","Guardian:TimeCapacitor"],"picked":"Guardian:SpikerProtocol","floor":4},{"not_picked":["Guardian:WalkerClaw","Guardian:VentSteam"],"picked":"Guardian:Preprogram","floor":6},{"not_picked":["Guardian:PiercingHide","Guardian:BronzeOrb"],"picked":"Guardian:Gem_Green","floor":8},{"not_picked":["Guardian:PolyBeam","Guardian:Gem_Fragmented"],"picked":"Guardian:ChargeCore","floor":9},{"not_picked":["Guardian:Harden","Guardian:TimeCapacitor"],"picked":"Guardian:RollAttack","floor":11},{"not_picked":["Guardian:Gem_Purple","Guardian:CrystalBeam"],"picked":"Guardian:ShieldCharger","floor":12},{"not_picked":["Guardian:TemporalStrike","Guardian:PrimingBeam"],"picked":"Guardian:Gem_Synthetic","floor":14},{"not_picked":["Guardian:PrismaticBarrier","Guardian:Incinerate"],"picked":"Guardian:Clone","floor":15},{"not_picked":["Guardian:ConstructionForm","Guardian:HyperBeam_Guardian"],"picked":"Guardian:BaubleBeam","floor":16},{"not_picked":["Guardian:Clone","Guardian:VentSteam"],"picked":"Guardian:Gem_Cyan","floor":17},{"not_picked":["Guardian:TemporalStrike","Guardian:ShieldCharger"],"picked":"Guardian:ChargeUp","floor":19},{"not_picked":["Guardian:ShieldCharger+1","Guardian:Gem_Green"],"picked":"Guardian:Gem_White","floor":20},{"not_picked":["Guardian:TemporalShield+1","Guardian:CrystalBeam"],"picked":"Guardian:ChargeCore","floor":21},{"not_picked":["Guardian:Suspension","Guardian:Emergency"],"picked":"Guardian:PiercingHide","floor":22},{"not_picked":["Guardian:TemporalShield","Guardian:Suspension"],"picked":"Guardian:WalkerClaw","floor":26},{"not_picked":["Guardian:ShieldCharger","Guardian:TemporalShield"],"picked":"Guardian:Suspension+1","floor":27},{"not_picked":["Guardian:WalkerClaw","Guardian:Gem_Synthetic"],"picked":"Guardian:Gem_Purple","floor":28},{"not_picked":["Guardian:Gem_Cyan","Guardian:RollAttack"],"picked":"Guardian:Gem_Lightblue","floor":30},{"not_picked":["Guardian:VentSteam","Guardian:TemporalStrike+1"],"picked":"Guardian:Gem_Lightblue","floor":31},{"not_picked":["Guardian:FloatingOrbs","Guardian:PrimingBeam"],"picked":"Guardian:TimeBomb","floor":32},{"not_picked":["Guardian:SphericShield","Guardian:AncientConstruct"],"picked":"Guardian:ExploitGems","floor":33},{"not_picked":["Guardian:Reroute","Guardian:Recover+1"],"picked":"Guardian:Emergency+1","floor":36},{"not_picked":["Guardian:Reroute","Guardian:WalkerClaw"],"picked":"Guardian:Preprogram","floor":37},{"not_picked":["Guardian:VentSteam+1","Guardian:PrimingBeam"],"picked":"Guardian:PrismaticBeam+1","floor":38},{"not_picked":["Guardian:Incinerate","Guardian:RefractedBeam"],"picked":"Guardian:Clone","floor":40},{"not_picked":["Guardian:Recover+1","Guardian:DecasProtection"],"picked":"Guardian:Gem_Cyan","floor":43},{"not_picked":["Guardian:BronzeOrb+1","Guardian:ShieldCharger"],"picked":"Guardian:AncientConstruct","floor":44},{"not_picked":["Guardian:RefractedBeam","Guardian:Recover+1"],"picked":"Guardian:Gem_Red","floor":45},{"not_picked":["Guardian:Gem_Fragmented","Guardian:Gem_Lightblue"],"picked":"Guardian:Gem_Cyan","floor":47},{"not_picked":["expansioncontent:Torchfire","expansioncontent:GoopSpray"],"picked":"expansioncontent:Collect","floor":48},{"not_picked":["Guardian:SpikerProtocol+1","Guardian:Reroute+1"],"picked":"Guardian:Gem_Cyan","floor":49}],"player_experience":190341,"relics_obtained":[{"floor":6,"key":"Whetstone"},{"floor":9,"key":"hubris:Potato"},{"floor":24,"key":"Blood Vial"},{"floor":41,"key":"Vajra"},{"floor":47,"key":"Bronze Scales"}],"event_choices":[{"damage_healed":0,"gold_gain":0,"player_choice":"Simplicity","damage_taken":0,"max_hp_gain":0,"max_hp_loss":0,"event_name":"Back to Basics","floor":25,"gold_loss":0,"cards_upgraded":["Guardian:Strike_Guardian","Guardian:Defend_Guardian","Guardian:Defend_Guardian","Guardian:Defend_Guardian","Guardian:Defend_Guardian"]}],"is_beta":false,"boss_relics":[{"not_picked":["Runic Dome","SlaversCollar"],"picked":"Tiny House"},{"not_picked":["Philosopher\u0027s Stone","Snecko Eye"],"picked":"Runic Pyramid"}],"items_purged_floors":[43],"is_endless":false,"potions_floor_spawned":[8,9,11,12,21,27,28,33,36,37,47,49],"ascension_level":0}}