{"host":"30jsp143e4v19aze","time":1608840313,"event":{"mods":["BaseMod","Colored Map","Colored Powertips","Curses Come First","DeckTracker","Highlight Path","Minty Spire (QoL Compilation)","Quick Restart","Relic Stats","StSLib","everything is the same but u backflip on backflip","slay the spire mod where everything is the same but ironclad has a cowboy hat"],"gold_per_floor":[119,119,119,131,18,51,67,93,93,112,112,141,159,169,169,169,169],"floor_reached":16,"playtime":743,"items_purged":[],"score":294,"play_id":"9df56168-8184-448e-a9bc-3362fb12210d","local_time":"20201224210513","is_ascension_mode":true,"campfire_choices":[{"floor":11,"key":"DIG"},{"floor":15,"key":"DIG"}],"circlet_count":0,"master_deck":["AscendersBane","Strike_G","Strike_G","Strike_G","Strike_G","Strike_G","Defend_G","Defend_G","Defend_G","Defend_G+1","Defend_G+1","Survivor","Neutralize","Predator","Bouncing Flask","Noxious Fumes","Poisoned Stab","Bane","Backflip","Backflip","PiercingWail"],"relics":["Ring of the Snake","NeowsBlessing","InkBottle","Mango","Shovel","PreservedInsect","CaptainsWheel","Art of War"],"acts_visited":["Exordium"],"potions_floor_usage":[8,8,14,16],"damage_taken":[{"damage":0,"enemies":"Cultist","floor":1,"turns":1},{"damage":0,"enemies":"Jaw Worm","floor":4,"turns":1},{"damage":0,"enemies":"Lagavulin","floor":6,"turns":2},{"damage":1,"enemies":"Small Slimes","floor":7,"turns":3},{"damage":31,"enemies":"3 Sentries","floor":8,"turns":7},{"damage":0,"enemies":"2 Fungi Beasts","floor":10,"turns":3},{"damage":9,"enemies":"Lagavulin","floor":12,"turns":6},{"damage":0,"enemies":"Blue Slaver","floor":13,"turns":4},{"damage":0,"enemies":"Gremlin Gang","floor":14,"turns":5},{"damage":15,"enemies":"Hexaghost","floor":16,"turns":9}],"seed_played":"-8276634861231279091","potions_obtained":[{"floor":1,"key":"EntropicBrew"},{"floor":4,"key":"SneckoOil"},{"floor":12,"key":"Fire Potion"}],"is_trial":false,"path_per_floor":["M","?","$","M","$","E","M","E","T","M","R","E","M","M","R","B"],"character_chosen":"THE_SILENT","items_purchased":["Noxious Fumes","Poisoned Stab"],"campfire_rested":0,"item_purchase_floors":[5,5],"current_hp_per_floor":[59,39,39,39,39,39,38,21,21,21,21,12,12,12,12,0,0],"gold":169,"neow_bonus":"THREE_ENEMY_KILL","is_daily":false,"chose_seed":false,"campfire_upgraded":0,"win_rate":0.0,"timestamp":1608840313,"path_taken":["M","?","?","M","$","E","M","E","T","M","R","E","M","M","R","BOSS"],"items_purchased_type":["Card","Card"],"build_version":"2020-12-22","purchased_purges":0,"victory":false,"max_hp_per_floor":[66,66,66,66,66,66,66,80,80,80,80,80,80,80,80,80,80],"relic_stats":{"Shovel":2,"counters":[10,41],"PreservedInsect":29,"Art of War":[1],"obtain_stats":[{"CaptainsWheel":12,"Shovel":9,"NeowsBlessing":0,"Mango":8,"PreservedInsect":11,"Art of War":15,"InkBottle":6,"Ring of the Snake":0},{"CaptainsWheel":7,"Shovel":5,"NeowsBlessing":0,"Mango":5,"PreservedInsect":6,"Art of War":9,"InkBottle":3,"Ring of the Snake":0},{"CaptainsWheel":23,"Shovel":14,"NeowsBlessing":0,"Mango":14,"PreservedInsect":17,"Art of War":32,"InkBottle":4,"Ring of the Snake":0}],"InkBottle":[9],"Ring of the Snake":[20]},"card_choices":[{"not_picked":["Dagger Spray","Quick Slash"],"picked":"Predator","floor":1},{"not_picked":["Sucker Punch","Bane"],"picked":"Bouncing Flask","floor":4},{"not_picked":["Dagger Throw","Outmaneuver"],"picked":"Bane","floor":6},{"not_picked":["Tactician","Flying Knee"],"picked":"Backflip","floor":7},{"not_picked":["Cloak And Dagger","Blade Dance","Skewer"],"picked":"SKIP","floor":8},{"not_picked":["Tools of the Trade","Dodge and Roll"],"picked":"Backflip","floor":10},{"not_picked":["Accuracy","Deflect","Acrobatics"],"picked":"SKIP","floor":12},{"not_picked":["Accuracy","Predator","Cloak And Dagger"],"picked":"SKIP","floor":13},{"not_picked":["Blade Dance","Outmaneuver"],"picked":"PiercingWail","floor":14}],"player_experience":3162333,"relics_obtained":[{"floor":6,"key":"InkBottle"},{"floor":8,"key":"Mango"},{"floor":9,"key":"Shovel"},{"floor":11,"key":"PreservedInsect"},{"floor":12,"key":"CaptainsWheel"},{"floor":15,"key":"Art of War"}],"event_choices":[{"damage_healed":0,"gold_gain":0,"player_choice":"Entered Light","damage_taken":20,"max_hp_gain":0,"max_hp_loss":0,"event_name":"Shining Light","floor":2,"gold_loss":0,"cards_upgraded":["Defend_G","Defend_G"]}],"is_beta":false,"boss_relics":[],"items_purged_floors":[],"is_endless":false,"potions_floor_spawned":[1,4,12],"killed_by":"Hexaghost","ascension_level":20}}