{"host":"ic2t2jxz7s3jvs1m","time":1608833465,"event":{"mods":["AchievementEnabler","Aspiration","BaseMod","Better Third Choice","Block Reminder","Colored Map","Conspire","Curses Come First","Downfall","Energized Spire","Halation","Hubris","Infinite Spire","Jess\u0027s Bottle","Minty Spire (QoL Compilation)","Quick Restart","Relic Stats","Replay The Spire","SacredBarkPlus","Small Relic Pack","StSLib","The Blue Laboratory","Trackpad","Transform Curses","Uncapped","vexMod"],"gold_per_floor":[99,110,123,123,159,159,182,210,227,242,255,255,255,272,287,387,1053,978,992,1002,1002,1012,1012,1062,1062,1062,1062],"floor_reached":25,"playtime":6285,"items_purged":["Pain"],"score":255,"play_id":"575e08c2-937e-43c8-8f69-ec6de78c4fac","local_time":"20201224121105","is_ascension_mode":false,"campfire_choices":[{"floor":1,"key":"DIG"},{"floor":13,"key":"RECALL"},{"floor":18,"key":"DIG"}],"circlet_count":0,"master_deck":["hexamod:Strike","hexamod:Strike+1","hexamod:Strike","hexamod:Defend","hexamod:Defend","hexamod:Defend","hexamod:Defend","hexamod:Sear","hexamod:Float","hexamod:SwordOfDarkness","hexamod:DynamicBlow+1","hexamod:HeatShield+1","hexamod:GhostShield","hexamod:Hexaguard","hexamod:ChargedBarrage","hexamod:BurningTouch","hexamod:FastForward","Regret","hexamod:WildfireWeapon","hexamod:ExtraCrispy","hexamod:EmpoweringStance","hexamod:EtherealExpedition","hexamod:PowerFromBeyond+1","hexamod:WildfireWeapon"],"relics":["hexamod:SpiritBrand","Replay:Baseball","hexamod:InflammatoryLetter","halation:EternalFortune","Garlic","Happy Flower","hubris:TenFootPole","vexMod:RockOfEvil","downfall:HeartBlessingRed","Counterbalance","WarpedTongs","Molten Egg 2"],"acts_visited":["Exordium","TheCity"],"potions_floor_usage":[16,19],"damage_taken":[{"damage":2,"enemies":"2 Louse","floor":2,"turns":2},{"damage":4,"enemies":"conspire:RoseBush","floor":3,"turns":2},{"damage":7,"enemies":"conspire:MimicChest","floor":5,"turns":4},{"damage":0,"enemies":"Replay:BlueRogue","floor":8,"turns":4},{"damage":0,"enemies":"infinitespire:Voidling","floor":9,"turns":3},{"damage":0,"enemies":"2 Fungi Beasts","floor":10,"turns":3},{"damage":1,"enemies":"Exordium Wildlife","floor":11,"turns":4},{"damage":3,"enemies":"Gremlin Gang","floor":14,"turns":4},{"damage":2,"enemies":"Large Slime","floor":15,"turns":3},{"damage":46,"enemies":"downfall:Defect","floor":16,"turns":6},{"damage":6,"enemies":"conspire:FuzzyDice","floor":19,"turns":8},{"damage":33,"enemies":"Chosen","floor":20,"turns":6},{"damage":20,"enemies":"conspire:HollyBat","floor":22,"turns":7},{"damage":29,"enemies":"Snecko","floor":25,"turns":5}],"seed_played":"432269550965046370","potions_obtained":[{"floor":3,"key":"champ:CounterPotion"},{"floor":5,"key":"blueLaboratory:PhilterOfMotion"},{"floor":8,"key":"ColorlessPotion"},{"floor":14,"key":"Adrenaline Potion"},{"floor":20,"key":"champ:CounterPotion"}],"is_trial":false,"path_per_floor":["R_BF","M","M","?","?","?","T","E","M","M","M","?","R","M","M","B",null,"R_BF","M","M","?","M","AVR","T","M"],"character_chosen":"THE_SPIRIT","items_purchased":[],"campfire_rested":0,"item_purchase_floors":[],"current_hp_per_floor":[70,68,64,67,60,60,60,60,63,63,62,62,62,59,57,11,76,76,70,37,37,17,17,17,0,0,0],"gold":1062,"neow_bonus":"RANDOM_COMMON_RELIC","is_daily":false,"chose_seed":false,"campfire_upgraded":0,"win_rate":0.0,"timestamp":1608833465,"path_taken":["R_BF","M","M","?","?","?","T","E","M","M","?","?","R","M","M","BOSS","R_BF","M","M","?","?","AVR","T","M"],"items_purchased_type":[],"build_version":"2020-12-22","purchased_purges":1,"victory":false,"max_hp_per_floor":[70,70,70,73,73,73,73,73,76,76,76,76,76,76,76,76,76,76,76,76,76,76,76,76,76,76,76],"relic_stats":{"Happy Flower":[17],"counters":[14,61],"obtain_stats":[{"Replay:Baseball":0,"Happy Flower":7,"downfall:HeartBlessingRed":18,"Counterbalance":18,"halation:EternalFortune":4,"Molten Egg 2":23,"hexamod:InflammatoryLetter":1,"Garlic":5,"hubris:TenFootPole":8,"vexMod:RockOfEvil":17,"hexamod:SpiritBrand":0,"WarpedTongs":21},{"Replay:Baseball":0,"Happy Flower":3,"downfall:HeartBlessingRed":10,"Counterbalance":10,"halation:EternalFortune":2,"Molten Egg 2":13,"hexamod:InflammatoryLetter":0,"Garlic":3,"hubris:TenFootPole":4,"vexMod:RockOfEvil":10,"hexamod:SpiritBrand":0,"WarpedTongs":12},{"Replay:Baseball":0,"Happy Flower":8,"downfall:HeartBlessingRed":35,"Counterbalance":35,"halation:EternalFortune":4,"Molten Egg 2":56,"hexamod:InflammatoryLetter":0,"Garlic":8,"hubris:TenFootPole":12,"vexMod:RockOfEvil":35,"hexamod:SpiritBrand":0,"WarpedTongs":49}],"WarpedTongs":[12]},"card_choices":[{"not_picked":["hexamod:NecessarySacrifice","hexamod:DynamicBlow"],"picked":"hexamod:SwordOfDarkness","floor":2},{"not_picked":["hexamod:CatchUp","hexamod:SuperheatedStrike"],"picked":"hexamod:DynamicBlow","floor":3},{"not_picked":["hexamod:GhostLash","hexamod:SkipABeat"],"picked":"hexamod:HeatShield","floor":5},{"not_picked":["hexamod:UnlimitedPower","hexamod:NightmareGuise"],"picked":"hexamod:Hexaguard","floor":8},{"not_picked":["hexamod:HauntingEcho","hexamod:Hexaguard"],"picked":"hexamod:ChargedBarrage","floor":9},{"not_picked":["hexamod:AdvancingGuard","hexamod:SwordOfDarkness"],"picked":"hexamod:BurningTouch","floor":10},{"not_picked":["hexamod:GhostOfSpirePresent","hexamod:RetreatToShadows"],"picked":"hexamod:FastForward","floor":11},{"not_picked":["hexamod:RainOfEmbers","hexamod:NightmareGuise"],"picked":"hexamod:WildfireWeapon","floor":14},{"not_picked":["hexamod:Firestarter","hexamod:NecessarySacrifice"],"picked":"hexamod:ExtraCrispy","floor":15},{"not_picked":["hexamod:Toasty","hexamod:GhostflameInferno"],"picked":"hexamod:EmpoweringStance","floor":16},{"not_picked":["hexamod:NecessarySacrifice","hexamod:InspiringFlames"],"picked":"hexamod:EtherealExpedition","floor":19},{"not_picked":["hexamod:Hexaguard","hexamod:GhostLash"],"picked":"hexamod:PowerFromBeyond+1","floor":20},{"not_picked":["hexamod:GhostLash","hexamod:BurningTouch"],"picked":"hexamod:WildfireWeapon","floor":22}],"player_experience":233957,"relics_obtained":[{"floor":1,"key":"hexamod:InflammatoryLetter"},{"floor":5,"key":"Garlic"},{"floor":7,"key":"Happy Flower"},{"floor":8,"key":"hubris:TenFootPole"},{"floor":9,"key":"halation:EternalFortune"},{"floor":18,"key":"Counterbalance"}],"event_choices":[{"damage_healed":0,"gold_gain":0,"cards_transformed":["hexamod:Strike"],"player_choice":"Transformed","damage_taken":0,"max_hp_gain":0,"max_hp_loss":0,"event_name":"Transmorgrifier","floor":6,"gold_loss":0,"cards_obtained":["hexamod:GhostShield"]},{"damage_healed":0,"gold_gain":0,"player_choice":"Rummage","damage_taken":0,"relics_obtained":["WarpedTongs"],"max_hp_gain":0,"max_hp_loss":0,"event_name":"Accursed Blacksmith","floor":21,"gold_loss":0,"cards_obtained":["Pain"]}],"is_beta":false,"boss_relics":[{"not_picked":["Tiny House","halation:Yufonium"],"picked":"vexMod:RockOfEvil"}],"items_purged_floors":[23],"is_endless":false,"potions_floor_spawned":[3,5,8,14,15,20],"killed_by":"Snecko","ascension_level":0}}