{"host":"diy71vlueofrnn1o","time":1608795883,"event":{"mods":["2.2 Compatiblity","AchievementEnabler","BaseMod","Best Route Mod","Colored Map","Curses Come First","DeckTracker","Minty Spire (QoL Compilation)","Quick Restart","Rare Cards Sparkle","StSLib","SuperFastMode"],"gold_per_floor":[117,136,154,168,118,152,152,186,186,206,219,6,35,55,55,156,156,166,11,26,26,26,26,26],"floor_reached":23,"playtime":817,"items_purged":[],"score":313,"play_id":"bacfadf1-9125-4632-b6cb-2b472a64d763","local_time":"20201224084443","is_ascension_mode":true,"campfire_choices":[{"data":"Glass Knife","floor":7,"key":"SMITH"},{"floor":15,"key":"DIG"}],"circlet_count":0,"master_deck":["Strike_G","Strike_G","Strike_G","Strike_G","Defend_G","Defend_G","Defend_G","Defend_G","Defend_G","Survivor","Neutralize","CurseOfTheBell","Riddle With Holes","Dagger Spray","Glass Knife+1","Slice","Dash","Cloak And Dagger","Catalyst","Infinite Blades","Accuracy","Die Die Die","Glass Knife","Dodge and Roll+1"],"relics":["Calling Bell","Orichalcum","White Beast Statue","Bird Faced Urn","Ninja Scroll","Snake Skull","Pear","Nunchaku","Shovel","Strawberry","Black Star","HandDrill","InkBottle"],"acts_visited":["Exordium","TheCity"],"potions_floor_usage":[4,6,6,8,10,11,14,16],"damage_taken":[{"damage":5,"enemies":"Cultist","floor":1,"turns":5},{"damage":3,"enemies":"Small Slimes","floor":2,"turns":3},{"damage":3,"enemies":"Jaw Worm","floor":3,"turns":3},{"damage":5,"enemies":"Looter","floor":4,"turns":2},{"damage":18,"enemies":"Lagavulin","floor":6,"turns":5},{"damage":6,"enemies":"Gremlin Nob","floor":8,"turns":3},{"damage":0,"enemies":"Lots of Slimes","floor":10,"turns":1},{"damage":0,"enemies":"Red Slaver","floor":11,"turns":3},{"damage":9,"enemies":"3 Sentries","floor":13,"turns":9},{"damage":4,"enemies":"Exordium Wildlife","floor":14,"turns":4},{"damage":35,"enemies":"The Guardian","floor":16,"turns":10},{"damage":9,"enemies":"Shell Parasite","floor":18,"turns":4},{"damage":6,"enemies":"2 Thieves","floor":20,"turns":3},{"damage":47,"enemies":"Slavers","floor":23,"turns":4}],"seed_played":"1677364333417539754","potions_obtained":[{"floor":1,"key":"SmokeBomb"},{"floor":2,"key":"PowerPotion"},{"floor":3,"key":"LiquidBronze"},{"floor":4,"key":"FearPotion"},{"floor":6,"key":"Swift Potion"},{"floor":8,"key":"SteroidPotion"},{"floor":10,"key":"Fruit Juice"},{"floor":11,"key":"Energy Potion"},{"floor":13,"key":"SpeedPotion"},{"floor":14,"key":"DistilledChaos"},{"floor":16,"key":"Block Potion"},{"floor":18,"key":"LiquidMemories"}],"is_trial":false,"path_per_floor":["M","M","M","M","?","E","R","E","T","M","M","$","E","M","R","B",null,"M","$","M","?","T","E"],"character_chosen":"THE_SILENT","items_purchased":["Nunchaku","Accuracy","HandDrill"],"campfire_rested":0,"item_purchase_floors":[12,12,19],"current_hp_per_floor":[58,55,52,47,47,31,31,25,35,35,40,40,35,35,42,11,72,67,67,63,45,45,0,0],"gold":26,"neow_bonus":"BOSS_RELIC","is_daily":false,"chose_seed":false,"campfire_upgraded":1,"win_rate":0.0,"timestamp":1608795883,"path_taken":["M","M","M","M","?","E","R","E","T","M","M","$","E","M","R","BOSS","M","$","M","?","?","E"],"items_purchased_type":["Relic","Card","Relic"],"build_version":"2020-12-22","purchased_purges":0,"victory":false,"max_hp_per_floor":[70,70,70,70,70,70,70,70,80,80,85,85,85,85,92,92,92,92,92,92,97,97,97,97],"card_choices":[{"not_picked":["Expertise","Backflip"],"picked":"Riddle With Holes","floor":1},{"not_picked":["Leg Sweep","Outmaneuver"],"picked":"Dagger Spray","floor":2},{"not_picked":["Deflect","Backflip"],"picked":"Glass Knife","floor":3},{"not_picked":["Bane","Deflect"],"picked":"Slice","floor":4},{"not_picked":["Backflip","Acrobatics"],"picked":"Dash","floor":6},{"not_picked":["Burst","Outmaneuver"],"picked":"Cloak And Dagger","floor":8},{"not_picked":["Sucker Punch","Masterful Stab"],"picked":"Catalyst","floor":10},{"not_picked":["Slice","Acrobatics"],"picked":"Infinite Blades","floor":11},{"not_picked":["Escape Plan","Outmaneuver","Underhanded Strike"],"picked":"SKIP","floor":13},{"not_picked":["Slice","Dagger Throw"],"picked":"Die Die Die","floor":14},{"not_picked":["Tools of the Trade","Night Terror"],"picked":"Glass Knife","floor":16},{"not_picked":["Distraction","Eviscerate","Dodge and Roll"],"picked":"SKIP","floor":18},{"not_picked":["Deadly Poison","Quick Slash"],"picked":"Dodge and Roll+1","floor":20}],"player_experience":385726,"relics_obtained":[{"floor":0,"key":"Orichalcum"},{"floor":0,"key":"White Beast Statue"},{"floor":0,"key":"Bird Faced Urn"},{"floor":6,"key":"Ninja Scroll"},{"floor":8,"key":"Snake Skull"},{"floor":9,"key":"Pear"},{"floor":13,"key":"Shovel"},{"floor":15,"key":"Strawberry"},{"floor":22,"key":"InkBottle"}],"event_choices":[{"cards_removed":["Strike_G"],"damage_healed":0,"gold_gain":0,"player_choice":"Card Removal","damage_taken":0,"max_hp_gain":0,"max_hp_loss":0,"event_name":"The Cleric","floor":5,"gold_loss":50},{"damage_healed":0,"gold_gain":0,"player_choice":"Shed Blood","damage_taken":23,"max_hp_gain":5,"max_hp_loss":0,"event_name":"Forgotten Altar","floor":21,"gold_loss":0}],"is_beta":false,"boss_relics":[{"not_picked":["Snecko Eye","Ectoplasm"],"picked":"Black Star"}],"items_purged_floors":[],"is_endless":false,"potions_floor_spawned":[1,2,3,4,6,8,10,11,13,14,16,18,20],"killed_by":"Slavers","ascension_level":7}}