{"host":"c2og1cp357bgjv9b","time":1608792378,"event":{"mods":["BaseMod","Colored Map","Minty Spire (QoL Compilation)","Replay The Spire","StSLib"],"gold_per_floor":[110,110,123,123,21,53,53,73,73,88,88,40,52,69,69,166,166,176,176,188,32,47,47,63,78,78,110,110,139,158,212,212,212,212],"floor_reached":33,"playtime":1930,"items_purged":["Defend_R"],"score":364,"play_id":"fd36a478-a14f-47d3-822f-3a4c7a34b172","local_time":"20201224144618","is_ascension_mode":false,"campfire_choices":[{"data":"Perfected Strike","floor":15,"key":"SMITH"},{"data":"Shrug It Off","floor":23,"key":"SMITH"},{"floor":28,"key":"REST"},{"floor":32,"key":"REST"}],"circlet_count":0,"master_deck":["Strike_R","Strike_R","Strike_R","Strike_R","Strike_R","Defend_R","Defend_R","Bash","Thunderclap","Perfected Strike+1","Flex","Shrug It Off","Shrug It Off+1","Perfected Strike+1","True Grit","Double Tap","Perfected Strike","Pommel Strike","Perfected Strike","Twin Strike+1"],"relics":["Black Blood","Bottled Flame","Red Skull","Omamori","Mirror","ReplayTheSpireMod:Spearhead","Darkstone Periapt","Meat on the Bone"],"acts_visited":["Exordium","TheCity"],"potions_floor_usage":[6,16,25,27,27,27,27,27,33,33],"damage_taken":[{"damage":7,"enemies":"2 Louse","floor":1,"turns":3},{"damage":5,"enemies":"Small Slimes","floor":3,"turns":3},{"damage":65,"enemies":"Lagavulin","floor":6,"turns":9},{"damage":1,"enemies":"Cultist","floor":8,"turns":3},{"damage":5,"enemies":"2 Fungi Beasts","floor":10,"turns":3},{"damage":5,"enemies":"Red Slaver","floor":13,"turns":2},{"damage":0,"enemies":"Large Slime","floor":14,"turns":4},{"damage":0,"enemies":"Slime Boss","floor":16,"turns":4},{"damage":25,"enemies":"Shell Parasite","floor":18,"turns":5},{"damage":14,"enemies":"Spheric Guardian","floor":20,"turns":4},{"damage":51,"enemies":"Snake Plant","floor":22,"turns":5},{"damage":10,"enemies":"Centurion and Healer","floor":24,"turns":6},{"damage":20,"enemies":"Sentry and Sphere","floor":25,"turns":4},{"damage":38,"enemies":"Book of Stabbing","floor":27,"turns":5},{"damage":38,"enemies":"Slavers","floor":29,"turns":6},{"damage":9,"enemies":"Snake Plant","floor":30,"turns":4},{"damage":58,"enemies":"Collector","floor":33,"turns":5}],"seed_played":"-3014418226584750921","potions_obtained":[{"floor":3,"key":"Fire Potion"},{"floor":8,"key":"BlessingOfTheForge"},{"floor":14,"key":"Strength Potion"},{"floor":24,"key":"BloodPotion"},{"floor":25,"key":"EntropicBrew"},{"floor":29,"key":"Ancient Potion"},{"floor":30,"key":"Fire Potion"},{"floor":31,"key":"SneckoOil"}],"is_trial":false,"path_per_floor":["M","?","M","?","$","E","?","M","T","M","?","$","M","M","R","B",null,"M","?","M","$","M","R","M","M","T","E","R","E","M","?","R_BF","B"],"character_chosen":"IRONCLAD","items_purchased":["Shrug It Off","Shrug It Off","Omamori"],"campfire_rested":2,"item_purchase_floors":[5,12,21],"current_hp_per_floor":[79,84,85,78,78,19,19,24,24,25,25,25,26,32,32,38,85,72,72,70,70,31,31,33,42,42,16,41,15,18,18,43,0,0],"gold":212,"neow_bonus":"THREE_CARDS","is_daily":false,"chose_seed":false,"campfire_upgraded":2,"win_rate":0.0,"timestamp":1608792378,"path_taken":["M","?","M","?","$","E","?","M","T","M","?","$","?","M","R","BOSS","M","?","?","$","M","R","M","M","T","E","R","E","M","?","R_BF","BOSS"],"items_purchased_type":["Card","Card","Relic"],"build_version":"2020-12-22","purchased_purges":1,"victory":false,"max_hp_per_floor":[80,85,85,85,85,85,85,85,85,85,85,85,85,85,85,85,85,85,85,85,85,85,85,85,85,85,85,85,85,85,85,85,85,85],"card_choices":[{"not_picked":["Armaments","Twin Strike"],"picked":"Thunderclap","floor":0},{"not_picked":["Clothesline","Heavy Blade"],"picked":"Perfected Strike","floor":1},{"not_picked":["Thunderclap","Intimidate"],"picked":"Flex","floor":3},{"not_picked":["Pummel","Bloodletting","Headbutt"],"picked":"SKIP","floor":6},{"not_picked":["Life Link","Abandon","ReplayReversal"],"picked":"SKIP","floor":8},{"not_picked":["Entrench","ReplayTheSpireMod:Strike From Hell","Warcry"],"picked":"SKIP","floor":10},{"not_picked":["Body Slam","ReplayTheSpireMod:Strike From Hell","ReplayTheSpireMod:Stacked"],"picked":"SKIP","floor":13},{"not_picked":["Armaments","Fiend Fire"],"picked":"Perfected Strike","floor":14},{"not_picked":["Sword Boomerang","ReplayTheSpireMod:Muscle Training"],"picked":"True Grit","floor":18},{"not_picked":["Thunderclap","ReplayTheSpireMod:Stacked","Bloodletting"],"picked":"SKIP","floor":20},{"not_picked":["Entrench+1","Headbutt"],"picked":"Double Tap","floor":22},{"not_picked":["Abandon","Iron Wave+1"],"picked":"Perfected Strike","floor":24},{"not_picked":["ReplayTheSpireMod:Corrosion Curse","Iron Wave","Infernal Blade"],"picked":"SKIP","floor":25},{"not_picked":["Rage","Demonic Infusion"],"picked":"Pommel Strike","floor":27},{"not_picked":["Anger","Thunderclap","Combust"],"picked":"SKIP","floor":29},{"not_picked":["Twin Strike","Clash"],"picked":"Perfected Strike","floor":30},{"not_picked":["Blood for Blood","Clothesline"],"picked":"Twin Strike+1","floor":31}],"player_experience":112958,"relics_obtained":[{"floor":6,"key":"Bottled Flame"},{"floor":9,"key":"Red Skull"},{"floor":26,"key":"Mirror"},{"floor":27,"key":"ReplayTheSpireMod:Spearhead"},{"floor":29,"key":"Darkstone Periapt"},{"floor":31,"key":"Meat on the Bone"}],"event_choices":[{"damage_healed":0,"gold_gain":0,"player_choice":"Donut","damage_taken":0,"max_hp_gain":5,"max_hp_loss":0,"event_name":"Big Fish","floor":2,"gold_loss":0},{"cards_removed":["Defend_R"],"damage_healed":0,"gold_gain":0,"player_choice":"Card Removal","damage_taken":7,"max_hp_gain":0,"max_hp_loss":0,"event_name":"Golden Wing","floor":4,"gold_loss":0},{"damage_healed":0,"gold_gain":0,"player_choice":"Grow","damage_taken":0,"max_hp_gain":0,"max_hp_loss":0,"event_name":"Living Wall","floor":7,"gold_loss":0,"cards_upgraded":["Perfected Strike"]},{"damage_healed":0,"gold_gain":0,"player_choice":"Ignored","damage_taken":0,"max_hp_gain":0,"max_hp_loss":0,"event_name":"NoteForYourself","floor":11,"gold_loss":0},{"damage_healed":0,"gold_gain":0,"player_choice":"Bought 0 Potions","damage_taken":0,"max_hp_gain":0,"max_hp_loss":0,"event_name":"The Woman in Blue","floor":19,"gold_loss":0}],"is_beta":false,"boss_relics":[{"not_picked":["ReplayTheSpireMod:DimensionalGlitch","Tiny House"],"picked":"Black Blood"}],"items_purged_floors":[5],"is_endless":false,"potions_floor_spawned":[3,8,14,24,25,29,30],"killed_by":"Collector","ascension_level":0}}