{"host":"2461dio7vetlq1z3","time":1608770205,"event":{"mods":["2.2 Compatiblity","AchievementEnabler","Aspiration","BaseMod","Better Third Choice","Hermit","Marisa????????","Minty Spire (QoL Compilation)","Relic Stats","Spicy Shops","StSLib","The Runesmith","Waifu the Spire"],"gold_per_floor":[116,116,126,146,146,146,163,197,197,197,212,223,223,248,248,321,321,339,353,353,371,5,5,34,34,34,34,34],"floor_reached":27,"playtime":1418,"items_purged":["Strike_B"],"score":462,"play_id":"72c5d36b-5056-4272-b736-0dc04a20728a","local_time":"20201224013645","is_ascension_mode":true,"campfire_choices":[{"data":"Streamline","floor":6,"key":"SMITH"},{"data":"Neutralize","floor":10,"key":"SMITH"},{"data":"Defragment","floor":13,"key":"SMITH"},{"data":"Doom and Gloom","floor":15,"key":"SMITH"},{"floor":23,"key":"REST"},{"data":"Recycle","floor":25,"key":"SMITH"}],"circlet_count":0,"master_deck":["AscendersBane","Strike_B","Defend_B","Defend_B","Defend_B","Zap","Dualcast","Compile Driver","Neutralize+1","Flying Knee","Electrodynamics","Streamline+1","Glacier","Glacier","Doom and Gloom+1","Defragment+1","Biased Cognition","Redo","Loop","Go for the Eyes","Core Surge","Recycle+1","Biased Cognition"],"relics":["Cracked Core","aspiration:Nostalgia","MiniHakkero","aspiration:DSix","aspiration:ChemicalBlood","Ancient Tea Set","Runic Pyramid","aspiration:Stabinomicon","Bottled Flame"],"acts_visited":["Exordium","TheCity"],"potions_floor_usage":[14,16,19,24,24],"damage_taken":[{"damage":0,"enemies":"2 Louse","floor":1,"turns":2},{"damage":0,"enemies":"Cultist","floor":3,"turns":3},{"damage":2,"enemies":"Jaw Worm","floor":4,"turns":4},{"damage":3,"enemies":"Exordium Wildlife","floor":7,"turns":3},{"damage":19,"enemies":"Lagavulin","floor":8,"turns":4},{"damage":6,"enemies":"Lots of Slimes","floor":11,"turns":2},{"damage":5,"enemies":"2 Fungi Beasts","floor":12,"turns":3},{"damage":14,"enemies":"3 Sentries","floor":14,"turns":5},{"damage":14,"enemies":"Hexaghost","floor":16,"turns":9},{"damage":5,"enemies":"Shell Parasite","floor":18,"turns":6},{"damage":28,"enemies":"2 Thieves","floor":19,"turns":3},{"damage":0,"enemies":"Cultist and Chosen","floor":21,"turns":5},{"damage":34,"enemies":"Book of Stabbing","floor":24,"turns":7},{"damage":16,"enemies":"Shelled Parasite and Fungi","floor":27,"turns":1}],"seed_played":"-4772223977292194356","potions_obtained":[{"floor":1,"key":"Regen Potion"},{"floor":4,"key":"BlessingOfTheForge"},{"floor":11,"key":"Weak Potion"}],"is_trial":false,"path_per_floor":["M","?","M","M","?","R","M","E","T","R","M","M","R","E","R","B",null,"M","M","?","M","$","R","E","R","T","M"],"character_chosen":"DEFECT","items_purchased":["Core Surge","Recycle"],"campfire_rested":1,"item_purchase_floors":[22,22],"current_hp_per_floor":[64,64,64,62,62,62,59,40,40,40,34,29,29,29,29,15,57,52,24,24,24,24,45,11,11,11,0,0],"gold":34,"neow_bonus":"NOSTALGIA","is_daily":false,"chose_seed":false,"campfire_upgraded":5,"win_rate":0.0,"timestamp":1608770205,"path_taken":["M","?","M","M","?","R","M","E","T","R","M","?","R","E","R","BOSS","M","M","?","M","$","R","E","R","T","M"],"items_purchased_type":["Card","Card"],"build_version":"2020-12-22","purchased_purges":1,"victory":false,"max_hp_per_floor":[71,71,71,71,71,71,71,71,71,71,71,71,71,71,71,71,71,71,71,71,71,71,71,71,71,71,71,71],"relic_stats":{"counters":[14,57],"obtain_stats":[{"Bottled Flame":26,"aspiration:Nostalgia":0,"aspiration:Stabinomicon":24,"MiniHakkero":0,"Cracked Core":0,"aspiration:DSix":8,"Ancient Tea Set":14,"aspiration:ChemicalBlood":9,"Runic Pyramid":17},{"Bottled Flame":13,"aspiration:Nostalgia":0,"aspiration:Stabinomicon":13,"MiniHakkero":0,"Cracked Core":0,"aspiration:DSix":5,"Ancient Tea Set":8,"aspiration:ChemicalBlood":5,"Runic Pyramid":9},{"Bottled Flame":56,"aspiration:Nostalgia":0,"aspiration:Stabinomicon":56,"MiniHakkero":0,"Cracked Core":0,"aspiration:DSix":16,"Ancient Tea Set":26,"aspiration:ChemicalBlood":16,"Runic Pyramid":35}]},"card_choices":[{"not_picked":["Hologram","Gash"],"picked":"Compile Driver","floor":1},{"not_picked":["Stack","Hologram"],"picked":"Electrodynamics","floor":3},{"not_picked":["Blizzard","Aggregate"],"picked":"Streamline","floor":4},{"not_picked":["Rebound","Gash"],"picked":"Glacier","floor":7},{"not_picked":["aspiration:Polymerization","BootSequence"],"picked":"Glacier","floor":8},{"not_picked":["Multi-Cast","Scrape"],"picked":"Doom and Gloom","floor":11},{"not_picked":["Stack","Cold Snap"],"picked":"Defragment","floor":12},{"not_picked":["Force Field","Sweeping Beam","Cold Snap"],"picked":"SKIP","floor":14},{"not_picked":["Electrodynamics","Creative AI"],"picked":"Biased Cognition","floor":16},{"not_picked":["Cold Snap","Sweeping Beam+1"],"picked":"Redo","floor":18},{"not_picked":["Go for the Eyes","Streamline"],"picked":"Loop","floor":19},{"not_picked":["Sunder","Sweeping Beam"],"picked":"Go for the Eyes","floor":21},{"not_picked":["Darkness+1","Cold Snap"],"picked":"Biased Cognition","floor":24}],"player_experience":977537,"relics_obtained":[{"floor":8,"key":"aspiration:DSix"},{"floor":9,"key":"aspiration:ChemicalBlood"},{"floor":14,"key":"Ancient Tea Set"},{"floor":24,"key":"aspiration:Stabinomicon"},{"floor":26,"key":"Bottled Flame"}],"event_choices":[{"cards_removed":["Reflex"],"damage_healed":0,"gold_gain":0,"player_choice":"Purged","damage_taken":0,"max_hp_gain":0,"max_hp_loss":0,"event_name":"Purifier","floor":5,"gold_loss":0},{"damage_healed":0,"gold_gain":0,"player_choice":"Ignored","damage_taken":0,"max_hp_gain":0,"max_hp_loss":0,"event_name":"The Mausoleum","floor":20,"gold_loss":0}],"is_beta":false,"boss_relics":[{"not_picked":["Sozu","aspiration:SilentSkillbook"],"picked":"Runic Pyramid"}],"items_purged_floors":[22],"is_endless":false,"potions_floor_spawned":[1,4,11,12,18,19],"killed_by":"Shelled Parasite and Fungi","ascension_level":18}}