{"host":"jlioisuqr94vbevf","time":1608805216,"event":{"mods":["BaseMod","Colored Powertips","Minty Spire (QoL Compilation)","StSLib"],"gold_per_floor":[109,122,139,162,12,48,48,86,110,152,152,152,190,222,222,329,329,353,362,147,156,176,176,220,19,42,42,42,56,16,36,36,145,145,174,174,174,193,70,70,92,29,29,39,52,52,52,83,83,83],"floor_reached":51,"playtime":3031,"items_purged":["Writhe","Strike_G","Strike_G"],"score":890,"play_id":"74d1dd81-b304-41eb-bce1-5870013dccd5","local_time":"20201224112016","is_ascension_mode":true,"campfire_choices":[{"data":"Venomology","floor":7,"key":"SMITH"},{"data":"After Image","floor":11,"key":"SMITH"},{"floor":15,"key":"REST"},{"data":"Terror","floor":23,"key":"SMITH"},{"data":"Blade Dance","floor":27,"key":"SMITH"},{"floor":32,"key":"REST"},{"data":"Glass Knife","floor":40,"key":"SMITH"},{"data":"Defend_G","floor":46,"key":"SMITH"},{"floor":49,"key":"REST"}],"circlet_count":0,"master_deck":["Strike_G","Strike_G","Strike_G+1","Defend_G+1","Defend_G","Defend_G+1","Defend_G","Defend_G+1","Survivor+1","Neutralize+1","Flash of Steel","Blade Dance","Venomology+1","Backstab","Leg Sweep+1","Footwork","After Image+1","Sucker Punch","Infinite Blades","Dagger Throw","Quick Slash","Glass Knife","Footwork+1","Terror+1","Glass Knife+1","Caltrops","Backflip+1","Blade Dance+1","Prepared","Accuracy","Prepared","Unload","Cloak And Dagger+1","Acrobatics","Dash+1","Finisher+1","Deflect"],"relics":["Ring of the Snake","CeramicFish","Membership Card","Prayer Wheel","Ancient Tea Set","Pear","WristBlade","Tough Bandages","Akabeko","Sling","War Paint","Bottled Flame","DollysMirror","Nunchaku","StrikeDummy","Philosopher\u0027s Stone","Whetstone","Singing Bowl"],"acts_visited":["Exordium","TheCity","TheBeyond"],"potions_floor_usage":[3,6,6,8,10,16,16,16,24,33,33,33,41,45,48,50,50,50],"damage_taken":[{"damage":2,"enemies":"Cultist","floor":1,"turns":4},{"damage":0,"enemies":"Jaw Worm","floor":2,"turns":3},{"damage":5,"enemies":"Small Slimes","floor":3,"turns":3},{"damage":10,"enemies":"Gremlin Nob","floor":6,"turns":3},{"damage":0,"enemies":"3 Louse","floor":8,"turns":3},{"damage":7,"enemies":"Lagavulin","floor":10,"turns":14},{"damage":0,"enemies":"Exordium Thugs","floor":13,"turns":5},{"damage":1,"enemies":"Looter","floor":14,"turns":3},{"damage":18,"enemies":"Hexaghost","floor":16,"turns":10},{"damage":0,"enemies":"Spheric Guardian","floor":18,"turns":2},{"damage":0,"enemies":"Chosen","floor":22,"turns":4},{"damage":9,"enemies":"Slavers","floor":24,"turns":4},{"damage":0,"enemies":"Shelled Parasite and Fungi","floor":29,"turns":3},{"damage":7,"enemies":"Cultist and Chosen","floor":31,"turns":4},{"damage":60,"enemies":"Champ","floor":33,"turns":9},{"damage":7,"enemies":"3 Shapes","floor":35,"turns":2},{"damage":0,"enemies":"Orb Walker","floor":38,"turns":2},{"damage":9,"enemies":"Maw","floor":41,"turns":6},{"damage":0,"enemies":"Transient","floor":44,"turns":5},{"damage":0,"enemies":"Spire Growth","floor":45,"turns":3},{"damage":0,"enemies":"Maw","floor":48,"turns":5},{"damage":47,"enemies":"Awakened One","floor":50,"turns":11}],"seed_played":"8351163997743173002","potions_obtained":[{"floor":2,"key":"Poison Potion"},{"floor":6,"key":"GamblersBrew"},{"floor":10,"key":"LiquidBronze"},{"floor":13,"key":"PowerPotion"},{"floor":22,"key":"SpeedPotion"},{"floor":29,"key":"CultistPotion"},{"floor":33,"key":"Regen Potion"},{"floor":41,"key":"Poison Potion"},{"floor":44,"key":"Energy Potion"},{"floor":45,"key":"SkillPotion"},{"floor":48,"key":"DuplicationPotion"}],"is_trial":false,"path_per_floor":["M","M","M","T","$","E","R","M","T","E","R","?","M","M","R","B",null,"M","?","$","?","M","R","E","$","T","R","T","M","$","M","R","B",null,"M","?","?","M","$","R","M","$","T","M","M","R","?","M","R","B",null],"character_chosen":"THE_SILENT","items_purchased":["Membership Card","Akabeko","Sling","Terror","Bottled Flame","DollysMirror","Prepared","Accuracy","Whetstone"],"campfire_rested":3,"item_purchase_floors":[5,20,20,20,25,25,30,30,39],"current_hp_per_floor":[61,61,56,56,56,46,46,46,46,49,49,33,33,32,56,38,70,70,70,70,70,70,70,61,61,61,61,61,61,61,54,78,18,65,58,58,58,58,58,58,58,58,58,62,66,66,66,66,88,41],"gold":83,"neow_bonus":"RANDOM_COLORLESS","is_daily":false,"chose_seed":false,"campfire_upgraded":6,"win_rate":0.0,"timestamp":1608805216,"path_taken":["M","M","?","?","$","E","R","M","T","E","R","?","M","M","R","BOSS","M","?","$","?","?","R","E","$","T","R","?","M","?","M","R","BOSS","M","?","?","M","$","R","M","$","T","M","?","R","?","M","R","BOSS"],"items_purchased_type":["Relic","Relic","Relic","Card","Relic","Relic","Card","Card","Relic"],"build_version":"2020-12-22","purchased_purges":3,"victory":true,"max_hp_per_floor":[70,70,70,70,70,70,70,70,70,80,80,80,80,80,80,80,80,80,80,80,80,80,80,80,80,80,80,80,80,80,80,80,80,80,80,80,80,80,80,80,80,80,80,84,88,88,88,88,88,88],"card_choices":[{"not_picked":["Deep Breath","Mind Blast"],"picked":"Flash of Steel","floor":0},{"not_picked":["Acrobatics","Cloak And Dagger"],"picked":"Blade Dance","floor":1},{"not_picked":["Dagger Throw","Cloak And Dagger"],"picked":"Venomology","floor":2},{"not_picked":["Endless Agony","Skewer"],"picked":"Backstab","floor":3},{"not_picked":["Bouncing Flask","Bane"],"picked":"Leg Sweep","floor":6},{"not_picked":["Deflect","Acrobatics"],"picked":"Footwork","floor":8},{"not_picked":["Flying Knee","Dodge and Roll"],"picked":"After Image","floor":8},{"not_picked":["Endless Agony","Slice"],"picked":"Sucker Punch","floor":10},{"not_picked":["Slice","Underhanded Strike"],"picked":"Infinite Blades","floor":13},{"not_picked":["Flying Knee","Poisoned Stab"],"picked":"Dagger Throw","floor":13},{"not_picked":["Outmaneuver","Setup"],"picked":"Quick Slash","floor":14},{"not_picked":["Deadly Poison","Leg Sweep"],"picked":"Masterful Stab","floor":14},{"not_picked":["Malaise","A Thousand Cuts"],"picked":"Glass Knife","floor":16},{"not_picked":["Poisoned Stab+1","Sucker Punch"],"picked":"Footwork+1","floor":18},{"not_picked":["Expertise","Deadly Poison+1","Quick Slash"],"picked":"SKIP","floor":18},{"not_picked":["Quick Slash","Catalyst+1"],"picked":"Caltrops","floor":22},{"not_picked":["Tactician","Concentrate","Endless Agony"],"picked":"SKIP","floor":22},{"not_picked":["Setup","Doppelganger"],"picked":"Backflip+1","floor":24},{"not_picked":["Blade Dance","Poisoned Stab+1","PiercingWail"],"picked":"SKIP","floor":29},{"not_picked":["PiercingWail","Predator","Crippling Poison"],"picked":"SKIP","floor":29},{"not_picked":["Cloak And Dagger","Masterful Stab"],"picked":"Prepared","floor":31},{"not_picked":["Deadly Poison+1","Riddle With Holes","Noxious Fumes"],"picked":"SKIP","floor":31},{"not_picked":["Phantasmal Killer","Storm of Steel"],"picked":"Unload","floor":33},{"not_picked":["Deflect","Riddle With Holes"],"picked":"Cloak And Dagger+1","floor":35},{"not_picked":["PiercingWail","Riddle With Holes+1","Dagger Spray"],"picked":"SKIP","floor":35},{"not_picked":["Deflect","Backflip"],"picked":"Acrobatics","floor":38},{"not_picked":["Accuracy+1","Backflip","Cloak And Dagger"],"picked":"SKIP","floor":38},{"not_picked":["Dagger Throw+1","Bouncing Flask+1"],"picked":"Dash+1","floor":41},{"not_picked":["Heel Hook","Grand Finale","Backflip+1"],"picked":"SKIP","floor":41},{"not_picked":["Expertise+1","Backflip+1","Outmaneuver+1"],"picked":"Singing Bowl","floor":44},{"not_picked":["Outmaneuver+1","Well Laid Plans+1","Flying Knee+1"],"picked":"Singing Bowl","floor":44},{"not_picked":["Distraction","Bullet Time","Terror+1"],"picked":"Singing Bowl","floor":45},{"not_picked":["Backflip+1","Outmaneuver+1","Quick Slash"],"picked":"Singing Bowl","floor":45},{"not_picked":["Prepared+1","Sucker Punch+1"],"picked":"Finisher+1","floor":48},{"not_picked":["Backstab","Setup"],"picked":"Deflect","floor":48}],"player_experience":345643,"relics_obtained":[{"floor":4,"key":"CeramicFish"},{"floor":6,"key":"Prayer Wheel"},{"floor":9,"key":"Ancient Tea Set"},{"floor":10,"key":"Pear"},{"floor":24,"key":"War Paint"},{"floor":26,"key":"Nunchaku"},{"floor":28,"key":"StrikeDummy"},{"floor":43,"key":"Singing Bowl"}],"event_choices":[{"damage_healed":0,"gold_gain":0,"player_choice":"Entered Light","damage_taken":16,"max_hp_gain":0,"max_hp_loss":0,"event_name":"Shining Light","floor":12,"gold_loss":0,"cards_upgraded":["Defend_G","Leg Sweep"]},{"damage_healed":0,"gold_gain":0,"player_choice":"Opened","damage_taken":0,"relics_obtained":["Tough Bandages"],"max_hp_gain":0,"max_hp_loss":0,"event_name":"The Mausoleum","floor":19,"gold_loss":0,"cards_obtained":["Writhe"]},{"damage_healed":0,"gold_gain":0,"player_choice":"Copied","damage_taken":0,"max_hp_gain":0,"max_hp_loss":0,"event_name":"Duplicator","floor":21,"gold_loss":0,"cards_obtained":["Glass Knife"]},{"damage_healed":0,"gold_gain":0,"player_choice":"Ignored","damage_taken":0,"max_hp_gain":0,"max_hp_loss":0,"event_name":"Mysterious Sphere","floor":36,"gold_loss":0},{"damage_healed":0,"gold_gain":0,"player_choice":"Ignored","damage_taken":0,"max_hp_gain":0,"max_hp_loss":0,"event_name":"Tomb of Lord Red Mask","floor":37,"gold_loss":0},{"cards_removed":["Masterful Stab"],"damage_healed":0,"gold_gain":0,"player_choice":"Removed Attack","damage_taken":0,"max_hp_gain":0,"max_hp_loss":0,"event_name":"Falling","floor":47,"gold_loss":0}],"is_beta":false,"boss_relics":[{"not_picked":["SlaversCollar","Ectoplasm"],"picked":"WristBlade"},{"not_picked":["Velvet Choker","Busted Crown"],"picked":"Philosopher\u0027s Stone"}],"items_purged_floors":[20,39,42],"is_endless":false,"potions_floor_spawned":[2,6,10,13,22,24,29,33,41,44,45,48],"ascension_level":6}}