{"host":"d50bw6kybq14xu1u","time":1608824434,"event":{"mods":["BaseMod","Colored Map","Colored Powertips","Minty Spire (QoL Compilation)","Quick Restart"],"gold_per_floor":[113,288,20,20,32,32,59,59,59,84,84,98,116,149,149,253,253,263,276,276,276,290,321,321,350,350,367,367,397,148,168,168,273,273,284,299,299,72,124,157,157,183,183,215,215,226,254,267,267,267,267],"floor_reached":50,"playtime":1586,"items_purged":["Doubt"],"score":747,"play_id":"a2593132-74e9-4fde-987e-8b1238c4faf0","local_time":"20201224234034","is_ascension_mode":true,"campfire_choices":[{"data":"Bash","floor":6,"key":"SMITH"},{"data":"Pommel Strike","floor":8,"key":"SMITH"},{"data":"Armaments","floor":15,"key":"SMITH"},{"data":"Limit Break","floor":24,"key":"SMITH"},{"data":"RitualDagger","floor":32,"key":"SMITH"},{"data":"Offering","floor":49,"key":"SMITH"}],"circlet_count":0,"master_deck":["Strike_R","Strike_R","Strike_R+1","Strike_R","Strike_R","Defend_R","Defend_R","Defend_R","Bash+1","Pommel Strike+1","Cleave+1","Armaments+1","Rupture","Limit Break+1","RitualDagger+1","Clothesline+1","Infernal Blade+1","Whirlwind","Pommel Strike+1","Bandage Up","Offering+1","Twin Strike"],"relics":["Burning Blood","NeowsBlessing","ClockworkSouvenir","Ornamental Fan","Strawberry","Darkstone Periapt","Mercury Hourglass","CaptainsWheel","Busted Crown","HornCleat","Boot","Sundial","Anchor","Matryoshka","Mark of Pain","Chemical X","Gambling Chip","Juzu Bracelet","Oddly Smooth Stone","Red Skull","Meat on the Bone","Whetstone","Omamori"],"acts_visited":["Exordium","TheCity","TheBeyond"],"potions_floor_usage":[25,33,33,36,50,50,50],"damage_taken":[{"damage":0,"enemies":"Jaw Worm","floor":1,"turns":1},{"damage":0,"enemies":"Cultist","floor":5,"turns":1},{"damage":0,"enemies":"Lagavulin","floor":7,"turns":1},{"damage":9,"enemies":"3 Sentries","floor":10,"turns":6},{"damage":2,"enemies":"Small Slimes","floor":12,"turns":2},{"damage":14,"enemies":"3 Louse","floor":13,"turns":2},{"damage":31,"enemies":"Lagavulin","floor":14,"turns":5},{"damage":19,"enemies":"Slime Boss","floor":16,"turns":8},{"damage":0,"enemies":"Spheric Guardian","floor":18,"turns":4},{"damage":6,"enemies":"Chosen","floor":19,"turns":4},{"damage":6,"enemies":"Sentry and Sphere","floor":22,"turns":4},{"damage":20,"enemies":"Book of Stabbing","floor":23,"turns":4},{"damage":0,"enemies":"Gremlin Leader","floor":25,"turns":5},{"damage":17,"enemies":"Snake Plant","floor":27,"turns":4},{"damage":21,"enemies":"Book of Stabbing","floor":29,"turns":5},{"damage":0,"enemies":"Cultist and Chosen","floor":31,"turns":4},{"damage":50,"enemies":"Champ","floor":33,"turns":11},{"damage":6,"enemies":"3 Shapes","floor":35,"turns":2},{"damage":10,"enemies":"3 Darklings","floor":36,"turns":4},{"damage":17,"enemies":"2 Orb Walkers","floor":39,"turns":4},{"damage":47,"enemies":"Giant Head","floor":40,"turns":7},{"damage":46,"enemies":"Reptomancer","floor":42,"turns":7},{"damage":6,"enemies":"Nemesis","floor":44,"turns":5},{"damage":0,"enemies":"Jaw Worm Horde","floor":46,"turns":1},{"damage":34,"enemies":"Reptomancer","floor":47,"turns":5},{"damage":10,"enemies":"Writhing Mass","floor":48,"turns":3},{"damage":77,"enemies":"Donu and Deca","floor":50,"turns":6}],"seed_played":"-5192185301163685240","potions_obtained":[{"floor":10,"key":"Explosive Potion"},{"floor":12,"key":"ElixirPotion"},{"floor":13,"key":"Strength Potion"},{"floor":19,"key":"AttackPotion"},{"floor":23,"key":"ColorlessPotion"},{"floor":25,"key":"SpeedPotion"},{"floor":33,"key":"BlessingOfTheForge"},{"floor":35,"key":"Explosive Potion"},{"floor":36,"key":"Strength Potion"},{"floor":45,"key":"CultistPotion"},{"floor":45,"key":"BloodPotion"}],"is_trial":false,"path_per_floor":["M","?","$","?","M","R","E","R","T","E","?","M","M","E","R","B",null,"M","M","?","?","M","E","R","E","T","M","?","E","$","M","R","B",null,"M","M","?","$","?","E","?","E","T","E","?","M","E","M","R","B"],"character_chosen":"IRONCLAD","items_purchased":["ClockworkSouvenir","Pommel Strike","Matryoshka","Offering","Chemical X"],"campfire_rested":0,"item_purchase_floors":[3,3,30,38,38],"current_hp_per_floor":[80,80,80,80,80,80,87,87,87,84,84,87,79,54,54,41,87,87,87,87,81,81,67,67,73,73,62,62,47,47,53,53,9,87,87,83,83,83,76,39,44,8,8,26,26,48,36,50,50,0,0],"gold":267,"neow_bonus":"THREE_ENEMY_KILL","is_daily":false,"chose_seed":false,"campfire_upgraded":6,"win_rate":0.0,"timestamp":1608824434,"path_taken":["M","?","$","?","?","R","E","R","T","E","?","M","M","E","R","BOSS","M","M","?","?","M","E","R","E","T","M","?","E","$","M","R","BOSS","M","M","?","$","?","E","?","E","T","E","?","M","E","M","R","BOSS"],"items_purchased_type":["Relic","Card","Relic","Card","Relic"],"build_version":"2020-12-22","purchased_purges":1,"victory":false,"max_hp_per_floor":[80,80,80,80,80,80,87,87,87,87,87,87,87,87,87,87,87,87,87,87,87,87,87,87,87,87,87,87,87,87,87,87,87,87,87,87,87,87,87,87,87,87,87,87,87,87,87,87,87,87,87],"card_choices":[{"not_picked":["Clothesline","Thunderclap"],"picked":"Pommel Strike","floor":1},{"not_picked":["Whirlwind","Burning Pact"],"picked":"Cleave","floor":5},{"not_picked":["Headbutt","Wild Strike"],"picked":"Cleave","floor":7},{"not_picked":["Battle Trance","Hemokinesis","Dropkick"],"picked":"SKIP","floor":10},{"not_picked":["Wild Strike","True Grit","Body Slam"],"picked":"SKIP","floor":12},{"not_picked":["Burning Pact","Power Through"],"picked":"Armaments","floor":13},{"not_picked":["Carnage","Impervious"],"picked":"Rupture","floor":14},{"not_picked":["Berserk","Reaper"],"picked":"Limit Break","floor":16},{"not_picked":["Warcry+1"],"picked":"SKIP","floor":18},{"not_picked":["Second Wind"],"picked":"SKIP","floor":19},{"not_picked":[],"picked":"Clothesline+1","floor":22},{"not_picked":[],"picked":"Infernal Blade+1","floor":23},{"not_picked":["Warcry"],"picked":"SKIP","floor":25},{"not_picked":["Ghostly Armor+1"],"picked":"SKIP","floor":27},{"not_picked":[],"picked":"Pommel Strike+1","floor":29},{"not_picked":["Armaments"],"picked":"SKIP","floor":31},{"not_picked":["Anger+1"],"picked":"SKIP","floor":35},{"not_picked":["Feel No Pain"],"picked":"SKIP","floor":36},{"not_picked":[],"picked":"Bandage Up","floor":37},{"not_picked":["Cleave"],"picked":"SKIP","floor":40},{"not_picked":["Ghostly Armor+1"],"picked":"SKIP","floor":42},{"not_picked":["Limit Break"],"picked":"SKIP","floor":44},{"not_picked":["Thunderclap"],"picked":"SKIP","floor":46},{"not_picked":[],"picked":"Twin Strike","floor":47},{"not_picked":["Wild Strike"],"picked":"SKIP","floor":48}],"player_experience":5700,"relics_obtained":[{"floor":7,"key":"Strawberry"},{"floor":9,"key":"Darkstone Periapt"},{"floor":10,"key":"Mercury Hourglass"},{"floor":14,"key":"CaptainsWheel"},{"floor":23,"key":"HornCleat"},{"floor":25,"key":"Boot"},{"floor":26,"key":"Sundial"},{"floor":29,"key":"Anchor"},{"floor":39,"key":"Gambling Chip"},{"floor":40,"key":"Juzu Bracelet"},{"floor":42,"key":"Oddly Smooth Stone"},{"floor":43,"key":"Red Skull"},{"floor":43,"key":"Meat on the Bone"},{"floor":44,"key":"Whetstone"},{"floor":47,"key":"Omamori"}],"event_choices":[{"damage_healed":0,"gold_gain":175,"player_choice":"AGREE","damage_taken":0,"max_hp_gain":0,"max_hp_loss":0,"event_name":"Liars Game","floor":2,"gold_loss":0,"cards_obtained":["Doubt"]},{"cards_removed":["Pommel Strike"],"damage_healed":0,"gold_gain":0,"player_choice":"Gave Card","damage_taken":0,"relics_obtained":["Ornamental Fan"],"max_hp_gain":0,"max_hp_loss":0,"event_name":"WeMeetAgain","floor":4,"gold_loss":0},{"damage_healed":0,"gold_gain":0,"player_choice":"0 cards matched","damage_taken":0,"max_hp_gain":0,"max_hp_loss":0,"event_name":"Match and Keep!","floor":11,"gold_loss":0,"cards_obtained":[]},{"damage_healed":0,"gold_gain":0,"player_choice":"Ignored","damage_taken":0,"max_hp_gain":0,"max_hp_loss":0,"event_name":"Vampires","floor":20,"gold_loss":0},{"damage_healed":0,"gold_gain":0,"player_choice":"Joined the Cult","damage_taken":6,"max_hp_gain":0,"max_hp_loss":0,"event_name":"Nest","floor":21,"gold_loss":0,"cards_obtained":["RitualDagger"]},{"damage_healed":0,"gold_gain":0,"cards_transformed":["Defend_R"],"player_choice":"Transformed","damage_taken":0,"max_hp_gain":0,"max_hp_loss":0,"event_name":"Transmorgrifier","floor":28,"gold_loss":0,"cards_obtained":["Whirlwind"]},{"damage_healed":0,"gold_gain":0,"player_choice":"Memory 1","damage_taken":0,"max_hp_gain":0,"max_hp_loss":0,"event_name":"SensoryStone","floor":37,"gold_loss":0},{"damage_healed":0,"gold_gain":0,"player_choice":"Fight","damage_taken":0,"max_hp_gain":0,"max_hp_loss":0,"event_name":"Mysterious Sphere","floor":39,"gold_loss":0},{"cards_removed":["Cleave"],"damage_healed":5,"gold_gain":0,"player_choice":"Offered Common","damage_taken":0,"max_hp_gain":0,"max_hp_loss":0,"event_name":"Bonfire Elementals","floor":41,"gold_loss":0},{"cards_removed":["Cleave"],"damage_healed":5,"gold_gain":0,"player_choice":"Offered Special","damage_taken":0,"max_hp_gain":0,"max_hp_loss":0,"event_name":"Bonfire Elementals","floor":41,"gold_loss":0},{"damage_healed":0,"gold_gain":0,"player_choice":"Got Potions","damage_taken":0,"max_hp_gain":0,"max_hp_loss":0,"event_name":"Lab","floor":45,"gold_loss":0}],"is_beta":false,"boss_relics":[{"not_picked":["SacredBark","Runic Cube"],"picked":"Busted Crown"},{"not_picked":["Astrolabe","Sozu"],"picked":"Mark of Pain"}],"items_purged_floors":[3],"is_endless":false,"potions_floor_spawned":[10,12,13,16,19,23,25,31,33,35,36,40,47],"killed_by":"Donu and Deca","ascension_level":1}}