{"host":"uuxww4b5od0o4ivw","time":1608798528,"event":{"mods":["BaseMod","Downfall","Minty Spire (QoL Compilation)","StSLib","The Necromancer"],"gold_per_floor":[99,99,99,116,136,136,205,55,75,91,76,92,127,145,162,162,162,162],"floor_reached":16,"playtime":606,"items_purged":[],"score":129,"play_id":"8ae9632a-52fd-4365-8c78-94c75012e2a6","local_time":"20201223222848","is_ascension_mode":false,"campfire_choices":[{"floor":1,"key":"RECALL"},{"data":"Slimebound:Split","floor":8,"key":"SMITH"}],"circlet_count":0,"master_deck":["Slimebound:Strike_Slimebound","Slimebound:Strike_Slimebound","Slimebound:Strike_Slimebound","Slimebound:Tackle","Slimebound:Defend_Slimebound","Slimebound:Defend_Slimebound","Slimebound:Defend_Slimebound","Slimebound:Defend_Slimebound","Slimebound:Split+1","Slimebound:CorrosiveSpit","Slimebound:RejuvenatingLick","Slimebound:SplitMire","Slimebound:Schlurp","Slimebound:SpikyOuterGoop","Slimebound:SamplingLick"],"relics":["Slimebound:AbsorbEndCombat","downfall:HeartBlessingBlue","downfall:HeartBlessingRed","Nunchaku"],"acts_visited":["Exordium"],"potions_floor_usage":[16,16,16],"damage_taken":[{"damage":4,"enemies":"2 Louse","floor":4,"turns":3},{"damage":10,"enemies":"Jaw Worm","floor":5,"turns":4},{"damage":0,"enemies":"Cultist","floor":6,"turns":1},{"damage":43,"enemies":"Exordium Thugs","floor":9,"turns":5},{"damage":15,"enemies":"Red Slaver","floor":10,"turns":5},{"damage":17,"enemies":"downfall:FleeingMerchant","floor":11,"turns":4},{"damage":12,"enemies":"Large Slime","floor":12,"turns":4},{"damage":29,"enemies":"Lagavulin","floor":13,"turns":7},{"damage":38,"enemies":"Exordium Thugs","floor":14,"turns":6},{"damage":16,"enemies":"2 Fungi Beasts","floor":15,"turns":3},{"damage":50,"enemies":"downfall:Watcher","floor":16,"turns":8}],"seed_played":"-7920535563141734878","potions_obtained":[{"floor":4,"key":"LiquidBronze"},{"floor":10,"key":"Fire Potion"},{"floor":12,"key":"Guardian:BlockOnCardUsePotion"}],"is_trial":false,"path_per_floor":["R","?","?","M","M","M","T","R","M","M","$","M","E","M","M","B"],"character_chosen":"SLIMEBOUND","items_purchased":[],"campfire_rested":0,"item_purchase_floors":[],"current_hp_per_floor":[66,66,66,66,63,63,63,73,46,45,50,60,51,35,37,0,0,0],"gold":162,"neow_bonus":"TEN_PERCENT_HP_BONUS","is_daily":false,"chose_seed":false,"campfire_upgraded":1,"win_rate":0.0,"timestamp":1608798528,"path_taken":["R","?","?","M","M","M","T","R","M","M","$","?","E","M","M","BOSS"],"items_purchased_type":[],"build_version":"2020-12-22","purchased_purges":0,"victory":false,"max_hp_per_floor":[66,66,66,66,66,66,66,76,76,76,76,76,76,76,76,76,76,76],"card_choices":[{"not_picked":["Slimebound:GoopTackle","Slimebound:Schlurp"],"picked":"Slimebound:RejuvenatingLick","floor":4},{"not_picked":["Slimebound:Replication","Slimebound:ViciousTackle","Slimebound:FlameTackle"],"picked":"SKIP","floor":5},{"not_picked":["Slimebound:GrowthPunch","Slimebound:SplitAcid","Slimebound:OneTwoCombo"],"picked":"SKIP","floor":6},{"not_picked":["Slimebound:PressTheAttack","Slimebound:FinishingTackle","Slimebound:GoopTackle"],"picked":"SKIP","floor":9},{"not_picked":["Slimebound:FlameTackle","Slimebound:HungryTackle"],"picked":"Slimebound:SplitMire","floor":10},{"not_picked":["Slimebound:SplitLeeching","Slimebound:LeadByExample"],"picked":"Slimebound:Schlurp","floor":11},{"not_picked":["Slimebound:FlameTackle","Slimebound:RollThrough","Slimebound:SlimeTap"],"picked":"SKIP","floor":12},{"not_picked":["Slimebound:SplitAcid","Slimebound:LeechEnergy"],"picked":"Slimebound:SpikyOuterGoop","floor":13},{"not_picked":["Slimebound:Equalize","Slimebound:ComboTackle","Slimebound:SplitLeeching"],"picked":"SKIP","floor":14},{"not_picked":["Slimebound:RollThrough","Slimebound:ItLooksTasty"],"picked":"Slimebound:SamplingLick","floor":15}],"player_experience":66492,"relics_obtained":[{"floor":13,"key":"Nunchaku"}],"event_choices":[],"is_beta":false,"boss_relics":[],"items_purged_floors":[],"is_endless":false,"potions_floor_spawned":[4,10,12,14],"killed_by":"downfall:Watcher","ascension_level":0}}