{"host":"fne7yx97fnz7kq05","time":1608839153,"event":{"mods":["BaseMod","Colored Map","Colored Powertips","Highlight Path","Minty Spire (QoL Compilation)","Relic Stats"],"gold_per_floor":[116,191,0,0,0,34,34,66,66,66,66,66,95,108,108,181,181,196,47,47,47,0,25,25,25,25,35,65,65,79,114,114,193,193,209,257,257,35,35,35,62,76,102,129,141,70,99,58,58,58,58,58,7,42,42],"floor_reached":56,"playtime":7032,"items_purged":["Defend_G"],"score":2339,"play_id":"fa4d738f-c86d-4098-9fec-5647ff626bd9","local_time":"20201224134553","is_ascension_mode":true,"campfire_choices":[{"data":"Well Laid Plans","floor":7,"key":"SMITH"},{"data":"Bouncing Flask","floor":10,"key":"SMITH"},{"data":"Blade Dance","floor":12,"key":"SMITH"},{"data":"Leg Sweep","floor":15,"key":"SMITH"},{"floor":24,"key":"REST"},{"floor":29,"key":"RECALL"},{"floor":32,"key":"REST"},{"floor":40,"key":"REST"},{"floor":49,"key":"REST"},{"floor":52,"key":"REST"}],"circlet_count":0,"master_deck":["AscendersBane","Defend_G","Defend_G+1","Defend_G","Defend_G","Survivor","Neutralize","Blade Dance+1","Bouncing Flask+1","After Image+1","Sucker Punch","Deadly Poison","Deflect+1","Well Laid Plans+1","PiercingWail","Leg Sweep+1","Corpse Explosion","Malaise","Doppelganger","PiercingWail","Endless Agony","Noxious Fumes","Prepared+1","Tools of the Trade","Night Terror+1","Corpse Explosion+1","Acrobatics","Adrenaline","Escape Plan","Noxious Fumes"],"relics":["Ring of the Snake","NeowsBlessing","Orrery","Bottled Lightning","Incense Burner","Potion Belt","Lizard Tail","Thread and Needle","Fusion Hammer","PreservedInsect","Mercury Hourglass","Boot","Snake Skull","Astrolabe","Tingsha","Medical Kit","White Beast Statue","Bronze Scales","StoneCalendar","Toy Ornithopter","HornCleat"],"acts_visited":["Exordium","TheCity","TheBeyond","TheEnding"],"potions_floor_usage":[30,36,55,55,55],"damage_taken":[{"damage":0,"enemies":"Small Slimes","floor":1,"turns":1},{"damage":0,"enemies":"3 Sentries","floor":6,"turns":1},{"damage":0,"enemies":"Lagavulin","floor":8,"turns":1},{"damage":23,"enemies":"Gremlin Nob","floor":13,"turns":5},{"damage":0,"enemies":"2 Louse","floor":14,"turns":5},{"damage":0,"enemies":"The Guardian","floor":16,"turns":13},{"damage":2,"enemies":"Spheric Guardian","floor":18,"turns":4},{"damage":3,"enemies":"Slavers","floor":23,"turns":4},{"damage":0,"enemies":"Shell Parasite","floor":27,"turns":6},{"damage":0,"enemies":"Book of Stabbing","floor":28,"turns":7},{"damage":0,"enemies":"Sentry and Sphere","floor":30,"turns":3},{"damage":0,"enemies":"Gremlin Leader","floor":31,"turns":6},{"damage":0,"enemies":"Automaton","floor":33,"turns":12},{"damage":0,"enemies":"3 Shapes","floor":35,"turns":4},{"damage":22,"enemies":"2 Orb Walkers","floor":36,"turns":6},{"damage":9,"enemies":"Reptomancer","floor":41,"turns":5},{"damage":0,"enemies":"Orb Walker","floor":42,"turns":5},{"damage":0,"enemies":"Giant Head","floor":44,"turns":8},{"damage":6,"enemies":"Spire Growth","floor":45,"turns":5},{"damage":0,"enemies":"Nemesis","floor":47,"turns":7},{"damage":21,"enemies":"Awakened One","floor":50,"turns":19},{"damage":19,"enemies":"Shield and Spear","floor":54,"turns":4},{"damage":27,"enemies":"The Heart","floor":55,"turns":9}],"seed_played":"2966554963865131833","potions_obtained":[{"floor":13,"key":"Dexterity Potion"},{"floor":14,"key":"LiquidMemories"},{"floor":16,"key":"SkillPotion"},{"floor":18,"key":"ColorlessPotion"},{"floor":28,"key":"Energy Potion"},{"floor":33,"key":"SteroidPotion"},{"floor":36,"key":"LiquidBronze"},{"floor":45,"key":"Fire Potion"},{"floor":54,"key":"Ancient Potion"}],"is_trial":false,"path_per_floor":["M","?","$","?","?","E","R","E","T","R","T","R","E","M","R","B",null,"M","$","?","?","$","E","R","?","T","M","E","R","M","E","R","B",null,"M","?","?","$","?","R","E","M","T","E","M","$","E","$","R","B",null,"R","$","E","B",null],"character_chosen":"THE_SILENT","items_purchased":["Orrery","Well Laid Plans","PreservedInsect","PiercingWail","Medical Kit","Escape Plan","Noxious Fumes","ColorlessPotion"],"campfire_rested":5,"item_purchase_floors":[3,3,19,22,38,46,48,53],"current_hp_per_floor":[63,52,52,52,38,38,38,38,38,38,38,38,15,15,15,15,56,54,54,41,41,41,38,60,60,60,60,60,60,60,60,75,75,75,75,53,53,53,53,75,66,66,66,66,60,60,60,60,75,54,70,75,75,56,44],"gold":42,"neow_bonus":"THREE_ENEMY_KILL","is_daily":false,"chose_seed":false,"campfire_upgraded":4,"win_rate":0.0,"timestamp":1608839153,"path_taken":["M","?","$","?","?","E","R","E","T","R","?","R","E","?","R","BOSS","M","$","?","?","?","E","R","?","T","M","E","R","?","E","R","BOSS","M","?","?","$","?","R","E","M","T","E","?","?","E","$","R","BOSS","R","$","E","BOSS"],"items_purchased_type":["Relic","Card","Relic","Card","Relic","Card","Card","Potion"],"build_version":"2020-12-22","purchased_purges":1,"victory":true,"max_hp_per_floor":[70,70,70,70,70,70,70,70,70,70,70,70,70,70,70,70,70,70,70,75,75,75,75,75,75,75,75,75,75,75,75,75,75,75,75,75,75,75,75,75,75,75,75,75,75,75,75,75,75,75,75,75,75,75,75],"relic_stats":{"counters":[23,139],"Astrolabe":["Night Terror","Corpse Explosion","Dagger Throw"],"Tingsha":[196],"StoneCalendar":[128],"PreservedInsect":451,"Snake Skull":[164],"Boot":[153],"Medical Kit":[12],"Mercury Hourglass":[371],"Lizard Tail":0,"Bronze Scales":[301],"obtain_stats":[{"Potion Belt":9,"NeowsBlessing":0,"Astrolabe":34,"Thread and Needle":13,"Tingsha":36,"StoneCalendar":44,"PreservedInsect":19,"Snake Skull":31,"Incense Burner":8,"Boot":28,"Medical Kit":38,"White Beast Statue":41,"Mercury Hourglass":23,"Lizard Tail":11,"HornCleat":54,"Bronze Scales":43,"Orrery":3,"Fusion Hammer":17,"Bottled Lightning":6,"Toy Ornithopter":47,"Ring of the Snake":0},{"Potion Belt":3,"NeowsBlessing":0,"Astrolabe":13,"Thread and Needle":4,"Tingsha":15,"StoneCalendar":18,"PreservedInsect":7,"Snake Skull":12,"Incense Burner":3,"Boot":10,"Medical Kit":15,"White Beast Statue":16,"Mercury Hourglass":8,"Lizard Tail":3,"HornCleat":22,"Bronze Scales":17,"Orrery":1,"Fusion Hammer":6,"Bottled Lightning":2,"Toy Ornithopter":20,"Ring of the Snake":0},{"Potion Belt":3,"NeowsBlessing":0,"Astrolabe":68,"Thread and Needle":8,"Tingsha":78,"StoneCalendar":95,"PreservedInsect":30,"Snake Skull":56,"Incense Burner":3,"Boot":47,"Medical Kit":78,"White Beast Statue":83,"Mercury Hourglass":34,"Lizard Tail":3,"HornCleat":130,"Bronze Scales":87,"Orrery":1,"Fusion Hammer":26,"Bottled Lightning":2,"Toy Ornithopter":107,"Ring of the Snake":0}],"Toy Ornithopter":15,"Ring of the Snake":[46]},"card_choices":[{"not_picked":["Riddle With Holes","Backflip"],"picked":"Blade Dance","floor":1},{"not_picked":["Escape Plan","Outmaneuver"],"picked":"Bouncing Flask","floor":3},{"not_picked":["Outmaneuver","Underhanded Strike"],"picked":"After Image","floor":3},{"not_picked":["Poisoned Stab","Slice"],"picked":"Sucker Punch","floor":3},{"not_picked":["Backflip","Dagger Spray"],"picked":"Deadly Poison","floor":3},{"not_picked":["Flying Knee","Setup"],"picked":"Deflect","floor":3},{"not_picked":["Outmaneuver","Bane","Poisoned Stab"],"picked":"SKIP","floor":6},{"not_picked":["Deadly Poison","Prepared"],"picked":"PiercingWail","floor":8},{"not_picked":["Backflip","Outmaneuver"],"picked":"Leg Sweep","floor":13},{"not_picked":["Backstab","Poisoned Stab"],"picked":"Corpse Explosion","floor":14},{"not_picked":["Storm of Steel","Burst"],"picked":"Malaise","floor":16},{"not_picked":["Infinite Blades","Calculated Gamble","Concentrate"],"picked":"SKIP","floor":18},{"not_picked":["Flying Knee","Quick Slash","Leg Sweep"],"picked":"SKIP","floor":23},{"not_picked":["Blade Dance","Flying Knee"],"picked":"Noxious Fumes","floor":27},{"not_picked":["Endless Agony+1","Blade Dance"],"picked":"Prepared+1","floor":28},{"not_picked":["Leg Sweep","Reflex","Predator"],"picked":"SKIP","floor":30},{"not_picked":["Cloak And Dagger","Eviscerate"],"picked":"Tools of the Trade","floor":31},{"not_picked":["Sucker Punch","Dash+1","Outmaneuver"],"picked":"SKIP","floor":35},{"not_picked":["Bouncing Flask","Outmaneuver","Quick Slash"],"picked":"SKIP","floor":41},{"not_picked":["Dagger Throw","Blade Dance","Dagger Spray"],"picked":"SKIP","floor":42},{"not_picked":["Leg Sweep","Infinite Blades+1"],"picked":"Acrobatics","floor":44},{"not_picked":["Distraction+1","Backstab"],"picked":"Adrenaline","floor":45},{"not_picked":["Bane","Underhanded Strike","PiercingWail"],"picked":"SKIP","floor":47},{"not_picked":["Quick Slash","Cloak And Dagger","Slice"],"picked":"SKIP","floor":54}],"player_experience":181626,"relics_obtained":[{"floor":6,"key":"Bottled Lightning"},{"floor":8,"key":"Incense Burner"},{"floor":9,"key":"Potion Belt"},{"floor":11,"key":"Lizard Tail"},{"floor":13,"key":"Thread and Needle"},{"floor":23,"key":"Mercury Hourglass"},{"floor":28,"key":"Boot"},{"floor":31,"key":"Snake Skull"},{"floor":36,"key":"Tingsha"},{"floor":41,"key":"White Beast Statue"},{"floor":43,"key":"Bronze Scales"},{"floor":44,"key":"StoneCalendar"},{"floor":47,"key":"Toy Ornithopter"},{"floor":54,"key":"HornCleat"}],"event_choices":[{"damage_healed":0,"gold_gain":75,"player_choice":"Gather Gold","damage_taken":11,"max_hp_gain":0,"max_hp_loss":0,"event_name":"World of Goop","floor":2,"gold_loss":0},{"damage_healed":0,"gold_gain":0,"player_choice":"Grow","damage_taken":0,"max_hp_gain":0,"max_hp_loss":0,"event_name":"Living Wall","floor":4,"gold_loss":0,"cards_upgraded":["After Image"]},{"damage_healed":0,"gold_gain":0,"player_choice":"Entered Light","damage_taken":14,"max_hp_gain":0,"max_hp_loss":0,"event_name":"Shining Light","floor":5,"gold_loss":0,"cards_upgraded":["Defend_G","Deflect"]},{"damage_healed":0,"gold_gain":0,"player_choice":"Shed Blood","damage_taken":18,"max_hp_gain":5,"max_hp_loss":0,"event_name":"Forgotten Altar","floor":20,"gold_loss":0},{"damage_healed":0,"gold_gain":0,"cards_transformed":["Strike_G","Strike_G"],"player_choice":"Became Test Subject","damage_taken":0,"max_hp_gain":0,"max_hp_loss":0,"event_name":"Drug Dealer","floor":21,"gold_loss":0,"cards_obtained":["Concentrate","Doppelganger"]},{"damage_healed":0,"gold_gain":0,"cards_transformed":["Strike_G"],"player_choice":"Transformed","damage_taken":0,"max_hp_gain":0,"max_hp_loss":0,"event_name":"Transmorgrifier","floor":25,"gold_loss":0,"cards_obtained":["Endless Agony"]},{"damage_healed":0,"gold_gain":0,"player_choice":"Fight","damage_taken":0,"max_hp_gain":0,"max_hp_loss":0,"event_name":"Mysterious Sphere","floor":36,"gold_loss":0},{"cards_removed":["Dagger Throw"],"damage_healed":0,"gold_gain":0,"player_choice":"Removed Attack","damage_taken":0,"max_hp_gain":0,"max_hp_loss":0,"event_name":"Falling","floor":37,"gold_loss":0},{"damage_healed":0,"gold_gain":0,"player_choice":"Ignored","damage_taken":0,"max_hp_gain":0,"max_hp_loss":0,"event_name":"SecretPortal","floor":39,"gold_loss":0}],"is_beta":false,"boss_relics":[{"not_picked":["Runic Dome","Runic Pyramid"],"picked":"Fusion Hammer"},{"not_picked":["Tiny House","HoveringKite"],"picked":"Astrolabe"}],"items_purged_floors":[38],"is_endless":false,"potions_floor_spawned":[13,14,16,18,28,33,36,41,42,44,45,47,54],"ascension_level":13}}