{"host":"uflv0e3ja7hvnij7","time":1608818020,"event":{"mods":["BaseMod","Conspire","Downfall","Hubris","Minty Spire (QoL Compilation)","Replay The Spire","Shop Mod","StSLib"],"gold_per_floor":[112,37,37,52,62,62,97,114,137,166,93,111,122,141,141,241,241,241,211,33,33,33,33,33,33,33,33,33,33,33,33,33,33,33,33,33,33,33],"floor_reached":37,"playtime":2020,"items_purged":["Defend_P","Defend_P"],"score":469,"play_id":"227578d8-9713-4218-9b36-020b7e08ca9d","local_time":"20201224085340","is_ascension_mode":true,"campfire_choices":[{"data":"Eruption","floor":6,"key":"SMITH"},{"floor":23,"key":"REST"},{"floor":28,"key":"REST"},{"floor":32,"key":"REST"}],"circlet_count":0,"master_deck":["Strike_P","Strike_P+1","Strike_P","Strike_P","Eruption+1","Vigilance+1","Halt","LessonLearned","Dark Shackles+1","Crescendo+1","Protect","Establishment","ReachHeaven","WindmillStrike+1","ClearTheMind+1","Consecrate","Protect","MasterReality","Study+1","Conclude","BattleHymn"],"relics":["PureWater","Akabeko","Omamori","Pen Nib","Ectoplasm","hubris:Zylophone","Replay:Accelerometer","ReplayTheSpireMod:DimensionalGlitch"],"acts_visited":["Exordium","TheCity","TheBeyond"],"potions_floor_usage":[7,12,16,16,24,25,30,33,33,33,33,35,37,37],"damage_taken":[{"damage":4,"enemies":"Jaw Worm","floor":1,"turns":3},{"damage":0,"enemies":"Cultist","floor":4,"turns":3},{"damage":0,"enemies":"Small Slimes","floor":5,"turns":5},{"damage":0,"enemies":"Gremlin Nob","floor":7,"turns":2},{"damage":7,"enemies":"Looter","floor":8,"turns":3},{"damage":29,"enemies":"3 Sentries","floor":10,"turns":8},{"damage":2,"enemies":"Exordium Wildlife","floor":12,"turns":3},{"damage":0,"enemies":"3 Louse","floor":13,"turns":4},{"damage":0,"enemies":"Blue Slaver","floor":14,"turns":2},{"damage":23,"enemies":"The Guardian","floor":16,"turns":8},{"damage":0,"enemies":"Spheric Guardian","floor":18,"turns":3},{"damage":27,"enemies":"2 Thieves","floor":19,"turns":3},{"damage":8,"enemies":"Slavers","floor":25,"turns":2},{"damage":0,"enemies":"Centurion and Healer","floor":27,"turns":4},{"damage":33,"enemies":"Snake Plant","floor":29,"turns":3},{"damage":6,"enemies":"Chosen and Byrds","floor":30,"turns":4},{"damage":23,"enemies":"Collector","floor":33,"turns":7},{"damage":10,"enemies":"3 Darklings","floor":35,"turns":2},{"damage":76,"enemies":"Replay:Hell Engine","floor":37,"turns":5}],"seed_played":"-3662023842995108727","potions_obtained":[{"floor":5,"key":"FearPotion"},{"floor":10,"key":"Adrenaline Potion"},{"floor":13,"key":"BottledMiracle"},{"floor":14,"key":"Adrenaline Potion"},{"floor":16,"key":"Weak Potion"},{"floor":19,"key":"Ambrosia"},{"floor":24,"key":"Fruit Juice"},{"floor":24,"key":"Guardian:BlockOnCardUsePotion"},{"floor":27,"key":"EntropicBrew"},{"floor":30,"key":"Strength Potion"},{"floor":33,"key":"Languid Potion"}],"is_trial":false,"path_per_floor":["M","$","?","M","M","R","E","M","T","E","$","M","M","M","R","B",null,"M","M","$","?","?","R","?","E","T","M","R","M","M","$","R","B",null,"M","?","B"],"character_chosen":"WATCHER","items_purchased":["WindmillStrike","BattleHymn"],"campfire_rested":3,"item_purchase_floors":[11,20],"current_hp_per_floor":[75,75,75,75,75,75,75,68,68,39,39,37,37,37,37,14,79,79,52,52,52,52,75,80,72,72,72,84,51,45,45,70,47,84,74,74,0,0],"gold":33,"neow_bonus":"TEN_PERCENT_HP_BONUS","is_daily":false,"chose_seed":false,"campfire_upgraded":1,"win_rate":0.0,"timestamp":1608818020,"path_taken":["M","$","?","M","M","R","E","?","T","E","$","M","M","M","R","BOSS","M","M","$","?","?","R","?","E","T","M","R","M","?","?","R","BOSS","M","?","BOSS"],"items_purchased_type":["Card","Card"],"build_version":"2020-12-22","purchased_purges":2,"victory":false,"max_hp_per_floor":[79,79,79,79,79,79,79,79,79,79,79,79,79,79,79,79,79,79,79,79,79,79,79,84,84,84,84,84,84,84,84,84,84,84,84,84,84,84],"card_choices":[{"not_picked":["Prostrate","EmptyFist"],"picked":"Halt","floor":1},{"not_picked":["ThirdEye","Meditate","CrushJoints"],"picked":"SKIP","floor":4},{"not_picked":["BowlingBash","Weave"],"picked":"Crescendo","floor":5},{"not_picked":["Halt","WheelKick"],"picked":"Protect","floor":7},{"not_picked":["EmptyFist","SignatureMove"],"picked":"Establishment","floor":8},{"not_picked":["Alpha","JustLucky"],"picked":"ReachHeaven","floor":10},{"not_picked":["FearNoEvil","Indignation"],"picked":"ClearTheMind","floor":12},{"not_picked":["WreathOfFlame","Evaluate"],"picked":"Consecrate","floor":13},{"not_picked":["ClearTheMind","EmptyFist"],"picked":"Protect","floor":14},{"not_picked":["Replay:LoomingThreat","Blasphemy"],"picked":"MasterReality","floor":16},{"not_picked":["BowlingBash+1","ThirdEye+1"],"picked":"Study+1","floor":18},{"not_picked":["SashWhip","ClearTheMind"],"picked":"Conclude","floor":19},{"not_picked":["ReachHeaven","Sanctity","EmptyBody"],"picked":"SKIP","floor":25},{"not_picked":["ClearTheMind","Replay:Anticipation","Wireheading"],"picked":"SKIP","floor":27},{"not_picked":["Wish","Replay:DivineShield+1","Replay:AtTheReady"],"picked":"SKIP","floor":29},{"not_picked":["EmptyBody","SashWhip","LikeWater"],"picked":"SKIP","floor":30}],"player_experience":310086,"relics_obtained":[{"floor":7,"key":"Akabeko"},{"floor":9,"key":"Omamori"},{"floor":10,"key":"Pen Nib"},{"floor":25,"key":"hubris:Zylophone"},{"floor":26,"key":"Replay:Accelerometer"}],"event_choices":[{"damage_healed":0,"gold_gain":0,"player_choice":"2 cards matched","damage_taken":0,"max_hp_gain":0,"max_hp_loss":0,"event_name":"Match and Keep!","floor":3,"gold_loss":0,"cards_obtained":["LessonLearned","Dark Shackles"]},{"cards_removed":["Defend_P"],"damage_healed":0,"gold_gain":0,"player_choice":"Forget","damage_taken":0,"max_hp_gain":0,"max_hp_loss":0,"event_name":"Living Wall","floor":15,"gold_loss":0},{"damage_healed":0,"gold_gain":0,"player_choice":"Leave","damage_taken":0,"max_hp_gain":0,"max_hp_loss":0,"event_name":"conspire:Investor","floor":21,"gold_loss":0},{"cards_removed":["Defend_P"],"damage_healed":0,"gold_gain":0,"player_choice":"Elegance","damage_taken":0,"max_hp_gain":0,"max_hp_loss":0,"event_name":"Back to Basics","floor":22,"gold_loss":0},{"damage_healed":0,"gold_gain":0,"player_choice":"Got Potions","damage_taken":0,"max_hp_gain":0,"max_hp_loss":0,"event_name":"Lab","floor":24,"gold_loss":0},{"damage_healed":0,"gold_gain":0,"player_choice":"Took Portal","damage_taken":0,"max_hp_gain":0,"max_hp_loss":0,"event_name":"SecretPortal","floor":36,"gold_loss":0}],"is_beta":false,"boss_relics":[{"not_picked":["Snecko Eye","conspire:SeveredTorchhead"],"picked":"Ectoplasm"},{"not_picked":["hubris:VirtuousBlindfold","Busted Crown"],"picked":"ReplayTheSpireMod:DimensionalGlitch"}],"items_purged_floors":[2,20],"is_endless":false,"potions_floor_spawned":[5,10,13,14,16,19,27,30,33],"killed_by":"Replay:Hell Engine","ascension_level":2}}