{"host":"bbld1ic1uj90ldt9","time":1608768393,"event":{"mods":["2.2 Compatiblity","AchievementEnabler","Act Like it!","BaseMod","Better Third Choice","Conspire","Downfall","Emptier Cage","Gensokyo","Hallownest","Hermit","Highlight Path","Hubris","Marisa????????","Minty Spire (QoL Compilation)","Random Character Button","Replay The Spire","StSLib","The Animator","The Bug Knight","The Cursed","The Disciple","The Hierophant","The Jungle","The Runesmith","The Servant 0.9.4"],"gold_per_floor":[99,121,136,148,2,2,57,57,76,99,116,8,8,51,74,172,172,22,42,27,37,62,62,62],"floor_reached":23,"playtime":2530,"items_purged":[],"score":279,"play_id":"8fc65b1f-3cd6-44b6-be5f-065c40586b7f","local_time":"20201224010633","is_ascension_mode":true,"campfire_choices":[{"floor":1.0,"key":"RECALL"},{"floor":8.0,"key":"REST"},{"floor":13.0,"key":"REST"},{"data":"animator:AcuraShin","floor":18,"key":"SMITH"}],"circlet_count":0,"master_deck":["animator:Strike_HitsugiNoChaika","animator:Defend_HitsugiNoChaika","animator:Strike","animator:Defend","animator:Defend","animator:Defend","animator:AcuraAkari","animator:Gillette","animator:Genos","animator:KrulTepes","animator:DolaSchwi","animator:Fredrika","Dash","animator:AcuraTooru","animator:WinryRockbell","animator:Sloth","animator:Geryuganshoop","animator:MisaKurobane","animator:Viivi","animator:Saitama","animator:AcuraShin+1","animator:DolaRiku+1","animator:Truth","Wound","animator:Sloth+1","Wound","animator:MaesHughes"],"relics":["animator:TheMissingPiece","conspire:SlowCooker","Anchor","Blood Vial","conspire:Dentures","animator:HolyGrailRelic","downfall:HeartBlessingRed","downfall:HeartBlessingBlue","animator:CursedGlyph"],"acts_visited":["Exordium","theJungle:Jungle"],"potions_floor_usage":[16,16,22,23],"damage_taken":[{"damage":8.0,"enemies":"Jaw Worm","floor":2.0,"turns":4.0},{"damage":4.0,"enemies":"Cultist","floor":3.0,"turns":5.0},{"damage":18.0,"enemies":"Small Slimes","floor":4.0,"turns":3.0},{"damage":0.0,"enemies":"downfall:FleeingMerchant","floor":5.0,"turns":4.0},{"damage":15.0,"enemies":"3 Louse","floor":9.0,"turns":4.0},{"damage":0.0,"enemies":"Gremlin Gang","floor":10.0,"turns":5.0},{"damage":0.0,"enemies":"Blue Slaver","floor":11.0,"turns":5.0},{"damage":4.0,"enemies":"downfall:FleeingMerchant","floor":12.0,"turns":4.0},{"damage":20.0,"enemies":"Lagavulin","floor":14.0,"turns":6.0},{"damage":1.0,"enemies":"2 Fungi Beasts","floor":15.0,"turns":3.0},{"damage":47,"enemies":"downfall:Watcher","floor":16,"turns":9},{"damage":22,"enemies":"theJungle:MUSHROOMGANG","floor":19,"turns":6},{"damage":7,"enemies":"downfall:FleeingMerchant","floor":20,"turns":4},{"damage":12,"enemies":"theJungle:Flameango_and_Byrd","floor":21,"turns":5},{"damage":23,"enemies":"theJungle:2_Flameangoes","floor":22,"turns":6},{"damage":33,"enemies":"theJungle:2_Snecko_Cultists","floor":23,"turns":3}],"seed_played":"-7214594858620721972","potions_obtained":[{"floor":2.0,"key":"Slimebound:ThreeZeroPotion"},{"floor":4.0,"key":"AttackPotion"},{"floor":10.0,"key":"FairyPotion"},{"floor":14.0,"key":"Adrenaline Potion"},{"floor":15.0,"key":"Dexterity Potion"},{"floor":16,"key":"Fire Potion"},{"floor":19,"key":"GamblersBrew"}],"is_trial":false,"path_per_floor":["R","M","M","M","$","?","T","R","M","M","M","$","R","E","M","B",null,"R","M","$","M","M","M"],"character_chosen":"THE_ANIMATOR","items_purchased":["Anchor","animator:MisaKurobane"],"campfire_rested":2,"item_purchase_floors":[5,12],"current_hp_per_floor":[59,51,47,29,29,24,24,43,29,29,30,27,47,27,28,21,66,76,58,55,47,28,0,0],"gold":62,"neow_bonus":"BOSS_RELIC","is_daily":false,"chose_seed":false,"campfire_upgraded":1,"win_rate":0.0,"timestamp":1608768393,"path_taken":["R","M","M","M","$","?","T","R","M","M","M","?","R","E","M","BOSS","R","M","$","?","?","M"],"items_purchased_type":["Relic","Card"],"build_version":"2020-12-22","purchased_purges":0,"victory":false,"max_hp_per_floor":[66,66,66,66,66,66,66,66,67,67,68,69,69,69,69,70,78,88,90,88,90,92,92,92],"card_choices":[{"not_picked":["animator:Tyuule","animator:Aqua"],"picked":"animator:Genos","floor":2.0},{"not_picked":["animator:Kazuma","animator:Shigure"],"picked":"animator:KrulTepes","floor":3.0},{"not_picked":["animator:Kuribayashi","animator:Bozes"],"picked":"animator:DolaSchwi","floor":4.0},{"not_picked":["animator:Layla","animator:Viivi"],"picked":"animator:Fredrika","floor":5.0},{"not_picked":["animator:Gluttony","animator:Gillette"],"picked":"animator:AcuraTooru","floor":9.0},{"not_picked":["animator:DolaStephanie","animator:Mitsurugi"],"picked":"animator:WinryRockbell","floor":10.0},{"not_picked":["animator:Genos","animator:AcuraAkari"],"picked":"animator:Sloth","floor":11.0},{"not_picked":["animator:Melzalgald","animator:Sonic"],"picked":"animator:Geryuganshoop","floor":12.0},{"not_picked":["animator:TukaLunaMarceau","animator:Tyuule"],"picked":"animator:Viivi","floor":14.0},{"not_picked":["animator:ElricAlphonse","animator:Melzalgald"],"picked":"animator:Saitama","floor":15.0},{"not_picked":["animator:Father","animator:FeridBathory"],"picked":"animator:AcuraShin","floor":16},{"not_picked":["animator:Kazuma","animator:YaoHaDucy"],"picked":"animator:DolaRiku+1","floor":19},{"not_picked":["animator:RoyMustang","animator:ElricAlphonse"],"picked":"animator:Truth","floor":20},{"not_picked":["animator:Shinoa","animator:HiiragiShinya"],"picked":"animator:Sloth+1","floor":21},{"not_picked":["animator:Vanir","animator:Mikaela+1"],"picked":"animator:MaesHughes","floor":22}],"player_experience":2143391,"relics_obtained":[{"floor":14.0,"key":"Blood Vial"},{"floor":14.0,"key":"conspire:Dentures"},{"floor":20,"key":"animator:CursedGlyph"}],"event_choices":[{"damage_healed":0.0,"max_hp_gain":0.0,"max_hp_loss":0.0,"gold_gain":0.0,"event_name":"betterThird:BetterScrap","player_choice":"Card ","floor":6.0,"gold_loss":0.0,"damage_taken":5.0,"cards_obtained":["Dash"]}],"is_beta":false,"boss_relics":[{"not_picked":["Runesmith:UraniumAnvil","Velvet Choker"],"picked":"animator:HolyGrailRelic"}],"items_purged_floors":[],"is_endless":false,"potions_floor_spawned":[2,4,10,14,15,16,19],"killed_by":"theJungle:2_Snecko_Cultists","ascension_level":6}}