{"host":"5gc11emcm5chfr5t","time":1608787043,"event":{"mods":["2.2 Compatiblity","AchievementEnabler","BaseMod","Bestiary","Better Note","Colored Map","Colored Powertips","Downfall","Googly Eyes","Minty Spire (QoL Compilation)","Rare Cards Sparkle","StSLib"],"gold_per_floor":[99,118,133,147,2,2,2,2,17,37,69,69,54,354,368,368,368],"floor_reached":16,"playtime":834,"items_purged":[],"score":304,"play_id":"c0c214ef-0dc5-4b9a-b3be-1558bdcf1d49","local_time":"20201224001723","is_ascension_mode":true,"campfire_choices":[{"floor":1,"key":"RECALL"},{"floor":6,"key":"REST"}],"circlet_count":0,"master_deck":["AscendersBane","sneckomod:TailWhip","sneckomod:SnekBite","sneckomod:Unknown","sneckomod:Unknown","sneckomod:UnknownStrength","sneckomod:QuickMove","sneckomod:QuickBite+1","sneckomod:Nope","sneckomod:SoulRoll","sneckomod:DiceBlock","sneckomod:UnknownStrength","sneckomod:CheapStock","sneckomod:SlitherStrike","expansioncontent:BronzeBeam","sneckomod:SnakeSap","sneckomod:SoulCleanse+1","sneckomod:UnknownBlock","sneckomod:ImprovisedGuard","sneckomod:UnknownCommonSkill+1","Regret","sneckomod:SnakeSap","Slimebound:Icky","Slimebound:Icky","Slimebound:Icky","sneckomod:UnknownRareSkill"],"relics":["Pandora\u0027s Box","sneckomod:LoadedDie"],"acts_visited":["Exordium"],"potions_floor_usage":[10,11,16,16],"damage_taken":[{"damage":4,"enemies":"Cultist","floor":2,"turns":3},{"damage":1,"enemies":"Small Slimes","floor":3,"turns":3},{"damage":0,"enemies":"2 Louse","floor":4,"turns":3},{"damage":5,"enemies":"downfall:FleeingMerchant","floor":5,"turns":4},{"damage":6,"enemies":"Blue Slaver","floor":9,"turns":2},{"damage":12,"enemies":"Large Slime","floor":10,"turns":7},{"damage":7,"enemies":"3 Sentries","floor":11,"turns":10},{"damage":4,"enemies":"downfall:FleeingMerchant","floor":13,"turns":4},{"damage":34,"enemies":"Exordium Wildlife","floor":15,"turns":8},{"damage":35,"enemies":"downfall:Watcher","floor":16,"turns":5}],"seed_played":"-6687516772319804990","potions_obtained":[{"floor":2,"key":"Explosive Potion"},{"floor":10,"key":"Fire Potion"},{"floor":11,"key":"Regen Potion"},{"floor":15,"key":"LiquidBronze"}],"is_trial":false,"path_per_floor":["R","M","M","M","$","R","T","?","M","M","E","?","$","?","M","B"],"character_chosen":"THE_SNECKO","items_purchased":["expansioncontent:BronzeBeam","sneckomod:SnakeSap"],"campfire_rested":1,"item_purchase_floors":[5,5],"current_hp_per_floor":[75,71,70,70,65,83,83,83,77,65,58,58,54,54,20,0,0],"gold":368,"neow_bonus":"BOSS_RELIC","is_daily":false,"chose_seed":false,"campfire_upgraded":0,"win_rate":0.0,"timestamp":1608787043,"path_taken":["R","M","M","?","?","R","T","?","?","M","E","?","$","?","M","BOSS"],"items_purchased_type":["Card","Card"],"build_version":"2020-12-22","purchased_purges":0,"victory":false,"max_hp_per_floor":[83,83,83,83,83,83,83,83,83,83,83,83,83,83,83,83,83],"card_choices":[{"not_picked":["sneckomod:IronFang","sneckomod:SoulDraw"],"picked":"sneckomod:DiceBlock","floor":2},{"not_picked":["sneckomod:WideSting","sneckomod:DiceBlock"],"picked":"sneckomod:UnknownStrength","floor":3},{"not_picked":["sneckomod:UnknownStrike","sneckomod:Nope"],"picked":"sneckomod:CheapStock","floor":4},{"not_picked":["sneckomod:UnknownUncommonPower","sneckomod:WideSting"],"picked":"sneckomod:SlitherStrike","floor":5},{"not_picked":["sneckomod:UnknownX","sneckomod:UnknownWeak"],"picked":"sneckomod:UnknownBlock","floor":9},{"not_picked":["sneckomod:UnknownWeak","sneckomod:UnknownStrength"],"picked":"sneckomod:ImprovisedGuard","floor":10},{"not_picked":["sneckomod:DiceCrush","sneckomod:Nope"],"picked":"sneckomod:UnknownCommonSkill","floor":11},{"not_picked":["sneckomod:UnknownCommonAttack","sneckomod:UnknownBlock"],"picked":"sneckomod:SnakeSap","floor":13},{"not_picked":["sneckomod:UnknownVulnerable","sneckomod:RainOfDice"],"picked":"sneckomod:UnknownRareSkill","floor":15}],"player_experience":488849,"relics_obtained":[{"floor":11,"key":"sneckomod:LoadedDie"}],"event_choices":[{"damage_healed":0,"gold_gain":0,"cards_transformed":["sneckomod:UnknownWeak"],"player_choice":"Transformed","damage_taken":0,"max_hp_gain":0,"max_hp_loss":0,"event_name":"Transmorgrifier","floor":8,"gold_loss":0,"cards_obtained":["sneckomod:SoulCleanse"]}],"is_beta":false,"boss_relics":[],"items_purged_floors":[],"is_endless":false,"potions_floor_spawned":[2,10,11,15],"killed_by":"downfall:Watcher","ascension_level":20}}