{"host":"zjh67scmpoerk5lt","time":1608775704,"event":{"mods":["BaseMod","Infinite Spire","Minty Spire (QoL Compilation)","Quick Restart","Replay The Spire","StSLib","The Animator","The Bug Knight","The Cursed","The IronCluck","The Servant 0.9.4"],"gold_per_floor":[110,4,4,4,15,46,46,76,153,153,167,167,184,204,204,304,354,374,374,299,318,417,442,461,461,485,485,485,585,174,193,193,295,295,309,309,32,62,62,62,81,81,152,152,152,162,162,178,178,282,282,280,286,286,286,161,161,160,160,160,160,155,151,151,151,151,200,200,194,192,107,107,107,107,107,107,107,107,107,107,97,95,95,164,164,167,167,170,170,170,170,157,157,183,183,173,173,173,167,167,201,201,204,217,217,217,217,220,220,223,223,223,229,79,87,90,90,161,161,161,161],"floor_reached":120,"playtime":14491,"items_purged":["Strike_G","Strike_G","Strike_G","Defend_G","Defend_G","Defend_G","Madness+1","Madness+1"],"score":2212,"play_id":"3627f79a-15f1-4d17-af31-495b87937bf8","local_time":"20201223190824","is_ascension_mode":false,"campfire_choices":[{"floor":12.0,"key":"REST"},{"floor":15.0,"key":"REST"},{"floor":25.0,"key":"REST"},{"floor":27.0,"key":"REST"},{"floor":40.0,"key":"REST"},{"data":"infinitespire:NeuralNetwork","floor":40.0,"key":"SMITH"},{"floor":42.0,"key":"REST"},{"data":"Madness","floor":42.0,"key":"SMITH"},{"data":"infinitespire:Collect","floor":45.0,"key":"SMITH"},{"floor":49.0,"key":"REST"},{"data":"Pot Of Greed","floor":49.0,"key":"SMITH"},{"floor":57.0,"key":"REST"},{"data":"infinitespire:Collect","floor":57.0,"key":"SMITH"},{"data":"Sneak Up","floor":59.0,"key":"SMITH"},{"data":"Pot Of Greed","floor":61.0,"key":"SMITH"},{"data":"Pot Of Greed","floor":64.0,"key":"SMITH"},{"data":"infinitespire:Neurotoxin","floor":66.0,"key":"SMITH"},{"floor":74.0,"key":"REST"},{"data":"Burst","floor":74.0,"key":"SMITH"},{"floor":76.0,"key":"REST"},{"data":"Pot Of Greed","floor":76.0,"key":"SMITH"},{"data":"Adrenaline","floor":80.0,"key":"SMITH"},{"data":"Bullet Time","floor":83.0,"key":"SMITH"},{"data":"Bullet Time","floor":91.0,"key":"SMITH"},{"data":"infinitespire:Fortify","floor":93.0,"key":"SMITH"},{"data":"Madness","floor":95.0,"key":"SMITH"},{"floor":100.0,"key":"REST"},{"data":"Prepared","floor":100.0,"key":"SMITH"},{"floor":109.0,"key":"REST"},{"data":"infinitespire:Punishment","floor":109.0,"key":"SMITH"},{"floor":117.0,"key":"REST"},{"data":"infinitespire:Neurotoxin","floor":117.0,"key":"SMITH"}],"circlet_count":0,"master_deck":["Survivor","Leg Sweep+1","Noxious Fumes+1","Prepared+1","Pot Of Greed+1","Pot Of Greed+1","Bullet Time+1","Sneak Up+1","Escape Plan","infinitespire:Neurotoxin+1","Toxin Wave","Burst+1","Bouncing Flask+1","Pot Of Greed+1","infinitespire:NeuralNetwork+1","Outmaneuver+1","Fluid Movement+1","Bouncing Flask+1","Crow Ritual","Deadly Poison+1","Burst+1","Crow Ritual+1","Pot Of Greed+1","Replay:Poison Smokescreen+1","infinitespire:Collect+1","Toxin Wave+1","Bullet Time+1","infinitespire:Collect+1","infinitespire:Fortify+1","infinitespire:Neurotoxin+1","Adrenaline+1","Venomology+1","A Thousand Cuts+1","Pot Of Greed+1","infinitespire:SealOfDarkness+","infinitespire:Starlight","infinitespire:SealOfDarkness+","infinitespire:Punishment+1","Tools of the Trade+1"],"relics":["Ring of the Serpent","NeowsBlessing","Grinning Jar","Mercury Hourglass","Mirror","Paper Crane","Tiny House","Bag of Preparation","infinitespire:Beetle Shell","ReplayFunnel","Letter Opener","infinitespire:Magic Flask","infinitespire:WardingShard","Replay:Baseball","Empty Cage","Girya","Replay:Bottled Flurry","Mummified Hand","Replay:WaspNest","HoveringKite","WingedGreaves","CaptainsWheel","Replay:Bandana","Astrolabe","infinitespire:Broken Mirror","Chameleon Ring","Coffee Dripper","Replay:Ringing Soul","PreservedInsect","Philosopher\u0027s Stone","Bottled Flame","Replay:Rubber Ducky","Blood Vial","Frozen Egg 2","Dream Catcher","WristBlade"],"acts_visited":["Exordium","TheCity","TheBeyond","Exordium","TheCity","TheBeyond","TheCity"],"potions_floor_usage":[],"damage_taken":[{"damage":0.0,"enemies":"2 Louse","floor":1.0,"turns":1.0},{"damage":0.0,"enemies":"Small Slimes","floor":5.0,"turns":1.0},{"damage":0.0,"enemies":"Lagavulin","floor":6.0,"turns":1.0},{"damage":47.0,"enemies":"Gremlin Nob","floor":8.0,"turns":6.0},{"damage":0.0,"enemies":"Cultist","floor":11.0,"turns":4.0},{"damage":0.0,"enemies":"2 Fungi Beasts","floor":13.0,"turns":2.0},{"damage":6.0,"enemies":"Looter","floor":14.0,"turns":3.0},{"damage":11.0,"enemies":"Fading Forest","floor":16.0,"turns":11.0},{"damage":20.0,"enemies":"Spheric Guardian","floor":18.0,"turns":4.0},{"damage":15.0,"enemies":"Shell Parasite","floor":21.0,"turns":4.0},{"damage":8.0,"enemies":"Nightmare","floor":23.0,"turns":4.0},{"damage":5.0,"enemies":"Snake Plant","floor":24.0,"turns":2.0},{"damage":7.0,"enemies":"Colosseum Slavers","floor":29.0,"turns":3.0},{"damage":2.0,"enemies":"Colosseum Nobs","floor":29.0,"turns":3.0},{"damage":15.0,"enemies":"Centurion and Healer","floor":31.0,"turns":3.0},{"damage":49.0,"enemies":"Champ","floor":33.0,"turns":6.0},{"damage":1.0,"enemies":"3 Darklings","floor":35.0,"turns":4.0},{"damage":0.0,"enemies":"3 Shapes","floor":41.0,"turns":2.0},{"damage":0.0,"enemies":"3 Darklings","floor":46.0,"turns":3.0},{"damage":0.0,"enemies":"Jaw Worm Horde","floor":48.0,"turns":2.0},{"damage":1.0,"enemies":"Replay:Hell Engine","floor":50.0,"turns":7.0},{"damage":0.0,"enemies":"Small Slimes","floor":52.0,"turns":2.0},{"damage":0.0,"enemies":"Cultist","floor":53.0,"turns":1.0},{"damage":0.0,"enemies":"2 Louse","floor":58.0,"turns":1.0},{"damage":0.0,"enemies":"Large Slime","floor":62.0,"turns":2.0},{"damage":0.0,"enemies":"Gremlin Nob","floor":63.0,"turns":2.0},{"damage":17.0,"enemies":"Hexaghost","floor":67.0,"turns":4.0},{"damage":0.0,"enemies":"3 Byrds","floor":69.0,"turns":2.0},{"damage":24.0,"enemies":"Shell Parasite","floor":70.0,"turns":2.0},{"damage":0.0,"enemies":"Sentry and Sphere","floor":75.0,"turns":2.0},{"damage":0.0,"enemies":"Centurion and Healer","floor":81.0,"turns":3.0},{"damage":0.0,"enemies":"3 Cultists","floor":82.0,"turns":2.0},{"damage":0.0,"enemies":"Automaton","floor":84.0,"turns":4.0},{"damage":0.0,"enemies":"3 Shapes","floor":86.0,"turns":2.0},{"damage":0.0,"enemies":"Orb Walker","floor":88.0,"turns":2.0},{"damage":0.0,"enemies":"R_Hoarder","floor":92.0,"turns":4.0},{"damage":0.0,"enemies":"4 Shapes","floor":96.0,"turns":2.0},{"damage":21.0,"enemies":"3 Darklings","floor":99.0,"turns":3.0},{"damage":32.0,"enemies":"Awakened One","floor":101.0,"turns":7.0},{"damage":0.0,"enemies":"2 Louse","floor":103.0,"turns":1.0},{"damage":0.0,"enemies":"Jaw Worm","floor":104.0,"turns":2.0},{"damage":15.0,"enemies":"Nightmare","floor":108.0,"turns":5.0},{"damage":0.0,"enemies":"Small Slimes","floor":110.0,"turns":1.0},{"damage":0.0,"enemies":"Lagavulin","floor":113.0,"turns":2.0},{"damage":0.0,"enemies":"Blue Slaver","floor":115.0,"turns":2.0},{"damage":0.0,"enemies":"3 Louse","floor":116.0,"turns":2.0},{"damage":0.0,"enemies":"Slime Boss","floor":118.0,"turns":3.0},{"damage":0,"enemies":"Spheric Guardian","floor":120,"turns":1}],"seed_played":"-3177975481497299834","potions_obtained":[{"floor":5.0,"key":"AttackPotion"},{"floor":13.0,"key":"SpeedPotion"},{"floor":17.0,"key":"Adrenaline Potion"},{"floor":21.0,"key":"Dexterity Potion"},{"floor":23.0,"key":"ColorlessPotion"},{"floor":33.0,"key":"PowerPotion"},{"floor":50.0,"key":"Venom Potion"},{"floor":110.0,"key":"Dexterity Potion"},{"floor":113.0,"key":"EssenceOfSteel"},{"floor":118.0,"key":"Venom Potion"}],"is_trial":false,"path_per_floor":["M","$","?","?","M","E","?","E","T","?","M","R","M","M","R","B",null,"M","AVR","?","M","?","NM","M","R","T","R","T","?","$","M","R","B",null,"M","?","$","?","?","R","M","R","T","AVR","R","M","?","M","R","B",null,"M","M","AVR","?","$","R","M","R","T","R","M","E","R","?","R","B",null,"M","M","?","?","$","R","M","R","T","AVR","$","R","M","M","R","B",null,"M","AVR","M","?","$","R","E","R","T","R","M","?","$","M","R","B",null,"M","M","?","AVR","?","NM","R","M","T","?","E","$","M","M","R","B",null,"M"],"character_chosen":"THE_SILENT","items_purchased":["Noxious Fumes","Prepared","Replay:Baseball","Crow Ritual","Crow Ritual"],"campfire_rested":13,"item_purchase_floors":[2,2,30,30,37],"current_hp_per_floor":[70,70,70,70,70,70,70,23,23,23,23,44,44,38,59,58,75,55,55,55,40,40,32,27,49,49,71,71,62,62,47,69,20,75,74,65,65,65,65,75,75,75,75,75,75,75,75,75,75,74,75,75,75,75,60,60,75,75,75,75,75,75,75,75,75,75,58,75,75,51,51,51,51,73,73,75,75,75,75,75,75,75,75,75,75,75,75,75,71,71,71,71,71,71,71,71,71,71,50,71,39,71,71,71,71,74,59,57,77,77,77,77,77,77,77,77,77,80,80,80,80],"gold":161,"neow_bonus":"THREE_ENEMY_KILL","is_daily":false,"chose_seed":false,"campfire_upgraded":19,"win_rate":0.0,"timestamp":1608775704,"path_taken":["M","$","?","?","?","E","?","E","T","?","M","R","?","M","R","BOSS","M","AVR","?","M","?","NM","?","R","T","R","?","?","$","M","R","BOSS","M","?","$","?","?","R","M","R","T","AVR","R","?","?","M","R","BOSS","M","M","AVR","?","$","R","M","R","T","R","M","E","R","?","R","BOSS","M","M","?","?","$","R","?","R","T","AVR","?","R","M","M","R","BOSS","M","AVR","M","?","?","R","E","R","T","R","M","?","$","?","R","BOSS","M","M","?","AVR","?","NM","R","?","T","?","E","?","M","M","R","BOSS","M"],"items_purchased_type":["Card","Card","Relic","Card","Card"],"build_version":"2020-12-22","purchased_purges":8,"victory":false,"max_hp_per_floor":[70,70,70,70,70,70,70,70,70,70,70,70,70,70,70,70,75,75,75,75,75,75,75,75,75,75,75,75,75,75,75,75,75,75,75,75,75,75,75,75,75,75,75,75,75,75,75,75,75,75,75,75,75,75,75,75,75,75,75,75,75,75,75,75,75,75,75,75,75,75,75,75,75,75,75,75,75,75,75,75,75,75,75,75,75,75,75,75,71,71,71,71,71,71,71,71,71,71,71,71,71,71,71,71,71,74,74,77,77,77,77,77,77,77,77,77,77,80,80,80,80],"card_choices":[{"not_picked":["Underhanded Strike","Choke"],"picked":"Leg Sweep","floor":1.0},{"not_picked":["Blade Dance","Acrobatics"],"picked":"Sneak Up","floor":5.0},{"not_picked":["Predator","Tactician"],"picked":"Poisoned Stab","floor":6.0},{"not_picked":["Blade Dance","Dagger Throw"],"picked":"Dagger Spray","floor":8.0},{"not_picked":["Finisher","Dagger Spray"],"picked":"Escape Plan","floor":11.0},{"not_picked":["Choke","Distraction"],"picked":"infinitespire:Neurotoxin","floor":13.0},{"not_picked":["Blade Dance","Dagger Throw"],"picked":"Toxin Wave","floor":14.0},{"not_picked":["Wraith Form v2","ReplayTheSpireMod:Necrosis"],"picked":"Burst","floor":16.0},{"not_picked":["ReplayTheSpireMod:Shiv Toss","Underhanded Strike"],"picked":"Bouncing Flask","floor":17.0},{"not_picked":["PiercingWail","Acrobatics+1"],"picked":"Flying Knee","floor":18.0},{"not_picked":["infinitespire:Neurotoxin","Dodge and Roll"],"picked":"Outmaneuver+1","floor":21.0},{"not_picked":["Endless Agony","Dagger Spray"],"picked":"Fluid Movement+1","floor":23.0},{"not_picked":["Dagger Throw+1","Acrobatics","Blade Dance+1"],"picked":"SKIP","floor":24.0},{"not_picked":["Prepared","Backflip"],"picked":"Bouncing Flask+1","floor":29.0},{"not_picked":["Hidden Blade","Outmaneuver+1"],"picked":"Deadly Poison","floor":31.0},{"not_picked":["Doppelganger","Wraith Form v2"],"picked":"Burst","floor":33.0},{"not_picked":["Blade Dance","ReplayTheSpireMod:Shiv Toss+1","Reflex"],"picked":"SKIP","floor":35.0},{"not_picked":["Sucker Punch+1","Quick Slash"],"picked":"Replay:Poison Smokescreen+1","floor":38.0},{"not_picked":["Outmaneuver","Flying Knee+1","Blade Dance+1"],"picked":"SKIP","floor":41.0},{"not_picked":["Finisher+1","ReplayTheSpireMod:Necrosis"],"picked":"Toxin Wave+1","floor":46.0},{"not_picked":["Blade Dance+1","Outmaneuver","Backflip+1"],"picked":"SKIP","floor":48.0},{"not_picked":["Atom Bomb","ReplayTheSpireMod:Necrosis"],"picked":"Bullet Time","floor":50.0},{"not_picked":["ReplayTheSpireMod:Exploit Weakness","Flying Knee","Deflect"],"picked":"SKIP","floor":52.0},{"not_picked":["Backstab","Slice","Outmaneuver"],"picked":"SKIP","floor":53.0},{"not_picked":["Sucker Punch","Flying Knee","ReplayTheSpireMod:Shiv Toss"],"picked":"SKIP","floor":58.0},{"not_picked":["Outmaneuver","Hidden Blade","Well Laid Plans"],"picked":"SKIP","floor":62.0},{"not_picked":["ReplayTheSpireMod:Exploit Weakness","Die Die Die"],"picked":"infinitespire:Neurotoxin","floor":63.0},{"not_picked":["Night Terror","Wraith Form v2"],"picked":"Adrenaline","floor":67.0},{"not_picked":["ReplayTheSpireMod:Speed Training","Leg Sweep+1","Dodge and Roll+1"],"picked":"SKIP","floor":69.0},{"not_picked":["Replay:Bag of Tricks","Dagger Spray","Eviscerate"],"picked":"SKIP","floor":70.0},{"not_picked":["Sucker Punch+1","Replay:Poison Smokescreen+1"],"picked":"ReplayTheSpireMod:The Works","floor":75.0},{"not_picked":["ReplayTheSpireMod:Speed Training","Flying Knee","Endless Agony"],"picked":"SKIP","floor":81.0},{"not_picked":["Deflect","Outmaneuver+1","Well Laid Plans"],"picked":"SKIP","floor":82.0},{"not_picked":["Slice","Backflip","Hidden Blade+1"],"picked":"SKIP","floor":86.0},{"not_picked":["infinitespire:Oblivion","infinitespire:SealOfDarkness+"],"picked":"infinitespire:Starlight","floor":87.0},{"not_picked":["Sucker Punch","Blur","Hidden Blade+1"],"picked":"SKIP","floor":88.0},{"not_picked":["Leg Sweep","A Thousand Cuts","Dash+1"],"picked":"SKIP","floor":92.0},{"not_picked":["Dodge and Roll","Deflect+1","Outmaneuver+1"],"picked":"SKIP","floor":96.0},{"not_picked":["Bouncing Flask","Dagger Spray+1","Blade Dance+1"],"picked":"SKIP","floor":99.0},{"not_picked":["Expertise","Deflect","Choke"],"picked":"SKIP","floor":103.0},{"not_picked":["Flying Knee","Outmaneuver","Prepared"],"picked":"SKIP","floor":104.0},{"not_picked":["ReplayTheSpireMod:??????????????????????","infinitespire:Collect"],"picked":"infinitespire:Punishment","floor":108.0},{"not_picked":["Poisoned Stab","Deadly Poison","Acrobatics"],"picked":"SKIP","floor":108.0},{"not_picked":["Finisher","Masterful Stab","Deadly Poison"],"picked":"SKIP","floor":110.0},{"not_picked":["PiercingWail","Expertise","Deadly Poison"],"picked":"SKIP","floor":113.0},{"not_picked":["Burst","Sneak Up","Flying Knee"],"picked":"SKIP","floor":115.0},{"not_picked":["Backflip","Outmaneuver","PiercingWail"],"picked":"SKIP","floor":116.0},{"not_picked":["Die Die Die","Burst"],"picked":"Tools of the Trade+1","floor":118.0}],"player_experience":2044,"relics_obtained":[{"floor":3.0,"key":"Grinning Jar"},{"floor":6.0,"key":"Mercury Hourglass"},{"floor":8.0,"key":"Mirror"},{"floor":9.0,"key":"Paper Crane"},{"floor":23.0,"key":"infinitespire:Beetle Shell"},{"floor":26.0,"key":"ReplayFunnel"},{"floor":28.0,"key":"Letter Opener"},{"floor":29.0,"key":"infinitespire:Magic Flask"},{"floor":29.0,"key":"infinitespire:WardingShard"},{"floor":38.0,"key":"Girya"},{"floor":43.0,"key":"Replay:Bottled Flurry"},{"floor":47.0,"key":"Replay:WaspNest"},{"floor":60.0,"key":"CaptainsWheel"},{"floor":63.0,"key":"Replay:Bandana"},{"floor":92.0,"key":"Replay:Ringing Soul"},{"floor":94.0,"key":"PreservedInsect"},{"floor":108.0,"key":"Replay:Rubber Ducky"},{"floor":111.0,"key":"Blood Vial"},{"floor":113.0,"key":"Dream Catcher"}],"event_choices":[{"damage_healed":0.0,"max_hp_gain":0.0,"max_hp_loss":0.0,"gold_gain":0.0,"cards_transformed":["Defend_G"],"event_name":"Transmorgrifier","player_choice":"Transformed","floor":4.0,"gold_loss":0.0,"damage_taken":0.0,"cards_obtained":["Bullet Time"]},{"damage_healed":0.0,"max_hp_gain":0.0,"max_hp_loss":0.0,"gold_gain":0.0,"event_name":"The Cleric","player_choice":"Leave","floor":7.0,"gold_loss":0.0,"damage_taken":0.0},{"damage_healed":0.0,"max_hp_gain":0.0,"max_hp_loss":0.0,"gold_gain":0.0,"event_name":"Upgrade Shrine","player_choice":"Upgraded","floor":10.0,"gold_loss":0.0,"damage_taken":0.0,"cards_upgraded":["Noxious Fumes"]},{"cards_removed":["Strike_G"],"damage_healed":0.0,"max_hp_gain":0.0,"max_hp_loss":0.0,"gold_gain":0.0,"event_name":"Beggar","player_choice":"Gave Gold","floor":20.0,"gold_loss":75.0,"damage_taken":0.0},{"damage_healed":0.0,"max_hp_gain":0.0,"max_hp_loss":0.0,"gold_gain":99.0,"event_name":"Nest","player_choice":"Stole From Cult","floor":22.0,"gold_loss":0.0,"damage_taken":0.0},{"damage_healed":0.0,"max_hp_gain":0.0,"max_hp_loss":0.0,"gold_gain":0.0,"event_name":"Colosseum","player_choice":"Fight","floor":29.0,"gold_loss":0.0,"damage_taken":0.0},{"damage_healed":0.0,"max_hp_gain":0.0,"max_hp_loss":0.0,"gold_gain":0.0,"event_name":"Colosseum","player_choice":"Fought Nobs","floor":29.0,"gold_loss":0.0,"damage_taken":0.0},{"damage_healed":0.0,"max_hp_gain":0.0,"max_hp_loss":0.0,"gold_gain":0.0,"event_name":"Winding Halls","player_choice":"Embrace Madness","floor":36.0,"gold_loss":0.0,"damage_taken":9.0,"cards_obtained":["Madness","Madness"]},{"cards_removed":["ReplayTheSpireMod:Splinters"],"damage_healed":0.0,"max_hp_gain":0.0,"max_hp_loss":0.0,"gold_gain":0.0,"event_name":"Purifier","player_choice":"Purged","floor":39.0,"gold_loss":0.0,"damage_taken":0.0},{"damage_healed":0.0,"max_hp_gain":0.0,"max_hp_loss":0.0,"gold_gain":0.0,"event_name":"Wheel of Change","player_choice":"Relic","floor":47.0,"gold_loss":0.0,"damage_taken":0.0},{"damage_healed":0.0,"max_hp_gain":0.0,"max_hp_loss":0.0,"gold_gain":0.0,"event_name":"Shining Light","player_choice":"Entered Light","floor":55.0,"gold_loss":0.0,"damage_taken":15.0,"cards_upgraded":["Deadly Poison","Pot Of Greed"]},{"damage_healed":0.0,"max_hp_gain":0.0,"max_hp_loss":0.0,"gold_gain":0.0,"event_name":"Addict","player_choice":"Obtained Relic","floor":71.0,"gold_loss":85.0,"damage_taken":0.0,"relics_obtained":["infinitespire:Broken Mirror"]},{"damage_healed":0.0,"max_hp_gain":0.0,"max_hp_loss":0.0,"gold_gain":0.0,"event_name":"The Woman in Blue","player_choice":"Bought 0 Potions","floor":72.0,"gold_loss":0.0,"damage_taken":0.0},{"damage_healed":0.0,"max_hp_gain":0.0,"max_hp_loss":4.0,"gold_gain":0.0,"event_name":"Winding Halls","player_choice":"Max HP","floor":89.0,"gold_loss":0.0,"damage_taken":0.0},{"cards_removed":["Flying Knee"],"damage_healed":0.0,"max_hp_gain":0.0,"max_hp_loss":0.0,"gold_gain":0.0,"event_name":"Falling","player_choice":"Removed Attack","floor":97.0,"gold_loss":0.0,"damage_taken":0.0},{"cards_removed":["ReplayTheSpireMod:The Works"],"damage_healed":0.0,"max_hp_gain":0.0,"max_hp_loss":0.0,"gold_gain":0.0,"event_name":"Living Wall","player_choice":"Forget","floor":105.0,"gold_loss":0.0,"damage_taken":0.0},{"damage_healed":0.0,"max_hp_gain":0.0,"max_hp_loss":0.0,"gold_gain":0.0,"event_name":"Shining Light","player_choice":"Entered Light","floor":107.0,"gold_loss":0.0,"damage_taken":15.0,"cards_upgraded":["Leg Sweep","Crow Ritual"]},{"cards_removed":["Masterful Stab"],"damage_healed":0.0,"max_hp_gain":0.0,"max_hp_loss":0.0,"gold_gain":0.0,"event_name":"WeMeetAgain","player_choice":"Gave Card","floor":112.0,"gold_loss":0.0,"damage_taken":0.0,"relics_obtained":["Frozen Egg 2"]}],"is_beta":false,"boss_relics":[{"not_picked":["Velvet Choker","Replay:Ancient Bell"],"picked":"Tiny House"},{"not_picked":["Replay:Grab Bag","Fusion Hammer"],"picked":"Empty Cage"},{"not_picked":["Painkiller Herb","Honey Jar"],"picked":"HoveringKite"},{"not_picked":["ReplayTheSpireMod:DimensionalGlitch","Replay:Drink Me"],"picked":"Astrolabe"},{"not_picked":["Snecko Eye","Snecko Scales"],"picked":"Ring of the Serpent"},{"not_picked":["Honey Jar","ReplayTheSpireMod:SealedPack"],"picked":"Philosopher\u0027s Stone"},{"not_picked":["Runic Dome","Replay:Ancient Bell"],"picked":"WristBlade"}],"items_purged_floors":[19,30,37,44,54,56,106,114],"is_endless":true,"potions_floor_spawned":[5,13,21,23,29,33,35,50,53,58,70,75,82,84,88,96,101,110,113,118],"killed_by":"Spheric Guardian","ascension_level":0}}