{"host":"npubv26u89aif4fa","time":1608776646,"event":{"mods":["Astrologer","BaseMod","Better Vampires","Better-Laid Plans","Colored Powertips","GifTheSpireLib","GungeonMod","HornydragonMod","Hubris","Jedi Mod","KinomotoSakuraMod(木之本樱)","Minty Spire (QoL Compilation)","Quick Restart","Remilia（蕾米莉亚）","Replay The Spire","StSLib","Td1madao Mod","The Administrix","The Alterego","The Bug Knight","The Cursed","The Mystic","The Runesmith","TheWitcher","Yuri Mod","Yuyuko"],"gold_per_floor":[13,13,13,23,38,70,70,70,70],"floor_reached":8,"playtime":683,"items_purged":[],"score":56,"play_id":"0219181d-2648-46d6-9c27-4d88028bd5b8","local_time":"20201224102406","is_ascension_mode":false,"campfire_choices":[{"floor":7,"key":"REST"}],"circlet_count":0,"master_deck":["DemoMod:Strike_Huntress","DemoMod:Strike_Huntress","DemoMod:Strike_Huntress","DemoMod:Defend_Huntress","DemoMod:Defend_Huntress","DemoMod:Defend_Huntress","DemoMod:Defend_Huntress","DemoMod:Roll","DemoMod:ManualReload","DemoMod:RustySidearm","DemoMod:CrossBow","Secret Technique+1","DemoMod:GunShield","Pain","DemoMod:HighKaliber","DemoMod:CursedBullets","DemoMod:Unity","DemoMod:LifeOrb"],"relics":["DemoMod:Dog","WarpedTongs","DemoMod:RedGuonStone"],"acts_visited":["Exordium"],"potions_floor_usage":[],"damage_taken":[{"damage":0,"enemies":"2 Louse","floor":1,"turns":2},{"damage":8,"enemies":"Jaw Worm","floor":4,"turns":6},{"damage":4,"enemies":"Cultist","floor":5,"turns":4},{"damage":56,"enemies":"Gremlin Nob","floor":6,"turns":6},{"damage":27,"enemies":"Replay:BlueRogue","floor":8,"turns":6}],"seed_played":"-2798912292838895935","potions_obtained":[],"is_trial":false,"path_per_floor":["M","?","?","M","M","E","R","E"],"character_chosen":"HUNTRESS","items_purchased":[],"campfire_rested":1,"item_purchase_floors":[],"current_hp_per_floor":[70,70,70,62,58,2,23,0,0],"gold":70,"neow_bonus":"RANDOM_COLORLESS_2","is_daily":false,"chose_seed":false,"campfire_upgraded":0,"win_rate":0.0,"timestamp":1608776646,"path_taken":["M","?","?","M","M","E","R","E"],"items_purchased_type":[],"build_version":"2020-12-22","purchased_purges":0,"victory":false,"max_hp_per_floor":[70,70,70,70,70,70,70,70,70],"card_choices":[{"not_picked":["jedi:cleanse","ReplayTheSpireMod:Necrogeddon"],"picked":"Secret Technique","floor":0},{"not_picked":["DemoMod:SkilledReload","DemoMod:StickyCrossBow"],"picked":"DemoMod:GunShield","floor":1},{"not_picked":["DemoMod:Ejector","DemoMod:ConditionalReflex"],"picked":"DemoMod:HighKaliber","floor":4},{"not_picked":["DemoMod:SkilledReload","DemoMod:DirectionalPad"],"picked":"DemoMod:CursedBullets","floor":5},{"not_picked":["DemoMod:Unmoved","DemoMod:ConditionalReflex"],"picked":"DemoMod:Unity","floor":5},{"not_picked":["DemoMod:CursedBullets","DemoMod:FortunesFavor"],"picked":"DemoMod:LifeOrb","floor":6}],"player_experience":134730,"relics_obtained":[{"floor":6,"key":"DemoMod:RedGuonStone"}],"event_choices":[{"damage_healed":0,"gold_gain":0,"player_choice":"Rummage","damage_taken":0,"relics_obtained":["WarpedTongs"],"max_hp_gain":0,"max_hp_loss":0,"event_name":"Accursed Blacksmith","floor":3,"gold_loss":0,"cards_obtained":["Pain"]}],"is_beta":false,"boss_relics":[],"items_purged_floors":[],"is_endless":false,"potions_floor_spawned":[],"killed_by":"Replay:BlueRogue","ascension_level":0}}