{"host":"3z9xbwjeimmg738z","time":1608854258,"event":{"mods":["2.2 Compatiblity","Act Like it!","AlwaysNeverKeys","Arknights The Spire","Aspiration","Bard","Bartender","BaseMod","Beaked The Cultist","Better Altar","Better Match","Better Note","Better Sensory Stone","Better Skull","Better Third Choice","CapriCore","ChefMod","Colored Powertips","Defuse TimeMaze Blight","Dio Mod","Displayed Cursed Tome","Emptier Cage","Faster Ascension Climbing","Fiend Mod","Gensokyo","GifTheSpireLib","Hallownest","Hubris","JesterMod","KinomotoSakuraMod(????)","Koishi","Mari Mod (Legacy)","Mari\u0027s V1 Patch","Marisa????????","Minty Spire (QoL Compilation)","Pale of the Ancients","Permanent Neow","Replay The Spire","Robot Space Explorer","Shop Mod","StSLib","Stuff the Spire","The Accelerator","The Immortal","The Marked","The Mystic","The Servant 0.9.4","TheArtist","Uncapped","Wandering Minibosses","vexMod"],"gold_per_floor":[118,43,70,70,180,180,211,211,237,100,100,131,143,160,160,263,263,275,136,149,191,116,116,116,116],"floor_reached":24,"playtime":1115,"items_purged":[],"score":225,"play_id":"857f6f28-a44b-4c0f-bb1e-e4472a9ba9d3","local_time":"20201224155738","is_ascension_mode":false,"campfire_choices":[{"floor":6,"key":"REST"},{"floor":8,"key":"REST"},{"data":"ats:Emotion Absorption","floor":11,"key":"SMITH"},{"floor":15,"key":"REST"},{"floor":23,"key":"REST"}],"circlet_count":0,"master_deck":["ats:Strike C","ats:Strike G","ats:Strike S","ats:Strike V","ats:Armor Crushing Shot","ats:Defend","ats:Defend","ats:Defend","ats:Defend","ats:Emotion Absorption+1","ats:Very Hot Blade+1","ats:Neurotoxin+1","ats:Very Hot Blade+1","ats:Volcano+1","ats:Sunburst+1","ats:Overload","ats:Ambush","ats:Neurotoxin+1"],"relics":["ats:Sanity","vexMod:MemoryStick","StuffTheSpire:OldFever","ats:Originium","ReplayTheSpireMod:TigerMarble","PreservedInsect","ats:Arts","ats:Originium","Pet Ghost","aspiration:IroncladSkillbook","vexMod:PaidLearning","vexMod:Dragonfruit"],"acts_visited":["Gensokyo:Gensokyo","Gensokyo:Gensokyoer"],"potions_floor_usage":[16,16],"damage_taken":[{"damage":4,"enemies":"Gensokyo:3_Fairies","floor":1,"turns":4},{"damage":34,"enemies":"Gensokyo:Aya","floor":7,"turns":6},{"damage":0,"enemies":"Gensokyo:Mamizou","floor":12,"turns":8},{"damage":0,"enemies":"Gensokyo:Python","floor":13,"turns":2},{"damage":3,"enemies":"Gensokyo:2_Kodama","floor":14,"turns":2},{"damage":64,"enemies":"Gensokyo:Yukari","floor":16,"turns":11},{"damage":25,"enemies":"Gensokyo:2_Gloops","floor":18,"turns":5},{"damage":40,"enemies":"Gensokyo:CosmicMonolith","floor":20,"turns":4},{"damage":0,"enemies":"Gensokyo:Reisen","floor":24,"turns":1}],"seed_played":"-5530735437242546778","potions_obtained":[{"floor":1,"key":"Elixir"},{"floor":12,"key":"SkillPotion"},{"floor":14,"key":"Regen Potion"},{"floor":21,"key":"Block Potion"}],"is_trial":false,"path_per_floor":["M","?","T","?","?","R","E","R","T","COS","R","E","M","M","R","B",null,"M","COS","M","?","?","R","E"],"character_chosen":"DOCTOR_CLASS","items_purchased":[],"campfire_rested":4,"item_purchase_floors":[],"current_hp_per_floor":[68,68,68,72,38,59,25,46,46,46,46,46,46,43,64,27,72,51,51,15,20,20,43,43,43],"gold":116,"neow_bonus":"THREE_CARDS","is_daily":false,"chose_seed":false,"campfire_upgraded":1,"win_rate":0.0,"timestamp":1608854258,"path_taken":["M","?","?","?","?","R","E","R","T","COS","R","E","M","M","R","BOSS","M","COS","M","?","?","R","E"],"items_purchased_type":[],"build_version":"2020-12-22","purchased_purges":0,"victory":false,"max_hp_per_floor":[72,72,72,72,72,72,72,72,72,72,72,72,72,72,72,72,72,72,72,72,77,77,77,77,77],"card_choices":[{"not_picked":["ats:Flexible Camouflage","ats:Flame Of Heaven"],"picked":"ats:Very Hot Blade","floor":0},{"not_picked":["ats:Counter Healing Mode","ats:Powerful Strike","ats:Magnetic Hammer"],"picked":"SKIP","floor":1},{"not_picked":["ats:Collapsing Strike+1","ats:Guardian Obelisk+1"],"picked":"ats:Neurotoxin+1","floor":2},{"not_picked":["ats:Magnetic Hammer","ats:Collapsing Strike","ats:Healing Drone"],"picked":"SKIP","floor":7},{"not_picked":["ats:Hook Shot","ats:Healing Strengthening"],"picked":"ats:Very Hot Blade","floor":12},{"not_picked":["ats:Spore Proliferation","ats:Red Shift","ats:Apocalypse"],"picked":"SKIP","floor":13},{"not_picked":["ats:Assault Order","ats:Shell Defense","ats:Support Order"],"picked":"SKIP","floor":14},{"not_picked":["ats:Durian","ats:Nebulous Foxfire"],"picked":"ats:Volcano","floor":16},{"not_picked":["ats:Hammer On","ats:Guardian Obelisk","ats:Poison Spread+1"],"picked":"ats:Sunburst+1","floor":18},{"not_picked":["ats:Consecutive Shot Auto+1","ats:Leaping Hammer","ats:Part Time Job"],"picked":"ats:Overload","floor":20},{"not_picked":["ats:Demon Strength","ats:Ignite","ats:Revitalization"],"picked":"ats:Ambush","floor":21},{"not_picked":["ats:Part Time Job+1","ats:Sunburst+1","ats:Hook Shot+1"],"picked":"ats:Neurotoxin+1","floor":22}],"player_experience":413313,"relics_obtained":[{"floor":3,"key":"vexMod:MemoryStick"},{"floor":7,"key":"ats:Originium"},{"floor":7,"key":"ReplayTheSpireMod:TigerMarble"},{"floor":9,"key":"PreservedInsect"},{"floor":12,"key":"ats:Originium"},{"floor":12,"key":"Pet Ghost"},{"floor":21,"key":"vexMod:Dragonfruit"}],"event_choices":[{"damage_healed":0,"gold_gain":0,"player_choice":"2","damage_taken":0,"max_hp_gain":0,"max_hp_loss":0,"event_name":"betterMatch:BetterMatch","floor":2,"gold_loss":0,"cards_obtained":["betterMatch:UncommonCard"]},{"damage_healed":0,"gold_gain":110,"player_choice":"UP RE GO ","damage_taken":39,"relics_obtained":["StuffTheSpire:OldFever"],"max_hp_gain":0,"max_hp_loss":0,"event_name":"betterSkull:BetterSkull","floor":5,"gold_loss":0,"cards_upgraded":["ats:Very Hot Blade"]},{"damage_healed":0,"gold_gain":0,"player_choice":"2","damage_taken":0,"max_hp_gain":0,"max_hp_loss":0,"event_name":"betterMatch:BetterMatch","floor":22,"gold_loss":0,"cards_obtained":["betterMatch:UncommonCard"]}],"is_beta":false,"boss_relics":[{"not_picked":["hubris:Stopwatch","ChewingGum"],"picked":"aspiration:IroncladSkillbook"}],"items_purged_floors":[],"is_endless":false,"potions_floor_spawned":[1,12,14],"killed_by":"Gensokyo:Reisen","ascension_level":0}}