{"host":"3ek78t4i81ecmdy1","time":1608776814,"event":{"mods":["2.2 Compatiblity","AchievementEnabler","BaseMod","Colored Map","DeckTracker","Filter the Spire","Keyboard Shortcuts","Minty Spire (QoL Compilation)","Permanent Neow","Quick Restart","SuperFastMode","everything is the same but u backflip on backflip"],"gold_per_floor":[19,31,31,31,31,31,51,51,77,77,105,120,120,120],"floor_reached":13,"playtime":324,"items_purged":[],"score":87,"play_id":"6668e63b-3daf-48bd-b621-6012e44e0db9","local_time":"20201224112654","is_ascension_mode":true,"campfire_choices":[{"data":"Bouncing Flask","floor":6,"key":"SMITH"}],"circlet_count":0,"master_deck":["Strike_G","Strike_G","Strike_G","Defend_G","Defend_G","Defend_G","Survivor","Neutralize","Catalyst","Envenom","Bouncing Flask+1","Backflip","Acrobatics","Storm of Steel","PiercingWail","Cloak And Dagger","Slice"],"relics":["Ring of the Snake","Tiny Chest","Shuriken"],"acts_visited":["Exordium"],"potions_floor_usage":[],"damage_taken":[{"damage":1,"enemies":"Cultist","floor":1,"turns":4},{"damage":3,"enemies":"Small Slimes","floor":2,"turns":3},{"damage":16,"enemies":"Jaw Worm","floor":7,"turns":4},{"damage":44,"enemies":"3 Sentries","floor":11,"turns":10},{"damage":4,"enemies":"Looter","floor":12,"turns":3},{"damage":25,"enemies":"Lagavulin","floor":13,"turns":3}],"seed_played":"-4950140506900000747","potions_obtained":[{"floor":7,"key":"SkillPotion"},{"floor":12,"key":"SteroidPotion"}],"is_trial":false,"path_per_floor":["M","M","?","?","$","R","M","?","T","?","E","M","E"],"character_chosen":"THE_SILENT","items_purchased":[],"campfire_rested":0,"item_purchase_floors":[],"current_hp_per_floor":[69,66,66,66,66,66,50,70,70,70,26,22,0,0],"gold":120,"neow_bonus":"TRANSFORM_TWO_CARDS","is_daily":false,"chose_seed":false,"campfire_upgraded":1,"win_rate":0.0,"timestamp":1608776814,"path_taken":["M","M","?","?","$","R","?","?","T","?","E","M","E"],"items_purchased_type":[],"build_version":"2020-12-22","purchased_purges":0,"victory":false,"max_hp_per_floor":[70,70,70,70,70,70,70,70,70,70,70,70,70,70],"card_choices":[{"not_picked":["Dagger Spray","Bane"],"picked":"Bouncing Flask","floor":1},{"not_picked":["Acrobatics","Dagger Throw"],"picked":"Backflip","floor":2},{"not_picked":["Envenom","Deflect"],"picked":"PiercingWail","floor":7},{"not_picked":["Sucker Punch","Dagger Spray"],"picked":"Cloak And Dagger","floor":11},{"not_picked":["Backflip","Infinite Blades"],"picked":"Slice","floor":12}],"player_experience":23082,"relics_obtained":[{"floor":9,"key":"Tiny Chest"},{"floor":11,"key":"Shuriken"}],"event_choices":[{"damage_healed":0,"gold_gain":0,"cards_transformed":["Strike_G"],"player_choice":"Change","damage_taken":0,"max_hp_gain":0,"max_hp_loss":0,"event_name":"Living Wall","floor":3,"gold_loss":0,"cards_obtained":["Acrobatics"]},{"damage_healed":0,"gold_gain":0,"cards_transformed":["Defend_G"],"player_choice":"Transformed","damage_taken":0,"max_hp_gain":0,"max_hp_loss":0,"event_name":"Transmorgrifier","floor":4,"gold_loss":0,"cards_obtained":["Storm of Steel"]},{"damage_healed":23,"gold_gain":0,"player_choice":"Banana","damage_taken":0,"max_hp_gain":0,"max_hp_loss":0,"event_name":"Big Fish","floor":8,"gold_loss":0},{"damage_healed":0,"gold_gain":0,"player_choice":"Ignored","damage_taken":0,"max_hp_gain":0,"max_hp_loss":0,"event_name":"Liars Game","floor":10,"gold_loss":0}],"is_beta":false,"boss_relics":[],"items_purged_floors":[],"is_endless":false,"potions_floor_spawned":[7,12],"killed_by":"Lagavulin","ascension_level":1}}