{"host":"ErinAnne","time":1608783816,"event":{"mods":["AchievementEnabler","BaseMod","Colored Map","Colored Powertips","Downfall","Highlight Path","Minty Spire (QoL Compilation)","Relic Stats","Replay The Spire","Slay the Relics Exporter","StSLib","everything is the same but u backflip on backflip"],"gold_per_floor":[158,176,276,276,276,63,86,96,121,134,134,134,148,12,25,126,176,276,290,390,390,435,435,435],"floor_reached":22,"playtime":3429,"items_purged":["champ:Strike"],"score":182,"play_id":"31bfbdc7-58e7-4dd1-8d1e-fc568ac0efa1","local_time":"20201223222336","is_ascension_mode":false,"campfire_choices":[{"data":"champ:FalseCounter","floor":12,"key":"SMITH"}],"circlet_count":0,"master_deck":["champ:Strike","champ:Strike","champ:Strike","champ:Defend","champ:Defend","champ:Defend","champ:Execute","champ:Taunt","champ:Circumvent+1","champ:RisingSlash","champ:GladiatorsShout","champ:HeartStrike+1","champ:DefensiveShout+1","champ:FalseCounter+1","champ:BladeFlurry","champ:BerserkersShout","champ:CalledShot","champ:LastStand","champ:TornadoPunch","champ:RecklessLeap","champ:BringItOn","Spreading Infection"],"relics":["Sozu","CloakClasp","Dream Catcher","Bag of Preparation","Replay:Rubber Ducky","Tiny House","downfall:GremlinWheel","champ:BlackKnightHelmet","Eternal Feather","Ring of Panic","ReplayTheSpireMod:Ring of Challenge"],"acts_visited":["Exordium","TheCity"],"potions_floor_usage":[],"damage_taken":[{"damage":11,"enemies":"Jaw Worm","floor":2,"turns":4},{"damage":63,"enemies":"Jaw Worm","floor":3,"turns":11},{"damage":10,"enemies":"downfall:FleeingMerchant","floor":6,"turns":4},{"damage":0,"enemies":"Small Slimes","floor":8,"turns":3},{"damage":20,"enemies":"3 Sentries","floor":9,"turns":7},{"damage":8,"enemies":"Cultist","floor":10,"turns":3},{"damage":16,"enemies":"2 Fungi Beasts","floor":13,"turns":3},{"damage":9,"enemies":"downfall:FleeingMerchant","floor":14,"turns":4},{"damage":12,"enemies":"Lots of Slimes","floor":15,"turns":3},{"damage":43,"enemies":"downfall:Watcher","floor":16,"turns":9},{"damage":43,"enemies":"downfall:Watcher","floor":18,"turns":5},{"damage":41,"enemies":"3 Byrds","floor":19,"turns":6},{"damage":45,"enemies":"3 Byrds","floor":20,"turns":7},{"damage":45,"enemies":"Chosen","floor":22,"turns":6}],"seed_played":"-2904433512607963577","potions_obtained":[],"is_trial":false,"path_per_floor":["R_BF","M","?","?","?","$","T","M","E","M","?","R","M","$","M","B",null,"R_BF","M","?","?","M"],"character_chosen":"THE_CHAMP","items_purchased":["champ:HeartStrike+1","Dream Catcher","champ:BerserkersShout"],"campfire_rested":0,"item_purchase_floors":[6,6,14],"current_hp_per_floor":[90,89,54,54,54,54,54,54,44,41,41,41,39,30,30,6,95,72,48,41,41,0,0,0],"gold":435,"neow_bonus":"BOSS_RELIC","is_daily":false,"chose_seed":false,"campfire_upgraded":1,"win_rate":0.0,"timestamp":1608783816,"path_taken":["R_BF","M","?","?","?","$","T","M","E","?","?","R","M","$","M","BOSS","R_BF","M","?","?","M"],"items_purchased_type":["Card","Relic","Card"],"build_version":"2020-12-18","purchased_purges":1,"victory":false,"max_hp_per_floor":[90,90,90,90,90,90,90,90,90,90,90,90,90,90,90,90,95,95,95,95,95,95,95,95],"relic_stats":{"Sozu":4,"Dream Catcher":0,"counters":[14,75],"Eternal Feather":0,"CloakClasp":[137],"Bag of Preparation":[22],"obtain_stats":[{"Sozu":0,"Dream Catcher":6,"champ:BlackKnightHelmet":20,"Tiny House":17,"downfall:GremlinWheel":18,"champ:ChampionCrown":0,"Eternal Feather":20,"CloakClasp":3,"Bag of Preparation":7,"Ring of Panic":21,"ReplayTheSpireMod:Ring of Challenge":21,"Replay:Rubber Ducky":9},{"Sozu":0,"Dream Catcher":3,"champ:BlackKnightHelmet":13,"Tiny House":10,"downfall:GremlinWheel":11,"champ:ChampionCrown":0,"Eternal Feather":13,"CloakClasp":2,"Bag of Preparation":3,"Ring of Panic":13,"ReplayTheSpireMod:Ring of Challenge":13,"Replay:Rubber Ducky":5},{"Sozu":0,"Dream Catcher":19,"champ:BlackKnightHelmet":69,"Tiny House":51,"downfall:GremlinWheel":56,"champ:ChampionCrown":0,"Eternal Feather":69,"CloakClasp":15,"Bag of Preparation":19,"Ring of Panic":69,"ReplayTheSpireMod:Ring of Challenge":69,"Replay:Rubber Ducky":29}]},"card_choices":[{"not_picked":["champ:CrookedStrike","champ:BladeFlurry"],"picked":"champ:Circumvent","floor":2},{"not_picked":["champ:SkillfulDodge","champ:FlashCut"],"picked":"champ:RisingSlash","floor":3},{"not_picked":["champ:CrookedStrike","champ:PerfectedStrike"],"picked":"champ:GladiatorsShout","floor":6},{"not_picked":["champ:FocusedGladiator","champ:PerfectedStrike"],"picked":"champ:DefensiveShout","floor":8},{"not_picked":["champ:MurderStrike","champ:StanceDance"],"picked":"champ:FalseCounter","floor":9},{"not_picked":["champ:PerfectedStrike","champ:DefensiveShout"],"picked":"champ:BladeFlurry","floor":10},{"not_picked":["champ:FanOfKnives","champ:FlashCut","champ:Haymaker"],"picked":"SKIP","floor":13},{"not_picked":["champ:CheapShot","champ:TornadoPunch","champ:DefensiveStyle"],"picked":"SKIP","floor":14},{"not_picked":["champ:StanceDance","champ:CrookedStrike"],"picked":"champ:CalledShot","floor":15},{"not_picked":["champ:SteelEdge","champ:StrikeOfGenius"],"picked":"champ:LastStand","floor":16},{"not_picked":["champ:BerserkersShout","champ:Backstep"],"picked":"champ:TornadoPunch","floor":17},{"not_picked":["champ:FlashCut","champ:BerserkersShout"],"picked":"champ:RecklessLeap","floor":19},{"not_picked":["champ:TornadoPunch","champ:DefensiveShout"],"picked":"champ:BringItOn","floor":20}],"player_experience":78289,"relics_obtained":[{"floor":3,"key":"CloakClasp"},{"floor":7,"key":"Bag of Preparation"},{"floor":9,"key":"Replay:Rubber Ducky"},{"floor":18,"key":"downfall:GremlinWheel"},{"floor":20,"key":"champ:BlackKnightHelmet"},{"floor":20,"key":"Eternal Feather"},{"floor":21,"key":"Ring of Panic"},{"floor":21,"key":"ReplayTheSpireMod:Ring of Challenge"}],"event_choices":[{"damage_healed":0,"gold_gain":0,"player_choice":"Upgraded","damage_taken":0,"max_hp_gain":0,"max_hp_loss":0,"event_name":"Upgrade Shrine","floor":5,"gold_loss":0,"cards_upgraded":["champ:Circumvent"]},{"cards_removed":["champ:Defend"],"damage_healed":0,"gold_gain":0,"player_choice":"Purged","damage_taken":0,"max_hp_gain":0,"max_hp_loss":0,"event_name":"Purifier","floor":11,"gold_loss":0}],"is_beta":true,"boss_relics":[{"not_picked":["Kintsugi","Empty Cage"],"picked":"Tiny House"}],"items_purged_floors":[14],"is_endless":false,"potions_floor_spawned":[3,8,13,20],"killed_by":"Chosen","ascension_level":0}}