{"host":"2lo6hma6kymb0g9i","time":1608797898,"event":{"mods":["BaseMod","Colored Map","DeckTracker","Minty Spire (QoL Compilation)"],"gold_per_floor":[119,131,131,145,70,70,95,95,143,143,154,154,154,171,171,248,248,258,258,277,277,227,227,241,241,241],"floor_reached":25,"playtime":1157,"items_purged":["Strike_G","Strike_G"],"score":392,"play_id":"4d9ff95a-f1a3-4940-9c77-5b841241d655","local_time":"20201224171818","is_ascension_mode":true,"campfire_choices":[{"data":"Neutralize","floor":6,"key":"SMITH"},{"data":"Noxious Fumes","floor":10,"key":"SMITH"},{"data":"Dagger Throw","floor":15,"key":"SMITH"},{"floor":23,"key":"REST"}],"circlet_count":0,"master_deck":["AscendersBane","Strike_G","Strike_G","Strike_G","Defend_G","Defend_G","Defend_G","Defend_G","Defend_G+1","Survivor+1","Neutralize+1","Dagger Throw","Dagger Throw","Noxious Fumes+1","Bouncing Flask","Storm of Steel","Distraction","Prepared","Backflip"],"relics":["Ring of the Snake","NeowsBlessing","Smiling Mask","War Paint","Eternal Feather","Sozu","Strawberry"],"acts_visited":["Exordium","TheCity"],"potions_floor_usage":[7,16],"damage_taken":[{"damage":0,"enemies":"2 Louse","floor":1,"turns":1},{"damage":0,"enemies":"Cultist","floor":2,"turns":1},{"damage":0,"enemies":"Small Slimes","floor":4,"turns":1},{"damage":12,"enemies":"3 Sentries","floor":7,"turns":3},{"damage":3,"enemies":"Blue Slaver","floor":11,"turns":5},{"damage":8,"enemies":"Lots of Slimes","floor":14,"turns":5},{"damage":48,"enemies":"Slime Boss","floor":16,"turns":10},{"damage":22,"enemies":"Spheric Guardian","floor":18,"turns":5},{"damage":10,"enemies":"Shell Parasite","floor":20,"turns":7},{"damage":17,"enemies":"Snecko","floor":24,"turns":6},{"damage":26,"enemies":"Shelled Parasite and Fungi","floor":25,"turns":3}],"seed_played":"-7967319247324982039","potions_obtained":[{"floor":3,"key":"ColorlessPotion"},{"floor":3,"key":"FearPotion"},{"floor":11,"key":"Ancient Potion"}],"is_trial":false,"path_per_floor":["M","M","?","M","$","R","E","?","T","R","M","?","T","M","R","B",null,"M","?","M","?","$","R","M","M"],"character_chosen":"THE_SILENT","items_purchased":[],"campfire_rested":1,"item_purchase_floors":[],"current_hp_per_floor":[59,59,59,59,59,59,47,47,47,47,44,49,49,41,50,2,54,32,12,2,9,9,42,25,0,0],"gold":241,"neow_bonus":"THREE_ENEMY_KILL","is_daily":false,"chose_seed":false,"campfire_upgraded":3,"win_rate":0.0,"timestamp":1608797898,"path_taken":["M","M","?","?","$","R","E","?","T","R","M","?","?","?","R","BOSS","M","?","M","?","$","R","M","M"],"items_purchased_type":[],"build_version":"2020-12-22","purchased_purges":2,"victory":false,"max_hp_per_floor":[66,66,66,66,66,66,66,66,66,66,66,71,71,71,71,71,71,71,76,76,83,83,83,83,83,83],"card_choices":[{"not_picked":["Sucker Punch","Acrobatics"],"picked":"Dagger Throw","floor":1},{"not_picked":["Deflect","Slice"],"picked":"Dagger Throw","floor":2},{"not_picked":["Quick Slash","Caltrops","Dagger Spray"],"picked":"SKIP","floor":4},{"not_picked":["Slice","Wraith Form v2"],"picked":"Noxious Fumes","floor":7},{"not_picked":["PiercingWail","Prepared"],"picked":"Dagger Throw","floor":11},{"not_picked":["Backflip","Quick Slash"],"picked":"Bouncing Flask","floor":14},{"not_picked":["Malaise","Glass Knife"],"picked":"Storm of Steel","floor":16},{"not_picked":["Infinite Blades","Dagger Spray"],"picked":"Distraction","floor":18},{"not_picked":["Deadly Poison","Dagger Spray"],"picked":"Prepared","floor":20},{"not_picked":["Quick Slash","Slice"],"picked":"Backflip","floor":24}],"player_experience":865636,"relics_obtained":[{"floor":7,"key":"Smiling Mask"},{"floor":9,"key":"War Paint"},{"floor":13,"key":"Eternal Feather"}],"event_choices":[{"damage_healed":0,"gold_gain":0,"player_choice":"Got Potions","damage_taken":0,"max_hp_gain":0,"max_hp_loss":0,"event_name":"Lab","floor":3,"gold_loss":0},{"damage_healed":0,"gold_gain":0,"player_choice":"Fled","damage_taken":0,"max_hp_gain":0,"max_hp_loss":0,"event_name":"Scrap Ooze","floor":8,"gold_loss":0},{"damage_healed":0,"gold_gain":0,"player_choice":"Donut","damage_taken":0,"max_hp_gain":5,"max_hp_loss":0,"event_name":"Big Fish","floor":12,"gold_loss":0},{"damage_healed":0,"gold_gain":0,"player_choice":"Shed Blood","damage_taken":25,"max_hp_gain":5,"max_hp_loss":0,"event_name":"Forgotten Altar","floor":19,"gold_loss":0},{"cards_removed":["Dagger Throw"],"damage_healed":0,"gold_gain":0,"player_choice":"Gave Card","damage_taken":0,"relics_obtained":["Strawberry"],"max_hp_gain":0,"max_hp_loss":0,"event_name":"WeMeetAgain","floor":21,"gold_loss":0}],"is_beta":false,"boss_relics":[{"not_picked":["SlaversCollar","Calling Bell"],"picked":"Sozu"}],"items_purged_floors":[5,22],"is_endless":false,"potions_floor_spawned":[11,14,18],"killed_by":"Shelled Parasite and Fungi","ascension_level":19}}