{"host":"6yklbc9za0aylqsj","time":1608809538,"event":{"mods":["AchievementEnabler","BaseMod","Bestiary","Colored Map","Colored Powertips","Minty Spire (QoL Compilation)","Rare Cards Sparkle","Relic Stats","Slay-I","StSLib"],"gold_per_floor":[114,114,28,28,41,67,67,67,116,116,132,132,5,33,33,112,112,122,139,156,156,170,170,203,203,229,229,248,268,268,301,301,379,429,439,439,439,99,37,62,62,80,106,125,125,144,7,57,57,57,57],"floor_reached":52,"playtime":1931,"items_purged":[],"score":1902,"play_id":"99833023-4ae4-4878-9217-bf4be160223f","local_time":"20201224123218","is_ascension_mode":true,"campfire_choices":[{"data":"Flame Barrier","floor":7.0,"key":"SMITH"},{"data":"Defend_R","floor":10.0,"key":"SMITH"},{"data":"Shrug It Off","floor":12.0,"key":"SMITH"},{"data":"Panacea","floor":15.0,"key":"SMITH"},{"data":"Inflame","floor":23.0,"key":"SMITH"},{"data":"Power Through","floor":25.0,"key":"SMITH"},{"data":"Exhume","floor":32.0,"key":"SMITH"},{"floor":41.0,"key":"RECALL"},{"data":"Inflame","floor":45.0,"key":"SMITH"},{"data":"Double Tap","floor":49.0,"key":"SMITH"}],"circlet_count":0,"master_deck":["AscendersBane","Strike_R+1","Strike_R+1","Strike_R+1","Strike_R+1","Defend_R+1","Defend_R+1","Defend_R+1","Defend_R+1","Bash+1","Sever Soul+1","Flame Barrier+1","Pommel Strike+1","Shrug It Off+1","Perfected Strike+1","Panacea+1","Perfected Strike+1","Reaper+1","Clash+1","Body Slam+1","Inflame+1","Uppercut+1","Power Through+1","Exhume+1","Pommel Strike+1","Clash+1","Whirlwind+1","Limit Break+1","Perfected Strike+1","Iron Wave+1","Inflame+1","Clothesline+1","Double Tap+1"],"relics":["Burning Blood","NeowsBlessing","Molten Egg 2","Boot","Matryoshka","Coffee Dripper","Pen Nib","Darkstone Periapt","Oddly Smooth Stone","MutagenicStrength","Bag of Preparation","Tiny House","Toolbox","Potion Belt","Gambling Chip","Smiling Mask","Ancient Tea Set","Bag of Marbles"],"acts_visited":["Exordium","TheCity","TheBeyond"],"potions_floor_usage":[51],"damage_taken":[{"damage":0.0,"enemies":"Small Slimes","floor":1.0,"turns":1.0},{"damage":0.0,"enemies":"2 Louse","floor":5.0,"turns":2.0},{"damage":0.0,"enemies":"3 Sentries","floor":6.0,"turns":2.0},{"damage":0.0,"enemies":"Jaw Worm","floor":11.0,"turns":2.0},{"damage":5.0,"enemies":"Lagavulin","floor":14.0,"turns":7.0},{"damage":34.0,"enemies":"Hexaghost","floor":16.0,"turns":9.0},{"damage":0.0,"enemies":"3 Byrds","floor":18.0,"turns":2.0},{"damage":0.0,"enemies":"Chosen","floor":19.0,"turns":3.0},{"damage":0.0,"enemies":"Snecko","floor":20.0,"turns":3.0},{"damage":29.0,"enemies":"Snake Plant","floor":22.0,"turns":3.0},{"damage":22.0,"enemies":"Book of Stabbing","floor":24.0,"turns":4.0},{"damage":13.0,"enemies":"Centurion and Healer","floor":28.0,"turns":7.0},{"damage":1.0,"enemies":"Snecko","floor":29.0,"turns":3.0},{"damage":18.0,"enemies":"Slavers","floor":31.0,"turns":5.0},{"damage":62.0,"enemies":"Automaton","floor":33.0,"turns":10.0},{"damage":12.0,"enemies":"Orb Walker","floor":35.0,"turns":2.0},{"damage":45.0,"enemies":"Giant Head","floor":40.0,"turns":6.0},{"damage":54.0,"enemies":"3 Shapes","floor":42.0,"turns":4.0},{"damage":0.0,"enemies":"3 Darklings","floor":44.0,"turns":3.0},{"damage":0.0,"enemies":"4 Shapes","floor":46.0,"turns":3.0},{"damage":38.0,"enemies":"Donu and Deca","floor":50.0,"turns":7.0},{"damage":68,"enemies":"Time Eater","floor":51,"turns":10}],"seed_played":"7706890698329744536","potions_obtained":[{"floor":1.0,"key":"AttackPotion"},{"floor":5.0,"key":"GamblersBrew"},{"floor":6.0,"key":"AttackPotion"},{"floor":19.0,"key":"AttackPotion"},{"floor":24.0,"key":"BlessingOfTheForge"},{"floor":28.0,"key":"FearPotion"},{"floor":29.0,"key":"Block Potion"},{"floor":34.0,"key":"DistilledChaos"},{"floor":35.0,"key":"Weak Potion"},{"floor":40.0,"key":"Dexterity Potion"}],"is_trial":false,"path_per_floor":["M","?","$","?","M","E","R","?","T","R","M","R","$","E","R","B",null,"M","M","M","?","M","R","E","R","T","?","M","M","?","E","R","B",null,"M","?","?","$","?","E","R","M","T","M","R","M","$","?","R","B","B",null],"character_chosen":"IRONCLAD","items_purchased":["Flame Barrier","Perfected Strike+1","Panacea","Toolbox","Potion Belt","Double Tap","Dexterity Potion"],"campfire_rested":0,"item_purchase_floors":[3,13,13,38,38,47,47],"current_hp_per_floor":[74,74,74,79,80,80,80,56,56,56,62,62,62,63,63,35,69,75,80,80,80,62,62,46,46,46,46,63,68,68,72,72,28,72,66,66,66,66,66,27,27,27,27,81,81,81,81,81,81,49,15],"gold":57,"neow_bonus":"THREE_ENEMY_KILL","is_daily":false,"chose_seed":false,"campfire_upgraded":9,"win_rate":0.0,"timestamp":1608809538,"path_taken":["M","?","$","?","M","E","R","?","T","R","M","R","?","E","R","BOSS","M","M","M","?","M","R","E","R","T","?","M","?","?","E","R","BOSS","M","?","?","$","?","E","R","M","T","?","R","M","?","?","R","BOSS","BOSS"],"items_purchased_type":["Card","Card","Card","Relic","Relic","Card","Potion"],"build_version":"2020-12-22","purchased_purges":0,"victory":true,"max_hp_per_floor":[75,75,75,80,80,80,80,80,80,80,80,80,80,80,80,80,80,80,80,80,80,80,80,80,80,80,80,80,80,80,80,80,80,85,85,85,81,81,81,81,81,81,81,81,81,81,81,81,81,81,81],"relic_stats":{"Darkstone Periapt":0,"counters":[22,98],"Gambling Chip":[23],"Pen Nib":[12],"Bag of Preparation":[16],"Boot":[11],"Smiling Mask":0,"obtain_stats":[{"Darkstone Periapt":26,"Potion Belt":38,"Tiny House":34,"NeowsBlessing":0,"Oddly Smooth Stone":26,"Pen Nib":24,"Bag of Preparation":31,"Boot":9,"Smiling Mask":40,"Ancient Tea Set":43,"Burning Blood":0,"Matryoshka":14,"MutagenicStrength":30,"Gambling Chip":39,"Toolbox":38,"Molten Egg 2":6,"Coffee Dripper":17,"Bag of Marbles":43},{"Darkstone Periapt":11,"Potion Belt":16,"Tiny House":15,"NeowsBlessing":0,"Oddly Smooth Stone":11,"Pen Nib":11,"Bag of Preparation":14,"Boot":3,"Smiling Mask":17,"Ancient Tea Set":18,"Burning Blood":0,"Matryoshka":5,"MutagenicStrength":13,"Gambling Chip":16,"Toolbox":16,"Molten Egg 2":3,"Coffee Dripper":6,"Bag of Marbles":18},{"Darkstone Periapt":38,"Potion Belt":65,"Tiny House":63,"NeowsBlessing":0,"Oddly Smooth Stone":38,"Pen Nib":38,"Bag of Preparation":53,"Boot":5,"Smiling Mask":71,"Ancient Tea Set":75,"Burning Blood":0,"Matryoshka":14,"MutagenicStrength":48,"Gambling Chip":65,"Toolbox":65,"Molten Egg 2":5,"Coffee Dripper":23,"Bag of Marbles":75}],"Burning Blood":108},"card_choices":[{"not_picked":["Infernal Blade","Hemokinesis"],"picked":"Sever Soul","floor":1.0},{"not_picked":["Rupture","Second Wind","Sword Boomerang"],"picked":"SKIP","floor":5.0},{"not_picked":["Havoc","Dual Wield"],"picked":"Pommel Strike+1","floor":6.0},{"not_picked":["Armaments","Havoc"],"picked":"Shrug It Off","floor":11.0},{"not_picked":["Battle Trance","Infernal Blade"],"picked":"Perfected Strike+1","floor":14.0},{"not_picked":["Fiend Fire+1","Double Tap"],"picked":"Reaper+1","floor":16.0},{"not_picked":["Perfected Strike+1","Combust"],"picked":"Clash+1","floor":18.0},{"not_picked":["Anger+1","Cleave+1"],"picked":"Body Slam+1","floor":19.0},{"not_picked":["Shrug It Off","Pommel Strike+1"],"picked":"Inflame","floor":20.0},{"not_picked":["Sever Soul+1","Sword Boomerang+1"],"picked":"Uppercut+1","floor":22.0},{"not_picked":["Heavy Blade+1","Seeing Red+1"],"picked":"Power Through","floor":24.0},{"not_picked":["Burning Pact","Flex","Warcry+1"],"picked":"SKIP","floor":28.0},{"not_picked":["Power Through","Flex"],"picked":"Clash+1","floor":29.0},{"not_picked":["Burning Pact","Barricade"],"picked":"Whirlwind+1","floor":31.0},{"not_picked":["Feed+1","Brutality"],"picked":"Limit Break","floor":33.0},{"not_picked":["Pummel+1","Havoc"],"picked":"Perfected Strike+1","floor":34.0},{"not_picked":["Metallicize","Pummel+1"],"picked":"Iron Wave+1","floor":35.0},{"not_picked":["Warcry+1","Cleave+1","Body Slam+1"],"picked":"SKIP","floor":40.0},{"not_picked":["Combust","Headbutt+1","Flex"],"picked":"SKIP","floor":42.0},{"not_picked":["Flex","Rampage+1"],"picked":"Inflame","floor":44.0},{"not_picked":["Cleave+1","Headbutt+1"],"picked":"Clothesline+1","floor":46.0}],"player_experience":680171,"relics_obtained":[{"floor":6.0,"key":"Molten Egg 2"},{"floor":9.0,"key":"Boot"},{"floor":14.0,"key":"Matryoshka"},{"floor":24.0,"key":"Pen Nib"},{"floor":26.0,"key":"Darkstone Periapt"},{"floor":26.0,"key":"Oddly Smooth Stone"},{"floor":31.0,"key":"Bag of Preparation"},{"floor":40.0,"key":"Smiling Mask"},{"floor":43.0,"key":"Ancient Tea Set"},{"floor":43.0,"key":"Bag of Marbles"}],"event_choices":[{"damage_healed":0.0,"max_hp_gain":0.0,"max_hp_loss":0.0,"gold_gain":0.0,"event_name":"Living Wall","player_choice":"Grow","floor":2.0,"gold_loss":0.0,"damage_taken":0.0,"cards_upgraded":["Bash"]},{"damage_healed":0.0,"max_hp_gain":5.0,"max_hp_loss":0.0,"gold_gain":0.0,"event_name":"Big Fish","player_choice":"Donut","floor":4.0,"gold_loss":0.0,"damage_taken":0.0},{"damage_healed":0.0,"max_hp_gain":0.0,"max_hp_loss":0.0,"gold_gain":0.0,"event_name":"Shining Light","player_choice":"Entered Light","floor":8.0,"gold_loss":0.0,"damage_taken":24.0,"cards_upgraded":["Sever Soul","Defend_R"]},{"damage_healed":0.0,"max_hp_gain":0.0,"max_hp_loss":0.0,"gold_gain":0.0,"event_name":"Back to Basics","player_choice":"Simplicity","floor":21.0,"gold_loss":0.0,"damage_taken":0.0,"cards_upgraded":["Strike_R","Strike_R","Strike_R","Strike_R","Strike_R","Defend_R","Defend_R"]},{"damage_healed":0.0,"max_hp_gain":0.0,"max_hp_loss":0.0,"gold_gain":0.0,"event_name":"Match and Keep!","player_choice":"2 cards matched","floor":27.0,"gold_loss":0.0,"damage_taken":0.0,"cards_obtained":["Exhume","Pommel Strike"]},{"damage_healed":0.0,"max_hp_gain":0.0,"max_hp_loss":0.0,"gold_gain":0.0,"event_name":"Drug Dealer","player_choice":"Inject Mutagens","floor":30.0,"gold_loss":0.0,"damage_taken":0.0,"relics_obtained":["MutagenicStrength"]},{"cards_removed":["Strike_R"],"damage_healed":0.0,"max_hp_gain":0.0,"max_hp_loss":0.0,"gold_gain":0.0,"event_name":"Falling","player_choice":"Removed Attack","floor":36.0,"gold_loss":0.0,"damage_taken":0.0},{"damage_healed":0.0,"max_hp_gain":0.0,"max_hp_loss":4.0,"gold_gain":0.0,"event_name":"Winding Halls","player_choice":"Max HP","floor":37.0,"gold_loss":0.0,"damage_taken":0.0},{"damage_healed":0.0,"max_hp_gain":0.0,"max_hp_loss":0.0,"gold_gain":0.0,"event_name":"WeMeetAgain","player_choice":"Paid Gold","floor":39.0,"gold_loss":62.0,"damage_taken":0.0,"relics_obtained":["Gambling Chip"]},{"damage_healed":0.0,"max_hp_gain":0.0,"max_hp_loss":0.0,"gold_gain":50.0,"event_name":"Golden Shrine","player_choice":"Pray","floor":48.0,"gold_loss":0.0,"damage_taken":0.0}],"is_beta":false,"boss_relics":[{"not_picked":["Pandora\u0027s Box","Runic Cube"],"picked":"Coffee Dripper"},{"not_picked":["Philosopher\u0027s Stone","Black Star"],"picked":"Tiny House"}],"items_purged_floors":[],"is_endless":false,"potions_floor_spawned":[1,5,6,19,24,28,29,35,40],"ascension_level":20}}