{"host":"knoo6yq0od847mqf","time":1608824766,"event":{"mods":["BaseMod","Bestiary","CatGirl Mod","Displayed Cursed Tome","Downfall","Duelist Mod","Hubris","Koishi","Marisa????????","Minty Spire (QoL Compilation)","Replay The Spire","StSLib","The Alterego","The Animator","The Blackbeard","The Bug Knight","The Hayseed","The Servant 0.9.4","Wandering Minibosses","Yuri Mod"],"gold_per_floor":[114,133,147,147,159,193,212,212,212,231,231,244,244,258,258,357,357,367,26,26,41,60,86,86,103,103,103,103,103],"floor_reached":28,"playtime":1089,"items_purged":[],"score":244,"play_id":"92a0fbba-d04b-4e92-94b5-7ea532898fe1","local_time":"20201224164606","is_ascension_mode":false,"campfire_choices":[{"floor":8,"key":"REST"},{"data":"theCatGirl:Beastification","floor":11,"key":"SMITH"},{"data":"theCatGirl:BloodScent","floor":13,"key":"SMITH"},{"data":"theCatGirl:UnrelentingAssault","floor":15,"key":"SMITH"},{"floor":24,"key":"REST"}],"circlet_count":0,"master_deck":["theCatGirl:Strike","theCatGirl:Strike","theCatGirl:Strike","theCatGirl:Strike","theCatGirl:Defend","theCatGirl:Defend","theCatGirl:Defend","theCatGirl:Defend","theCatGirl:ClawStrike","theCatGirl:Evasion","theCatGirl:SmellFear+1","theCatGirl:DefensiveStance","theCatGirl:BloodBath+1","theCatGirl:Prepared","theCatGirl:UnrelentingAssault+1","theCatGirl:AllIn","theCatGirl:Beastification+1","theCatGirl:BloodScent+1","theCatGirl:Meow+1","theCatGirl:Howl+1","theCatGirl:TrainWreck"],"relics":["theCatGirl:TrainedRelic","Smiling Mask","Toy Ornithopter","Blood Vial","SacredBark","Strawberry","Guide Book","Centennial Puzzle","Letter Opener"],"acts_visited":["Exordium","TheCity"],"potions_floor_usage":[6,10,21,23,23,28],"damage_taken":[{"damage":3,"enemies":"2 Louse","floor":1,"turns":3},{"damage":1,"enemies":"Small Slimes","floor":2,"turns":4},{"damage":0,"enemies":"Jaw Worm","floor":3,"turns":4},{"damage":4,"enemies":"Exordium Wildlife","floor":5,"turns":3},{"damage":9,"enemies":"Lagavulin","floor":6,"turns":7},{"damage":14,"enemies":"Blue Slaver","floor":7,"turns":5},{"damage":13,"enemies":"Red Slaver","floor":10,"turns":3},{"damage":0,"enemies":"3 Louse","floor":12,"turns":3},{"damage":16,"enemies":"Gremlin Gang","floor":14,"turns":6},{"damage":43,"enemies":"Slime Boss","floor":16,"turns":11},{"damage":19,"enemies":"Shell Parasite","floor":18,"turns":5},{"damage":12,"enemies":"2 Thieves","floor":21,"turns":5},{"damage":21,"enemies":"Cultist and Chosen","floor":22,"turns":8},{"damage":40,"enemies":"Gremlin Leader","floor":23,"turns":8},{"damage":25,"enemies":"Centurion and Healer","floor":25,"turns":8},{"damage":15,"enemies":"Snake Plant","floor":28,"turns":2}],"seed_played":"-8240240187736049159","potions_obtained":[{"floor":1,"key":"SpeedPotion"},{"floor":2,"key":"DistilledChaos"},{"floor":6,"key":"PowerPotion"},{"floor":12,"key":"champ:CounterPotion"},{"floor":18,"key":"Energy Potion"},{"floor":23,"key":"Strength Potion"}],"is_trial":false,"path_per_floor":["M","M","M","?","M","E","M","R","T","M","R","M","R","M","R","B",null,"M","$","?","M","M","E","R","M","T","$","M"],"character_chosen":"THE_CATGIRL","items_purchased":["Strawberry","Guide Book","theCatGirl:TrainWreck"],"campfire_rested":2,"item_purchase_floors":[19,19,19],"current_hp_per_floor":[67,66,66,66,62,53,39,60,60,54,54,56,56,42,42,1,70,51,58,58,53,34,6,29,6,6,6,0,0],"gold":103,"neow_bonus":"RANDOM_COMMON_RELIC","is_daily":false,"chose_seed":false,"campfire_upgraded":3,"win_rate":0.0,"timestamp":1608824766,"path_taken":["M","M","M","?","M","E","M","R","T","M","R","M","R","M","R","BOSS","M","$","?","M","M","E","R","M","T","$","M"],"items_purchased_type":["Relic","Relic","Card"],"build_version":"2020-12-22","purchased_purges":0,"victory":false,"max_hp_per_floor":[70,70,70,70,70,70,70,70,70,70,70,70,70,70,70,70,70,70,77,77,77,77,77,77,77,77,77,77,77],"card_choices":[{"not_picked":["theCatGirl:Slip","theCatGirl:PilingErrors"],"picked":"theCatGirl:SmellFear","floor":1},{"not_picked":["theCatGirl:Stalk","theCatGirl:EmergencyParry"],"picked":"theCatGirl:DefensiveStance","floor":2},{"not_picked":["theCatGirl:PlayAround","theCatGirl:PilingErrors"],"picked":"theCatGirl:BloodBath","floor":3},{"not_picked":["theCatGirl:BodyBlow","theCatGirl:Claws"],"picked":"theCatGirl:Prepared","floor":5},{"not_picked":["theCatGirl:DecliningDefenses","theCatGirl:ThatWasntIt"],"picked":"theCatGirl:UnrelentingAssault","floor":6},{"not_picked":["theCatGirl:SpinningStrike","theCatGirl:ElegantStrike"],"picked":"theCatGirl:AllIn","floor":7},{"not_picked":["theCatGirl:TripLunge","theCatGirl:DecliningDefenses"],"picked":"theCatGirl:Beastification","floor":10},{"not_picked":["theCatGirl:Growl","theCatGirl:UnrelentingAssault"],"picked":"theCatGirl:BloodScent","floor":12},{"not_picked":["theCatGirl:Slip","theCatGirl:SearchBackpack"],"picked":"theCatGirl:Meow","floor":14},{"not_picked":["theCatGirl:AccidentalHeadbutt","theCatGirl:AdventurersInsight"],"picked":"theCatGirl:Howl","floor":16},{"not_picked":["theCatGirl:RecoveryBlow","theCatGirl:Meow","theCatGirl:LuckyBlow+1"],"picked":"SKIP","floor":18},{"not_picked":["theCatGirl:ElegantStrike","theCatGirl:Stalk","theCatGirl:PlayAround+1"],"picked":"SKIP","floor":21},{"not_picked":["theCatGirl:ClawScratch","theCatGirl:ThatWasntIt","theCatGirl:RageClaws"],"picked":"SKIP","floor":22},{"not_picked":["theCatGirl:AllIn+1","theCatGirl:EmergencyParry","theCatGirl:ChangeOfPlans"],"picked":"SKIP","floor":23},{"not_picked":["theCatGirl:RecoveryBlow","theCatGirl:LearnByMistake","theCatGirl:Growl+1"],"picked":"SKIP","floor":25}],"player_experience":234418,"relics_obtained":[{"floor":6,"key":"Toy Ornithopter"},{"floor":9,"key":"Blood Vial"},{"floor":23,"key":"Centennial Puzzle"},{"floor":26,"key":"Letter Opener"}],"event_choices":[{"damage_healed":0,"gold_gain":0,"player_choice":"Grow","damage_taken":0,"max_hp_gain":0,"max_hp_loss":0,"event_name":"Living Wall","floor":4,"gold_loss":0,"cards_upgraded":["theCatGirl:BloodBath"]}],"is_beta":false,"boss_relics":[{"not_picked":["Astrolabe","Runic Pyramid"],"picked":"SacredBark"}],"items_purged_floors":[],"is_endless":false,"potions_floor_spawned":[1,2,6,12,18,23],"killed_by":"Snake Plant","ascension_level":0}}