{"host":"3jpwrwmmgyabjceh","time":1608831638,"event":{"mods":["AchievementEnabler","BaseMod","Colored Map","Colored Powertips","Highlight Path","Minty Spire (QoL Compilation)","Quick Restart","StSLib"],"gold_per_floor":[110,128,128,128,128,128,203,219,266,266,117,127,161,11,11,107,107,117,137,62,62,62,62,97,111,111,111,140,151,151,167,167,269,269,285,285,302,202,212,212,237,237,261,273,299,96,113,129,129,129,129,129,33,67,67,67],"floor_reached":55,"playtime":2143,"items_purged":["Strike_P","Eruption","Vigilance"],"score":788,"play_id":"3d28d22e-96f9-4ca1-93de-032735507714","local_time":"20201224204038","is_ascension_mode":true,"campfire_choices":[{"data":"Conclude","floor":6,"key":"SMITH"},{"floor":10,"key":"REST"},{"data":"PathToVictory","floor":15,"key":"SMITH"},{"floor":23,"key":"REST"},{"floor":27,"key":"REST"},{"floor":30,"key":"REST"},{"data":"Vault","floor":32,"key":"SMITH"},{"data":"Alpha","floor":40,"key":"SMITH"},{"floor":42,"key":"REST"},{"data":"Evaluate","floor":44,"key":"SMITH"},{"floor":49,"key":"RECALL"},{"data":"ThirdEye","floor":52,"key":"SMITH"}],"circlet_count":0,"master_deck":["Defend_P","Defend_P+1","Defend_P","Defend_P","Conclude+1","PathToVictory+1","Evaluate+1","ThirdEye+1","Alpha+1","Vault+1","ThirdEye","Enlightenment","Parasite","Deep Breath"],"relics":["PureWater","Regal Pillow","Vajra","Oddly Smooth Stone","Orrery","Toy Ornithopter","Bag of Marbles","Busted Crown","Gremlin Horn","Enchiridion","Yang","FossilizedHelix","Empty Cage","MealTicket","MawBank","Gambling Chip"],"acts_visited":["Exordium","TheCity","TheBeyond","TheEnding"],"potions_floor_usage":[16,24,31,31,39,48,50,55],"damage_taken":[{"damage":4,"enemies":"Jaw Worm","floor":1,"turns":5},{"damage":0,"enemies":"2 Louse","floor":2,"turns":2},{"damage":0,"enemies":"Small Slimes","floor":8,"turns":2},{"damage":0,"enemies":"2 Fungi Beasts","floor":12,"turns":2},{"damage":5,"enemies":"3 Sentries","floor":13,"turns":3},{"damage":26,"enemies":"Hexaghost","floor":16,"turns":11},{"damage":3,"enemies":"Shell Parasite","floor":18,"turns":5},{"damage":19,"enemies":"2 Thieves","floor":19,"turns":3},{"damage":65,"enemies":"Slavers","floor":24,"turns":5},{"damage":1,"enemies":"3 Cultists","floor":25,"turns":4},{"damage":31,"enemies":"Book of Stabbing","floor":28,"turns":6},{"damage":0,"enemies":"Cultist and Chosen","floor":29,"turns":4},{"damage":0,"enemies":"Sentry and Sphere","floor":31,"turns":4},{"damage":48,"enemies":"Automaton","floor":33,"turns":9},{"damage":0,"enemies":"Orb Walker","floor":35,"turns":4},{"damage":0,"enemies":"3 Shapes","floor":37,"turns":3},{"damage":0,"enemies":"Transient","floor":39,"turns":5},{"damage":45,"enemies":"Nemesis","floor":41,"turns":8},{"damage":18,"enemies":"3 Darklings","floor":45,"turns":4},{"damage":0,"enemies":"4 Shapes","floor":47,"turns":3},{"damage":0,"enemies":"Writhing Mass","floor":48,"turns":6},{"damage":63,"enemies":"Time Eater","floor":50,"turns":11},{"damage":51,"enemies":"Shield and Spear","floor":54,"turns":5},{"damage":78,"enemies":"The Heart","floor":55,"turns":4}],"seed_played":"-2229880346172381097","potions_obtained":[{"floor":8,"key":"Ancient Potion"},{"floor":16,"key":"EssenceOfSteel"},{"floor":28,"key":"Fire Potion"},{"floor":29,"key":"LiquidMemories"},{"floor":33,"key":"LiquidBronze"},{"floor":35,"key":"LiquidMemories"},{"floor":41,"key":"FearPotion"},{"floor":47,"key":"ColorlessPotion"},{"floor":48,"key":"Fruit Juice"},{"floor":54,"key":"PowerPotion"}],"is_trial":false,"path_per_floor":["M","M","?","?","?","R","?","M","T","R","$","M","E","$","R","B",null,"M","M","$","?","?","R","E","M","T","R","E","M","R","M","R","B",null,"M","?","M","$","M","R","E","R","T","R","M","$","M","M","R","B",null,"R","$","E","B"],"character_chosen":"WATCHER","items_purchased":["Orrery","Bag of Marbles","Enlightenment","Deep Breath"],"campfire_rested":5,"item_purchase_floors":[11,14,46,53],"current_hp_per_floor":[68,68,68,50,36,36,25,25,25,61,61,61,56,56,56,35,72,69,50,50,50,34,70,10,9,9,45,14,14,50,60,60,12,72,72,72,72,72,72,72,27,63,63,63,45,60,60,70,70,12,77,77,77,26,0,0],"gold":67,"neow_bonus":"RANDOM_COMMON_RELIC","is_daily":false,"chose_seed":false,"campfire_upgraded":6,"win_rate":0.0,"timestamp":1608831638,"path_taken":["M","M","?","?","?","R","?","M","T","R","?","M","E","$","R","BOSS","M","M","$","?","?","R","E","M","T","R","E","M","R","M","R","BOSS","M","?","M","$","M","R","E","R","T","R","M","$","M","M","R","BOSS","R","$","E","BOSS"],"items_purchased_type":["Relic","Relic","Card","Card"],"build_version":"2020-12-22","purchased_purges":3,"victory":false,"max_hp_per_floor":[72,72,72,72,72,72,72,72,72,72,72,72,72,72,72,72,72,72,72,72,72,72,72,72,72,72,72,72,72,72,72,72,72,72,72,72,72,72,72,72,72,72,72,72,72,72,72,77,77,77,77,77,77,77,77,77],"card_choices":[{"not_picked":["Protect","Tantrum"],"picked":"Conclude","floor":1},{"not_picked":["CutThroughFate","Consecrate","EmptyFist"],"picked":"SKIP","floor":2},{"not_picked":["BowlingBash","ClearTheMind","Nirvana"],"picked":"SKIP","floor":8},{"not_picked":["SashWhip","FlyingSleeves"],"picked":"PathToVictory","floor":11},{"not_picked":["Wallop","ReachHeaven"],"picked":"Evaluate","floor":11},{"not_picked":["Wallop","Indignation"],"picked":"ThirdEye","floor":12},{"not_picked":["Prostrate","EmptyMind","FlyingSleeves"],"picked":"SKIP","floor":13},{"not_picked":["LessonLearned","MasterReality"],"picked":"Alpha","floor":16},{"not_picked":["InnerPeace"],"picked":"SKIP","floor":18},{"not_picked":["JustLucky+1"],"picked":"SKIP","floor":19},{"not_picked":[],"picked":"Vault","floor":24},{"not_picked":["FollowUp"],"picked":"SKIP","floor":25},{"not_picked":["CrushJoints+1"],"picked":"SKIP","floor":28},{"not_picked":["EmptyMind"],"picked":"SKIP","floor":29},{"not_picked":["EmptyBody+1"],"picked":"SKIP","floor":31},{"not_picked":[],"picked":"ThirdEye","floor":35},{"not_picked":["Indignation"],"picked":"SKIP","floor":37},{"not_picked":["LikeWater+1"],"picked":"SKIP","floor":39},{"not_picked":["Wireheading"],"picked":"SKIP","floor":41},{"not_picked":["Conclude+1"],"picked":"SKIP","floor":45},{"not_picked":["BattleHymn"],"picked":"SKIP","floor":47},{"not_picked":["Worship"],"picked":"SKIP","floor":48},{"not_picked":["ConjureBlade"],"picked":"SKIP","floor":54}],"player_experience":273981,"relics_obtained":[{"floor":9,"key":"Oddly Smooth Stone"},{"floor":13,"key":"Toy Ornithopter"},{"floor":22,"key":"Enchiridion"},{"floor":24,"key":"Yang"},{"floor":28,"key":"FossilizedHelix"},{"floor":41,"key":"MealTicket"},{"floor":43,"key":"MawBank"},{"floor":54,"key":"Gambling Chip"}],"event_choices":[{"cards_removed":["Strike_P"],"damage_healed":0,"gold_gain":0,"player_choice":"Forget","damage_taken":0,"max_hp_gain":0,"max_hp_loss":0,"event_name":"Living Wall","floor":3,"gold_loss":0},{"damage_healed":0,"gold_gain":0,"player_choice":"Success","damage_taken":18,"relics_obtained":["Vajra"],"max_hp_gain":0,"max_hp_loss":0,"event_name":"Scrap Ooze","floor":4,"gold_loss":0},{"damage_healed":0,"gold_gain":0,"player_choice":"Entered Light","damage_taken":14,"max_hp_gain":0,"max_hp_loss":0,"event_name":"Shining Light","floor":5,"gold_loss":0,"cards_upgraded":["Strike_P","Defend_P"]},{"damage_healed":0,"gold_gain":75,"player_choice":"Gather Gold","damage_taken":11,"max_hp_gain":0,"max_hp_loss":0,"event_name":"World of Goop","floor":7,"gold_loss":0},{"damage_healed":0,"gold_gain":0,"player_choice":"Opened","damage_taken":0,"relics_obtained":["Gremlin Horn"],"max_hp_gain":0,"max_hp_loss":0,"event_name":"The Mausoleum","floor":21,"gold_loss":0},{"damage_healed":0,"gold_gain":0,"player_choice":"Obtained Book","damage_taken":16,"max_hp_gain":0,"max_hp_loss":0,"event_name":"Cursed Tome","floor":22,"gold_loss":0},{"damage_healed":0,"gold_gain":0,"player_choice":"Ignored","damage_taken":0,"max_hp_gain":0,"max_hp_loss":0,"event_name":"SecretPortal","floor":36,"gold_loss":0}],"is_beta":false,"boss_relics":[{"not_picked":["Runic Pyramid","Ectoplasm"],"picked":"Busted Crown"},{"not_picked":["Snecko Eye","Coffee Dripper"],"picked":"Empty Cage"}],"items_purged_floors":[20,38,46],"is_endless":false,"potions_floor_spawned":[8,16,28,29,33,35,41,47,48,54],"killed_by":"The Heart","ascension_level":3}}