{"host":"5s7sm4h73jkd9266","time":1608677314,"event":{"mods":["AchievementEnabler","Bartender","BaseMod","Better Match","Better Vampires","BetterRewards","Colored Map","Colored Powertips","Conspire","Downfall","Energized Spire","GifTheSpireLib","Hermit","Hubris","Magitek Elite","Marisa????????","Melee Mod","Minty Spire (QoL Compilation)","Potion Indicator Mod","Rare Cards Sparkle","Relic Stats","Replay The Spire","Robot Space Explorer","Shade Mod","Shop Mod","StSLib","Stuff the Spire","The Bladedancer","The Blue Laboratory","The Cursed","The Disciple","The Dragon Tamer","The Forsaken","The Necromancer","The Wild Card","The Witch","Virulent Crown","everything is the same but u backflip on backflip","slay the spire mod where everything is the same but ironclad has a cowboy hat","vexMod"],"gold_per_floor":[99,114,129,243,193,30,30,30,60,75,75,75,90,90,105,205,205,205,220,220,235,235,235,235,235,250,265,265,280,280,0,15,15,115,115,115,130,4,19,19,49,49,64,79,79,94,94,94,44,59,59],"floor_reached":52,"playtime":10314,"items_purged":["Voices"],"score":1386,"play_id":"cd31a6f9-32f9-4625-a2b3-ceeb52c54ec1","local_time":"20201222174834","daily_mods":["Chimera","Vintage","downfall:Enraging"],"is_ascension_mode":false,"campfire_choices":[{"data":"Zap","floor":1.0,"key":"SMITH"},{"floor":11.0,"key":"REST"},{"data":"Skeleton_Dragon","floor":18.0,"key":"SMITH"},{"data":"Life_Tap","floor":24.0,"key":"SMITH"},{"data":"Cloudkill","floor":28.0,"key":"SMITH"},{"floor":30.0,"key":"REST"},{"floor":36.0,"key":"DIG"},{"data":"Blood_Curse","floor":45,"key":"SMITH"},{"data":"Strike_from_Beyond","floor":48,"key":"SMITH"}],"circlet_count":0,"master_deck":["Bash","Survivor","Zap+1","Eruption+1","Bone_Armory","Deaths_Shadow","Epidemic","Death_March_Dance","Cloudkill+1","Summon_Undead_Army","Summon_Vampire_Lady+1","Skeleton_Dragon+1","Bone_Spikes","Life_Tap+1","Necromantic_Selection","Death_Knell","Summon_Vampire_Lady+1","Plague_Bolt+1","Pain","Scare","Bone_Armor","Blood_Curse+1","Negative_Energy_Javelin","Chill_Blood","Summon_Death_Knight","Bone_Armory+1","Cloudkill+1","Discovery","Strike_from_Beyond+1","Flash of Steel+1","Finesse+1"],"relics":["Vampire_Amulet","Replay:Bottled Flurry","Ice Cream","Onion Ring","Ring of Hypnosis","Bag of Marbles","Blue Candle","hubris:Icosahedron","Letter Opener","StuffTheSpire:Nightcore","WingedGreaves","Pandora\u0027s Box","Prayer Wheel","hubris:SphereOfDissonance","hubris:TenFootPole","Replay:Rubber Ducky","hubris:CrystalStatue","hubris:TinFlute","Bottled Flame","sneckomod:BlankCard","SacredBark","MealTicket","PreservedInsect","Ribbon","Ancient Tea Set","Regal Pillow","vexMod:RedPlottingStone","Happy Flower","Golden Egg","theForsaken:Gavel","Bronze Scales","Replay:Bottled Eggs","Whetstone"],"acts_visited":["Exordium","TheCity","TheBeyond"],"potions_floor_usage":[44,51],"damage_taken":[{"damage":0.0,"enemies":"2 Louse","floor":2.0,"turns":3.0},{"damage":1.0,"enemies":"Jaw Worm","floor":3.0,"turns":3.0},{"damage":10.0,"enemies":"downfall:FleeingMerchant","floor":6.0,"turns":4.0},{"damage":30.0,"enemies":"Lagavulin","floor":9.0,"turns":5.0},{"damage":4.0,"enemies":"conspire:RoseBush","floor":10.0,"turns":2.0},{"damage":0.0,"enemies":"Large Slime","floor":13.0,"turns":3.0},{"damage":0.0,"enemies":"2 Fungi Beasts","floor":15.0,"turns":3.0},{"damage":30.0,"enemies":"Hexaghost","floor":16.0,"turns":8.0},{"damage":10.0,"enemies":"Shell Parasite","floor":19.0,"turns":2.0},{"damage":12.0,"enemies":"conspire:FuzzyDice","floor":21.0,"turns":3.0},{"damage":13.0,"enemies":"conspire:HollyBat","floor":26.0,"turns":7.0},{"damage":7.0,"enemies":"Snake Plant","floor":27.0,"turns":4.0},{"damage":20.0,"enemies":"Snecko","floor":29.0,"turns":4.0},{"damage":0.0,"enemies":"downfall:FleeingMerchant","floor":31.0,"turns":4.0},{"damage":1.0,"enemies":"conspire:HollyBat","floor":32.0,"turns":6.0},{"damage":1.0,"enemies":"Snake Plant","floor":33.0,"turns":1.0},{"damage":15.0,"enemies":"downfall:Defect","floor":34.0,"turns":8.0},{"damage":24.0,"enemies":"3 Darklings","floor":37.0,"turns":4.0},{"damage":8.0,"enemies":"downfall:FleeingMerchant","floor":38.0,"turns":4.0},{"damage":18.0,"enemies":"3 Shapes","floor":39.0,"turns":4.0},{"damage":35.0,"enemies":"R_Hoarder","floor":41.0,"turns":7.0},{"damage":6,"enemies":"Sphere and 2 Shapes","floor":43,"turns":2},{"damage":1,"enemies":"Transient","floor":44,"turns":5},{"damage":2,"enemies":"Spire Growth","floor":46,"turns":4},{"damage":24,"enemies":"3 Darklings","floor":50,"turns":3},{"damage":71,"enemies":"downfall:Silent","floor":51,"turns":7}],"seed_played":"4926568582952100995","potions_obtained":[{"floor":2.0,"key":"SmokeBomb"},{"floor":10.0,"key":"Swift Potion"},{"floor":13.0,"key":"Toxic Potion"},{"floor":16.0,"key":"LiquidBronze"},{"floor":19.0,"key":"SpeedPotion"},{"floor":21.0,"key":"blueLaboratory:SavagePotion"},{"floor":27.0,"key":"Milkshake"},{"floor":39.0,"key":"Regen Potion"},{"floor":43,"key":"Milkshake"},{"floor":46,"key":"FearPotion"},{"floor":50,"key":"blueLaboratory:FruitPunch"}],"is_trial":false,"path_per_floor":["R","M","M","?","?","$","T","?","E","M","R","?","M","T","M","B",null,"R","M","?","M","PTL","PTL","R","T","M","M","R","M","R","$","M","M","B",null,"R_BF","M","$","M","?","E","T","M","M","R","M","?","R","$","M","B",null],"character_chosen":"NECROMANCER","items_purchased":["Cloudkill","Summon_Undead_Army","Bone_Armor","Blood_Curse","Negative_Energy_Javelin","Chill_Blood","Ribbon","Cloudkill","Discovery","Replay:Bottled Eggs"],"campfire_rested":2,"item_purchase_floors":[6,6,31,31,31,31,38,38,38,49],"current_hp_per_floor":[75,75,75,75,75,65,65,65,37,35,57,57,61,61,68,61,75,75,70,70,62,62,62,62,62,63,70,70,55,75,75,75,74,71,75,75,60,73,61,57,60,60,60,73,73,75,75,75,85,63,19],"gold":59,"neow_bonus":"","is_daily":true,"chose_seed":false,"campfire_upgraded":6,"win_rate":0.0,"timestamp":1608677314,"path_taken":["R","M","M","?","?","$","T","?","E","M","R","?","M","?","M","BOSS","R","M","?","M","PTL","PTL","R","T","?","M","R","M","R","?","M","M","BOSS","R_BF","M","$","M","?","E","T","?","M","R","?","?","R","?","M","BOSS"],"items_purchased_type":["Card","Card","Card","Card","Card","Card","Relic","Card","Card","Relic"],"build_version":"2020-12-22","purchased_purges":1,"victory":true,"max_hp_per_floor":[75,75,75,75,75,75,75,75,75,75,75,75,75,75,75,75,75,75,75,75,75,75,75,75,75,75,75,75,75,75,75,75,75,75,75,75,75,75,75,75,75,75,75,75,75,75,75,75,85,85,89],"relic_stats":{"Regal Pillow":0,"Happy Flower":[6],"counters":[26,110],"Blue Candle":[11],"Bronze Scales":[18],"Pandora\u0027s Box":["Bone_Spikes","Life_Tap","Necromantic_Selection","Death_Knell","Summon_Vampire_Lady","Plague_Bolt"],"Prayer Wheel":0,"MealTicket":15,"PreservedInsect":80,"Letter Opener":[73],"Whetstone":["Eruption","Plague_Bolt"],"obtain_stats":[{"Ice Cream":3,"Golden Egg":44,"Regal Pillow":41,"hubris:CrystalStatue":26,"sneckomod:BlankCard":32,"SacredBark":35,"Whetstone":50,"Ancient Tea Set":39,"theForsaken:Gavel":46,"Replay:Rubber Ducky":25,"hubris:Icosahedron":12,"Ribbon":38,"vexMod:RedPlottingStone":42,"Prayer Wheel":19,"MealTicket":36,"Vampire_Amulet":0,"WingedGreaves":15,"Replay:Bottled Flurry":2,"StuffTheSpire:Nightcore":14,"Replay:Bottled Eggs":49,"hubris:TinFlute":27,"Ring of Hypnosis":8,"Happy Flower":43,"Blue Candle":10,"hubris:SphereOfDissonance":20,"PreservedInsect":37,"Letter Opener":13,"Bottled Flame":29,"Bronze Scales":49,"Onion Ring":7,"Pandora\u0027s Box":17,"Bag of Marbles":9,"hubris:TenFootPole":21},{"Ice Cream":2,"Golden Egg":23,"Regal Pillow":21,"hubris:CrystalStatue":11,"sneckomod:BlankCard":15,"SacredBark":17,"Whetstone":25,"Ancient Tea Set":20,"theForsaken:Gavel":24,"Replay:Rubber Ducky":10,"hubris:Icosahedron":5,"Ribbon":19,"vexMod:RedPlottingStone":21,"Prayer Wheel":9,"MealTicket":17,"Vampire_Amulet":0,"WingedGreaves":7,"Replay:Bottled Flurry":1,"StuffTheSpire:Nightcore":6,"Replay:Bottled Eggs":24,"hubris:TinFlute":12,"Ring of Hypnosis":3,"Happy Flower":22,"Blue Candle":5,"hubris:SphereOfDissonance":9,"PreservedInsect":18,"Letter Opener":6,"Bottled Flame":13,"Bronze Scales":24,"Onion Ring":3,"Pandora\u0027s Box":8,"Bag of Marbles":4,"hubris:TenFootPole":10},{"Ice Cream":6,"Golden Egg":96,"Regal Pillow":89,"hubris:CrystalStatue":43,"sneckomod:BlankCard":61,"SacredBark":70,"Whetstone":103,"Ancient Tea Set":82,"theForsaken:Gavel":100,"Replay:Rubber Ducky":36,"hubris:Icosahedron":17,"Ribbon":78,"vexMod:RedPlottingStone":89,"Prayer Wheel":33,"MealTicket":70,"Vampire_Amulet":0,"WingedGreaves":23,"Replay:Bottled Flurry":3,"StuffTheSpire:Nightcore":20,"Replay:Bottled Eggs":100,"hubris:TinFlute":47,"Ring of Hypnosis":10,"Happy Flower":91,"Blue Candle":17,"hubris:SphereOfDissonance":33,"PreservedInsect":74,"Letter Opener":20,"Bottled Flame":51,"Bronze Scales":100,"Onion Ring":10,"Pandora\u0027s Box":31,"Bag of Marbles":15,"hubris:TenFootPole":36}]},"card_choices":[{"not_picked":["Blood_Curse","Summon_Undead_Army"],"picked":"Bone_Armory","floor":4.0},{"not_picked":["Negative_Energy_Javelin","Chill_Blood"],"picked":"Deaths_Shadow","floor":4.0},{"not_picked":["Bone_Shift","Death_March_Dance"],"picked":"Epidemic","floor":4.0},{"not_picked":["Vampiric_Strike","Bone_Bullets"],"picked":"Death_March_Dance","floor":6.0},{"not_picked":["Death_Coil","Bone_Spikes"],"picked":"Summon_Vampire_Lady","floor":9.0},{"not_picked":["Negative_Energy_Bomb","Hellfire"],"picked":"Skeleton_Dragon","floor":16.0},{"not_picked":["Blood_Whip","Bone_Spikes+1"],"picked":"Scare","floor":31.0},{"not_picked":["Hellfire","Blood_Magic"],"picked":"Summon_Death_Knight","floor":34.0},{"not_picked":["Vampiric_Strike","Spectral_Armor"],"picked":"Bone_Armory+1","floor":38.0},{"not_picked":["Deaths_Shadow+1","Bone_Armory"],"picked":"Strike_from_Beyond","floor":41.0}],"player_experience":5349745,"relics_obtained":[{"floor":2.0,"key":"Replay:Bottled Flurry"},{"floor":3.0,"key":"Ice Cream"},{"floor":7.0,"key":"Onion Ring"},{"floor":8.0,"key":"Ring of Hypnosis"},{"floor":9.0,"key":"Bag of Marbles"},{"floor":10.0,"key":"Blue Candle"},{"floor":13.0,"key":"Letter Opener"},{"floor":14.0,"key":"StuffTheSpire:Nightcore"},{"floor":15.0,"key":"WingedGreaves"},{"floor":19.0,"key":"Prayer Wheel"},{"floor":21.0,"key":"hubris:TenFootPole"},{"floor":25.0,"key":"Replay:Rubber Ducky"},{"floor":26.0,"key":"hubris:CrystalStatue"},{"floor":27.0,"key":"hubris:TinFlute"},{"floor":29.0,"key":"Bottled Flame"},{"floor":32.0,"key":"sneckomod:BlankCard"},{"floor":36.0,"key":"MealTicket"},{"floor":37.0,"key":"PreservedInsect"},{"floor":39.0,"key":"Ancient Tea Set"},{"floor":41.0,"key":"Regal Pillow"},{"floor":42,"key":"vexMod:RedPlottingStone"},{"floor":43,"key":"Happy Flower"},{"floor":44,"key":"Golden Egg"},{"floor":46,"key":"theForsaken:Gavel"},{"floor":50,"key":"Whetstone"}],"event_choices":[{"cards_removed":["ReplayTheSpireMod:Splinters"],"damage_healed":0.0,"max_hp_gain":0.0,"max_hp_loss":0.0,"gold_gain":0.0,"event_name":"The Cleric","player_choice":"Card Removal","floor":5.0,"gold_loss":50.0,"damage_taken":0.0}],"is_beta":false,"boss_relics":[{"not_picked":["Honey Jar","vexMod:TanglingVine"],"picked":"Pandora\u0027s Box"},{"not_picked":["Runic Pyramid","energizedSpire:EnergizedDie"],"picked":"SacredBark"}],"items_purged_floors":[31],"is_endless":false,"potions_floor_spawned":[2,10,13,16,19,21,27,33,39,43,46,50],"ascension_level":0}}