{"host":"ue7jlgf7uv134an9","time":1608824312,"event":{"mods":["BaseMod","Better Third Choice","Defuse TimeMaze Blight","Minty Spire (QoL Compilation)","Quick Restart","Rare Cards Sparkle","Relic Stats","StSLib","UnlockEverythingMod"],"gold_per_floor":[18,32,32,44,57,57,91,91,91,116,116,116,148,164,164,164,164],"floor_reached":16,"playtime":581,"items_purged":[],"score":240,"play_id":"1c602dfc-0d5b-4f2e-8993-eb1422579e55","local_time":"20201224103832","is_ascension_mode":true,"campfire_choices":[{"data":"Glass Knife","floor":6,"key":"SMITH"},{"floor":8,"key":"REST"},{"floor":15,"key":"REST"}],"circlet_count":0,"master_deck":["AscendersBane","Strike_G","Strike_G","Strike_G","Strike_G","Defend_G","Defend_G","Defend_G","Defend_G","Defend_G","Survivor","Neutralize","Glass Knife+1","Well Laid Plans","Burst","Flying Knee","Backflip","Die Die Die","Undo","Deflect"],"relics":["Ring of the Snake","Bag of Preparation","Pear","Torii","Gremlin Horn"],"acts_visited":["Exordium"],"potions_floor_usage":[10,13,16],"damage_taken":[{"damage":1,"enemies":"Small Slimes","floor":1,"turns":4},{"damage":3,"enemies":"Cultist","floor":2,"turns":5},{"damage":1,"enemies":"2 Louse","floor":4,"turns":3},{"damage":1,"enemies":"2 Fungi Beasts","floor":5,"turns":6},{"damage":25,"enemies":"3 Sentries","floor":7,"turns":11},{"damage":30,"enemies":"Gremlin Nob","floor":10,"turns":4},{"damage":11,"enemies":"Lagavulin","floor":13,"turns":6},{"damage":0,"enemies":"Blue Slaver","floor":14,"turns":4},{"damage":26,"enemies":"Hexaghost","floor":16,"turns":11}],"seed_played":"7240653426066437210","potions_obtained":[{"floor":1,"key":"Ancient Potion"},{"floor":7,"key":"Poison Potion"},{"floor":10,"key":"FearPotion"},{"floor":14,"key":"SneckoOil"}],"is_trial":false,"path_per_floor":["M","M","?","M","M","R","E","R","T","E","?","?","E","M","R","B"],"character_chosen":"THE_SILENT","items_purchased":[],"campfire_rested":2,"item_purchase_floors":[],"current_hp_per_floor":[58,55,55,54,53,53,28,47,57,27,15,15,4,4,26,0,0],"gold":164,"neow_bonus":"THREE_RARE_CARDS","is_daily":false,"chose_seed":false,"campfire_upgraded":1,"win_rate":0.0,"timestamp":1608824312,"path_taken":["M","M","?","?","M","R","E","R","T","E","?","?","E","M","R","BOSS"],"items_purchased_type":[],"build_version":"2020-12-22","purchased_purges":0,"victory":false,"max_hp_per_floor":[66,66,66,66,66,66,66,66,76,76,76,76,76,76,76,76,76],"relic_stats":{"Torii":12,"Gremlin Horn":[0,0],"counters":[9,54],"Bag of Preparation":[8],"obtain_stats":[{"Pear":9,"Torii":10,"Gremlin Horn":13,"Bag of Preparation":7,"Ring of the Snake":0},{"Pear":5,"Torii":6,"Gremlin Horn":7,"Bag of Preparation":5,"Ring of the Snake":0},{"Pear":29,"Torii":33,"Gremlin Horn":39,"Bag of Preparation":29,"Ring of the Snake":0}],"Ring of the Snake":[18]},"card_choices":[{"not_picked":["Malaise","Bullet Time"],"picked":"Glass Knife","floor":0},{"not_picked":["Quick Slash","Escape Plan"],"picked":"Well Laid Plans","floor":1},{"not_picked":["Bane","Catalyst","Reflex"],"picked":"SKIP","floor":2},{"not_picked":["Quick Slash","Riddle With Holes"],"picked":"Flying Knee","floor":4},{"not_picked":["Riddle With Holes","Outmaneuver","Prepared"],"picked":"SKIP","floor":5},{"not_picked":["Expertise","Bane"],"picked":"Backflip","floor":7},{"not_picked":["Dagger Throw","Blade Dance"],"picked":"Die Die Die","floor":10},{"not_picked":["Concentrate","Quick Slash","Acrobatics"],"picked":"SKIP","floor":13},{"not_picked":["Underhanded Strike","Flying Knee"],"picked":"Deflect","floor":14}],"player_experience":46909,"relics_obtained":[{"floor":7,"key":"Bag of Preparation"},{"floor":9,"key":"Pear"},{"floor":10,"key":"Torii"},{"floor":13,"key":"Gremlin Horn"}],"event_choices":[{"damage_healed":0,"gold_gain":0,"cards_transformed":["Strike_G"],"player_choice":"Transformed","damage_taken":0,"max_hp_gain":0,"max_hp_loss":0,"event_name":"Transmorgrifier","floor":3,"gold_loss":0,"cards_obtained":["Burst"]},{"damage_healed":0,"gold_gain":0,"player_choice":"Card ","damage_taken":12,"max_hp_gain":0,"max_hp_loss":0,"event_name":"betterThird:BetterScrap","floor":11,"gold_loss":0,"cards_obtained":["Undo"]},{"damage_healed":0,"gold_gain":0,"player_choice":"Left","damage_taken":0,"max_hp_gain":1,"max_hp_loss":0,"event_name":"betterThird:BetterGoop","floor":12,"gold_loss":0}],"is_beta":false,"boss_relics":[],"items_purged_floors":[],"is_endless":false,"potions_floor_spawned":[1,7,10,14],"killed_by":"Hexaghost","ascension_level":20}}