{"host":"cr9rpoy6dx9riis3","time":1608840893,"event":{"mods":["AchievementEnabler","BaseMod","Better Altar","Better Note","Better Sensory Stone","Better Skull","Better Third Choice","Better-Laid Plans","BetterRewards","Block Reminder","Curses Come First","Displayed Cursed Tome","Emptier Cage","Marked Mod","Minty Spire (QoL Compilation)","Permanent Neow","Relic Sorter","StSLib","The Blue Laboratory","Transform Curses"],"gold_per_floor":[119,294,244,261,273,273,273,273],"floor_reached":7,"playtime":187,"items_purged":[],"score":53,"play_id":"240a3f82-23db-4f43-8792-42bdf4e03a2d","local_time":"20201224211453","is_ascension_mode":true,"campfire_choices":[{"data":"Rampage","floor":6,"key":"SMITH"}],"circlet_count":0,"master_deck":["Strike_R","Strike_R","Strike_R","Strike_R","Strike_R","Defend_R","Defend_R","Defend_R","Defend_R","Bash","Rampage+1"],"relics":["Burning Blood","Frozen Eye"],"acts_visited":["Exordium"],"potions_floor_usage":[],"damage_taken":[{"damage":14,"enemies":"Jaw Worm","floor":1,"turns":5},{"damage":0,"enemies":"Small Slimes","floor":4,"turns":3},{"damage":0,"enemies":"Cultist","floor":5,"turns":3},{"damage":80,"enemies":"3 Sentries","floor":7,"turns":10}],"seed_played":"1533590941785840164","potions_obtained":[{"floor":5,"key":"Ancient Potion"}],"is_trial":false,"path_per_floor":["M","?","?","M","M","R","E"],"character_chosen":"IRONCLAD","items_purchased":["Frozen Eye"],"campfire_rested":0,"item_purchase_floors":[0],"current_hp_per_floor":[64,64,64,70,76,76,0,0],"gold":273,"neow_bonus":"","is_daily":false,"chose_seed":false,"campfire_upgraded":1,"win_rate":0.0,"timestamp":1608840893,"path_taken":["M","?","?","M","M","R","E"],"items_purchased_type":["Relic"],"build_version":"2020-12-22","purchased_purges":0,"victory":false,"max_hp_per_floor":[80,80,80,80,80,80,80,80],"card_choices":[{"not_picked":["Twin Strike","Havoc","Anger"],"picked":"SKIP","floor":1},{"not_picked":["Iron Wave","Battle Trance"],"picked":"Rampage","floor":4},{"not_picked":["True Grit","Perfected Strike","Havoc"],"picked":"SKIP","floor":5}],"player_experience":745940,"relics_obtained":[],"event_choices":[{"damage_healed":0,"gold_gain":175,"player_choice":"AGREE","damage_taken":119,"max_hp_gain":0,"max_hp_loss":0,"event_name":"betterThird:BetterSerpent","floor":2,"gold_loss":0},{"cards_removed":["Doubt"],"damage_healed":0,"gold_gain":0,"player_choice":"Card Removal","damage_taken":0,"max_hp_gain":0,"max_hp_loss":0,"event_name":"The Cleric","floor":3,"gold_loss":50}],"is_beta":false,"boss_relics":[],"items_purged_floors":[],"is_endless":false,"potions_floor_spawned":[5],"killed_by":"3 Sentries","ascension_level":6}}