{"host":"cij6922spxtbkai3","time":1608841325,"event":{"mods":["2.2 Compatiblity","AchievementEnabler","BaseMod","Colored Map","DeckTracker","Highlight Path","Keyboard Shortcuts","Minty Spire (QoL Compilation)","Permanent Neow","Quick Restart","Rare Cards Sparkle","SuperFastMode","everything is the same but u backflip on backflip"],"gold_per_floor":[111,126,138,138,155,190,190,208,208,219,219,219,244,262,262,262,262],"floor_reached":16,"playtime":781,"items_purged":[],"score":104,"play_id":"47c326ca-3ae9-45bd-b664-c44062cb1fa4","local_time":"20201225052205","is_ascension_mode":false,"campfire_choices":[{"data":"Limit Break","floor":7,"key":"SMITH"},{"floor":12,"key":"REST"},{"floor":15,"key":"REST"}],"circlet_count":0,"master_deck":["Strike_R","Strike_R","Strike_R","Strike_R","Strike_R","Defend_R","Defend_R","Defend_R","Defend_R","Bash+1","Limit Break+1","Flex","Shrug It Off","Pommel Strike","Spot Weakness","Pummel+1","Limit Break"],"relics":["Burning Blood","NlothsMask","Champion Belt","Odd Mushroom"],"acts_visited":["Exordium"],"potions_floor_usage":[6,6,13,16],"damage_taken":[{"damage":10,"enemies":"Cultist","floor":1,"turns":4},{"damage":6,"enemies":"Jaw Worm","floor":2,"turns":4},{"damage":15,"enemies":"Small Slimes","floor":3,"turns":4},{"damage":7,"enemies":"Exordium Thugs","floor":5,"turns":5},{"damage":45,"enemies":"3 Sentries","floor":6,"turns":14},{"damage":3,"enemies":"Looter","floor":8,"turns":4},{"damage":1,"enemies":"3 Louse","floor":10,"turns":4},{"damage":13,"enemies":"The Mushroom Lair","floor":13,"turns":6},{"damage":12,"enemies":"Blue Slaver","floor":14,"turns":2},{"damage":45,"enemies":"The Guardian","floor":16,"turns":6}],"seed_played":"6178694398912890225","potions_obtained":[{"floor":2,"key":"BlessingOfTheForge"},{"floor":3,"key":"GamblersBrew"},{"floor":5,"key":"DuplicationPotion"},{"floor":8,"key":"EssenceOfSteel"}],"is_trial":false,"path_per_floor":["M","M","M","?","M","E","R","M","T","M","?","R","?","M","R","B"],"character_chosen":"IRONCLAD","items_purchased":[],"campfire_rested":2,"item_purchase_floors":[],"current_hp_per_floor":[68,68,59,59,58,19,19,22,22,27,13,34,27,21,42,0,0],"gold":262,"neow_bonus":"THREE_RARE_CARDS","is_daily":false,"chose_seed":false,"campfire_upgraded":1,"win_rate":0.0,"timestamp":1608841325,"path_taken":["M","M","M","?","?","E","R","M","T","M","?","R","?","?","R","BOSS"],"items_purchased_type":[],"build_version":"2020-12-22","purchased_purges":0,"victory":false,"max_hp_per_floor":[72,72,72,72,72,72,72,72,72,72,72,72,72,72,72,72,72],"card_choices":[{"not_picked":["Bludgeon","Barricade"],"picked":"Limit Break","floor":0},{"not_picked":["Cleave","Dark Embrace"],"picked":"Flex","floor":1},{"not_picked":["Twin Strike","Clothesline","Thunderclap"],"picked":"SKIP","floor":2},{"not_picked":["Uppercut","Body Slam","Clash"],"picked":"SKIP","floor":3},{"not_picked":["Perfected Strike","Body Slam"],"picked":"Shrug It Off","floor":5},{"not_picked":["Sever Soul","Body Slam"],"picked":"Pommel Strike","floor":6},{"not_picked":["Cleave","Anger"],"picked":"Spot Weakness","floor":8},{"not_picked":["Clash","Clothesline"],"picked":"Pummel","floor":10},{"not_picked":["Sever Soul","Warcry"],"picked":"Limit Break","floor":13},{"not_picked":["Warcry","Intimidate","Armaments"],"picked":"SKIP","floor":14}],"player_experience":22456,"relics_obtained":[{"floor":6,"key":"Champion Belt"},{"floor":13,"key":"Odd Mushroom"}],"event_choices":[{"damage_healed":0,"gold_gain":0,"player_choice":"Trade","damage_taken":0,"relics_obtained":["NlothsMask"],"max_hp_gain":0,"max_hp_loss":0,"event_name":"FaceTrader","floor":4,"gold_loss":0},{"damage_healed":0,"gold_gain":0,"player_choice":"Entered Light","damage_taken":14,"max_hp_gain":0,"max_hp_loss":0,"event_name":"Shining Light","floor":11,"gold_loss":0,"cards_upgraded":["Pummel","Bash"]},{"damage_healed":0,"gold_gain":0,"player_choice":"Fought Mushrooms","damage_taken":0,"max_hp_gain":0,"max_hp_loss":0,"event_name":"Mushrooms","floor":13,"gold_loss":0}],"is_beta":false,"boss_relics":[],"items_purged_floors":[],"is_endless":false,"potions_floor_spawned":[2,3,5,8],"killed_by":"The Guardian","ascension_level":0}}