{"host":"i9wanet4r0ff4t9y","time":1608815461,"event":{"mods":["2.2 Compatiblity","Act Like it!","BaseMod","Bestiary","Better Altar","Better Match","Better Note","Better Sensory Stone","Better Skull","Better Third Choice","Better Vampires","BetterRewards","CapriCore","Curses Come First","Downfall","Minty Spire (QoL Compilation)","Quick Restart","READ ME - Guardian Mod","READ ME - Snecko Mod","Relic Stats","Replay The Spire","Say the Spire","Spicy Shops","StSLib","The Disciple","Waifu the Spire"],"gold_per_floor":[549,568,666,683,683,6,6,6,0,26,40,60,60,74,85,184,184,34,44,44,44,29,48,75,75,93,18,28,128,144,158,174,278,278,578,589,48,61,109,159,159,159,175,207,207,220,220,49,69,69,69,98,52,52,52],"floor_reached":56,"playtime":4762,"items_purged":[],"score":1456,"play_id":"2184cee8-3725-492b-8c71-df55e083e598","local_time":"20201224141101","is_ascension_mode":false,"campfire_choices":[{"floor":8,"key":"RECALL"},{"data":"hexamod:WildfireWeapon","floor":13,"key":"SMITH"},{"data":"hexamod:HeatCrush","floor":13,"key":"SMITH"},{"floor":18,"key":"DIG"},{"floor":27,"key":"REST"},{"data":"hexamod:Toasty","floor":35,"key":"SMITH"},{"data":"hexamod:VolcanoVisage","floor":35,"key":"SMITH"},{"floor":42,"key":"REST"},{"data":"hexamod:HeatShield","floor":45,"key":"SMITH"},{"data":"hexamod:CrushingStance","floor":45,"key":"SMITH"},{"floor":54,"key":"REST"}],"circlet_count":0,"master_deck":["hexamod:Strike+1","hexamod:Strike","hexamod:Strike+1","hexamod:Strike","hexamod:Defend","hexamod:Defend","hexamod:Defend+1","hexamod:Defend","hexamod:Sear","hexamod:Float","Slimebound:Icky","Slimebound:Icky","Slimebound:Icky","hexamod:ChargedBarrage","hexamod:SoulSteal","hexamod:HauntingEcho","hexamod:HeatCrush+1","hexamod:Hexaguard","Demon Form+1","hexamod:SwordOfDarkness","hexamod:RadiantFlame","hexamod:WildfireWeapon+1","hexamod:SpectralAdrenaline","hexamod:SpectralSpark","hexamod:EtherealExpedition","hexamod:CrushingStance+1","AbeCurse","hexamod:BacktrackSmack+1","hexamod:GhostOfSpirePast+1","hexamod:ShieldOfDarkness+1","hexamod:ChargedBarrage+1","hexamod:SwordOfDarkness+1","hexamod:HeatMetal+1","hexamod:VolcanoVisage+1","hexamod:GhostShield","hexamod:Toasty+1","hexamod:InspiringFlames+1","hexamod:SpectralSpark","Poisoned Strike+1","hexamod:SuperheatedStrike+1","hexamod:ThermalTransfer+1","hexamod:HeatShield+1","hexamod:Firestarter+1","AscendersBane","Regret","Doubt","expansioncontent:TimeRipple","hexamod:SixthSeal","hexamod:NightmareGuise+1","hexamod:Incineration+1","hexamod:InspiringFlames","hexamod:InspiringFlames"],"relics":["hexamod:SpiritBrand","Du-Vu Doll","Lee\u0027s Waffle","Iron Hammer","Blue Candle","Replay:Arrowhead","Abe\u0027s Treasure","downfall:HeartBlessingRed","downfall:HeartBlessingGreen","Counterbalance","ReplayTheSpireMod:Ring of Challenge","Ring of Searing","Smiling Mask","Vajra","downfall:HeartBlessingBlue","downfall:GremlinWheel","Replay:Bronze Core","Lizard Tail","hexamod:MatchstickCase","hexamod:RecyclingMachine","Oddly Smooth Stone","HandDrill","Incense Burner","Gambling Chip","Mummified Hand","Unceasing Top","ReplayTheSpireMod:CursedCoin","OrangePellets","Akabeko","hexamod:TheBrokenSeal"],"acts_visited":["Exordium","TheCity","TheBeyond","TheEnding"],"potions_floor_usage":[12,16,16,22,28,32,32,32,33],"damage_taken":[{"damage":0,"enemies":"Jaw Worm","floor":2,"turns":3},{"damage":0,"enemies":"Cultist","floor":4,"turns":3},{"damage":0,"enemies":"downfall:FleeingMerchant","floor":6,"turns":4},{"damage":16,"enemies":"downfall:FleeingMerchant","floor":9,"turns":4},{"damage":11,"enemies":"Lagavulin","floor":10,"turns":6},{"damage":5,"enemies":"Small Slimes","floor":11,"turns":4},{"damage":9,"enemies":"Gremlin Gang","floor":12,"turns":4},{"damage":5,"enemies":"3 Louse","floor":14,"turns":4},{"damage":8,"enemies":"Lots of Slimes","floor":15,"turns":4},{"damage":34,"enemies":"downfall:Watcher","floor":16,"turns":6},{"damage":3,"enemies":"Shell Parasite","floor":19,"turns":3},{"damage":20,"enemies":"downfall:FleeingMerchant","floor":22,"turns":4},{"damage":11,"enemies":"Chosen","floor":23,"turns":3},{"damage":15,"enemies":"Centurion and Healer","floor":26,"turns":4},{"damage":4,"enemies":"Cultist and Chosen","floor":28,"turns":4},{"damage":0,"enemies":"Cultist and Chosen","floor":29,"turns":2},{"damage":14,"enemies":"3 Cultists","floor":30,"turns":4},{"damage":17,"enemies":"Snake Plant","floor":31,"turns":3},{"damage":6,"enemies":"Centurion and Healer","floor":32,"turns":3},{"damage":20,"enemies":"downfall:Ironclad","floor":33,"turns":4},{"damage":14,"enemies":"3 Darklings","floor":36,"turns":3},{"damage":15,"enemies":"downfall:FleeingMerchant","floor":37,"turns":3},{"damage":9,"enemies":"Orb Walker","floor":38,"turns":2},{"damage":24,"enemies":"2 Orb Walkers","floor":39,"turns":3},{"damage":1,"enemies":"Mind Bloom Boss Battle","floor":40,"turns":4},{"damage":41,"enemies":"Writhing Mass","floor":43,"turns":4},{"damage":5,"enemies":"Nemesis","floor":44,"turns":3},{"damage":10,"enemies":"Spire Growth","floor":46,"turns":3},{"damage":0,"enemies":"Transient","floor":49,"turns":5},{"damage":23,"enemies":"downfall:Defect","floor":50,"turns":5},{"damage":54,"enemies":"downfall:CharBossMerchant","floor":52,"turns":5},{"damage":91,"enemies":"downfall:NeowBoss","floor":55,"turns":24}],"seed_played":"-1793690639055275842","potions_obtained":[{"floor":10,"key":"SkillPotion"},{"floor":12,"key":"Weak Potion"},{"floor":14,"key":"Swift Potion"},{"floor":14,"key":"Venom Potion"},{"floor":15,"key":"Slimebound:ThreeZeroPotion"},{"floor":16,"key":"FairyPotion"},{"floor":16,"key":"DistilledChaos"},{"floor":22,"key":"hexamod:InfernoChargePotion"},{"floor":28,"key":"Ancient Potion"},{"floor":31,"key":"EntropicBrew"},{"floor":32,"key":"Fruit Juice"},{"floor":32,"key":"Dexterity Potion"},{"floor":36,"key":"Slimebound:ThreeZeroPotion"}],"is_trial":false,"path_per_floor":["R","M","?","M","?","$","T","R","$","E","M","M","R","M","M","B",null,"R","M","?","?","$","M","T","?","M","R","M","?","M","M","M","B",null,"R","M","$","M","?","?","T","R","M","E","R","M","?","$","M","B",null,"E","$","R","B",null],"character_chosen":"THE_SPIRIT","items_purchased":["Du-Vu Doll","Lee\u0027s Waffle","Iron Hammer","Blue Candle","hexamod:SwordOfDarkness","Lizard Tail","hexamod:MatchstickCase","hexamod:RecyclingMachine","Oddly Smooth Stone","HandDrill","Poisoned Strike","ReplayTheSpireMod:CursedCoin","hexamod:SecondSeal","expansioncontent:TimeRipple","OrangePellets","hexamod:InspiringFlames"],"campfire_rested":3,"item_purchase_floors":[6,6,6,6,6,37,37,37,37,37,37,48,48,48,48,53],"current_hp_per_floor":[77,77,58,58,58,84,84,84,75,71,73,71,71,73,65,38,84,84,81,81,81,61,50,50,33,18,56,59,59,52,35,34,14,99,99,85,77,68,51,57,57,86,52,54,54,44,44,44,51,28,99,52,52,81,75],"gold":52,"neow_bonus":"TEN_PERCENT_HP_BONUS","is_daily":false,"chose_seed":false,"campfire_upgraded":6,"win_rate":0.0,"timestamp":1608815461,"path_taken":["R","M","?","?","?","$","T","R","$","E","?","M","R","M","M","BOSS","R","M","?","?","?","?","T","?","?","R","M","?","M","M","M","BOSS","R","M","?","M","?","?","T","R","M","E","R","M","?","$","M","BOSS","E","$","R","BOSS"],"items_purchased_type":["Relic","Relic","Relic","Relic","Card","Relic","Relic","Relic","Relic","Relic","Card","Relic","Card","Card","Relic","Card"],"build_version":"2020-12-22","purchased_purges":0,"victory":true,"max_hp_per_floor":[77,77,77,77,77,84,84,84,84,84,84,84,84,84,84,84,84,84,84,84,84,84,84,84,84,84,94,94,94,94,94,99,99,99,99,99,99,99,99,99,99,99,99,99,99,99,99,99,99,99,99,99,99,99,109],"relic_stats":{"OrangePellets":[6],"Lee\u0027s Waffle":26,"Lizard Tail":0,"counters":[9,59],"Mummified Hand":[44],"Blue Candle":[43],"Gambling Chip":[4],"HandDrill":[32],"Smiling Mask":0,"obtain_stats":[{"OrangePellets":48,"Dream Catcher":7,"downfall:ShatteredFragment":3,"Ring of Hypnosis":7,"ReplayTheSpireMod:CursedCoin":48,"ReplayTheSpireMod:Ring of Collecting":6,"hexamod:TheBrokenSeal":55,"The Courier":1,"hexamod:SpiritBrand":0,"Akabeko":52},{"OrangePellets":5,"Dream Catcher":2,"downfall:ShatteredFragment":1,"Ring of Hypnosis":2,"ReplayTheSpireMod:CursedCoin":5,"ReplayTheSpireMod:Ring of Collecting":2,"hexamod:TheBrokenSeal":9,"The Courier":0,"hexamod:SpiritBrand":0,"Akabeko":8},{"OrangePellets":20,"Dream Catcher":6,"downfall:ShatteredFragment":3,"Ring of Hypnosis":6,"ReplayTheSpireMod:CursedCoin":20,"ReplayTheSpireMod:Ring of Collecting":6,"hexamod:TheBrokenSeal":44,"The Courier":0,"hexamod:SpiritBrand":0,"Akabeko":35}],"Unceasing Top":[28]},"card_choices":[{"not_picked":["hexamod:RainOfEmbers","hexamod:NightmareStrike"],"picked":"hexamod:ChargedBarrage","floor":2},{"not_picked":["hexamod:SpectralAdrenaline","hexamod:RadiantFlame"],"picked":"hexamod:SoulSteal","floor":3},{"not_picked":["hexamod:GhostShield","hexamod:GhostLash"],"picked":"hexamod:HauntingEcho","floor":3},{"not_picked":["hexamod:FastForward","hexamod:ShieldOfDarkness"],"picked":"hexamod:HeatCrush","floor":3},{"not_picked":["hexamod:FastForward","hexamod:GhostShield"],"picked":"hexamod:Hexaguard","floor":4},{"not_picked":["hexamod:InspiringFlames","hexamod:CrushingStance"],"picked":"hexamod:FirstSeal","floor":6},{"not_picked":["hexamod:HeatShield","hexamod:SoulSteal"],"picked":"hexamod:RadiantFlame","floor":9},{"not_picked":["hexamod:HauntingEcho","hexamod:BacktrackSmack"],"picked":"hexamod:WildfireWeapon","floor":10},{"not_picked":["hexamod:NightmareGuise","hexamod:ShieldOfDarkness"],"picked":"hexamod:SpectralAdrenaline","floor":11},{"not_picked":["hexamod:RecurringNightmare","hexamod:HauntingEcho"],"picked":"hexamod:FourthSeal","floor":12},{"not_picked":["hexamod:GhostLash","hexamod:NightmareGuise"],"picked":"hexamod:SpectralSpark","floor":14},{"not_picked":["hexamod:GhostShield","hexamod:NightmareGuise"],"picked":"hexamod:EtherealExpedition","floor":15},{"not_picked":["hexamod:TimeWarp","hexamod:ApocalypseNow"],"picked":"hexamod:CrushingStance","floor":16},{"not_picked":["hexamod:RainOfEmbers","hexamod:GhostLash+1"],"picked":"hexamod:BacktrackSmack+1","floor":19},{"not_picked":["hexamod:GhostLash+1","hexamod:Rewind"],"picked":"hexamod:GhostOfSpirePast+1","floor":22},{"not_picked":["hexamod:Rewind","hexamod:FastForward"],"picked":"hexamod:ShieldOfDarkness","floor":23},{"not_picked":["hexamod:BurningTouch","hexamod:EtherealExpedition"],"picked":"hexamod:ChargedBarrage+1","floor":26},{"not_picked":["hexamod:Hexaguard","hexamod:GhostLash+1"],"picked":"hexamod:SwordOfDarkness+1","floor":28},{"not_picked":["hexamod:DynamicBlow","hexamod:RainOfEmbers+1"],"picked":"hexamod:HeatMetal+1","floor":30},{"not_picked":["hexamod:HauntingEcho+1","hexamod:Again+1"],"picked":"hexamod:VolcanoVisage","floor":31},{"not_picked":["hexamod:FastForward","hexamod:HauntingEcho"],"picked":"hexamod:GhostShield","floor":32},{"not_picked":["hexamod:TurnItUp","hexamod:TimeOfNeed"],"picked":"hexamod:Toasty","floor":33},{"not_picked":["hexamod:BacktrackSmack","hexamod:Hexaguard"],"picked":"hexamod:InspiringFlames+1","floor":36},{"not_picked":["hexamod:SpectersWail","hexamod:GhostLash+1"],"picked":"hexamod:SpectralSpark","floor":37},{"not_picked":["hexamod:SpectersWail+1","hexamod:SwordOfDarkness+1"],"picked":"hexamod:SuperheatedStrike","floor":38},{"not_picked":["hexamod:GhostShield","hexamod:Haunt"],"picked":"hexamod:ThermalTransfer+1","floor":39},{"not_picked":["hexamod:RetreatToShadows","hexamod:GhostOfSpirePresent+1"],"picked":"hexamod:HeatShield","floor":40},{"not_picked":["hexamod:GhostShield","hexamod:Again+1"],"picked":"hexamod:SixthSeal","floor":43},{"not_picked":["hexamod:SpectersWail+1","hexamod:HauntingEcho+1"],"picked":"hexamod:Firestarter+1","floor":44},{"not_picked":["hexamod:SpectersWail+1","hexamod:RainOfEmbers+1"],"picked":"hexamod:ThirdSeal","floor":46},{"not_picked":["hexamod:FourthSeal","hexamod:SecondSeal"],"picked":"hexamod:SixthSeal","floor":49},{"not_picked":["hexamod:VolcanoVisage","hexamod:EtherealExpedition"],"picked":"hexamod:NightmareGuise+1","floor":49},{"not_picked":["hexamod:NightmareGuise+1","hexamod:Rewind+1"],"picked":"hexamod:Incineration+1","floor":52}],"player_experience":397841,"relics_obtained":[{"floor":10,"key":"Replay:Arrowhead"},{"floor":18,"key":"Counterbalance"},{"floor":20,"key":"ReplayTheSpireMod:Ring of Challenge"},{"floor":20,"key":"Ring of Searing"},{"floor":24,"key":"Smiling Mask"},{"floor":29,"key":"downfall:GremlinWheel"},{"floor":39,"key":"Incense Burner"},{"floor":40,"key":"Gambling Chip"},{"floor":41,"key":"Mummified Hand"},{"floor":44,"key":"Unceasing Top"},{"floor":52,"key":"Akabeko"}],"event_choices":[{"cards_removed":["hexamod:SoulSteal"],"damage_healed":0,"gold_gain":0,"player_choice":"Take \u0026 Give","damage_taken":0,"max_hp_gain":0,"max_hp_loss":0,"event_name":"betterNote:BetterNote","floor":5,"gold_loss":0,"cards_obtained":["Demon Form"]},{"damage_healed":0,"gold_gain":0,"player_choice":"RE ","damage_taken":19,"relics_obtained":["Vajra"],"max_hp_gain":0,"max_hp_loss":0,"event_name":"betterSkull:BetterSkull","floor":25,"gold_loss":0,"cards_upgraded":[]},{"damage_healed":0,"gold_gain":300,"player_choice":"Gold","damage_taken":0,"max_hp_gain":0,"max_hp_loss":0,"event_name":"Wheel of Change","floor":35,"gold_loss":0},{"damage_healed":0,"gold_gain":0,"player_choice":"Fight","damage_taken":0,"max_hp_gain":0,"max_hp_loss":0,"event_name":"Mysterious Sphere","floor":39,"gold_loss":0},{"damage_healed":0,"gold_gain":3,"player_choice":"3","damage_taken":0,"max_hp_gain":0,"max_hp_loss":0,"event_name":"betterStone:BetterStone","floor":47,"gold_loss":0,"cards_obtained":["hexamod:FifthSeal"]}],"is_beta":false,"boss_relics":[{"not_picked":["Snecko Eye","Astrolabe"],"picked":"Abe\u0027s Treasure"},{"not_picked":["Replay:Drink Me","Fusion Hammer"],"picked":"Replay:Bronze Core"}],"items_purged_floors":[],"is_endless":false,"potions_floor_spawned":[10,12,14,15,16,19,23,28,31,32,39,40,43,46,49,52],"ascension_level":0}}