{"host":"uwh382mre4waz4ff","time":1608791276,"event":{"mods":["AchievementEnabler","BaseMod","Better Note","Better Third Choice","BetterRewards","Minty Spire (QoL Compilation)","StSLib"],"gold_per_floor":[113,113,133,133,33,33,61,80,132,132,143,143,143,156,156,254,254,268,368,386,386,386,402,420,435,508,508,525,151,151,167,167,167,167],"floor_reached":33,"playtime":2375,"items_purged":["Writhe","Strike_B","Defend_B"],"score":249,"play_id":"4099e2ce-2ef6-4030-b2a0-392e3992b210","local_time":"20201224142756","is_ascension_mode":false,"campfire_choices":[{"data":"Coolheaded","floor":6.0,"key":"SMITH"},{"data":"Zap","floor":12.0,"key":"SMITH"},{"data":"Dualcast","floor":15.0,"key":"SMITH"},{"data":"Defend_B","floor":32.0,"key":"SMITH"}],"circlet_count":0,"master_deck":["Defend_B","Defend_B+1","Zap+1","Dualcast+1","Coolheaded+1","Gash+1"],"relics":["Cracked Core","StoneCalendar","PreservedInsect","Happy Flower","Coffee Dripper","Sundial","Meat on the Bone","Dream Catcher"],"acts_visited":["Exordium","TheCity"],"potions_floor_usage":[33],"damage_taken":[{"damage":0.0,"enemies":"2 Louse","floor":1.0,"turns":2.0},{"damage":6.0,"enemies":"Jaw Worm","floor":3.0,"turns":3.0},{"damage":7.0,"enemies":"Lagavulin","floor":7.0,"turns":7.0},{"damage":0.0,"enemies":"Cultist","floor":8.0,"turns":3.0},{"damage":0.0,"enemies":"Large Slime","floor":11.0,"turns":4.0},{"damage":0.0,"enemies":"Blue Slaver","floor":14.0,"turns":4.0},{"damage":13.0,"enemies":"Hexaghost","floor":16.0,"turns":11.0},{"damage":0.0,"enemies":"Chosen","floor":18.0,"turns":7.0},{"damage":1.0,"enemies":"3 Byrds","floor":20.0,"turns":4.0},{"damage":7.0,"enemies":"Centurion and Healer","floor":23.0,"turns":7.0},{"damage":16.0,"enemies":"Sentry and Sphere","floor":24.0,"turns":6.0},{"damage":28.0,"enemies":"3 Cultists","floor":25.0,"turns":7.0},{"damage":1.0,"enemies":"Colosseum Slavers","floor":27.0,"turns":4.0},{"damage":25.0,"enemies":"Snecko","floor":28.0,"turns":7.0},{"damage":0.0,"enemies":"Shelled Parasite and Fungi","floor":31.0,"turns":6.0},{"damage":47,"enemies":"Automaton","floor":33,"turns":6}],"seed_played":"5142472332438896774","potions_obtained":[{"floor":3.0,"key":"SteroidPotion"},{"floor":14.0,"key":"ColorlessPotion"},{"floor":25.0,"key":"FocusPotion"},{"floor":31.0,"key":"Block Potion"}],"is_trial":false,"path_per_floor":["M","?","M","?","$","R","E","M","T","?","M","R","?","M","R","B",null,"M","?","M","?","?","M","M","M","T","?","M","$","?","M","R","B"],"character_chosen":"DEFECT","items_purchased":["Meat on the Bone"],"campfire_rested":0,"item_purchase_floors":[29],"current_hp_per_floor":[40,40,34,27,27,27,20,20,20,20,20,20,20,20,20,7,70,70,70,69,69,80,73,57,29,29,28,3,3,3,15,15,0,0],"gold":167,"neow_bonus":"","is_daily":false,"chose_seed":false,"campfire_upgraded":4,"win_rate":0.0,"timestamp":1608791276,"path_taken":["M","?","M","?","?","R","E","M","T","?","?","R","?","M","R","BOSS","M","?","M","?","?","M","M","?","T","?","M","$","?","M","R","BOSS"],"items_purchased_type":["Relic"],"build_version":"2020-12-22","purchased_purges":3,"victory":false,"max_hp_per_floor":[70,70,70,70,70,70,70,70,70,70,70,70,70,70,70,70,70,70,70,70,70,80,80,80,80,80,80,80,80,80,80,80,80,80],"card_choices":[{"not_picked":["Compile Driver","Go for the Eyes","Defragment"],"picked":"SKIP","floor":1.0},{"not_picked":["Compile Driver","Lockon"],"picked":"Coolheaded","floor":3.0},{"not_picked":["Force Field","Redo","Reinforced Body"],"picked":"SKIP","floor":7.0},{"not_picked":["Ball Lightning","Chaos","Chill"],"picked":"SKIP","floor":8.0},{"not_picked":["Lockon","Loop","Rip and Tear"],"picked":"SKIP","floor":11.0},{"not_picked":["Compile Driver","Lockon","Stack"],"picked":"SKIP","floor":14.0},{"not_picked":["Redo","Doom and Gloom+1","Lockon"],"picked":"SKIP","floor":18.0},{"not_picked":["Rip and Tear","Force Field","Ball Lightning+1"],"picked":"SKIP","floor":20.0},{"not_picked":["Turbo","Sweeping Beam"],"picked":"Gash+1","floor":23.0},{"not_picked":["Hello World","Streamline","Glacier"],"picked":"SKIP","floor":24.0},{"not_picked":["Hello World","Streamline","Glacier"],"picked":"SKIP","floor":24.0},{"not_picked":["Streamline","Beam Cell+1","Redo+1"],"picked":"SKIP","floor":25.0},{"not_picked":["Streamline","Beam Cell+1","Redo+1"],"picked":"SKIP","floor":25.0},{"not_picked":["Redo","Recycle","Reinforced Body"],"picked":"SKIP","floor":28.0},{"not_picked":["Storm","Self Repair","Electrodynamics"],"picked":"SKIP","floor":31.0}],"player_experience":48109,"relics_obtained":[{"floor":7.0,"key":"PreservedInsect"},{"floor":9.0,"key":"Happy Flower"},{"floor":26.0,"key":"Sundial"}],"event_choices":[{"damage_healed":0.0,"max_hp_gain":0.0,"max_hp_loss":0.0,"gold_gain":0.0,"event_name":"betterThird:BetterSerpent","player_choice":"Ignored","floor":2.0,"gold_loss":0.0,"damage_taken":113.0},{"cards_removed":["Strike_B"],"damage_healed":0.0,"max_hp_gain":0.0,"max_hp_loss":0.0,"gold_gain":0.0,"event_name":"Golden Wing","player_choice":"Card Removal","floor":4.0,"gold_loss":0.0,"damage_taken":7.0},{"cards_removed":["Strike_B"],"damage_healed":0.0,"max_hp_gain":0.0,"max_hp_loss":0.0,"gold_gain":0.0,"event_name":"Purifier","player_choice":"Purged","floor":10.0,"gold_loss":0.0,"damage_taken":0.0},{"damage_healed":0.0,"max_hp_gain":0.0,"max_hp_loss":0.0,"gold_gain":0.0,"event_name":"Dead Adventurer","player_choice":"Searched \u00270\u0027 times","floor":13.0,"gold_loss":0.0,"damage_taken":0.0},{"damage_healed":0.0,"max_hp_gain":0.0,"max_hp_loss":0.0,"gold_gain":100.0,"event_name":"Golden Shrine","player_choice":"Pray","floor":19.0,"gold_loss":0.0,"damage_taken":0.0},{"damage_healed":0.0,"max_hp_gain":0.0,"max_hp_loss":0.0,"gold_gain":0.0,"event_name":"Match and Keep!","player_choice":"0 cards matched","floor":21.0,"gold_loss":0.0,"damage_taken":0.0,"cards_obtained":[]},{"cards_removed":["Mayhem"],"damage_healed":1.0,"max_hp_gain":10.0,"max_hp_loss":0.0,"gold_gain":0.0,"event_name":"Bonfire Elementals","player_choice":"Offered Rare","floor":22.0,"gold_loss":0.0,"damage_taken":0.0},{"damage_healed":0.0,"max_hp_gain":0.0,"max_hp_loss":0.0,"gold_gain":0.0,"event_name":"Colosseum","player_choice":"Fight","floor":27.0,"gold_loss":0.0,"damage_taken":0.0},{"damage_healed":0.0,"max_hp_gain":0.0,"max_hp_loss":0.0,"gold_gain":0.0,"event_name":"Colosseum","player_choice":"Fled From Nobs","floor":27.0,"gold_loss":0.0,"damage_taken":0.0},{"damage_healed":0.0,"max_hp_gain":0.0,"max_hp_loss":0.0,"gold_gain":0.0,"event_name":"The Mausoleum","player_choice":"Opened","floor":30.0,"gold_loss":0.0,"damage_taken":0.0,"relics_obtained":["Dream Catcher"]}],"is_beta":false,"boss_relics":[{"not_picked":["Busted Crown","Empty Cage"],"picked":"Coffee Dripper"}],"items_purged_floors":[0,5,29],"is_endless":false,"potions_floor_spawned":[3,14,25,27,31],"killed_by":"Automaton","ascension_level":0}}