{"host":"o5hcpxouyak38pnq","time":1608839933,"event":{"mods":["BaseMod","DeckTracker","Downfall","Hermit","Hubris","Minty Spire (QoL Compilation)","Replay The Spire","StSLib","The Construct","The Cursed","The Poker Player"],"gold_per_floor":[164,182,193,212,49,60,60,60,60,71,71,71,56,56,66,164,264,264,275,293,393,407,407,407,424,424,438,452,452,437,450,460,558,608,608,608,853,866,883,808,834,845,845,770,802,802,813,832,842,842],"floor_reached":51,"playtime":5632,"items_purged":["champ:Strike","champ:Strike"],"score":725,"play_id":"692820f1-adb4-4e90-abc7-73b6f40e19af","local_time":"20201224145853","is_ascension_mode":false,"campfire_choices":[{"data":"champ:Devastate","floor":12,"key":"SMITH"},{"data":"champ:VampiricStrike","floor":18,"key":"SMITH"},{"data":"champ:Taunt","floor":23,"key":"SMITH"},{"data":"champ:IronFortress","floor":26,"key":"SMITH"},{"floor":35,"key":"RECALL"},{"data":"champ:PreciseThrust","floor":40,"key":"SMITH"},{"data":"champ:PreciseThrust","floor":44,"key":"SMITH"},{"floor":46,"key":"REST"}],"circlet_count":0,"master_deck":["champ:Strike","champ:Defend","champ:Defend","champ:Defend","champ:Defend","champ:Execute","champ:Taunt+1","champ:Devastate+1","champ:StanceDance","champ:FanOfKnives","champ:FaceSlap","champ:FanOfKnives","champ:FaceSlap","champ:Backstep","champ:Backstep+1","champ:GutPunch","champ:PreciseThrust+1","champ:VampiricStrike+1","champ:EndlessRage+1","champ:IronFortress+1","champ:Circumvent","champ:PreciseThrust+1","champ:Backstep+1","champ:StanceDance","champ:SkillfulDodge","champ:FanOfKnives+1","champ:GutPunch+1","champ:BringItOn","champ:DancingMaster","champ:FanOfKnives+1"],"relics":["champ:ChampionCrown","hubris:Icosahedron","Replay:Wanted Poster","hubris:Spice","downfall:RedIOU","Tiny House","downfall:HeartBlessingRed","Toy Ornithopter","downfall:HeartBlessingBlue","Bird Faced Urn"],"acts_visited":["Exordium","TheCity","TheBeyond"],"potions_floor_usage":[20,33,34,42],"damage_taken":[{"damage":11,"enemies":"Cultist","floor":2,"turns":3},{"damage":0,"enemies":"Jaw Worm","floor":3,"turns":2},{"damage":5,"enemies":"2 Louse","floor":4,"turns":2},{"damage":20,"enemies":"downfall:FleeingMerchant","floor":5,"turns":4},{"damage":13,"enemies":"Gremlin Gang","floor":6,"turns":5},{"damage":14,"enemies":"2 Fungi Beasts","floor":10,"turns":2},{"damage":18,"enemies":"downfall:FleeingMerchant","floor":13,"turns":4},{"damage":0,"enemies":"3 Louse","floor":15,"turns":1},{"damage":44,"enemies":"downfall:Ironclad","floor":16,"turns":7},{"damage":8,"enemies":"Chosen","floor":19,"turns":3},{"damage":30,"enemies":"Centurion and Healer","floor":20,"turns":5},{"damage":5,"enemies":"Snake Plant","floor":22,"turns":3},{"damage":15,"enemies":"Chosen and Byrds","floor":25,"turns":5},{"damage":0,"enemies":"Snecko","floor":27,"turns":2},{"damage":14,"enemies":"Centurion and Healer","floor":28,"turns":3},{"damage":7,"enemies":"downfall:FleeingMerchant","floor":30,"turns":4},{"damage":20,"enemies":"Snake Plant","floor":31,"turns":4},{"damage":33,"enemies":"3 Cultists","floor":32,"turns":5},{"damage":35,"enemies":"downfall:Watcher","floor":33,"turns":8},{"damage":9,"enemies":"downfall:FleeingMerchant","floor":37,"turns":4},{"damage":0,"enemies":"Orb Walker","floor":38,"turns":3},{"damage":57,"enemies":"3 Shapes","floor":39,"turns":4},{"damage":10,"enemies":"3 Darklings","floor":42,"turns":4},{"damage":55,"enemies":"Nemesis","floor":45,"turns":9},{"damage":20,"enemies":"Transient","floor":47,"turns":5},{"damage":27,"enemies":"Writhing Mass","floor":48,"turns":4},{"damage":29,"enemies":"Maw","floor":49,"turns":6},{"damage":31,"enemies":"downfall:Defect","floor":50,"turns":6}],"seed_played":"6755110083939098641","potions_obtained":[{"floor":3,"key":"Energy Potion"},{"floor":15,"key":"GamblersBrew"},{"floor":16,"key":"Fire Potion"},{"floor":25,"key":"Weak Potion"},{"floor":34,"key":"Fruit Juice"},{"floor":38,"key":"DuplicationPotion"},{"floor":42,"key":"sneckomod:MuddlingPotion"},{"floor":49,"key":"SpeedPotion"}],"is_trial":false,"path_per_floor":["R","M","M","M","$","M","T","T","?","M","?","R","$","?","M","B",null,"R","M","M","?","M","R","T","M","R","M","M","?","$","M","M","B",null,"R","?","$","M","M","R","T","M","?","R","E","R","M","M","M","B",null],"character_chosen":"THE_CHAMP","items_purchased":["champ:FaceSlap"],"campfire_rested":1,"item_purchase_floors":[5],"current_hp_per_floor":[81,75,75,75,65,57,57,57,57,48,48,48,53,53,53,24,81,81,73,63,63,63,63,71,83,83,83,86,86,89,69,49,40,99,99,109,100,100,62,62,62,62,62,72,55,90,94,108,103,88],"gold":842,"neow_bonus":"THREE_RARE_CARDS","is_daily":false,"chose_seed":false,"campfire_upgraded":6,"win_rate":0.0,"timestamp":1608839933,"path_taken":["R","M","M","M","$","M","T","?","?","M","?","R","$","?","M","BOSS","R","?","M","?","M","R","T","M","R","M","M","?","$","M","M","BOSS","R","?","$","?","M","R","T","M","?","R","E","R","M","?","M","BOSS"],"items_purchased_type":["Card"],"build_version":"2020-12-22","purchased_purges":2,"victory":true,"max_hp_per_floor":[81,81,81,81,81,81,81,81,81,81,81,81,81,81,81,81,81,81,81,81,81,81,81,89,89,89,89,89,89,89,89,89,89,99,99,109,109,109,109,109,109,109,109,119,119,119,119,119,119,119],"card_choices":[{"not_picked":["champ:DancingMaster","champ:LastStand"],"picked":"champ:Devastate","floor":0},{"not_picked":["champ:CrookedStrike","champ:ShieldWall"],"picked":"champ:StanceDance","floor":2},{"not_picked":["champ:Haymaker","champ:GladiatorStyle"],"picked":"champ:FanOfKnives","floor":3},{"not_picked":["champ:ViciousMockery","champ:Haymaker"],"picked":"champ:FaceSlap","floor":4},{"not_picked":["champ:StanceDance","champ:BringItOn"],"picked":"champ:FanOfKnives","floor":5},{"not_picked":["champ:DefensiveShout","champ:CrookedStrike"],"picked":"champ:Backstep","floor":6},{"not_picked":["champ:ShieldSlam","champ:Haymaker"],"picked":"champ:Backstep","floor":10},{"not_picked":["champ:PerfectedStrike","champ:Shatter"],"picked":"champ:GutPunch","floor":13},{"not_picked":["champ:FaceSlap","champ:GutPunch"],"picked":"champ:PreciseThrust","floor":15},{"not_picked":["champ:SteelEdge","champ:LastStand"],"picked":"champ:VampiricStrike","floor":16},{"not_picked":["champ:BladeFlurry","champ:DefensiveShout+1","champ:Shatter"],"picked":"SKIP","floor":19},{"not_picked":["champ:Backstep","champ:Haymaker"],"picked":"champ:EndlessRage+1","floor":20},{"not_picked":["champ:AdrenalArmor","champ:RecklessLeap","champ:ShieldWall"],"picked":"SKIP","floor":22},{"not_picked":["champ:DefensiveShout","champ:HoldFirm"],"picked":"champ:IronFortress","floor":25},{"not_picked":["champ:EnragedBash","champ:FaceSlap","champ:DefensiveShout+1"],"picked":"SKIP","floor":27},{"not_picked":["champ:ViciousMockery","champ:CalledShot"],"picked":"champ:Circumvent","floor":28},{"not_picked":["champ:BringItOn+1","champ:Backstep"],"picked":"champ:PreciseThrust","floor":30},{"not_picked":["champ:SkillfulDodge","champ:DefensiveShout+1","champ:RapidStrikes"],"picked":"SKIP","floor":31},{"not_picked":["champ:BerserkersShout","champ:DefensiveShout+1"],"picked":"champ:Backstep+1","floor":32},{"not_picked":["champ:MurderStrike","champ:SwordThrow"],"picked":"champ:HoldFirm","floor":33},{"not_picked":["champ:FightOn","champ:BladeFlurry"],"picked":"champ:StanceDance","floor":34},{"not_picked":["champ:FocusedGladiator","champ:HeartStrike+1"],"picked":"champ:SkillfulDodge","floor":37},{"not_picked":["champ:DefensiveStyle+1","champ:Backstep"],"picked":"champ:FanOfKnives+1","floor":38},{"not_picked":["champ:GladiatorsShout+1","champ:RecklessLeap"],"picked":"champ:GutPunch+1","floor":39},{"not_picked":["champ:CrookedStrike","champ:GutPunch"],"picked":"champ:BringItOn","floor":42},{"not_picked":["champ:FocusedBerserking+1","champ:FocusedGladiator+1"],"picked":"champ:DancingMaster","floor":45},{"not_picked":["champ:EnGarde+1","champ:BerserkersShout"],"picked":"champ:FanOfKnives+1","floor":47},{"not_picked":["champ:CrookedStrike+1","champ:FaceSlap","champ:FightOn"],"picked":"SKIP","floor":48},{"not_picked":["champ:AdrenalArmor","champ:DefensiveShout+1","champ:CrookedStrike+1"],"picked":"SKIP","floor":49}],"player_experience":550511,"relics_obtained":[{"floor":8,"key":"MealTicket"},{"floor":24,"key":"hubris:Spice"},{"floor":41,"key":"Toy Ornithopter"},{"floor":45,"key":"Bird Faced Urn"}],"event_choices":[{"cards_removed":["champ:HoldFirm"],"damage_healed":0,"gold_gain":0,"player_choice":"Offered Rare","damage_taken":0,"max_hp_gain":10,"max_hp_loss":0,"event_name":"Bonfire Elementals","floor":36,"gold_loss":0}],"is_beta":false,"boss_relics":[{"not_picked":["Replay:Ancient Bell","Cursed Key"],"picked":"Replay:Wanted Poster"},{"not_picked":["Runic Dome","Astrolabe"],"picked":"Tiny House"}],"items_purged_floors":[5,37],"is_endless":false,"potions_floor_spawned":[3,15,16,19,25,28,31,38,42,47,49],"ascension_level":0}}