{"host":"2j5d0uw0vihq8b8w","time":1608827029,"event":{"mods":["2.2 Compatiblity","AchievementEnabler","BaseMod","BetterRewards","Colored Map","Colored Powertips","Custom Start","DeckTracker","Minty Spire (QoL Compilation)","Permanent Neow","Quick Restart","Rare Cards Sparkle","StSLib","SuperFastMode","The Dragon Tamer"],"gold_per_floor":[118,118,137,147,157,157,167,180,180,209,227,238,238,254,254,357,357,370,390,315,6,24,24,50,50,50,66,78,94,94,175,175,276,276,287,339,356,356,356,386,398,422,434,458,496,508,508,508],"floor_reached":46,"playtime":3567,"items_purged":[],"score":513,"play_id":"f789e0d7-709c-4ff9-a537-569d8a15f1f2","local_time":"20201225012349","is_ascension_mode":false,"metric_token":991,"campfire_choices":[{"data":"DTMod:DoubleHit","floor":6.0,"key":"SMITH"},{"data":"DTMod:Outburst","floor":13.0,"key":"SMITH"},{"data":"DTMod:SwitchingTactic","floor":15.0,"key":"SMITH"},{"data":"DTMod:Harmonize","floor":23.0,"key":"SMITH"},{"data":"DTMod:TriAttack","floor":30.0,"key":"SMITH"},{"data":"DTMod:CrossStep","floor":32.0,"key":"SMITH"},{"data":"DTMod:GearUp","floor":41,"key":"SMITH"}],"dtmod_dragon_data":[29,50,3,3,10,2],"circlet_count":0,"master_deck":["DTMod:DoubleHit+1","DTMod:SwitchingTactic+1","DTMod:GearUp+1","DTMod:MagiciansMark","DTMod:ComboAttack","DTMod:MagiciansMark","DTMod:DragonDance","DTMod:CrossStep+1","DTMod:Outburst+1","DTMod:BreakAttack","DTMod:PurifyingFlame","DTMod:Harmonize+1","DTMod:BizarreTactic+1","DTMod:TriAttack+1","DTMod:TauntingStrike+1","DTMod:FierySynthesis","DTMod:DarkBreath","DTMod:QuickFly","DTMod:Cover","DTMod:ResonanceForm","DTMod:StunTrap","DTMod:BuildUp","DTMod:SneakAttack+1","DTMod:DeepFocus+1","DTMod:RepeatStrike","DTMod:LightShield"],"relics":["DTMod:PactStone","Question Card","Omamori","SlaversCollar","DTMod:SwitchButton","Akabeko","Happy Flower","White Beast Statue","Shuriken","Pandora\u0027s Box","Torii","MawBank","Smiling Mask","Molten Egg 2"],"acts_visited":["Exordium","TheCity","TheBeyond"],"potions_floor_usage":[40,45,46,46],"damage_taken":[{"damage":0.0,"enemies":"2 Louse","floor":1.0,"turns":2.0},{"damage":1.0,"enemies":"Cultist","floor":3.0,"turns":3.0},{"damage":0.0,"enemies":"Jaw Worm","floor":4.0,"turns":3.0},{"damage":0.0,"enemies":"3 Louse","floor":5.0,"turns":2.0},{"damage":2.0,"enemies":"Blue Slaver","floor":7.0,"turns":3.0},{"damage":0.0,"enemies":"Exordium Wildlife","floor":8.0,"turns":3.0},{"damage":1.0,"enemies":"Lagavulin","floor":10.0,"turns":6.0},{"damage":5.0,"enemies":"Large Slime","floor":11.0,"turns":7.0},{"damage":0.0,"enemies":"3 Louse","floor":12.0,"turns":2.0},{"damage":0.0,"enemies":"2 Fungi Beasts","floor":14.0,"turns":3.0},{"damage":17.0,"enemies":"Hexaghost","floor":16.0,"turns":13.0},{"damage":0.0,"enemies":"Spheric Guardian","floor":18.0,"turns":2.0},{"damage":0.0,"enemies":"Chosen","floor":19.0,"turns":3.0},{"damage":0.0,"enemies":"Sentry and Sphere","floor":22.0,"turns":6.0},{"damage":0.0,"enemies":"Shelled Parasite and Fungi","floor":27.0,"turns":6.0},{"damage":3.0,"enemies":"Snake Plant","floor":28.0,"turns":4.0},{"damage":0.0,"enemies":"3 Cultists","floor":29.0,"turns":5.0},{"damage":18.0,"enemies":"Collector","floor":33.0,"turns":8.0},{"damage":0.0,"enemies":"3 Darklings","floor":35.0,"turns":3.0},{"damage":0.0,"enemies":"2 Orb Walkers","floor":36.0,"turns":3.0},{"damage":0.0,"enemies":"Orb Walker","floor":37.0,"turns":2.0},{"damage":0,"enemies":"Reptomancer","floor":40,"turns":3},{"damage":0,"enemies":"Jaw Worm Horde","floor":42,"turns":4},{"damage":11,"enemies":"Transient","floor":44,"turns":5},{"damage":24,"enemies":"Nemesis","floor":45,"turns":5},{"damage":9,"enemies":"3 Darklings","floor":46,"turns":2}],"seed_played":"3775963020193677838","potions_obtained":[{"floor":1.0,"key":"BlessingOfTheForge"},{"floor":5.0,"key":"BlessingOfTheForge"},{"floor":7.0,"key":"Ancient Potion"},{"floor":10.0,"key":"AttackPotion"},{"floor":18.0,"key":"ColorlessPotion"},{"floor":19.0,"key":"SkillPotion"},{"floor":27.0,"key":"SkillPotion"},{"floor":28.0,"key":"LiquidMemories"},{"floor":29.0,"key":"Swift Potion"},{"floor":33.0,"key":"ColorlessPotion"},{"floor":35.0,"key":"SneckoOil"},{"floor":36.0,"key":"Swift Potion"},{"floor":37.0,"key":"DuplicationPotion"},{"floor":40,"key":"Weak Potion"},{"floor":42,"key":"Swift Potion"},{"floor":45,"key":"GamblersBrew"}],"is_trial":false,"path_per_floor":["M","?","M","M","M","R","M","M","T","E","M","M","R","M","R","B",null,"M","M","?","$","M","R","T","?","T","M","M","M","R","T","R","B",null,"M","?","M","?","?","E","R","M","T","M","E","M"],"character_chosen":"THE_DT","items_purchased":["DTMod:SwitchButton","Akabeko"],"campfire_rested":0,"item_purchase_floors":[21,21],"current_hp_per_floor":[45,45,44,44,44,44,42,42,42,41,36,36,36,36,36,19,45,45,45,45,45,45,45,45,45,45,45,42,42,42,42,42,24,45,45,45,45,43,43,43,43,43,43,32,8,0,0,0],"gold":508,"neow_bonus":"ONE_RANDOM_RARE_CARD","is_daily":false,"chose_seed":false,"campfire_upgraded":7,"win_rate":0.0,"timestamp":1608827029,"path_taken":["M","?","M","?","M","R","M","M","T","E","M","M","R","M","R","BOSS","M","?","?","$","M","R","?","?","T","?","M","M","R","?","R","BOSS","M","?","M","?","?","E","R","M","T","M","E","M"],"items_purchased_type":["Relic","Relic"],"build_version":"2020-12-22","purchased_purges":0,"victory":false,"max_hp_per_floor":[45,45,45,45,45,45,45,45,45,45,45,45,45,45,45,45,45,45,45,45,45,45,45,45,45,45,45,45,45,45,45,45,45,45,45,45,45,43,43,43,43,43,43,43,43,43,43,43],"card_choices":[{"not_picked":["DTMod:ForkedFire","DTMod:Hide"],"picked":"DTMod:MagiciansMark","floor":1.0},{"not_picked":["DTMod:BizarreTactic","DTMod:BurningEnergy"],"picked":"DTMod:ComboAttack","floor":3.0},{"not_picked":["DTMod:HeatWave","DTMod:BizarreTactic","DTMod:Dissolve"],"picked":"SKIP","floor":4.0},{"not_picked":["DTMod:BizarreTactic","DTMod:ComboAttack"],"picked":"DTMod:MagiciansMark","floor":5.0},{"not_picked":["DTMod:MagicField","DTMod:QuickFly"],"picked":"DTMod:DragonDance","floor":7.0},{"not_picked":["DTMod:BuildUp","DTMod:Punisher"],"picked":"DTMod:CrossStep","floor":8.0},{"not_picked":["DTMod:DeepFocus","DTMod:Overwhelm","DTMod:Cover","DTMod:Hide"],"picked":"SKIP","floor":10.0},{"not_picked":["DTMod:Hide","DTMod:CleansingStrike","DTMod:BurningEnergy"],"picked":"DTMod:Outburst","floor":11.0},{"not_picked":["DTMod:DragonDance","DTMod:CleansingStrike","DTMod:Overwhelm"],"picked":"DTMod:BreakAttack","floor":12.0},{"not_picked":["DTMod:Threaten","DTMod:QuickFly","DTMod:Hide"],"picked":"DTMod:PurifyingFlame","floor":14.0},{"not_picked":["DTMod:ExcessFootwork","DTMod:Inferno","DTMod:ShadowImage"],"picked":"DTMod:Harmonize","floor":16.0},{"not_picked":["DTMod:QuickFly","DTMod:BuildUp+1","DTMod:CleansingStrike","DTMod:MaximumCharge"],"picked":"SKIP","floor":18.0},{"not_picked":["DTMod:Cover","DTMod:RecklessFlurry","DTMod:MagiciansMark"],"picked":"DTMod:BizarreTactic+1","floor":19.0},{"not_picked":["DTMod:Threaten","DTMod:BuildUp+1","DTMod:DeepFocus+1","DTMod:FlameSlash"],"picked":"SKIP","floor":22.0},{"not_picked":["DTMod:ForkedFire","DTMod:BreakAttack","DTMod:Weaken","DTMod:Training"],"picked":"SKIP","floor":27.0},{"not_picked":["DTMod:BurningEnergy","DTMod:BizarreTactic","DTMod:Cover"],"picked":"DTMod:TriAttack","floor":28.0},{"not_picked":["DTMod:TagTeam","DTMod:Threaten","DTMod:Cover"],"picked":"DTMod:TauntingStrike+1","floor":29.0},{"not_picked":["DTMod:Prediction","DTMod:Safeguard","DTMod:OpeningTactic"],"picked":"DTMod:FierySynthesis","floor":33.0},{"not_picked":["DTMod:Feint+1","DTMod:BuildUp+1","DTMod:Conduct+1","DTMod:FlameSlash"],"picked":"SKIP","floor":35.0},{"not_picked":["DTMod:QuickFly","DTMod:PurifyingFlame+1","DTMod:MasterPlan"],"picked":"DTMod:SneakAttack+1","floor":36.0},{"not_picked":["DTMod:BurningForce+1","DTMod:Astonish","DTMod:CrossStep+1","DTMod:QuickFly"],"picked":"SKIP","floor":37.0},{"not_picked":["DTMod:Threaten+1","DTMod:QuickFly+1","DTMod:Training","DTMod:BlueScale"],"picked":"SKIP","floor":40},{"not_picked":["DTMod:CrossStep","DTMod:BuildUp","DTMod:Dissolve"],"picked":"DTMod:DeepFocus+1","floor":42},{"not_picked":["DTMod:Dissolve+1","DTMod:Feint+1","DTMod:Punisher"],"picked":"DTMod:RepeatStrike","floor":44},{"not_picked":["DTMod:BuildUp+1","DTMod:CrossStep+1","DTMod:Weaken+1"],"picked":"DTMod:LightShield","floor":45}],"player_experience":704870,"relics_obtained":[{"floor":9.0,"key":"Question Card"},{"floor":10.0,"key":"Omamori"},{"floor":24.0,"key":"Happy Flower"},{"floor":26.0,"key":"White Beast Statue"},{"floor":31.0,"key":"Shuriken"},{"floor":36.0,"key":"Torii"},{"floor":40,"key":"MawBank"},{"floor":43,"key":"Smiling Mask"},{"floor":45,"key":"Molten Egg 2"}],"event_choices":[{"damage_healed":0.0,"max_hp_gain":0.0,"max_hp_loss":0.0,"gold_gain":0.0,"event_name":"The Woman in Blue","player_choice":"Bought 0 Potions","floor":2.0,"gold_loss":0.0,"damage_taken":0.0},{"cards_removed":["DTMod:Strike"],"damage_healed":0.0,"max_hp_gain":0.0,"max_hp_loss":0.0,"gold_gain":0.0,"event_name":"Beggar","player_choice":"Gave Gold","floor":20.0,"gold_loss":75.0,"damage_taken":0.0},{"cards_removed":["DTMod:TargetDefense"],"damage_healed":0.0,"max_hp_gain":0.0,"max_hp_loss":0.0,"gold_gain":0.0,"event_name":"Back to Basics","player_choice":"Elegance","floor":25.0,"gold_loss":0.0,"damage_taken":0.0},{"damage_healed":0.0,"max_hp_gain":0.0,"max_hp_loss":0.0,"gold_gain":0.0,"event_name":"Mysterious Sphere","player_choice":"Fight","floor":36.0,"gold_loss":0.0,"damage_taken":0.0},{"damage_healed":0.0,"max_hp_gain":0.0,"max_hp_loss":2.0,"gold_gain":0.0,"event_name":"Winding Halls","player_choice":"Max HP","floor":38.0,"gold_loss":0.0,"damage_taken":0.0},{"damage_healed":0.0,"max_hp_gain":0.0,"max_hp_loss":0.0,"gold_gain":0.0,"event_name":"Tomb of Lord Red Mask","player_choice":"Ignored","floor":39.0,"gold_loss":0.0,"damage_taken":0.0}],"is_beta":false,"boss_relics":[{"not_picked":["Ectoplasm","SacredBark"],"picked":"SlaversCollar"},{"not_picked":["Runic Pyramid","Snecko Eye"],"picked":"Pandora\u0027s Box"}],"items_purged_floors":[],"is_endless":false,"potions_floor_spawned":[1,5,7,10,18,19,27,28,29,33,35,36,37,40,42,44,45],"killed_by":"3 Darklings","ascension_level":0}}