{"host":"ged1bqtamtf4sn4x","time":1608835655,"event":{"mods":["BaseMod","Colored Map","DeckTracker","Highlight Path","Keyboard Shortcuts","Minty Spire (QoL Compilation)","Permanent Neow","Quick Restart","SuperFastMode","everything is the same but u backflip on backflip"],"gold_per_floor":[109,119,136,12,12,12,45,45,45,45,59,69,69,69,69],"floor_reached":14,"playtime":481,"items_purged":["Strike_G"],"score":108,"play_id":"770b7d65-8716-4b84-82e0-aceeb2a9689a","local_time":"20201225034735","is_ascension_mode":true,"campfire_choices":[{"data":"PiercingWail","floor":6.0,"key":"SMITH"},{"floor":8.0,"key":"REST"},{"data":"Quick Slash","floor":13,"key":"SMITH"}],"circlet_count":0,"master_deck":["Strike_G","Strike_G","Defend_G","Defend_G","Defend_G","Defend_G","Defend_G","Survivor","Neutralize","Quick Slash+1","Acrobatics","PiercingWail+1","Dagger Throw","Backflip"],"relics":["Ring of the Snake","Dead Branch","Matryoshka","Toy Ornithopter","Meat on the Bone"],"acts_visited":["Exordium"],"potions_floor_usage":[],"damage_taken":[{"damage":7.0,"enemies":"2 Louse","floor":1.0,"turns":4.0},{"damage":2.0,"enemies":"Jaw Worm","floor":2.0,"turns":8.0},{"damage":1.0,"enemies":"Small Slimes","floor":3.0,"turns":5.0},{"damage":24.0,"enemies":"Gremlin Nob","floor":7.0,"turns":5.0},{"damage":7.0,"enemies":"Gremlin Gang","floor":11.0,"turns":8.0},{"damage":10.0,"enemies":"Blue Slaver","floor":12.0,"turns":5.0},{"damage":52,"enemies":"Lagavulin","floor":14,"turns":11}],"seed_played":"8596714097964846803","potions_obtained":[{"floor":1.0,"key":"Strength Potion"},{"floor":3.0,"key":"CultistPotion"}],"is_trial":false,"path_per_floor":["M","M","M","$","?","R","E","R","T","?","M","M","R","E"],"character_chosen":"THE_SILENT","items_purchased":["SkillPotion"],"campfire_rested":1,"item_purchase_floors":[4],"current_hp_per_floor":[63,61,60,60,48,48,24,45,45,38,43,45,45,0,0],"gold":69,"neow_bonus":"REMOVE_CARD","is_daily":false,"chose_seed":false,"campfire_upgraded":2,"win_rate":0.0,"timestamp":1608835655,"path_taken":["M","M","M","$","?","R","E","R","T","?","M","M","R","E"],"items_purchased_type":["Potion"],"build_version":"2020-12-22","purchased_purges":1,"victory":false,"max_hp_per_floor":[70,70,70,70,70,70,70,70,70,70,70,70,70,70,70],"card_choices":[{"not_picked":["Acrobatics","Setup"],"picked":"Quick Slash","floor":1.0},{"not_picked":["Deadly Poison","Setup"],"picked":"Acrobatics","floor":2.0},{"not_picked":["Flying Knee","Deflect"],"picked":"PiercingWail","floor":3.0},{"not_picked":["Sucker Punch","Cloak And Dagger"],"picked":"Dagger Throw","floor":7.0},{"not_picked":["Corpse Explosion","Deadly Poison","Dodge and Roll"],"picked":"SKIP","floor":11.0},{"not_picked":["Sucker Punch","Quick Slash"],"picked":"Backflip","floor":12.0}],"player_experience":401763,"relics_obtained":[{"floor":7.0,"key":"Matryoshka"},{"floor":9.0,"key":"Toy Ornithopter"},{"floor":9.0,"key":"Meat on the Bone"}],"event_choices":[{"damage_healed":0.0,"max_hp_gain":0.0,"max_hp_loss":0.0,"gold_gain":0.0,"event_name":"Scrap Ooze","player_choice":"Success","floor":5.0,"gold_loss":0.0,"damage_taken":12.0,"relics_obtained":["Dead Branch"]},{"cards_removed":["Strike_G"],"damage_healed":0.0,"max_hp_gain":0.0,"max_hp_loss":0.0,"gold_gain":0.0,"event_name":"Golden Wing","player_choice":"Card Removal","floor":10.0,"gold_loss":0.0,"damage_taken":7.0}],"is_beta":false,"boss_relics":[],"items_purged_floors":[4],"is_endless":false,"potions_floor_spawned":[1,3],"killed_by":"Lagavulin","ascension_level":4}}