{"host":"3ek78t4i81ecmdy1","time":1608771185,"event":{"mods":["2.2 Compatiblity","AchievementEnabler","BaseMod","Colored Map","DeckTracker","Filter the Spire","Keyboard Shortcuts","Minty Spire (QoL Compilation)","Permanent Neow","Quick Restart","SuperFastMode","everything is the same but u backflip on backflip"],"gold_per_floor":[419,419,15,38,38,82,98,23,48,48,48,48,73,3,3,131,131,154,79,99,99,109,109,109],"floor_reached":23,"playtime":768,"items_purged":["Regret"],"score":198,"play_id":"605738ac-952a-4e4e-8adb-b80ff6e0610e","local_time":"20201224095305","is_ascension_mode":true,"campfire_choices":[{"data":"True Grit","floor":10,"key":"SMITH"},{"floor":12,"key":"REST"},{"data":"Anger","floor":15,"key":"SMITH"}],"circlet_count":0,"master_deck":["Strike_R","Strike_R","Strike_R","Strike_R","Defend_R","Defend_R","Defend_R","Defend_R","Bash","True Grit+1","Heavy Blade","Warcry","Anger+1","Burning Pact","Pummel","Impervious","Body Slam+1","Havoc+1","Shrug It Off"],"relics":["Burning Blood","Old Coin","Bloody Idol","Bronze Scales","Sundial","Bag of Preparation","Strawberry","Dream Catcher","Sozu"],"acts_visited":["Exordium","TheCity"],"potions_floor_usage":[16],"damage_taken":[{"damage":16.0,"enemies":"2 Louse","floor":1.0,"turns":3.0},{"damage":3.0,"enemies":"Jaw Worm","floor":4.0,"turns":4.0},{"damage":25,"enemies":"Gremlin Nob","floor":6,"turns":4},{"damage":3,"enemies":"Small Slimes","floor":7,"turns":5},{"damage":6,"enemies":"Red Slaver","floor":13,"turns":3},{"damage":25,"enemies":"Hexaghost","floor":16,"turns":9},{"damage":17,"enemies":"Shell Parasite","floor":18,"turns":5},{"damage":0,"enemies":"Chosen","floor":20,"turns":3},{"damage":0,"enemies":"Snake Plant","floor":22,"turns":4},{"damage":92,"enemies":"Slavers","floor":23,"turns":6}],"seed_played":"1734497956356964825","potions_obtained":[{"floor":1.0,"key":"PowerPotion"},{"floor":13,"key":"DistilledChaos"}],"is_trial":false,"path_per_floor":["M","?","$","M","?","E","M","$","T","R","?","R","M","$","R","B",null,"M","?","M","?","M","E"],"character_chosen":"IRONCLAD","items_purchased":["Bronze Scales","Sundial","Pummel"],"campfire_rested":1,"item_purchase_floors":[3,3,14],"current_hp_per_floor":[46,26,26,29,29,17,20,20,20,20,20,46,46,46,46,27,87,76,76,82,82,87,0,0],"gold":109,"neow_bonus":"ONE_RARE_RELIC","is_daily":false,"chose_seed":false,"campfire_upgraded":2,"win_rate":0.0,"timestamp":1608771185,"path_taken":["M","?","$","M","?","E","M","$","T","R","?","R","M","$","R","BOSS","M","?","M","?","M","E"],"items_purchased_type":["Relic","Relic","Card"],"build_version":"2020-12-22","purchased_purges":1,"victory":false,"max_hp_per_floor":[80,80,80,80,80,87,87,87,87,87,87,87,87,87,87,87,87,87,87,87,87,87,87,87],"card_choices":[{"not_picked":["Rampage","Fire Breathing"],"picked":"True Grit","floor":1.0},{"not_picked":["Wild Strike","Second Wind"],"picked":"Heavy Blade","floor":4.0},{"not_picked":["Juggernaut","Combust"],"picked":"Warcry","floor":6},{"not_picked":["Warcry","Thunderclap"],"picked":"Anger","floor":7},{"not_picked":["Heavy Blade","True Grit"],"picked":"Burning Pact","floor":12},{"not_picked":["Perfected Strike","Body Slam","Heavy Blade"],"picked":"SKIP","floor":13},{"not_picked":["Double Tap","Feed"],"picked":"Impervious","floor":16},{"not_picked":["Pummel","Thunderclap"],"picked":"Body Slam+1","floor":18},{"not_picked":["Dropkick+1","Clothesline"],"picked":"Havoc+1","floor":20},{"not_picked":["True Grit+1","Twin Strike"],"picked":"Shrug It Off","floor":22}],"player_experience":26858,"relics_obtained":[{"floor":6,"key":"Strawberry"}],"event_choices":[{"damage_healed":0.0,"max_hp_gain":0.0,"max_hp_loss":0.0,"gold_gain":0.0,"event_name":"Golden Idol","player_choice":"Take Damage","floor":2.0,"gold_loss":0.0,"damage_taken":20.0,"relics_obtained":["Golden Idol"]},{"damage_healed":0.0,"max_hp_gain":0.0,"max_hp_loss":0.0,"gold_gain":0.0,"event_name":"Big Fish","player_choice":"Box","floor":5.0,"gold_loss":0.0,"damage_taken":0.0,"relics_obtained":["Bag of Preparation"],"cards_obtained":["Regret"]},{"damage_healed":0,"gold_gain":0,"player_choice":"Gave Potion","damage_taken":0,"relics_obtained":["Dream Catcher"],"max_hp_gain":0,"max_hp_loss":0,"event_name":"WeMeetAgain","floor":11,"gold_loss":0},{"cards_removed":["Strike_R"],"damage_healed":0,"gold_gain":0,"player_choice":"Gave Gold","damage_taken":0,"max_hp_gain":0,"max_hp_loss":0,"event_name":"Beggar","floor":19,"gold_loss":75},{"damage_healed":0,"gold_gain":0,"player_choice":"Gave Idol","damage_taken":0,"relics_obtained":["Bloody Idol"],"max_hp_gain":0,"max_hp_loss":0,"event_name":"Forgotten Altar","floor":21,"relics_lost":["Golden Idol"],"gold_loss":0}],"is_beta":false,"boss_relics":[{"not_picked":["Pandora\u0027s Box","Ectoplasm"],"picked":"Sozu"}],"items_purged_floors":[8],"is_endless":false,"potions_floor_spawned":[1,13,20,22],"killed_by":"Slavers","ascension_level":1}}