{"host":"kiauivt48syq9iz6","time":1608793330,"event":{"mods":["BaseMod","Conspire","Downfall","Hermit","Minty Spire (QoL Compilation)","Replay The Spire","SIMod","StSLib","The Animator","The Construct","The Cursed","The Runesmith","The Servant 0.9.4"],"gold_per_floor":[99,99,99,99,99,99,124,124,124,23,37,64,64,77,88,192,192,191,291,302,402,416,427,450,513,513,528,557,607,607,675,685,685,685],"floor_reached":33,"playtime":2058,"items_purged":[],"score":265,"play_id":"8095b1eb-3498-49d9-8ae1-162a7ccd0a3f","local_time":"20201224000210","is_ascension_mode":false,"campfire_choices":[{"data":"sneckomod:TailWhip","floor":1,"key":"SMITH"},{"data":"sneckomod:WideSting","floor":9,"key":"SMITH"},{"floor":13,"key":"REST"},{"floor":26,"key":"REST"},{"floor":30,"key":"REST"}],"circlet_count":0,"master_deck":["sneckomod:Strike","sneckomod:Strike","sneckomod:Strike","sneckomod:Defend","sneckomod:Defend","sneckomod:TailWhip+1","sneckomod:SnekBite+1","sneckomod:Unknown","sneckomod:Unknown","sneckomod:QuickBite","sneckomod:RainOfDice","sneckomod:WideSting+1","sneckomod:TrashToTreasure","expansioncontent:Collect","sneckomod:QuickBite","sneckomod:QuickMove","sneckomod:DiceCrush","sneckomod:Nope","sneckomod:UnknownRarePower","sneckomod:DiceCrush+1","sneckomod:SoulRoll","sneckomod:SoulDraw","sneckomod:Nope","sneckomod:UnknownRareSkill","sneckomod:SoulDraw","sneckomod:ImprovisedAttack+1","sneckomod:UnknownClassTHE_CURSED_PURPLE+1","sneckomod:SoulDraw+1","sneckomod:SoulRoll"],"relics":["sneckomod:SneckoSoul","downfall:HeartsMalice","Ring of Hypnosis","Runesmith:Locket","Nunchaku","ReplayTheSpireMod:Lightbulb","construct:ClawGrip","downfall:HeartBlessingGreen","Gambling Chip","ReplayTheSpireMod:Ninjato","downfall:CloakOfManyFaces","CultistMask","FaceOfCleric","NlothsMask","GremlinMask","SsserpentHead","Bag of Marbles"],"acts_visited":["Exordium","TheCity"],"potions_floor_usage":[16,19,19,19,21,22,25,31],"damage_taken":[{"damage":0,"enemies":"Small Slimes","floor":3,"turns":1},{"damage":0,"enemies":"Cultist","floor":4,"turns":1},{"damage":0,"enemies":"2 Louse","floor":8,"turns":1},{"damage":0,"enemies":"downfall:FleeingMerchant","floor":10,"turns":4},{"damage":5,"enemies":"Blue Slaver","floor":11,"turns":3},{"damage":22,"enemies":"Lagavulin","floor":12,"turns":7},{"damage":0,"enemies":"conspire:2 RoseBushes","floor":14,"turns":5},{"damage":0,"enemies":"Gremlin Gang","floor":15,"turns":3},{"damage":36,"enemies":"downfall:Defect","floor":16,"turns":5},{"damage":33,"enemies":"Colosseum Nobs","floor":19,"turns":6},{"damage":0,"enemies":"Shell Parasite","floor":20,"turns":7},{"damage":4,"enemies":"downfall:FaceTrader","floor":21,"turns":5},{"damage":9,"enemies":"3 Byrds","floor":22,"turns":7},{"damage":0,"enemies":"Snecko","floor":23,"turns":4},{"damage":17,"enemies":"Cultist and Chosen","floor":25,"turns":5},{"damage":41,"enemies":"conspire:HollyBat","floor":27,"turns":9},{"damage":21,"enemies":"Slavers","floor":28,"turns":5},{"damage":33,"enemies":"3 Cultists","floor":31,"turns":5},{"damage":7,"enemies":"Shelled Parasite and Fungi","floor":32,"turns":4},{"damage":8,"enemies":"downfall:Watcher","floor":33,"turns":3}],"seed_played":"3700030698752701696","potions_obtained":[{"floor":11,"key":"Explosive Potion"},{"floor":12,"key":"DistilledChaos"},{"floor":15,"key":"LifebloodPotion"},{"floor":16,"key":"Energy Potion"},{"floor":20,"key":"Swift Potion"},{"floor":21,"key":"GamblersBrew"},{"floor":23,"key":"AttackPotion"},{"floor":27,"key":"sneckomod:OffclassReductionPotion"},{"floor":32,"key":"SteroidPotion"}],"is_trial":false,"path_per_floor":["R","?","M","M","?","?","T","M","R","$","M","E","R","M","M","B",null,"R","?","M","?","M","M","T","M","R","M","E","?","R","M","M","B"],"character_chosen":"THE_SNECKO","items_purchased":["expansioncontent:Collect"],"campfire_rested":3,"item_purchase_floors":[10],"current_hp_per_floor":[90,90,90,90,90,90,90,90,90,90,85,63,90,90,90,56,92,92,59,59,55,47,49,49,33,61,27,8,8,37,11,5,0,0],"gold":685,"neow_bonus":"THREE_ENEMY_KILL","is_daily":false,"chose_seed":false,"campfire_upgraded":2,"win_rate":0.0,"timestamp":1608793330,"path_taken":["R","?","?","M","?","?","T","M","R","?","M","E","R","M","M","BOSS","R","?","M","?","M","M","T","?","R","M","E","?","R","?","M","BOSS"],"items_purchased_type":["Card"],"build_version":"2020-12-22","purchased_purges":0,"victory":false,"max_hp_per_floor":[90,90,90,90,90,90,90,90,90,90,90,90,90,90,90,92,92,92,92,92,92,93,95,95,96,96,97,99,99,99,100,101,101,101],"card_choices":[{"not_picked":["sneckomod:UnknownUncommonSkill","sneckomod:UnknownClassSLIMEBOUND"],"picked":"sneckomod:QuickBite","floor":3},{"not_picked":["sneckomod:UnknownExhaust","sneckomod:Unknown0Cost"],"picked":"sneckomod:RainOfDice","floor":4},{"not_picked":["sneckomod:RainOfDice","sneckomod:UnknownClassTHE_CHAMP_GRAY"],"picked":"sneckomod:WideSting","floor":8},{"not_picked":["sneckomod:UnknownClassRAINBOW_COLOR","sneckomod:UnknownClassPURPLE"],"picked":"sneckomod:TrashToTreasure","floor":10},{"not_picked":["sneckomod:UnknownClassHEXA_GHOST_PURPLE","sneckomod:UnknownClassSILVER"],"picked":"sneckomod:QuickBite","floor":11},{"not_picked":["sneckomod:UnknownClassTHE_CURSED_PURPLE","sneckomod:UnknownClassPURPLE"],"picked":"sneckomod:QuickMove","floor":12},{"not_picked":["sneckomod:Unknown0Cost","sneckomod:QuickMove"],"picked":"sneckomod:DiceCrush","floor":14},{"not_picked":["sneckomod:Unknown0Cost","sneckomod:Unknown2Cost"],"picked":"sneckomod:Nope","floor":15},{"not_picked":["sneckomod:UnknownRareSkill","sneckomod:SoulExchange"],"picked":"sneckomod:UnknownRarePower","floor":16},{"not_picked":["sneckomod:UnknownClassRAINBOW_COLOR","sneckomod:QuickMove"],"picked":"sneckomod:DiceCrush+1","floor":19},{"not_picked":["sneckomod:RainOfDice","sneckomod:SlitherStrike"],"picked":"sneckomod:SoulRoll","floor":20},{"not_picked":["sneckomod:QuickMove+1","sneckomod:UnknownStrike"],"picked":"sneckomod:SoulDraw","floor":21},{"not_picked":["sneckomod:DiceCrush","sneckomod:UnknownClassTHE_CHAMP_GRAY+1"],"picked":"sneckomod:Nope","floor":22},{"not_picked":["sneckomod:WideSting","sneckomod:QuickBite+1"],"picked":"sneckomod:UnknownRareSkill","floor":23},{"not_picked":["sneckomod:UnknownWeak","sneckomod:UnknownCommonAttack"],"picked":"sneckomod:SoulDraw","floor":25},{"not_picked":["sneckomod:QuickMove","sneckomod:ImprovisedGuard"],"picked":"sneckomod:ImprovisedAttack+1","floor":27},{"not_picked":["sneckomod:WideSting","sneckomod:UnknownWeak"],"picked":"sneckomod:UnknownClassTHE_CURSED_PURPLE+1","floor":28},{"not_picked":["sneckomod:UnknownClassCONSTRUCTMOD","sneckomod:UnknownEthereal"],"picked":"sneckomod:SoulDraw+1","floor":31},{"not_picked":["sneckomod:UnknownCommonAttack+1","sneckomod:UnknownBlock+1"],"picked":"sneckomod:SoulRoll","floor":32}],"player_experience":42292,"relics_obtained":[{"floor":5,"key":"Ring of Hypnosis"},{"floor":7,"key":"Nunchaku"},{"floor":12,"key":"ReplayTheSpireMod:Lightbulb"},{"floor":19,"key":"Gambling Chip"},{"floor":19,"key":"ReplayTheSpireMod:Ninjato"},{"floor":21,"key":"downfall:CloakOfManyFaces"},{"floor":28,"key":"Bag of Marbles"}],"event_choices":[{"damage_healed":0,"gold_gain":0,"player_choice":"Upgraded","damage_taken":0,"max_hp_gain":0,"max_hp_loss":0,"event_name":"Upgrade Shrine","floor":2,"gold_loss":0,"cards_upgraded":["sneckomod:SnekBite"]}],"is_beta":false,"boss_relics":[{"not_picked":["SacredBark","construct:WeddingRing"],"picked":"construct:ClawGrip"}],"items_purged_floors":[],"is_endless":false,"potions_floor_spawned":[11,12,15,16,20,21,23,27,32],"killed_by":"downfall:Watcher","ascension_level":0}}