{"host":"mniz8q056kux99zk","time":1608773661,"event":{"mods":["BaseMod","CapriCore","Highlight Path","Minty Spire (QoL Compilation)","Replay The Spire","StSLib"],"gold_per_floor":[116,116,116,116,134,169,183,183,183],"floor_reached":8,"playtime":441,"items_purged":[],"score":62,"play_id":"62ca3ac1-2d86-4feb-969a-805f7872d7e0","local_time":"20201223203421","is_ascension_mode":true,"campfire_choices":[],"circlet_count":0,"master_deck":["Strike_R","Strike_R","Defend_R","Defend_R","Defend_R","Defend_R","ReplayTheSpireMod:Stacked+1","Shockwave+1","Fire Breathing+1","Replay:Undeath\u0027s Touch","Regret","Pot Of Greed","Pot Of Greed","Survivor","Neutralize","ReplayTheSpireMod:Corrosion Curse","Run Through","ReplayTheSpireMod:LeadingStrike"],"relics":["Astrolabe","Grinning Jar","Juzu Bracelet"],"acts_visited":["Exordium"],"potions_floor_usage":[6],"damage_taken":[{"damage":0,"enemies":"2 Louse","floor":1,"turns":4},{"damage":4,"enemies":"Small Slimes","floor":5,"turns":4},{"damage":49,"enemies":"Gremlin Nob","floor":6,"turns":7},{"damage":11,"enemies":"Jaw Worm","floor":7,"turns":5},{"damage":17,"enemies":"3 Sentries","floor":8,"turns":2}],"seed_played":"3216523265626273248","potions_obtained":[{"floor":1,"key":"ElixirPotion"},{"floor":5,"key":"Block Potion"}],"is_trial":false,"path_per_floor":["M","?","$","?","M","E","M","E"],"character_chosen":"IRONCLAD","items_purchased":[],"campfire_rested":0,"item_purchase_floors":[],"current_hp_per_floor":[80,80,80,80,76,27,16,0,0],"gold":183,"neow_bonus":"BOSS_RELIC","is_daily":false,"chose_seed":false,"campfire_upgraded":0,"win_rate":0.0,"timestamp":1608773661,"path_taken":["M","?","$","?","M","E","M","E"],"items_purchased_type":[],"build_version":"2020-12-22","purchased_purges":0,"victory":false,"max_hp_per_floor":[80,80,80,80,80,80,80,80,80],"card_choices":[{"not_picked":["Sever Soul","Clothesline"],"picked":"Replay:Undeath\u0027s Touch","floor":1},{"not_picked":["Combust","Clash"],"picked":"ReplayTheSpireMod:Corrosion Curse","floor":5},{"not_picked":["Second Wind","ReplayTheSpireMod:Stacked"],"picked":"Run Through","floor":6},{"not_picked":["Armaments","Clash"],"picked":"ReplayTheSpireMod:LeadingStrike","floor":7}],"player_experience":61383,"relics_obtained":[{"floor":6,"key":"Juzu Bracelet"}],"event_choices":[{"damage_healed":0,"gold_gain":0,"player_choice":"Box","damage_taken":0,"relics_obtained":["Grinning Jar"],"max_hp_gain":0,"max_hp_loss":0,"event_name":"Big Fish","floor":2,"gold_loss":0,"cards_obtained":["Regret"]}],"is_beta":false,"boss_relics":[],"items_purged_floors":[],"is_endless":false,"potions_floor_spawned":[1,5],"killed_by":"3 Sentries","ascension_level":2}}