{"host":"bhj73plqr6q46rek","time":1608810293,"event":{"mods":["2.2 Compatiblity","Abigail Mod","Aspiration","BaseMod","Better Third Choice","BetterRewards","CapriCore","Conspire","Downfall","Energized Spire","Friendly Minions","GungeonMod","Halation","HololiveMod","Hubris","Infinite Spire","KinomotoSakuraMod(木之本?)","Kiyohime（清?）","Marisa（霧雨　魔理沙）","Minty Spire (QoL Compilation)","Prisma Mod","Reimu（博??梦）","Relic Sorter","Remilia_Scarlet Moed（蕾米莉?・斯?雷特）3.3.5","StSLib","The Alterego","The Immortal","The Servant 0.9.4","WarShipGirlsR/??少女R mod"],"gold_per_floor":[82,93,43,59,59,59,79,92,92,108,108,108,122,151,151,247,247,263,282,282,282,293,293,318,336,418,418,418,428,428,457,457,558,558,572,583,583,597,607,607,642,642,642,656,668,696,712,727,727,727,727],"floor_reached":50,"playtime":2563,"items_purged":[],"score":775,"play_id":"99013df3-3106-4a93-acaa-8210438fc08e","local_time":"20201224124453","is_ascension_mode":false,"campfire_choices":[{"data":"Hololive_CocoNews","floor":6,"key":"SMITH"},{"data":"Hololive_CocoNews","floor":12,"key":"SMITH"},{"data":"Hololive_StrengthChampion","floor":15,"key":"SMITH"},{"data":"Hololive_Spy","floor":23,"key":"SMITH"},{"data":"Hololive_Trident","floor":28,"key":"SMITH"},{"data":"Hololive_ASMR","floor":30,"key":"SMITH"},{"data":"Hololive_Thief","floor":32,"key":"SMITH"},{"data":"Hololive_Rebound","floor":40,"key":"SMITH"},{"data":"Hololive_Sequa","floor":42,"key":"SMITH"},{"data":"Hololive_StrengthChampion+1","floor":49,"key":"SMITH"}],"circlet_count":0,"master_deck":["Hololive_Strike","Hololive_Strike","Hololive_Strike","Hololive_Defend","Hololive_Defend","Hololive_Defend","Hololive_Sequa+1","Hololive_Rebound+1","Hololive_Trident+1","Hololive_CocoNews+1","Hololive_StrengthChampion+2","Hololive_CocoNews+1","Hololive_ASMR+1","Hololive_Spy+1","Hololive_Thief+1","Hololive_Yoholoon+1","Hololive_Yoholoon+1","Parasite"],"relics":["Hololive_TheStar","DemoMod:RingOfEthereal","Hololive_OneManArmy","Pen Nib","The Courier","Mastiff:ReiMu","energizedSpire:MagnifyingGlass","Nilry\u0027s Codex","aspiration:HummingbirdHeart","Molten Egg 2","aspiration:FetidBarrel","Black Star","aspiration:ChemicalBlood","Potion Belt","Meat on the Bone","FossilizedHelix","Ancient Tea Set"],"acts_visited":["Exordium","TheCity","TheBeyond"],"potions_floor_usage":[10,50],"damage_taken":[{"damage":0,"enemies":"Cultist","floor":1,"turns":3},{"damage":0,"enemies":"2 Louse","floor":2,"turns":2},{"damage":0,"enemies":"Jaw Worm","floor":4,"turns":2},{"damage":0,"enemies":"Lots of Slimes","floor":7,"turns":3},{"damage":0,"enemies":"Blue Slaver","floor":8,"turns":2},{"damage":0,"enemies":"Exordium Thugs","floor":10,"turns":2},{"damage":0,"enemies":"Red Slaver","floor":13,"turns":2},{"damage":0,"enemies":"Gremlin Nob","floor":14,"turns":2},{"damage":0,"enemies":"Hexaghost","floor":16,"turns":6},{"damage":0,"enemies":"Chosen","floor":18,"turns":3},{"damage":0,"enemies":"3 Byrds","floor":19,"turns":3},{"damage":0,"enemies":"Centurion and Healer","floor":22,"turns":4},{"damage":0,"enemies":"Nightmare","floor":24,"turns":6},{"damage":0,"enemies":"Snake Plant","floor":25,"turns":4},{"damage":0,"enemies":"3 Cultists","floor":29,"turns":3},{"damage":0,"enemies":"Gremlin Leader","floor":31,"turns":4},{"damage":0,"enemies":"hubris:MusketHawk","floor":33,"turns":5},{"damage":0,"enemies":"3 Darklings","floor":35,"turns":4},{"damage":0,"enemies":"Orb Walker","floor":36,"turns":3},{"damage":0,"enemies":"Spire Growth","floor":38,"turns":4},{"damage":0,"enemies":"Writhing Mass","floor":39,"turns":3},{"damage":0,"enemies":"Giant Head","floor":41,"turns":5},{"damage":0,"enemies":"Maw","floor":44,"turns":5},{"damage":0,"enemies":"3 Darklings","floor":45,"turns":3},{"damage":0,"enemies":"Reptomancer","floor":46,"turns":5},{"damage":0,"enemies":"Jaw Worm Horde","floor":47,"turns":3},{"damage":0,"enemies":"Spire Growth","floor":48,"turns":4},{"damage":18,"enemies":"conspire:OrnateMirror","floor":50,"turns":11}],"seed_played":"-6111517471029288000","potions_obtained":[{"floor":1,"key":"sneckomod:MuddlingPotion"},{"floor":8,"key":"LiquidMemories"},{"floor":10,"key":"hexamod:EctoCoolerPotion"},{"floor":13,"key":"GrandPatriotsElixir:ReiMu"},{"floor":44,"key":"PowerPotion"},{"floor":46,"key":"Ancient Potion"}],"is_trial":false,"path_per_floor":["M","M","?","M","?","R","M","M","T","M","$","R","M","E","R","B",null,"M","M","?","T","M","R","NM","M","T","?","R","M","R","E","R","B",null,"M","M","?","M","M","R","E","R","T","M","M","E","M","M","R","B"],"character_chosen":"Hololive_HololiveCharacter","items_purchased":[],"campfire_rested":0,"item_purchase_floors":[],"current_hp_per_floor":[35,35,35,35,35,35,35,35,35,35,35,35,35,35,35,35,35,35,35,19,19,19,19,19,19,19,15,15,15,15,15,15,15,40,40,40,40,40,40,40,40,40,40,40,40,40,40,40,40,22,22],"gold":727,"neow_bonus":"RANDOM_COMMON_RELIC","is_daily":false,"chose_seed":false,"campfire_upgraded":10,"win_rate":0.0,"timestamp":1608810293,"path_taken":["M","?","?","M","?","R","M","M","T","?","$","R","M","E","R","BOSS","M","M","?","?","?","R","NM","M","T","?","R","M","R","E","R","BOSS","M","M","?","M","?","R","E","R","T","M","M","E","M","M","R","BOSS"],"items_purchased_type":[],"build_version":"2020-12-22","purchased_purges":0,"victory":false,"max_hp_per_floor":[35,35,35,35,35,35,35,35,35,35,35,35,35,35,35,35,35,35,35,35,35,35,35,35,35,35,40,40,40,40,40,40,40,40,40,40,40,40,40,40,40,40,40,40,40,40,40,40,40,40,40],"card_choices":[{"not_picked":["Hololive_Rebound","Hololive_BringToTrial","Hololive_CallAmaneKanata"],"picked":"Hololive_Trident","floor":1},{"not_picked":["Hololive_CallSpadeEcho","Hololive_HuntDinosaur","Hololive_CallMurasakiShion","Hololive_RevenueBasedLive"],"picked":"SKIP","floor":2},{"not_picked":["Hololive_Sequa","Hololive_LuckPotion","Hololive_Rebound"],"picked":"Hololive_CocoNews","floor":4},{"not_picked":["Hololive_RevenueBasedLive","Hololive_CallAkaiHaato","Hololive_CallSpadeEcho"],"picked":"Hololive_StrengthChampion","floor":7},{"not_picked":["Hololive_CallHimemoriLuna","Hololive_CallKiryuuCoco","Hololive_CallCivia","Hololive_FlyingPonyTail"],"picked":"SKIP","floor":8},{"not_picked":["Hololive_Trident","Hololive_StrengthChampion","Hololive_CallRoboco"],"picked":"Hololive_CocoNews","floor":10},{"not_picked":["Hololive_CallManoAloe","Hololive_Rebound","Hololive_HuntDinosaur","Hololive_ILoveYou"],"picked":"SKIP","floor":13},{"not_picked":["Hololive_ManjiGathering","Hololive_CallUruhaRushia","Hololive_HuntDinosaur","Hololive_SoulCatcher"],"picked":"SKIP","floor":14},{"not_picked":["Hololive_IdolExercise","Hololive_Recruit","Hololive_FlareMind"],"picked":"Hololive_ASMR","floor":16},{"not_picked":["Hololive_CallAkiRosenthal","Hololive_Breathe","Hololive_Sequa","Hololive_Drill"],"picked":"SKIP","floor":18},{"not_picked":["Hololive_Psychosis+1","Hololive_HuntDinosaur+1","Hololive_CallYozoraMel","Hololive_Trident"],"picked":"SKIP","floor":19},{"not_picked":["Hololive_FlyingPonyTail","Hololive_CallCivia+1","Hololive_ILoveYou"],"picked":"Hololive_Spy","floor":22},{"not_picked":["Hololive_Psychosis+1","Hololive_CallRosalyn","Hololive_CocoNews+1","Hololive_CallYukihanaLamy+1"],"picked":"SKIP","floor":24},{"not_picked":["Hololive_Psychosis+1","Hololive_CallRosalyn","Hololive_CocoNews+1","Hololive_CallYukihanaLamy+1"],"picked":"SKIP","floor":24},{"not_picked":["Hololive_CocoNews+1","Hololive_Rebound","Hololive_Drill+1"],"picked":"Hololive_Thief","floor":25},{"not_picked":["Hololive_FlyingPonyTail+1","Hololive_CocoNews+1","Hololive_CandyCastle","Hololive_Breathe"],"picked":"SKIP","floor":29},{"not_picked":["Hololive_Teleport+1","Hololive_CallMurasakiShion","Hololive_CallAZKi"],"picked":"Hololive_Yoholoon+1","floor":31},{"not_picked":["Hololive_CallNekomataOkayu","Hololive_Breathe+1","Hololive_CocoNews+1","Hololive_RevenueBasedLive+1"],"picked":"SKIP","floor":35},{"not_picked":["Hololive_Drill+1","Hololive_StrengthChampion+1","Hololive_RevenueBasedLive"],"picked":"Hololive_Yoholoon+1","floor":36},{"not_picked":["Hololive_ASMR+1","Hololive_FlyingPonyTail+1","Hololive_CallShiroganeNoel+1","Hololive_StrengthChampion+1"],"picked":"SKIP","floor":38},{"not_picked":["Hololive_CallTsunomakiWatame","Hololive_HuntDinosaur","Hololive_Rebound+1","Hololive_CallAiraniIofifteen+1"],"picked":"SKIP","floor":39},{"not_picked":["Hololive_OvertimeWork+1","Hololive_CallShiranuiFlare","Hololive_BringToTrial","Hololive_CallManoAloe"],"picked":"SKIP","floor":41},{"not_picked":["Hololive_Trident+1","Hololive_CallUruhaRushia","Hololive_RevenueBasedLive","Hololive_CallAmaneKanata+1"],"picked":"SKIP","floor":44},{"not_picked":["Hololive_OvertimeWork+1","Hololive_RevenueBasedLive","Hololive_Teleport+1","Hololive_CallNatsuiroMatsuri"],"picked":"SKIP","floor":45},{"not_picked":["Hololive_CallYogiri+1","Hololive_ScarfAndHalo+1","Hololive_Trident+1","Hololive_DDD"],"picked":"SKIP","floor":46},{"not_picked":["Hololive_OvertimeWork+1","Hololive_RevenueBasedLive","Hololive_LuckPotion+1","Hololive_Watashimo"],"picked":"SKIP","floor":47},{"not_picked":["Hololive_Breathe","Hololive_RevenueBasedLive","Hololive_CallRosalyn+1","Hololive_Drill+1"],"picked":"SKIP","floor":48}],"player_experience":334218,"relics_obtained":[{"floor":9,"key":"The Courier"},{"floor":14,"key":"Mastiff:ReiMu"},{"floor":20,"key":"Nilry\u0027s Codex"},{"floor":21,"key":"aspiration:HummingbirdHeart"},{"floor":24,"key":"Molten Egg 2"},{"floor":26,"key":"aspiration:FetidBarrel"},{"floor":31,"key":"DemoMod:RingOfEthereal"},{"floor":41,"key":"aspiration:ChemicalBlood"},{"floor":41,"key":"Potion Belt"},{"floor":43,"key":"Meat on the Bone"},{"floor":46,"key":"FossilizedHelix"},{"floor":46,"key":"Ancient Tea Set"}],"event_choices":[{"cards_removed":["Hololive_Defend"],"damage_healed":0,"gold_gain":0,"player_choice":"Card Removal","damage_taken":0,"max_hp_gain":0,"max_hp_loss":0,"event_name":"The Cleric","floor":3,"gold_loss":50},{"cards_removed":["Hololive_Strike"],"damage_healed":5,"gold_gain":0,"player_choice":"Offered Special","damage_taken":0,"max_hp_gain":0,"max_hp_loss":0,"event_name":"Bonfire Elementals","floor":5,"gold_loss":0},{"damage_healed":0,"gold_gain":0,"player_choice":"Obtained Book","damage_taken":16,"max_hp_gain":0,"max_hp_loss":0,"event_name":"Cursed Tome","floor":20,"gold_loss":0},{"damage_healed":0,"gold_gain":0,"player_choice":"Shed Blood","damage_taken":9,"max_hp_gain":5,"max_hp_loss":0,"event_name":"Forgotten Altar","floor":27,"gold_loss":0},{"damage_healed":0,"gold_gain":0,"player_choice":"0 cards matched","damage_taken":0,"max_hp_gain":0,"max_hp_loss":0,"event_name":"Match and Keep!","floor":37,"gold_loss":0,"cards_obtained":[]}],"is_beta":false,"boss_relics":[{"not_picked":["hubris:HollowSoul","Runic Pyramid"],"picked":"energizedSpire:MagnifyingGlass"},{"not_picked":["RedLine:ReiMu","infinitespire:Cupcake"],"picked":"Black Star"}],"items_purged_floors":[],"is_endless":true,"potions_floor_spawned":[1,8,10,13,14,18,31,33,35,38,44,46,48],"killed_by":"conspire:OrnateMirror","ascension_level":0}}