{"host":"eh44sfktyv3bhkuy","time":1608830484,"event":{"mods":["Act Like it!","Aspiration","BaseMod","Better Note","Better Sensory Stone","Challenge The Spire","Colored Map","Colored Powertips","Conspire","DeckTracker","Downfall","Elementarium","Energized Spire","GifTheSpireLib","Halation","Highlight Path","Hubris","Infinite Spire","Mimic Mod","Minty Spire (QoL Compilation)","Quick Restart","Random Character Button","Relic Sorter","Replay The Spire","StSLib","SuperFastMode","Synergy Search","The Factory","The Jungle","Unceasing Turn Reminder","Wandering Minibosses","everything is the same but u backflip on backflip","vexMod"],"gold_per_floor":[99,99,99,131,61,78,124,40,40,56,68,100,100,162,189,330,330,255,297,334,475,475,592,592,592],"floor_reached":23,"playtime":1250,"items_purged":[],"score":207,"play_id":"c9817f53-8fed-40b0-a2a5-8fda5bfa3b61","local_time":"20201224182124","is_ascension_mode":true,"campfire_choices":[{"data":"Slimebound:Split","floor":1,"key":"SMITH"},{"data":"Slimebound:TongueLash","floor":9,"key":"SMITH"},{"data":"Slimebound:Defend_Slimebound","floor":18,"key":"PURGE"}],"circlet_count":0,"master_deck":["Slimebound:Strike_Slimebound","Slimebound:Strike_Slimebound","Slimebound:Tackle","Slimebound:Defend_Slimebound","Slimebound:Defend_Slimebound","Slimebound:Defend_Slimebound","Slimebound:Split+1","Slimebound:CorrosiveSpit","Slimebound:SplitMire","Slimebound:SamplingLick","Slimebound:Gluttony","Slimebound:FirmFortitude","Slimebound:TongueLash+1","Slimebound:SplitLeeching","Slimebound:TongueLash","Slimebound:SlimeBarrage","Slimebound:SpikyOuterGoop","Slimebound:OneTwoCombo","Slimebound:WasteNot","Replay:Parry","Slimebound:RainOfGoop","Slimebound:OneTwoCombo","Slimebound:PressTheAttack+1","Slimebound:LeechEnergy","Slimebound:SamplingLick","Delirium"],"relics":["Slimebound:AbsorbEndCombat","ReplayTheSpireMod:Ring of Challenge","downfall:HeartsMalice","infinitespire:BottledMercury","Regal Pillow","vexMod:ConsolationPrize","hubris:CuriousFeather","hubris:Backtick","Shuriken","downfall:HeartBlessingGreen","Replay:Towering Pillar of Hats","Darkstone Periapt","ReplayTheSpireMod:Ring of Sloth"],"acts_visited":["Exordium","TheCity"],"potions_floor_usage":[12,16,20,21],"damage_taken":[{"damage":0,"enemies":"2 Louse","floor":2,"turns":1},{"damage":0,"enemies":"conspire:MimicChest","floor":4,"turns":1},{"damage":0,"enemies":"downfall:FleeingMerchant","floor":5,"turns":1},{"damage":23,"enemies":"Small Slimes","floor":6,"turns":3},{"damage":8,"enemies":"downfall:FleeingMerchant","floor":8,"turns":4},{"damage":15,"enemies":"Cultist","floor":10,"turns":3},{"damage":14,"enemies":"Exordium Wildlife","floor":11,"turns":3},{"damage":18,"enemies":"Gremlin Nob","floor":12,"turns":4},{"damage":33,"enemies":"3 Sentries","floor":14,"turns":6},{"damage":9,"enemies":"Red Slaver","floor":15,"turns":2},{"damage":37,"enemies":"downfall:Watcher","floor":16,"turns":7},{"damage":31,"enemies":"3 Byrds","floor":19,"turns":4},{"damage":23,"enemies":"3 Cultists","floor":20,"turns":4},{"damage":41,"enemies":"downfall:Silent","floor":21,"turns":6},{"damage":86,"enemies":"Slavers","floor":23,"turns":3}],"seed_played":"-5558476721863112944","potions_obtained":[{"floor":6,"key":"ColorlessPotion"},{"floor":11,"key":"LifebloodPotion"},{"floor":12,"key":"ColorlessPotion"},{"floor":15,"key":"Slimebound:SlimedPotion"},{"floor":16,"key":"Fruit Juice"},{"floor":19,"key":"Explosive Potion"}],"is_trial":false,"path_per_floor":["R","M","?","?","$","M","T","$","R","M","M","E","?","E","M","B",null,"R_BF","M","M","?","?","E"],"character_chosen":"SLIMEBOUND","items_purchased":["Slimebound:FirmFortitude","Slimebound:TongueLash"],"campfire_rested":0,"item_purchase_floors":[5,8],"current_hp_per_floor":[60,60,60,60,60,53,53,60,60,54,56,51,51,60,55,58,65,65,62,62,65,71,0,0,0],"gold":592,"neow_bonus":"THREE_ENEMY_KILL","is_daily":false,"chose_seed":false,"campfire_upgraded":2,"win_rate":0.0,"timestamp":1608830484,"path_taken":["R","M","?","?","$","M","T","$","R","?","M","E","?","E","M","BOSS","R_BF","M","M","?","?","E"],"items_purchased_type":["Card","Card"],"build_version":"2020-12-22","purchased_purges":0,"victory":false,"max_hp_per_floor":[60,60,60,60,60,60,60,60,60,60,60,60,60,60,60,65,65,65,65,65,65,71,71,71,71],"card_choices":[{"not_picked":["Slimebound:PressTheAttack","Slimebound:GrowthPunch"],"picked":"Slimebound:SplitMire","floor":2},{"not_picked":["Slimebound:LeechEnergy","Slimebound:ViciousTackle"],"picked":"Slimebound:SamplingLick","floor":4},{"not_picked":["Slimebound:LivingWall","Slimebound:SplitBruiser"],"picked":"Slimebound:Gluttony","floor":5},{"not_picked":["Slimebound:Schlurp","Slimebound:SlimeBrawl"],"picked":"Slimebound:TongueLash","floor":6},{"not_picked":["Slimebound:RainOfGoop","Slimebound:LivingWall"],"picked":"Slimebound:SplitLeeching","floor":8},{"not_picked":["Slimebound:GoopSpray","Slimebound:SlimeBrawl"],"picked":"Slimebound:SlimeBarrage","floor":10},{"not_picked":["Slimebound:RollThrough","Slimebound:GoopTackle"],"picked":"Slimebound:SpikyOuterGoop","floor":11},{"not_picked":["Slimebound:RollThrough","Slimebound:LeechEnergy"],"picked":"Slimebound:OneTwoCombo","floor":12},{"not_picked":["Slimebound:ComboTackle","Slimebound:Schlurp","Slimebound:ForwardTackle"],"picked":"SKIP","floor":14},{"not_picked":["Slimebound:ComboTackle","Slimebound:DisruptingSlam"],"picked":"Slimebound:RainOfGoop","floor":15},{"not_picked":["Slimebound:MassFeed","Slimebound:WasteNot"],"picked":"Slimebound:OneTwoCombo","floor":16},{"not_picked":["Slimebound:FlameTackle","Slimebound:RainOfGoop"],"picked":"Slimebound:PressTheAttack+1","floor":19},{"not_picked":["Slimebound:Replication","Slimebound:SlimeBarrage"],"picked":"Slimebound:LeechEnergy","floor":20},{"not_picked":["Slimebound:SplitMire","Slimebound:GoopSpray"],"picked":"Slimebound:SamplingLick","floor":21}],"player_experience":645647,"relics_obtained":[{"floor":4,"key":"infinitespire:BottledMercury"},{"floor":7,"key":"Regal Pillow"},{"floor":12,"key":"vexMod:ConsolationPrize"},{"floor":14,"key":"hubris:CuriousFeather"},{"floor":21,"key":"Replay:Towering Pillar of Hats"},{"floor":21,"key":"Darkstone Periapt"},{"floor":22,"key":"ReplayTheSpireMod:Ring of Challenge"},{"floor":22,"key":"ReplayTheSpireMod:Ring of Sloth"}],"event_choices":[],"is_beta":false,"boss_relics":[{"not_picked":["conspire:SlowCooker","Snecko Eye"],"picked":"hubris:Backtick"}],"items_purged_floors":[],"is_endless":false,"potions_floor_spawned":[6,11,12,15,16,19],"killed_by":"Slavers","ascension_level":1}}