{"host":"ywif2ugnepgiw45s","time":1608839629,"event":{"mods":["Act Like it!","BaseMod","Better Skull","Downfall","Elementarium","GifTheSpireLib","Hermit","Lobotomy","Marisa????????","Minty Spire (QoL Compilation)","READ ME - Guardian Mod","Shade Mod","Shop Mod","StSLib","The Cursed","The Jungle","The Runesmith"],"gold_per_floor":[118,43,43,62,337,369,369,399,424,440,499,529,543,559,559,559,559],"floor_reached":16,"playtime":507,"items_purged":["hermit:Strike_Hermit"],"score":152,"play_id":"bf91b176-8125-43bd-b50c-adcf20878f6e","local_time":"20201224145349","is_ascension_mode":true,"campfire_choices":[{"data":"hermit:Defend_Hermit","floor":7,"key":"SMITH"},{"data":"hermit:EternalForm","floor":15,"key":"SMITH"}],"circlet_count":0,"master_deck":["hermit:Strike_Hermit","hermit:Strike_Hermit","hermit:Defend_Hermit+1","hermit:Defend_Hermit","hermit:Defend_Hermit+1","hermit:Defend_Hermit","hermit:Snapshot","hermit:Covet+1","hermit:SprayPray","Regret","hermit:Headshot","hermit:HeroicBravado","hermit:Dive","hermit:EternalForm+1","hermit:Brawl"],"relics":["hermit:Momento","NeowsBlessing","War Paint","StrikeDummy","PreservedInsect","Sundial","Potion Belt"],"acts_visited":["Exordium"],"potions_floor_usage":[8,11,14],"damage_taken":[{"damage":0,"enemies":"2 Louse","floor":1,"turns":1},{"damage":0,"enemies":"Small Slimes","floor":4,"turns":1},{"damage":0,"enemies":"Gremlin Nob","floor":6,"turns":1},{"damage":19,"enemies":"Lagavulin","floor":8,"turns":7},{"damage":0,"enemies":"Cultist","floor":10,"turns":3},{"damage":12,"enemies":"3 Sentries","floor":11,"turns":7},{"damage":4,"enemies":"3 Sentries","floor":12,"turns":7},{"damage":5,"enemies":"Looter","floor":13,"turns":2},{"damage":3,"enemies":"Large Slime","floor":14,"turns":6},{"damage":39,"enemies":"The Guardian","floor":16,"turns":10}],"seed_played":"8953925937341761905","potions_obtained":[{"floor":1,"key":"Strength Potion"},{"floor":6,"key":"sneckomod:MuddlingPotion"},{"floor":13,"key":"hermit:BlackBile"},{"floor":14,"key":"Fruit Juice"}],"is_trial":false,"path_per_floor":["M","$","?","M","?","E","R","E","T","M","?","E","M","M","R","B"],"character_chosen":"HERMIT","items_purchased":[],"campfire_rested":0,"item_purchase_floors":[],"current_hp_per_floor":[75,75,75,75,75,75,75,56,56,56,44,40,35,37,37,0,0],"gold":559,"neow_bonus":"THREE_ENEMY_KILL","is_daily":false,"chose_seed":false,"campfire_upgraded":2,"win_rate":0.0,"timestamp":1608839629,"path_taken":["M","$","?","M","?","E","R","E","T","?","?","E","M","M","R","BOSS"],"items_purchased_type":[],"build_version":"2020-12-22","purchased_purges":1,"victory":false,"max_hp_per_floor":[75,75,75,75,75,75,75,75,75,75,75,75,75,80,80,80,80],"card_choices":[{"not_picked":["hermit:Scavenge","hermit:SprayPray","hermit:Cheat"],"picked":"SKIP","floor":1},{"not_picked":["hermit:Quickdraw","hermit:Glare","hermit:Coalescence"],"picked":"SKIP","floor":4},{"not_picked":["hermit:Malice","hermit:Feint"],"picked":"hermit:Headshot","floor":6},{"not_picked":["hermit:Horror","hermit:Cheat"],"picked":"hermit:HeroicBravado","floor":8},{"not_picked":["hermit:Desperado","hermit:Manifest","hermit:HoleUp"],"picked":"SKIP","floor":10},{"not_picked":["hermit:Grudge","hermit:LowProfile"],"picked":"hermit:Dive","floor":12},{"not_picked":["hermit:Feint","hermit:Headshot"],"picked":"hermit:EternalForm","floor":13},{"not_picked":["hermit:Feint","hermit:LowProfile"],"picked":"hermit:Brawl","floor":14}],"player_experience":1626053,"relics_obtained":[{"floor":6,"key":"War Paint"},{"floor":8,"key":"StrikeDummy"},{"floor":9,"key":"PreservedInsect"},{"floor":11,"key":"Sundial"},{"floor":12,"key":"Potion Belt"}],"event_choices":[{"damage_healed":0,"gold_gain":0,"cards_transformed":["hermit:Strike_Hermit"],"player_choice":"Change","damage_taken":0,"max_hp_gain":0,"max_hp_loss":0,"event_name":"Living Wall","floor":3,"gold_loss":0,"cards_obtained":["hermit:SprayPray"]},{"damage_healed":0,"gold_gain":275,"player_choice":"Desecrate","damage_taken":0,"max_hp_gain":0,"max_hp_loss":0,"event_name":"Golden Shrine","floor":5,"gold_loss":0,"cards_obtained":["Regret"]},{"damage_healed":0,"gold_gain":0,"player_choice":"Searched \u00271\u0027 times","damage_taken":0,"max_hp_gain":0,"max_hp_loss":0,"event_name":"Dead Adventurer","floor":11,"gold_loss":0}],"is_beta":false,"boss_relics":[],"items_purged_floors":[2],"is_endless":false,"potions_floor_spawned":[1,6,13,14],"killed_by":"The Guardian","ascension_level":1}}