{"host":"2n2g1vowfllvjtvi","time":1608827255,"event":{"mods":["AchievementEnabler","BaseMod","Custom Start","GifTheSpireLib","Keyboard Shortcuts","Minty Spire (QoL Compilation)","Quick Restart","Rare Cards Sparkle","StSLib","SuperFastMode"],"gold_per_floor":[116,116,136,146,163,163,191,191,264,264,264,41,66,81,81,175,175,196,196,196,96,11,11,52,73,96,96,115,134,184,222,234,344,356,382,394,426,458,488,500,553,565,565],"floor_reached":42,"playtime":1325,"items_purged":["Shame","Strike_R"],"score":863,"play_id":"9a982d26-5c22-4ebc-a318-e44a92613ed7","local_time":"20201225012735","is_ascension_mode":true,"campfire_choices":[{"data":"Apotheosis","floor":6.0,"key":"SMITH"},{"data":"Offering","floor":8.0,"key":"SMITH"},{"data":"Battle Trance","floor":15.0,"key":"SMITH"},{"data":"Dark Embrace","floor":23.0,"key":"SMITH"},{"floor":27.0,"key":"REST"},{"floor":32.0,"key":"REST"},{"floor":40,"key":"REST"}],"circlet_count":0,"master_deck":["AscendersBane","Strike_R","Strike_R","Strike_R","Strike_R","Defend_R","Defend_R","Defend_R","Defend_R","Bash","Apotheosis+1","Battle Trance+1","Pommel Strike","Offering+1","Shrug It Off","Uppercut","Exhume","Dark Embrace+1","Sentinel","Shockwave","Immolate","Fiend Fire","Body Slam","Warcry+1"],"relics":["Burning Blood","CultistMask","Dead Branch","Matryoshka","Golden Idol","CaptainsWheel","Kunai","Lee\u0027s Waffle","Sozu","Ancient Tea Set","Paper Frog","Pantograph","Bag of Marbles","MawBank","Runic Dome","Vajra"],"acts_visited":["Exordium","TheCity","TheBeyond"],"potions_floor_usage":[],"damage_taken":[{"damage":3.0,"enemies":"2 Louse","floor":1.0,"turns":3.0},{"damage":4.0,"enemies":"Cultist","floor":3.0,"turns":4.0},{"damage":10.0,"enemies":"Small Slimes","floor":4.0,"turns":4.0},{"damage":26.0,"enemies":"Exordium Wildlife","floor":5.0,"turns":4.0},{"damage":26.0,"enemies":"3 Sentries","floor":7.0,"turns":9.0},{"damage":6.0,"enemies":"Large Slime","floor":13.0,"turns":4.0},{"damage":0.0,"enemies":"2 Fungi Beasts","floor":14.0,"turns":4.0},{"damage":21.0,"enemies":"The Guardian","floor":16.0,"turns":9.0},{"damage":8.0,"enemies":"Spheric Guardian","floor":18.0,"turns":3.0},{"damage":36.0,"enemies":"Book of Stabbing","floor":24.0,"turns":5.0},{"damage":27.0,"enemies":"3 Byrds","floor":25.0,"turns":5.0},{"damage":6.0,"enemies":"Shelled Parasite and Fungi","floor":28.0,"turns":3.0},{"damage":10.0,"enemies":"Snake Plant","floor":29.0,"turns":4.0},{"damage":6.0,"enemies":"Gremlin Leader","floor":31.0,"turns":1.0},{"damage":28.0,"enemies":"Collector","floor":33.0,"turns":4.0},{"damage":0,"enemies":"Orb Walker","floor":35,"turns":4},{"damage":25,"enemies":"3 Shapes","floor":37,"turns":3},{"damage":12,"enemies":"3 Darklings","floor":38,"turns":3},{"damage":25,"enemies":"4 Shapes","floor":39,"turns":2},{"damage":57,"enemies":"Nemesis","floor":41,"turns":5},{"damage":17,"enemies":"Writhing Mass","floor":42,"turns":2}],"seed_played":"-6303184227128259246","potions_obtained":[{"floor":1.0,"key":"Regen Potion"},{"floor":5.0,"key":"BlessingOfTheForge"}],"is_trial":false,"path_per_floor":["M","?","M","M","M","R","E","R","T","?","T","$","M","M","R","B",null,"M","?","?","$","?","R","E","M","T","R","M","M","?","E","R","B",null,"M","?","M","M","M","R","E","M"],"character_chosen":"IRONCLAD","items_purchased":["Lee\u0027s Waffle"],"campfire_rested":3,"item_purchase_floors":[12],"current_hp_per_floor":[71,71,73,69,49,49,44,44,44,18,18,82,82,82,82,67,78,76,76,76,76,76,76,46,25,25,49,49,45,45,45,69,60,77,82,82,63,57,38,62,11,0,0],"gold":565,"neow_bonus":"RANDOM_COLORLESS_2","is_daily":false,"chose_seed":false,"campfire_upgraded":4,"win_rate":0.0,"timestamp":1608827255,"path_taken":["M","?","M","?","M","R","E","R","T","?","?","$","M","M","R","BOSS","M","?","?","$","?","R","E","M","T","R","?","M","?","E","R","BOSS","M","?","?","M","M","R","E","M"],"items_purchased_type":["Relic"],"build_version":"2020-12-22","purchased_purges":2,"victory":false,"max_hp_per_floor":[75,75,75,75,75,75,75,75,75,75,75,82,82,82,82,82,82,82,82,82,82,82,82,82,82,82,82,82,82,82,82,82,82,82,82,82,82,82,82,82,82,82,82],"card_choices":[{"not_picked":["The Bomb","Magnetism"],"picked":"Apotheosis","floor":0.0},{"not_picked":["Perfected Strike","Shrug It Off"],"picked":"Battle Trance","floor":1.0},{"not_picked":["Rage","Armaments","True Grit"],"picked":"SKIP","floor":3.0},{"not_picked":["Havoc","Shrug It Off"],"picked":"Pommel Strike","floor":4.0},{"not_picked":["Sword Boomerang","Cleave"],"picked":"Offering","floor":5.0},{"not_picked":["Pummel","Clash","Dual Wield"],"picked":"SKIP","floor":7.0},{"not_picked":["Pommel Strike","Anger"],"picked":"Shrug It Off","floor":13.0},{"not_picked":["Dropkick","Rage"],"picked":"Uppercut","floor":14.0},{"not_picked":["Brutality","Juggernaut"],"picked":"Exhume","floor":16.0},{"not_picked":["Heavy Blade","True Grit","Pommel Strike"],"picked":"SKIP","floor":18.0},{"not_picked":["Headbutt","Body Slam"],"picked":"Sentinel","floor":24.0},{"not_picked":["Rampage","Heavy Blade","Pommel Strike"],"picked":"SKIP","floor":25.0},{"not_picked":["Thunderclap","Headbutt","Sentinel+1"],"picked":"SKIP","floor":28.0},{"not_picked":["Twin Strike","Flex"],"picked":"Shockwave","floor":29.0},{"not_picked":["Dark Embrace","Sentinel"],"picked":"Immolate","floor":31.0},{"not_picked":["Immolate","Reaper"],"picked":"Fiend Fire","floor":33.0},{"not_picked":["Shrug It Off","Heavy Blade"],"picked":"Body Slam","floor":35},{"not_picked":["Havoc","Clothesline","Iron Wave"],"picked":"SKIP","floor":37},{"not_picked":["Shrug It Off","Searing Blow","Whirlwind"],"picked":"SKIP","floor":38},{"not_picked":["Shrug It Off","Feed"],"picked":"Warcry+1","floor":39},{"not_picked":["Headbutt","Armaments","Blood for Blood"],"picked":"SKIP","floor":41}],"player_experience":445761,"relics_obtained":[{"floor":7.0,"key":"Dead Branch"},{"floor":9.0,"key":"Matryoshka"},{"floor":11.0,"key":"CaptainsWheel"},{"floor":11.0,"key":"Kunai"},{"floor":24.0,"key":"Paper Frog"},{"floor":26.0,"key":"Pantograph"},{"floor":26.0,"key":"Bag of Marbles"},{"floor":31.0,"key":"MawBank"},{"floor":41,"key":"Vajra"}],"event_choices":[{"damage_healed":0.0,"max_hp_gain":0.0,"max_hp_loss":0.0,"gold_gain":0.0,"event_name":"FaceTrader","player_choice":"Trade","floor":2.0,"gold_loss":0.0,"damage_taken":0.0,"relics_obtained":["CultistMask"]},{"damage_healed":0.0,"max_hp_gain":0.0,"max_hp_loss":0.0,"gold_gain":0.0,"event_name":"Golden Idol","player_choice":"Take Damage","floor":10.0,"gold_loss":0.0,"damage_taken":26.0,"relics_obtained":["Golden Idol"]},{"damage_healed":0.0,"max_hp_gain":0.0,"max_hp_loss":0.0,"gold_gain":0.0,"event_name":"Cursed Tome","player_choice":"Ignored","floor":19.0,"gold_loss":0.0,"damage_taken":0.0},{"damage_healed":0.0,"max_hp_gain":0.0,"max_hp_loss":0.0,"gold_gain":0.0,"event_name":"The Library","player_choice":"Read","floor":20.0,"gold_loss":0.0,"damage_taken":0.0,"cards_obtained":["Dark Embrace"]},{"damage_healed":0.0,"max_hp_gain":0.0,"max_hp_loss":0.0,"gold_gain":0.0,"event_name":"Addict","player_choice":"Obtained Relic","floor":22.0,"gold_loss":85.0,"damage_taken":0.0,"relics_obtained":["Ancient Tea Set"]},{"damage_healed":0.0,"max_hp_gain":0.0,"max_hp_loss":0.0,"gold_gain":50.0,"event_name":"Nest","player_choice":"Stole From Cult","floor":30.0,"gold_loss":0.0,"damage_taken":0.0},{"damage_healed":0,"gold_gain":0,"player_choice":"Got Potions","damage_taken":0,"max_hp_gain":0,"max_hp_loss":0,"event_name":"Lab","floor":36,"gold_loss":0}],"is_beta":false,"boss_relics":[{"not_picked":["Mark of Pain","Busted Crown"],"picked":"Sozu"},{"not_picked":["Empty Cage","Velvet Choker"],"picked":"Runic Dome"}],"items_purged_floors":[12,21],"is_endless":false,"potions_floor_spawned":[1,5,29,31,33,39,41],"killed_by":"Writhing Mass","ascension_level":15}}