{"host":"uyrebrj0204enqpc","time":1608825540,"event":{"mods":["BaseMod","Block Reminder","Challenge The Spire","Colored Map","Downfall","GifTheSpireLib","HexUI Lib","Highlight Path","Minty Spire (QoL Compilation)","Quick Restart","Replay The Spire","Shop Mod","StSLib","The Bug Knight"],"gold_per_floor":[119,119,135,145,145,176,176,217,217,217,236,259,259,273,273,396,396,409,409,216,234,258,258,333,369,369,369,412,436,436,459,459,578,578,599,612,675,693,752,752,791,751,1051,653,653,676,709,730,730,730],"floor_reached":51,"playtime":2669,"items_purged":["Strike_R","Strike_R"],"score":870,"play_id":"ac7faed0-b84a-404a-af8b-6a6d8adbd39e","local_time":"20201224105900","is_ascension_mode":true,"campfire_choices":[{"data":"Uppercut","floor":7.0,"key":"SMITH"},{"floor":13.0,"key":"REST"},{"data":"FollowUp","floor":15.0,"key":"SMITH"},{"data":"ReplayTheSpireMod:LeadingStrike","floor":23.0,"key":"SMITH"},{"data":"Ghostly Armor","floor":27.0,"key":"SMITH"},{"data":"Twin Strike","floor":30.0,"key":"SMITH"},{"data":"Shockwave","floor":32.0,"key":"SMITH"},{"floor":40,"key":"REST"},{"floor":49,"key":"REST"}],"circlet_count":0,"master_deck":["Strike_R","Strike_R","Strike_R","Defend_R","Defend_R","Defend_R","Defend_R","Twin Strike+1","Uppercut+1","Cleave+1","Shockwave+1","Iron Wave","Eruption","ReplayTheSpireMod:Stacked","FollowUp+1","Impervious","Hemokinesis+1","ReplayTheSpireMod:LeadingStrike+1","Ghostly Armor+1","Shrug It Off+1","Twin Strike+1","Shrug It Off+1","ReplayTheSpireMod:LeadingStrike+1","Shrug It Off+1"],"relics":["Golden Idol","Another Sword","Replay:Bottled Steam","Quantum Egg","Replay:M_SmolderingBlood","Ring of Chaos","Eternal Feather","TungstenRod","Pantograph","Blood Vial","Philosopher\u0027s Stone","Durian","Replay:Multitool","Akabeko","Old Coin","Happy Flower","Pet Ghost","Replay:Bottled Flurry"],"acts_visited":["TheCity","TheBeyond"],"potions_floor_usage":[39,39,50,50],"damage_taken":[{"damage":11.0,"enemies":"Jaw Worm","floor":1.0,"turns":3.0},{"damage":6.0,"enemies":"2 Louse","floor":3.0,"turns":3.0},{"damage":4.0,"enemies":"Small Slimes","floor":4.0,"turns":4.0},{"damage":33.0,"enemies":"HollowMod:MossKnight","floor":6.0,"turns":10.0},{"damage":11.0,"enemies":"Lagavulin","floor":8.0,"turns":7.0},{"damage":2.0,"enemies":"Exordium Wildlife","floor":11.0,"turns":3.0},{"damage":8.0,"enemies":"Lots of Slimes","floor":12.0,"turns":3.0},{"damage":1.0,"enemies":"3 Louse","floor":14.0,"turns":2.0},{"damage":0.0,"enemies":"Slime Boss","floor":16.0,"turns":4.0},{"damage":6.0,"enemies":"Chosen","floor":18.0,"turns":2.0},{"damage":10.0,"enemies":"3 Byrds","floor":21.0,"turns":4.0},{"damage":0.0,"enemies":"Snecko","floor":22.0,"turns":3.0},{"damage":28.0,"enemies":"HollowMod:Nosk","floor":25.0,"turns":11.0},{"damage":8.0,"enemies":"Book of Stabbing","floor":28.0,"turns":5.0},{"damage":18.0,"enemies":"Shelled Parasite and Fungi","floor":29.0,"turns":4.0},{"damage":11.0,"enemies":"Centurion and Healer","floor":31.0,"turns":2.0},{"damage":79.0,"enemies":"Automaton","floor":33.0,"turns":8.0},{"damage":27.0,"enemies":"3 Darklings","floor":35.0,"turns":5.0},{"damage":13.0,"enemies":"3 Shapes","floor":36.0,"turns":4.0},{"damage":0.0,"enemies":"Mind Bloom Boss Battle","floor":37.0,"turns":4.0},{"damage":28.0,"enemies":"Spire Growth","floor":38.0,"turns":5.0},{"damage":40,"enemies":"2 Orb Walkers","floor":39,"turns":3},{"damage":33,"enemies":"Reptomancer","floor":41,"turns":7},{"damage":14,"enemies":"Maw","floor":46,"turns":9},{"damage":14,"enemies":"HollowMod:StalkingDevout","floor":47,"turns":8},{"damage":13,"enemies":"Writhing Mass","floor":48,"turns":4},{"damage":93,"enemies":"Time Eater","floor":50,"turns":14}],"seed_played":"3954373529837270434","potions_obtained":[{"floor":1.0,"key":"BloodPotion"},{"floor":4.0,"key":"Dexterity Potion"},{"floor":11.0,"key":"ColorlessPotion"},{"floor":16.0,"key":"SteroidPotion"},{"floor":18.0,"key":"DuplicationPotion"},{"floor":28.0,"key":"SteroidPotion"},{"floor":31.0,"key":"Death Potion"},{"floor":33.0,"key":"champ:CounterPotion"},{"floor":35.0,"key":"FearPotion"},{"floor":37.0,"key":"sneckomod:MuddlingPotion"},{"floor":42,"key":"LiquidMemories"},{"floor":42,"key":"FairyPotion"},{"floor":42,"key":"SpeedPotion"}],"is_trial":false,"path_per_floor":["M","?","M","M","?","E","R","E","T","?","M","M","R","M","R","B",null,"M","T","$","M","M","R","?","E","T","R","E","M","R","M","R","B",null,"M","M","?","M","?","R","E","?","T","$","R","M","E","M","R","B",null],"character_chosen":"IRONCLAD","items_purchased":["ReplayTheSpireMod:LeadingStrike","Ghostly Armor","Happy Flower","Pet Ghost"],"campfire_rested":3,"item_purchase_floors":[20,20,44,44],"current_hp_per_floor":[75,75,75,77,57,30,30,25,25,25,23,15,39,38,38,38,80,74,74,74,64,64,76,68,40,40,52,44,28,40,31,43,7,80,53,42,74,48,10,47,16,16,16,16,53,41,29,18,55,14],"gold":730,"neow_bonus":"THREE_CARDS","is_daily":false,"chose_seed":false,"campfire_upgraded":6,"win_rate":0.0,"timestamp":1608825540,"path_taken":["M","?","M","M","?","E","R","E","T","?","M","?","R","M","R","BOSS","M","?","$","M","M","R","?","E","T","R","E","?","R","M","R","BOSS","M","M","?","M","?","R","E","?","T","$","R","M","E","?","R","BOSS"],"items_purchased_type":["Card","Card","Relic","Relic"],"build_version":"2020-12-22","purchased_purges":2,"victory":true,"max_hp_per_floor":[80,80,80,80,80,80,80,80,80,80,80,80,80,80,80,80,80,80,80,80,80,80,80,80,80,80,80,80,80,80,80,80,80,80,80,80,85,85,85,85,85,85,85,85,85,85,85,85,85,85],"card_choices":[{"not_picked":["Pommel Strike","ReplayReversal"],"picked":"Twin Strike","floor":0.0},{"not_picked":["Battle Trance","Anger"],"picked":"Uppercut","floor":1.0},{"not_picked":["Run Through","Clothesline"],"picked":"Cleave","floor":3.0},{"not_picked":["Hemokinesis","Run Through"],"picked":"Shockwave","floor":4.0},{"not_picked":["ReplayTheSpireMod:Muscle Training","Intimidate"],"picked":"Iron Wave","floor":6.0},{"not_picked":["Burning Pact","Combust","Replay:Undeath\u0027s Touch"],"picked":"SKIP","floor":8.0},{"not_picked":["Flame Barrier","Rampage"],"picked":"ReplayTheSpireMod:Stacked","floor":11.0},{"not_picked":["Sentinel","Havoc","Clothesline"],"picked":"SKIP","floor":12.0},{"not_picked":["Clash","Bloodletting"],"picked":"FollowUp","floor":14.0},{"not_picked":["Exhume","Ragnarok"],"picked":"Impervious","floor":16.0},{"not_picked":["ReplayTheSpireMod:Stacked","Cleave"],"picked":"Hemokinesis+1","floor":18.0},{"not_picked":["Replay:Undeath\u0027s Touch","Intimidate"],"picked":"Shrug It Off+1","floor":21.0},{"not_picked":["Shockwave","Anger","Wild Strike"],"picked":"SKIP","floor":22.0},{"not_picked":["Combust","Entrench","Immolate"],"picked":"SKIP","floor":25.0},{"not_picked":["Cleave+1","ReplayReversal"],"picked":"Twin Strike","floor":28.0},{"not_picked":["Halt","Anger+1","Clash"],"picked":"SKIP","floor":29.0},{"not_picked":["Clash+1","Uppercut","Body Slam"],"picked":"SKIP","floor":31.0},{"not_picked":["Replay:Undeath\u0027s Touch+1","Power Through","Clothesline+1"],"picked":"SKIP","floor":35.0},{"not_picked":["Massacre","ReplayTheSpireMod:Strike From Hell+1","Fire Breathing+1"],"picked":"SKIP","floor":36.0},{"not_picked":["Body Slam","Uppercut"],"picked":"Shrug It Off+1","floor":37.0},{"not_picked":["Sword Boomerang","Cleave"],"picked":"ReplayTheSpireMod:LeadingStrike+1","floor":38.0},{"not_picked":["Twin Strike+1","Defy Death+1","ForeignInfluence"],"picked":"SKIP","floor":41},{"not_picked":["Defy Death","Thunderclap"],"picked":"Shrug It Off+1","floor":46},{"not_picked":["Cleave+1","ReplayReversal","Fiend Fire"],"picked":"SKIP","floor":47},{"not_picked":["ReplayTheSpireMod:Strike From Hell","EmptyFist+1","Warcry+1"],"picked":"SKIP","floor":48}],"player_experience":898677,"relics_obtained":[{"floor":6.0,"key":"Another Sword"},{"floor":8.0,"key":"Replay:Bottled Steam"},{"floor":9.0,"key":"Quantum Egg"},{"floor":19.0,"key":"Eternal Feather"},{"floor":25.0,"key":"TungstenRod"},{"floor":26.0,"key":"Pantograph"},{"floor":28.0,"key":"Blood Vial"},{"floor":37.0,"key":"Durian"},{"floor":39,"key":"Replay:Multitool"},{"floor":41,"key":"Akabeko"},{"floor":43,"key":"Old Coin"},{"floor":47,"key":"Replay:Bottled Flurry"}],"event_choices":[{"damage_healed":0.0,"max_hp_gain":0.0,"max_hp_loss":0.0,"gold_gain":0.0,"event_name":"Golden Idol","player_choice":"Take Damage","floor":5.0,"gold_loss":0.0,"damage_taken":20.0,"relics_obtained":["Golden Idol"]},{"damage_healed":0.0,"max_hp_gain":0.0,"max_hp_loss":0.0,"gold_gain":75.0,"event_name":"FaceTrader","player_choice":"Touch","floor":24.0,"gold_loss":0.0,"damage_taken":8.0},{"damage_healed":0.0,"max_hp_gain":0.0,"max_hp_loss":0.0,"gold_gain":0.0,"event_name":"MindBloom","player_choice":"Fight","floor":37.0,"gold_loss":0.0,"damage_taken":0.0},{"damage_healed":0,"gold_gain":0,"player_choice":"Fight","damage_taken":0,"max_hp_gain":0,"max_hp_loss":0,"event_name":"Mysterious Sphere","floor":39,"gold_loss":0},{"damage_healed":0,"gold_gain":0,"player_choice":"Bought 3 Potions","damage_taken":0,"max_hp_gain":0,"max_hp_loss":0,"event_name":"The Woman in Blue","floor":42,"gold_loss":0}],"is_beta":false,"boss_relics":[{"not_picked":["Astrolabe","Honey Jar"],"picked":"Ring of Chaos"},{"not_picked":["Replay:Bronze Core","Runic Pyramid"],"picked":"Philosopher\u0027s Stone"}],"items_purged_floors":[20,44],"is_endless":false,"potions_floor_spawned":[1,4,11,14,16,18,28,29,31,33,35,37,46,47,48],"ascension_level":1}}