{"host":"5u4m3sklrpw6xc20","time":1608787379,"event":{"mods":["2.2 Compatiblity","BaseMod","Better Third Choice","CapriCore","Colored Map","Hermit","Hubris","Infinite Spire","Luminous","Minty Spire (QoL Compilation)","Permanent Neow","Replay The Spire","Robot Space Explorer","Shade Mod","Spicy Shops","StSLib","SuperFastMode","The Cursed","The Gatherer","The Immortal","The Necromancer","The Runesmith"],"gold_per_floor":[13,13,13,13,24,52,52,62,62,62,79,79,104,122,122,222,222,234,253,53,70,70,70,70,70,93,106,122,122,138,138,138,233,233,244,264,277,52,67,67,117,117,117,131,149,164,164,181,181,181,181,181,107,141,141],"floor_reached":56,"playtime":1426,"items_purged":["Strike_G","Strike_G","Strike_G+1","Defend_G+1"],"score":1063,"play_id":"a47c0283-4123-41ee-b64a-0b3996bc49a5","local_time":"20201223232259","is_ascension_mode":false,"campfire_choices":[{"data":"Poisoned Stab","floor":7,"key":"SMITH"},{"data":"Survivor","floor":10,"key":"SMITH"},{"data":"Deadly Poison","floor":12,"key":"SMITH"},{"data":"infinitespire:Neurotoxin","floor":15,"key":"SMITH"},{"data":"infinitespire:Oblivion","floor":23,"key":"SMITH"},{"data":"infinitespire:Collect","floor":29,"key":"SMITH"},{"data":"Poison Darts","floor":32,"key":"SMITH"},{"floor":40,"key":"RECALL"},{"floor":47,"key":"REST"},{"floor":49,"key":"REST"},{"data":"Defend_G","floor":52,"key":"SMITH"}],"circlet_count":0,"master_deck":["Defend_G","Defend_G","Defend_G+1","Defend_G+1","Survivor+1","Neutralize+1","Poisoned Stab+1","Deadly Poison+1","infinitespire:Neurotoxin+1","Poison Darts+1","Dodge and Roll+1","infinitespire:Oblivion+1","infinitespire:Collect+1","Dodge and Roll+1","Deadly Poison+1","Poisoned Stab+1","Footwork"],"relics":["Ring of the Snake","Whetstone","Tiny Chest","Vampiric Spirits","hubris:OldNail","Busted Crown","StrikeDummy","Replay:Bottled Eggs","Sozu","Mirror","infinitespire:EmpoweringShard","The Courier","Letter Opener"],"acts_visited":["Exordium","TheCity","TheBeyond","TheEnding"],"potions_floor_usage":[13,18,33,36,55,55],"damage_taken":[{"damage":1,"enemies":"Cultist","floor":1,"turns":5},{"damage":0,"enemies":"Jaw Worm","floor":5,"turns":3},{"damage":0,"enemies":"3 Sentries","floor":6,"turns":1},{"damage":0,"enemies":"2 Louse","floor":8,"turns":2},{"damage":0,"enemies":"Large Slime","floor":11,"turns":6},{"damage":0,"enemies":"Gremlin Nob","floor":13,"turns":3},{"damage":0,"enemies":"2 Fungi Beasts","floor":14,"turns":4},{"damage":23,"enemies":"Hexaghost","floor":16,"turns":10},{"damage":12,"enemies":"2 Thieves","floor":18,"turns":4},{"damage":0,"enemies":"Shell Parasite","floor":19,"turns":4},{"damage":2,"enemies":"3 Cultists","floor":21,"turns":4},{"damage":0,"enemies":"Snake Plant","floor":27,"turns":2},{"damage":0,"enemies":"Centurion and Healer","floor":28,"turns":4},{"damage":0,"enemies":"Cultist and Chosen","floor":30,"turns":3},{"damage":9,"enemies":"hubris:MusketHawk","floor":33,"turns":5},{"damage":0,"enemies":"Orb Walker","floor":35,"turns":2},{"damage":0,"enemies":"3 Darklings","floor":36,"turns":3},{"damage":17,"enemies":"Spire Growth","floor":37,"turns":3},{"damage":11,"enemies":"Sphere and 2 Shapes","floor":39,"turns":3},{"damage":1,"enemies":"Jaw Worm Horde","floor":44,"turns":3},{"damage":0,"enemies":"3 Darklings","floor":45,"turns":2},{"damage":10,"enemies":"Writhing Mass","floor":46,"turns":3},{"damage":0,"enemies":"Maw","floor":48,"turns":4},{"damage":5,"enemies":"Replay:Hell Engine","floor":50,"turns":8},{"damage":31,"enemies":"Shield and Spear","floor":54,"turns":4},{"damage":71,"enemies":"The Heart","floor":55,"turns":7}],"seed_played":"1836778287319320366","potions_obtained":[{"floor":5,"key":"Fire Potion"},{"floor":6,"key":"Energy Potion"},{"floor":8,"key":"Reflective Coating"},{"floor":18,"key":"SteroidPotion"},{"floor":28,"key":"Block Potion"},{"floor":30,"key":"Energy Potion"},{"floor":33,"key":"PowerPotion"}],"is_trial":false,"path_per_floor":["M","T","$","?","M","E","R","M","T","R","M","R","E","M","R","B",null,"M","M","$","M","?","R","AVR","?","T","M","M","R","M","T","R","B",null,"M","M","M","$","M","R","?","T","T","M","M","M","R","M","R","B",null,"R","$","E","B",null],"character_chosen":"THE_SILENT","items_purchased":["StrikeDummy","Footwork"],"campfire_rested":2,"item_purchase_floors":[20,53],"current_hp_per_floor":[69,69,69,55,55,55,55,55,55,55,61,61,67,67,67,47,70,58,58,58,57,40,40,40,40,40,41,47,47,55,55,55,50,70,70,70,53,53,43,43,26,26,26,27,35,30,51,57,70,65,70,70,70,39,20],"gold":141,"neow_bonus":"REMOVE_TWO","is_daily":false,"chose_seed":false,"campfire_upgraded":8,"win_rate":0.0,"timestamp":1608787379,"path_taken":["M","?","?","?","M","E","R","M","T","R","M","R","E","M","R","BOSS","M","M","$","M","?","R","AVR","?","T","M","?","R","M","?","R","BOSS","M","M","?","$","M","R","?","?","T","M","M","M","R","M","R","BOSS","R","$","E","BOSS"],"items_purchased_type":["Relic","Card"],"build_version":"2020-12-22","purchased_purges":4,"victory":true,"max_hp_per_floor":[70,70,70,70,70,70,70,70,70,70,70,70,70,70,70,70,70,70,70,70,70,70,70,70,70,70,70,70,70,70,70,70,70,70,70,70,70,70,70,70,70,70,70,70,70,70,70,70,70,70,70,70,70,70,70],"card_choices":[{"not_picked":["Deflect","Catalyst"],"picked":"Poisoned Stab","floor":1},{"not_picked":["Eviscerate","PiercingWail","Backstab"],"picked":"SKIP","floor":5},{"not_picked":["Dash","Atom Bomb","Outmaneuver"],"picked":"SKIP","floor":6},{"not_picked":["Dagger Spray","Deflect","ReplayTheSpireMod:The Works"],"picked":"SKIP","floor":8},{"not_picked":["Sneak Up","hubris:TrickCloak"],"picked":"Deadly Poison","floor":11},{"not_picked":["Caltrops","Blade Dance"],"picked":"infinitespire:Neurotoxin","floor":13},{"not_picked":["Backstab","Flying Knee","Cloak And Dagger"],"picked":"SKIP","floor":14},{"not_picked":["Wraith Form v2","Envenom"],"picked":"Poison Darts","floor":16},{"not_picked":["Terror"],"picked":"SKIP","floor":18},{"not_picked":["Blade Dance"],"picked":"SKIP","floor":19},{"not_picked":[],"picked":"Dodge and Roll+1","floor":21},{"not_picked":["hubris:Rewind","Replay:Fractal Strike"],"picked":"infinitespire:Oblivion","floor":22},{"not_picked":[],"picked":"Dodge and Roll+1","floor":27},{"not_picked":["Slice+1"],"picked":"SKIP","floor":28},{"not_picked":["Blade Dance"],"picked":"SKIP","floor":30},{"not_picked":["Skewer+1"],"picked":"SKIP","floor":35},{"not_picked":[],"picked":"Deadly Poison+1","floor":36},{"not_picked":["Underhanded Strike"],"picked":"SKIP","floor":37},{"not_picked":["Cloak And Dagger"],"picked":"SKIP","floor":39},{"not_picked":[],"picked":"Poisoned Stab+1","floor":41},{"not_picked":["Bane+1"],"picked":"SKIP","floor":44},{"not_picked":["Backflip"],"picked":"SKIP","floor":45},{"not_picked":["Outmaneuver"],"picked":"SKIP","floor":46},{"not_picked":["ReplayTheSpireMod:Speed Training"],"picked":"SKIP","floor":48},{"not_picked":["Leg Sweep+1"],"picked":"SKIP","floor":54}],"player_experience":268069,"relics_obtained":[{"floor":2,"key":"Whetstone"},{"floor":6,"key":"Tiny Chest"},{"floor":9,"key":"Vampiric Spirits"},{"floor":13,"key":"hubris:OldNail"},{"floor":31,"key":"Replay:Bottled Eggs"},{"floor":41,"key":"Mirror"},{"floor":42,"key":"infinitespire:EmpoweringShard"},{"floor":43,"key":"The Courier"},{"floor":54,"key":"Letter Opener"}],"event_choices":[{"damage_healed":69,"gold_gain":0,"player_choice":"Upgrade","damage_taken":14,"max_hp_gain":0,"max_hp_loss":70,"event_name":"betterThird:BetterShining","floor":4,"gold_loss":0,"cards_upgraded":["Defend_G","Defend_G"]},{"damage_healed":0,"gold_gain":0,"player_choice":"Ignored","damage_taken":0,"max_hp_gain":0,"max_hp_loss":0,"event_name":"Ghosts","floor":25,"gold_loss":0}],"is_beta":false,"boss_relics":[{"not_picked":["Runic Dome","HoveringKite"],"picked":"Busted Crown"},{"not_picked":["Snecko Scales","Ring of the Serpent"],"picked":"Sozu"}],"items_purged_floors":[20,24,38,38],"is_endless":false,"potions_floor_spawned":[5,6,8,11,18,28,30,33,35,37,46,48,54],"ascension_level":0}}