{"host":"jmrtcms4w8pdo4je","time":1608774636,"event":{"mods":["AchievementEnabler","Act Like it!","BaseMod","Bestiary","ChefMod","Colored Powertips","Conspire","Elementarium","Fiend Mod","Gremlin Mod","Infinite Spire","Minty Spire (QoL Compilation)","Replay The Spire","Shade Mod","StSLib","The Cursed","The Forsaken","The Hierophant","The Judge","The Marked","The Necromancer","The Problem Sleuth"],"gold_per_floor":[118,152,52,52,258,258,286,286,312,326,351,151,187,207,207,327,327,377,317,317,395,395,395,310,310,310,310,353,353,396,396,396,559,559,591,524,558,51,51,51,62,62,62],"floor_reached":41,"playtime":4718,"items_purged":["CommonCold"],"score":418,"play_id":"e31c6086-2ca1-48dd-9cf6-2a747ce2375b","local_time":"20201223195036","is_ascension_mode":false,"campfire_choices":[{"data":"Ghostly","floor":6,"key":"SMITH"},{"data":"theSleuth:TakeInventory","floor":8,"key":"SMITH"},{"floor":15,"key":"REST"},{"data":"theSleuth:CandyCornVampire","floor":23,"key":"SMITH"},{"data":"theSleuth:Leer","floor":27,"key":"SMITH"},{"data":"theSleuth:Pepperminthryl","floor":29,"key":"SMITH"},{"floor":32,"key":"REST"},{"data":"Crow Ritual","floor":40,"key":"SMITH"}],"circlet_count":0,"master_deck":["theSleuth:Strike","theSleuth:Strike","theSleuth:Strike","theSleuth:Strike","theSleuth:Defend","theSleuth:Defend","theSleuth:Defend","theSleuth:KeyHandgun","theSleuth:TakeInventory+1","theSleuth:Diplomacy","theSleuth:Ignore","theSleuth:BellyOTheWhale","Ghostly+1","theSleuth:TruffleTrouble","theSleuth:ThinkAhead","theSleuth:BiteHardly","theSleuth:LeverageHeight","conspire:SpireCoStock","conspire:SpireCoStock","conspire:SpireCoStock","theSleuth:Tootshotgun","theSleuth:CandyCornVampire+1","theSleuth:Leer+1","theSleuth:Pepperminthryl+1","theSleuth:Pepperminthryl+1","theSleuth:Diabeatdown","theSleuth:FairShake","theSleuth:WizardSudoku+1","Crow Ritual+1"],"relics":["theSleuth:Typewriter","NeowsBlessing","Mercury Hourglass","infinitespire:CursedDice","Regal Pillow","infinitespire:BottledMercury","Philosopher\u0027s Stone","Red Mask","Pantograph","theSleuth:SaltedMelon","theSleuth:SaltedMelon","infinitespire:Broken Mirror","SlaversCollar","Orichalcum","Black Star","conspire:GlowingRock"],"acts_visited":["Exordium","TheCity","TheBeyond"],"potions_floor_usage":[14,16,16,18,30,41],"damage_taken":[{"damage":0,"enemies":"Small Slimes","floor":1,"turns":1},{"damage":0,"enemies":"conspire:MimicChest","floor":2,"turns":1},{"damage":0,"enemies":"Gremlin Nob","floor":7,"turns":1},{"damage":0,"enemies":"2 Louse","floor":10,"turns":3},{"damage":25,"enemies":"3 Sentries","floor":11,"turns":8},{"damage":1,"enemies":"Jaw Worm","floor":13,"turns":8},{"damage":0,"enemies":"3 Louse","floor":14,"turns":3},{"damage":50,"enemies":"The Guardian","floor":16,"turns":10},{"damage":0,"enemies":"Spheric Guardian","floor":18,"turns":4},{"damage":61,"enemies":"Masked Bandits","floor":21,"turns":6},{"damage":3,"enemies":"3 Byrds","floor":28,"turns":4},{"damage":0,"enemies":"conspire:HollyBat","floor":30,"turns":6},{"damage":94,"enemies":"Collector","floor":33,"turns":12},{"damage":7,"enemies":"Orb Walker","floor":35,"turns":5},{"damage":13,"enemies":"3 Darklings","floor":37,"turns":8},{"damage":89,"enemies":"Giant Head","floor":41,"turns":8}],"seed_played":"1033611681121905795","potions_obtained":[{"floor":7,"key":"SpeedPotion"},{"floor":13,"key":"Fire Potion"},{"floor":14,"key":"infinitespire:BlackPotion"},{"floor":16,"key":"Block Potion"},{"floor":28,"key":"LiquidMemories"},{"floor":37,"key":"SkillPotion"}],"is_trial":false,"path_per_floor":["M","?","?","?","?","R","E","R","T","M","E","?","M","M","R","B",null,"M","?","?","?","?","R","?","?","T","R","M","R","M","AVR","R","B",null,"M","$","M","$","?","R","E"],"character_chosen":"THE_sleuth","items_purchased":["theSleuth:FairShake","Crow Ritual","conspire:GlowingRock"],"campfire_rested":2,"item_purchase_floors":[36,38,38],"current_hp_per_floor":[73,73,73,78,47,47,47,47,47,47,22,22,21,21,59,9,78,78,78,78,17,43,43,43,43,43,45,42,44,44,44,84,51,84,77,77,64,64,64,66,0,0,0],"gold":62,"neow_bonus":"THREE_ENEMY_KILL","is_daily":false,"chose_seed":false,"campfire_upgraded":6,"win_rate":0.0,"timestamp":1608774636,"path_taken":["M","?","?","?","?","R","E","R","T","M","E","?","M","M","R","BOSS","M","?","?","?","?","R","?","?","T","R","M","R","M","AVR","R","BOSS","M","$","M","$","?","R","E"],"items_purchased_type":["Card","Card","Relic"],"build_version":"2020-12-22","purchased_purges":1,"victory":false,"max_hp_per_floor":[73,73,73,78,78,78,78,78,78,78,78,78,78,78,78,78,78,78,78,78,78,78,78,78,78,78,80,80,82,82,82,84,84,84,84,84,84,84,84,86,86,86,86],"card_choices":[{"not_picked":["theSleuth:ForceDeck","theSleuth:ThinkAhead"],"picked":"theSleuth:Ignore","floor":1},{"not_picked":["theSleuth:Tootshotgun","theSleuth:BenStillerBust"],"picked":"theSleuth:BellyOTheWhale","floor":2},{"not_picked":["theSleuth:OpportunityCost","theSleuth:UnDeEscalate"],"picked":"theSleuth:TruffleTrouble","floor":5},{"not_picked":["theSleuth:FudgeDeck","theSleuth:CandyCane"],"picked":"theSleuth:ThinkAhead","floor":7},{"not_picked":["theSleuth:BenStillerBust","theSleuth:Unscale"],"picked":"theSleuth:BiteHardly","floor":10},{"not_picked":["theSleuth:FoolPlate","theSleuth:BenStillerBust"],"picked":"theSleuth:LeverageHeight","floor":11},{"not_picked":["theSleuth:Distill","theSleuth:Treaty"],"picked":"theSleuth:Tootshotgun","floor":13},{"not_picked":["theSleuth:SnoopDoggBust","theSleuth:ThinkAhead","theSleuth:Taze"],"picked":"SKIP","floor":14},{"not_picked":["theSleuth:GummyWormZombie","theSleuth:MobRule"],"picked":"theSleuth:CandyCornVampire","floor":16},{"not_picked":["theSleuth:FlaskOfWhiskey+1","theSleuth:TruffleShuffle"],"picked":"theSleuth:Leer","floor":18},{"not_picked":["theSleuth:DiamondArmor","theSleuth:Ogle+1"],"picked":"theSleuth:Pepperminthryl","floor":21},{"not_picked":["theSleuth:Frijolaegis","theSleuth:OpportunityCost"],"picked":"theSleuth:Pepperminthryl+1","floor":28},{"not_picked":["theSleuth:FoolPlate","theSleuth:RollBoxcars","theSleuth:ClubClubClub+1"],"picked":"SKIP","floor":30},{"not_picked":["theSleuth:TootsieRollFrankenstein","theSleuth:Supermassive"],"picked":"theSleuth:Diabeatdown","floor":33},{"not_picked":["theSleuth:BellyOTheWhale+1","theSleuth:Appropriate","theSleuth:Fortify"],"picked":"SKIP","floor":35},{"not_picked":["theSleuth:Pepperminthryl+1","theSleuth:Treaty"],"picked":"theSleuth:WizardSudoku+1","floor":37}],"player_experience":26303,"relics_obtained":[{"floor":2,"key":"Mercury Hourglass"},{"floor":7,"key":"infinitespire:CursedDice"},{"floor":9,"key":"Regal Pillow"},{"floor":11,"key":"infinitespire:BottledMercury"},{"floor":21,"key":"Red Mask"},{"floor":26,"key":"infinitespire:Broken Mirror"}],"event_choices":[{"damage_healed":0,"gold_gain":0,"player_choice":"Argue","damage_taken":0,"max_hp_gain":0,"max_hp_loss":0,"event_name":"conspire:LoneGhost","floor":3,"gold_loss":0},{"damage_healed":0,"gold_gain":0,"player_choice":"Donut","damage_taken":0,"max_hp_gain":5,"max_hp_loss":0,"event_name":"Big Fish","floor":4,"gold_loss":0},{"damage_healed":0,"gold_gain":0,"player_choice":"Invest 4","damage_taken":0,"max_hp_gain":0,"max_hp_loss":0,"event_name":"conspire:Investor","floor":12,"gold_loss":0},{"damage_healed":0,"gold_gain":0,"player_choice":"Fought Bandits","damage_taken":0,"max_hp_gain":0,"max_hp_loss":0,"event_name":"Masked Bandits","floor":21,"gold_loss":0},{"damage_healed":26,"gold_gain":0,"player_choice":"Heal","damage_taken":0,"max_hp_gain":0,"max_hp_loss":0,"event_name":"The Library","floor":22,"gold_loss":0},{"damage_healed":0,"gold_gain":0,"player_choice":"Obtained Relic","damage_taken":0,"relics_obtained":["Pantograph"],"max_hp_gain":0,"max_hp_loss":0,"event_name":"Addict","floor":24,"gold_loss":85},{"cards_removed":["conspire:SpireCoStock"],"damage_healed":0,"gold_gain":0,"player_choice":"Removed Skill","damage_taken":0,"max_hp_gain":0,"max_hp_loss":0,"event_name":"Falling","floor":39,"gold_loss":0}],"is_beta":false,"boss_relics":[{"not_picked":["Honey Jar","Tiny House"],"picked":"Philosopher\u0027s Stone"},{"not_picked":["theForsaken:PaleLantern","Replay:Bronze Core"],"picked":"Black Star"}],"items_purged_floors":[31],"is_endless":false,"potions_floor_spawned":[7,13,14,16,28,37],"killed_by":"Giant Head","ascension_level":0}}