{"host":"k7501u5lfwl9v0b7","time":1608823722,"event":{"mods":["AchievementEnabler","BaseMod","Block Reminder","Colored Map","Colored Powertips","Minty Spire (QoL Compilation)","Permanent Neow","StSLib"],"gold_per_floor":[110,35,35,48,68,68,106,125,125,25,25,25,58,78,78,78,78],"floor_reached":16,"playtime":659,"items_purged":["Writhe","Strike_R"],"score":193,"play_id":"99eb901f-3acc-400b-9069-d3be067e6d17","local_time":"20201224162842","is_ascension_mode":true,"campfire_choices":[{"data":"Bash","floor":6.0,"key":"SMITH"},{"data":"Wild Strike","floor":12.0,"key":"SMITH"},{"data":"Carnage","floor":15,"key":"SMITH"}],"circlet_count":0,"master_deck":["AscendersBane","Strike_R+1","Strike_R","Strike_R","Defend_R","Defend_R","Defend_R","Defend_R","Bash+1","Reaper+1","Power Through","Wild Strike+1","Twin Strike","Evolve","Shrug It Off","Carnage+1"],"relics":["Burning Blood","Golden Idol","Whetstone","Lantern","The Courier"],"acts_visited":["Exordium"],"potions_floor_usage":[16],"damage_taken":[{"damage":2.0,"enemies":"2 Louse","floor":1.0,"turns":4.0},{"damage":2.0,"enemies":"Jaw Worm","floor":4.0,"turns":6.0},{"damage":8.0,"enemies":"Small Slimes","floor":5.0,"turns":3.0},{"damage":35.0,"enemies":"Lagavulin","floor":7.0,"turns":4.0},{"damage":6.0,"enemies":"Exordium Wildlife","floor":8.0,"turns":3.0},{"damage":10.0,"enemies":"3 Sentries","floor":13.0,"turns":8.0},{"damage":13,"enemies":"Red Slaver","floor":14,"turns":4},{"damage":66,"enemies":"Hexaghost","floor":16,"turns":12}],"seed_played":"5711696959192767416","potions_obtained":[{"floor":1.0,"key":"SpeedPotion"},{"floor":4.0,"key":"Strength Potion"},{"floor":5.0,"key":"AttackPotion"},{"floor":14,"key":"SteroidPotion"}],"is_trial":false,"path_per_floor":["M","$","?","M","M","R","E","M","T","$","?","R","E","M","R","B"],"character_chosen":"IRONCLAD","items_purchased":[],"campfire_rested":0,"item_purchase_floors":[],"current_hp_per_floor":[75,75,49,53,57,57,37,47,47,47,40,40,51,49,49,0,0],"gold":78,"neow_bonus":"THREE_RARE_CARDS","is_daily":false,"chose_seed":false,"campfire_upgraded":3,"win_rate":0.0,"timestamp":1608823722,"path_taken":["M","$","?","M","M","R","E","M","T","$","?","R","E","M","R","BOSS"],"items_purchased_type":[],"build_version":"2020-12-22","purchased_purges":2,"victory":false,"max_hp_per_floor":[75,75,75,75,75,75,75,75,75,75,75,75,75,75,75,75,75],"card_choices":[{"not_picked":["Double Tap","Limit Break"],"picked":"Reaper","floor":0.0},{"not_picked":["Entrench","Burning Pact"],"picked":"Power Through","floor":1.0},{"not_picked":["Anger","Perfected Strike"],"picked":"Wild Strike","floor":4.0},{"not_picked":["Rage","True Grit"],"picked":"Twin Strike","floor":5.0},{"not_picked":["Reckless Charge","Berserk"],"picked":"Evolve","floor":7.0},{"not_picked":["Thunderclap","Armaments","Evolve"],"picked":"SKIP","floor":8.0},{"not_picked":["Heavy Blade","Armaments"],"picked":"Shrug It Off","floor":13.0},{"not_picked":["Perfected Strike","Sentinel"],"picked":"Carnage","floor":14}],"player_experience":622533,"relics_obtained":[{"floor":7.0,"key":"Whetstone"},{"floor":9.0,"key":"Lantern"},{"floor":13.0,"key":"The Courier"}],"event_choices":[{"damage_healed":0.0,"max_hp_gain":0.0,"max_hp_loss":0.0,"gold_gain":0.0,"event_name":"Golden Idol","player_choice":"Take Damage","floor":3.0,"gold_loss":0.0,"damage_taken":26.0,"relics_obtained":["Golden Idol"]},{"cards_removed":["Strike_R"],"damage_healed":0.0,"max_hp_gain":0.0,"max_hp_loss":0.0,"gold_gain":0.0,"event_name":"Golden Wing","player_choice":"Card Removal","floor":11.0,"gold_loss":0.0,"damage_taken":7.0}],"is_beta":false,"boss_relics":[],"items_purged_floors":[2,10],"is_endless":false,"potions_floor_spawned":[1,4,5,14],"killed_by":"Hexaghost","ascension_level":15}}