{"host":"foq4mrde4mssg7vt","time":1608827371,"event":{"mods":["AchievementEnabler","BaseMod","Colored Map","Colored Powertips","Highlight Path","Minty Spire (QoL Compilation)","Relic Stats","everything is the same but u backflip on backflip"],"gold_per_floor":[118,129,2,17,33,63,63,80,104,51,71,71,89,116,116,188,188,203,222,92,105,124,124,150,168,220,17,17,17,17,55,55,143,143,157,176,210,210,223,223,255,275,301,310,339,357,382,53,53,53,53,53,3,31,31,31],"floor_reached":55,"playtime":4114,"items_purged":["Pain","Strike_P","Writhe","Strike_P+1"],"score":1323,"play_id":"6cffc3c5-6a19-4f51-98ce-078b6a4dad3c","local_time":"20201225002931","is_ascension_mode":true,"campfire_choices":[{"floor":12.0,"key":"REST"},{"floor":15.0,"key":"REST"},{"floor":23.0,"key":"REST"},{"floor":30.0,"key":"REST"},{"floor":32.0,"key":"RECALL"},{"data":"Defend_P+1","floor":40.0,"key":"PURGE"},{"floor":49.0,"key":"REST"},{"data":"Strike_P+1","floor":52.0,"key":"PURGE"}],"circlet_count":0,"master_deck":["AscendersBane","Strike_P+1","Defend_P+1","Defend_P+1","Defend_P+1","Eruption","Vigilance","SashWhip","FlurryOfBlows+1","CutThroughFate","Wireheading","EmptyFist+1","Crescendo","Meditate+1","Protect","DeceiveReality","Perseverance","Tantrum","Scrawl","EmptyBody","Conclude","Adaptation","Vault+1","SpiritShield+1","Blasphemy","FollowUp+1","Halt","LessonLearned","MentalFortress","FearNoEvil"],"relics":["PureWater","CaptainsWheel","WarpedTongs","Akabeko","Smiling Mask","Fusion Hammer","CeramicFish","MealTicket","Bottled Tornado","Runic Pyramid","Peace Pipe","Gambling Chip","Orichalcum","Whetstone","Toy Ornithopter"],"acts_visited":["Exordium","TheCity","TheBeyond","TheEnding"],"potions_floor_usage":[55,55],"damage_taken":[{"damage":0.0,"enemies":"Cultist","floor":1.0,"turns":3.0},{"damage":0.0,"enemies":"Small Slimes","floor":2.0,"turns":3.0},{"damage":2.0,"enemies":"Jaw Worm","floor":4.0,"turns":3.0},{"damage":9.0,"enemies":"2 Fungi Beasts","floor":5.0,"turns":3.0},{"damage":37.0,"enemies":"Lagavulin","floor":6.0,"turns":9.0},{"damage":11.0,"enemies":"Looter","floor":8.0,"turns":2.0},{"damage":3.0,"enemies":"Large Slime","floor":11.0,"turns":2.0},{"damage":17.0,"enemies":"Exordium Wildlife","floor":13.0,"turns":6.0},{"damage":24.0,"enemies":"Gremlin Nob","floor":14.0,"turns":3.0},{"damage":16.0,"enemies":"Hexaghost","floor":16.0,"turns":10.0},{"damage":12.0,"enemies":"2 Thieves","floor":18.0,"turns":4.0},{"damage":5.0,"enemies":"Shell Parasite","floor":19.0,"turns":4.0},{"damage":3.0,"enemies":"Centurion and Healer","floor":21.0,"turns":3.0},{"damage":0.0,"enemies":"Snecko","floor":22.0,"turns":6.0},{"damage":0.0,"enemies":"Gremlin Leader","floor":24.0,"turns":4.0},{"damage":5.0,"enemies":"Sentry and Sphere","floor":25.0,"turns":4.0},{"damage":9.0,"enemies":"Slavers","floor":31.0,"turns":6.0},{"damage":59.0,"enemies":"Automaton","floor":33.0,"turns":13.0},{"damage":11.0,"enemies":"Orb Walker","floor":35.0,"turns":3.0},{"damage":3.0,"enemies":"3 Darklings","floor":36.0,"turns":6.0},{"damage":4.0,"enemies":"Mind Bloom Boss Battle","floor":37.0,"turns":10.0},{"damage":0.0,"enemies":"Sphere and 2 Shapes","floor":39.0,"turns":4.0},{"damage":30.0,"enemies":"Nemesis","floor":41.0,"turns":8.0},{"damage":1.0,"enemies":"Maw","floor":42.0,"turns":9.0},{"damage":19.0,"enemies":"Writhing Mass","floor":45.0,"turns":4.0},{"damage":0.0,"enemies":"Spire Growth","floor":46.0,"turns":3.0},{"damage":35.0,"enemies":"Reptomancer","floor":47.0,"turns":9.0},{"damage":35.0,"enemies":"Awakened One","floor":50.0,"turns":17.0},{"damage":16.0,"enemies":"Shield and Spear","floor":54.0,"turns":13.0},{"damage":68,"enemies":"The Heart","floor":55,"turns":10}],"seed_played":"4638019086334117174","potions_obtained":[{"floor":4.0,"key":"ColorlessPotion"},{"floor":5.0,"key":"LiquidMemories"},{"floor":8.0,"key":"Ancient Potion"},{"floor":11.0,"key":"Regen Potion"},{"floor":16.0,"key":"FairyPotion"},{"floor":19.0,"key":"FearPotion"},{"floor":24.0,"key":"StancePotion"},{"floor":36.0,"key":"SpeedPotion"},{"floor":45.0,"key":"Ancient Potion"},{"floor":47.0,"key":"Ancient Potion"}],"is_trial":false,"path_per_floor":["M","M","$","M","M","E","?","M","T","$","M","R","M","E","R","B",null,"M","M","$","M","M","R","E","M","T","$","?","?","R","E","R","B",null,"M","M","?","?","M","R","E","M","T","?","M","M","E","$","R","B",null,"R","$","E","B"],"character_chosen":"WATCHER","items_purchased":["CutThroughFate","Wireheading","Protect","Adaptation","Vault","MentalFortress","FearNoEvil","Whetstone"],"campfire_rested":5,"item_purchase_floors":[3,3,10,20,27,48,48,48],"current_hp_per_floor":[67,67,67,65,56,19,19,8,8,8,5,27,25,1,23,7,57,45,40,40,37,37,59,59,54,54,69,69,69,74,65,65,6,57,46,43,39,39,39,39,9,8,8,23,4,4,5,20,42,7,57,57,72,56,0,0],"gold":31,"neow_bonus":"TEN_PERCENT_HP_BONUS","is_daily":false,"chose_seed":false,"campfire_upgraded":0,"win_rate":0.0,"timestamp":1608827371,"path_taken":["M","M","$","M","M","E","?","M","T","$","M","R","M","E","R","BOSS","M","M","$","?","M","R","E","?","T","$","?","?","R","E","R","BOSS","M","M","?","?","M","R","E","M","T","?","M","M","E","$","R","BOSS","R","$","E","BOSS"],"items_purchased_type":["Card","Card","Card","Card","Card","Card","Card","Relic"],"build_version":"2020-12-22","purchased_purges":4,"victory":false,"max_hp_per_floor":[74,74,74,74,74,74,74,74,74,74,74,74,74,74,74,74,74,74,74,74,74,74,74,74,74,74,74,74,74,74,74,74,74,74,74,74,74,74,74,74,74,74,74,74,74,74,74,74,74,74,74,74,74,74,74,74],"relic_stats":{"Peace Pipe":2,"counters":[30,184],"CeramicFish":81,"Gambling Chip":[21],"MealTicket":45,"Whetstone":["FollowUp","FlurryOfBlows"],"Orichalcum":[6],"Smiling Mask":250,"obtain_stats":[{"CeramicFish":24,"Whetstone":48,"Bottled Tornado":31,"Orichalcum":47,"Smiling Mask":14,"Akabeko":9,"WarpedTongs":7,"Peace Pipe":37,"CaptainsWheel":6,"Gambling Chip":41,"MealTicket":26,"Fusion Hammer":17,"PureWater":0,"Toy Ornithopter":54,"Runic Pyramid":34},{"CeramicFish":15,"Whetstone":27,"Bottled Tornado":17,"Orichalcum":27,"Smiling Mask":9,"Akabeko":6,"WarpedTongs":5,"Peace Pipe":21,"CaptainsWheel":5,"Gambling Chip":23,"MealTicket":16,"Fusion Hammer":10,"PureWater":0,"Toy Ornithopter":29,"Runic Pyramid":18},{"CeramicFish":65,"Whetstone":144,"Bottled Tornado":75,"Orichalcum":144,"Smiling Mask":34,"Akabeko":23,"WarpedTongs":21,"Peace Pipe":107,"CaptainsWheel":21,"Gambling Chip":119,"MealTicket":69,"Fusion Hammer":44,"PureWater":0,"Toy Ornithopter":174,"Runic Pyramid":88}],"Toy Ornithopter":10,"WarpedTongs":[161]},"card_choices":[{"not_picked":["Consecrate","FlyingSleeves"],"picked":"SashWhip","floor":1.0},{"not_picked":["Consecrate","ConjureBlade"],"picked":"FlurryOfBlows","floor":2.0},{"not_picked":["FlurryOfBlows","Conclude"],"picked":"EmptyFist","floor":4.0},{"not_picked":["WaveOfTheHand","Indignation"],"picked":"Crescendo","floor":5.0},{"not_picked":["ThirdEye","WaveOfTheHand"],"picked":"Meditate","floor":6.0},{"not_picked":["ReachHeaven","SashWhip","Wireheading"],"picked":"SKIP","floor":8.0},{"not_picked":["SashWhip","Prostrate"],"picked":"DeceiveReality","floor":11.0},{"not_picked":["PathToVictory","FollowUp"],"picked":"Perseverance","floor":13.0},{"not_picked":["FollowUp","BowlingBash"],"picked":"Tantrum","floor":14.0},{"not_picked":["Devotion","MasterReality"],"picked":"Scrawl","floor":16.0},{"not_picked":["Evaluate","JustLucky"],"picked":"EmptyBody","floor":18.0},{"not_picked":["SashWhip","FlurryOfBlows"],"picked":"Conclude","floor":19.0},{"not_picked":["Worship","JustLucky","FollowUp"],"picked":"SKIP","floor":21.0},{"not_picked":["Consecrate","JustLucky","EmptyFist"],"picked":"SKIP","floor":22.0},{"not_picked":["WaveOfTheHand+1","FlurryOfBlows","Meditate"],"picked":"SKIP","floor":24.0},{"not_picked":["FollowUp","ClearTheMind","Halt"],"picked":"SKIP","floor":25.0},{"not_picked":["Vault","EmptyBody"],"picked":"SpiritShield","floor":31.0},{"not_picked":["SpiritShield","Devotion"],"picked":"Blasphemy","floor":33.0},{"not_picked":["Evaluate+1","CrushJoints+1","Conclude"],"picked":"SKIP","floor":35.0},{"not_picked":["SandsOfTime","WheelKick"],"picked":"FollowUp","floor":36.0},{"not_picked":["Evaluate","JustLucky"],"picked":"Halt","floor":37.0},{"not_picked":["Evaluate","ThirdEye","EmptyFist"],"picked":"SKIP","floor":39.0},{"not_picked":["Collect","Perseverance","SignatureMove"],"picked":"SKIP","floor":41.0},{"not_picked":["WindmillStrike","ThirdEye+1","BowlingBash"],"picked":"SKIP","floor":42.0},{"not_picked":["WreathOfFlame+1","FearNoEvil"],"picked":"LessonLearned","floor":45.0},{"not_picked":["EmptyBody+1","Fasting2","Tantrum+1"],"picked":"SKIP","floor":46.0},{"not_picked":["SandsOfTime+1","Halt","SashWhip"],"picked":"SKIP","floor":47.0},{"not_picked":["FlyingSleeves+1","EmptyFist+1","Prostrate+1"],"picked":"SKIP","floor":54.0}],"player_experience":243282,"relics_obtained":[{"floor":6.0,"key":"CaptainsWheel"},{"floor":9.0,"key":"Akabeko"},{"floor":14.0,"key":"Smiling Mask"},{"floor":24.0,"key":"CeramicFish"},{"floor":26.0,"key":"MealTicket"},{"floor":31.0,"key":"Bottled Tornado"},{"floor":37.0,"key":"Peace Pipe"},{"floor":41.0,"key":"Gambling Chip"},{"floor":47.0,"key":"Orichalcum"},{"floor":54.0,"key":"Toy Ornithopter"}],"event_choices":[{"damage_healed":0.0,"max_hp_gain":0.0,"max_hp_loss":0.0,"gold_gain":0.0,"event_name":"Accursed Blacksmith","player_choice":"Rummage","floor":7.0,"gold_loss":0.0,"damage_taken":0.0,"relics_obtained":["WarpedTongs"],"cards_obtained":["Pain"]},{"damage_healed":0.0,"max_hp_gain":0.0,"max_hp_loss":0.0,"gold_gain":0.0,"event_name":"Back to Basics","player_choice":"Simplicity","floor":29.0,"gold_loss":0.0,"damage_taken":0.0,"cards_upgraded":["Strike_P","Strike_P","Strike_P","Defend_P","Defend_P","Defend_P","Defend_P"]},{"damage_healed":0.0,"max_hp_gain":0.0,"max_hp_loss":0.0,"gold_gain":0.0,"event_name":"MindBloom","player_choice":"Fight","floor":37.0,"gold_loss":0.0,"damage_taken":0.0},{"damage_healed":0.0,"max_hp_gain":0.0,"max_hp_loss":0.0,"gold_gain":0.0,"event_name":"Tomb of Lord Red Mask","player_choice":"Ignored","floor":38.0,"gold_loss":0.0,"damage_taken":0.0},{"damage_healed":15.0,"max_hp_gain":0.0,"max_hp_loss":0.0,"gold_gain":0.0,"event_name":"Winding Halls","player_choice":"Writhe","floor":44.0,"gold_loss":0.0,"damage_taken":0.0,"cards_obtained":["Writhe"]}],"is_beta":false,"boss_relics":[{"not_picked":["Snecko Eye","Tiny House"],"picked":"Fusion Hammer"},{"not_picked":["SlaversCollar","VioletLotus"],"picked":"Runic Pyramid"}],"items_purged_floors":[20,27,48,53],"is_endless":false,"potions_floor_spawned":[4,5,8,11,16,19,24,36,37,45,47,54],"killed_by":"The Heart","ascension_level":15}}