{"host":"xko5sdb82mf02c09","time":1608843047,"event":{"mods":["AchievementEnabler","BaseMod","Colored Map","Minty Spire (QoL Compilation)","StSLib","everything is the same but u backflip on backflip"],"gold_per_floor":[116,126,142,155,155,155,188,206,206,222,397,397,2,2,2,102,102,114,124,141,152,170,170,196,213,237,247,264,364,378,10,10,105,105,120,137,157,32,46,46,59,59,85,10,10,10,0,29,29,29],"floor_reached":51,"playtime":2786,"items_purged":["Doubt","Meteor Strike","Reinforced Body+1"],"score":785,"play_id":"9893b303-601c-4cdc-8a5f-442bfcf495c0","local_time":"20201225055047","is_ascension_mode":true,"campfire_choices":[{"data":"Zap","floor":6.0,"key":"SMITH"},{"data":"Dualcast","floor":12.0,"key":"SMITH"},{"floor":15.0,"key":"REST"},{"data":"Seek","floor":23.0,"key":"SMITH"},{"data":"Chrysalis","floor":32,"key":"SMITH"},{"data":"Fission","floor":40,"key":"SMITH"},{"data":"Recycle","floor":42,"key":"SMITH"},{"data":"Aggregate","floor":46,"key":"SMITH"},{"data":"Secret Technique","floor":49,"key":"SMITH"}],"circlet_count":0,"master_deck":["Zap+1","Dualcast+1","All For One","Auto Shields","Sweeping Beam","Gash","Steam","Steam","Secret Technique+1","Self Repair","Blind","Seek+1","Electrodynamics","Stack","Multi-Cast","Echo Form","Rip and Tear","Fission","White Noise","Steam","BootSequence","Recycle+1","Aggregate+1","Beam Cell","BootSequence+1","Double Energy+1","Turbo","Chrysalis+1","Fission+1","Beam Cell","Steam","Gash","Defragment+1","Jack Of All Trades","Go for the Eyes+1"],"relics":["FrozenCore","Centennial Puzzle","Question Card","Pocketwatch","FaceOfCleric","Pandora\u0027s Box","Unceasing Top","Akabeko","CeramicFish","Red Mask"],"acts_visited":["Exordium","TheCity","TheBeyond"],"potions_floor_usage":[27,33,33,33,39,50,50],"damage_taken":[{"damage":0.0,"enemies":"2 Louse","floor":1.0,"turns":2.0},{"damage":3.0,"enemies":"Jaw Worm","floor":2.0,"turns":3.0},{"damage":1.0,"enemies":"Cultist","floor":3.0,"turns":3.0},{"damage":8.0,"enemies":"Blue Slaver","floor":4.0,"turns":3.0},{"damage":44.0,"enemies":"Lagavulin","floor":7.0,"turns":6.0},{"damage":5.0,"enemies":"Gremlin Gang","floor":8.0,"turns":3.0},{"damage":10.0,"enemies":"Lots of Slimes","floor":10.0,"turns":2.0},{"damage":19.0,"enemies":"Hexaghost","floor":16.0,"turns":13.0},{"damage":30.0,"enemies":"2 Thieves","floor":18.0,"turns":4.0},{"damage":0.0,"enemies":"3 Byrds","floor":19.0,"turns":2.0},{"damage":22.0,"enemies":"Centurion and Healer","floor":20.0,"turns":4.0},{"damage":7.0,"enemies":"3 Cultists","floor":21.0,"turns":3.0},{"damage":0.0,"enemies":"Cultist and Chosen","floor":22.0,"turns":3.0},{"damage":38.0,"enemies":"Book of Stabbing","floor":24.0,"turns":7.0},{"damage":4,"enemies":"Snake Plant","floor":25,"turns":5},{"damage":0,"enemies":"Centurion and Healer","floor":27,"turns":4},{"damage":2,"enemies":"Chosen and Byrds","floor":28,"turns":6},{"damage":0,"enemies":"Cultist and Chosen","floor":30,"turns":3},{"damage":31,"enemies":"Champ","floor":33,"turns":9},{"damage":7,"enemies":"3 Darklings","floor":35,"turns":5},{"damage":0,"enemies":"3 Shapes","floor":36,"turns":2},{"damage":0,"enemies":"Jaw Worm Horde","floor":37,"turns":6},{"damage":0,"enemies":"Spire Growth","floor":39,"turns":5},{"damage":0,"enemies":"3 Darklings","floor":41,"turns":2},{"damage":0,"enemies":"Sphere and 2 Shapes","floor":48,"turns":1},{"damage":64,"enemies":"Time Eater","floor":50,"turns":11}],"seed_played":"1140902836449301139","potions_obtained":[{"floor":1.0,"key":"Regen Potion"},{"floor":10.0,"key":"EntropicBrew"},{"floor":16.0,"key":"Fire Potion"},{"floor":19.0,"key":"SpeedPotion"},{"floor":24.0,"key":"SneckoOil"},{"floor":28,"key":"Fire Potion"},{"floor":30,"key":"PowerPotion"},{"floor":33,"key":"Fruit Juice"},{"floor":35,"key":"Energy Potion"},{"floor":39,"key":"FearPotion"}],"is_trial":false,"path_per_floor":["M","M","M","M","?","R","E","M","T","M","?","R","$","?","R","B",null,"M","M","M","M","M","R","E","M","T","M","M","?","M","$","R","B",null,"M","M","M","$","M","R","M","R","T","$","?","R","?","M","R","B",null],"character_chosen":"DEFECT","items_purchased":["Secret Technique","Self Repair","Blind","FTL","Chrysalis","Jack Of All Trades"],"campfire_rested":1,"item_purchase_floors":[13,13,13,31,31,44],"current_hp_per_floor":[75,72,71,63,60,60,31,26,26,16,16,16,16,16,38,27,76,54,55,41,42,43,43,13,17,17,18,31,31,39,39,39,21,92,93,94,95,95,96,96,97,97,97,97,97,97,97,98,98,42],"gold":29,"neow_bonus":"ONE_RANDOM_RARE_CARD","is_daily":false,"chose_seed":false,"campfire_upgraded":8,"win_rate":0.0,"timestamp":1608843047,"path_taken":["M","M","M","M","?","R","E","M","T","M","?","R","$","?","R","BOSS","M","?","M","M","M","R","E","M","T","M","M","?","M","$","R","BOSS","M","?","M","?","M","R","?","R","T","$","?","R","?","M","R","BOSS"],"items_purchased_type":["Card","Card","Card","Card","Card","Card"],"build_version":"2020-12-22","purchased_purges":3,"victory":true,"max_hp_per_floor":[75,75,75,75,75,75,75,75,75,75,75,75,75,75,75,76,76,77,78,79,80,81,81,82,83,83,84,85,85,86,86,86,92,92,93,94,95,95,96,96,97,97,97,97,97,97,97,98,98,99],"card_choices":[{"not_picked":["Force Field","Streamline","Compile Driver"],"picked":"SKIP","floor":1.0},{"not_picked":["Stack","Redo","Consume"],"picked":"SKIP","floor":2.0},{"not_picked":["Recycle","Ball Lightning"],"picked":"Auto Shields","floor":3.0},{"not_picked":["BootSequence","Thunder Strike"],"picked":"Sweeping Beam","floor":4.0},{"not_picked":["Hello World","Hologram"],"picked":"Gash","floor":7.0},{"not_picked":["Leap","Aggregate","Redo"],"picked":"Steam","floor":8.0},{"not_picked":["BootSequence","Conserve Battery","Sweeping Beam"],"picked":"Steam","floor":10.0},{"not_picked":["Rainbow","All For One","Echo Form"],"picked":"Seek","floor":16.0},{"not_picked":["Doom and Gloom","Stack","Auto Shields+1"],"picked":"Steam","floor":18.0},{"not_picked":["Rebound","Hologram","Redo"],"picked":"BootSequence","floor":19.0},{"not_picked":["Coolheaded","Rip and Tear","Barrage+1"],"picked":"Recycle","floor":20.0},{"not_picked":["Tempest","Sweeping Beam","Compile Driver+1","Consume+1"],"picked":"SKIP","floor":21.0},{"not_picked":["Recycle","Compile Driver","Thunder Strike"],"picked":"Aggregate","floor":22.0},{"not_picked":["Static Discharge","Barrage","Redo"],"picked":"Reinforced Body+1","floor":24.0},{"not_picked":["Redo","Go for the Eyes","Leap+1"],"picked":"Beam Cell","floor":25},{"not_picked":["Redo","Rebound","Chill"],"picked":"BootSequence+1","floor":27},{"not_picked":["Glacier","Ball Lightning","Darkness"],"picked":"Double Energy+1","floor":28},{"not_picked":["Redo+1","Rip and Tear","Coolheaded"],"picked":"Turbo","floor":30},{"not_picked":["Rainbow","Biased Cognition","Electrodynamics"],"picked":"Fission","floor":33},{"not_picked":["Compile Driver","Undo","Doom and Gloom+1"],"picked":"Beam Cell","floor":35},{"not_picked":["Reinforced Body","Hyperbeam","Stack+1"],"picked":"Steam","floor":36},{"not_picked":["Tempest+1","Undo+1","Barrage+1","Reprogram+1"],"picked":"SKIP","floor":37},{"not_picked":["Go for the Eyes","Ball Lightning","Chill"],"picked":"Gash","floor":39},{"not_picked":["Barrage+1","Consume","Redo+1"],"picked":"Defragment+1","floor":41},{"not_picked":["Force Field","Conserve Battery","Ball Lightning"],"picked":"Go for the Eyes+1","floor":48}],"player_experience":465693,"relics_obtained":[{"floor":7.0,"key":"Question Card"},{"floor":9.0,"key":"Pocketwatch"},{"floor":24.0,"key":"Unceasing Top"},{"floor":26,"key":"Akabeko"},{"floor":43,"key":"CeramicFish"}],"event_choices":[{"damage_healed":0.0,"max_hp_gain":0.0,"max_hp_loss":0.0,"gold_gain":0.0,"event_name":"Scrap Ooze","player_choice":"Success","floor":5.0,"gold_loss":0.0,"damage_taken":3.0,"relics_obtained":["Centennial Puzzle"]},{"damage_healed":0.0,"max_hp_gain":0.0,"max_hp_loss":0.0,"gold_gain":175.0,"event_name":"Liars Game","player_choice":"AGREE","floor":11.0,"gold_loss":0.0,"damage_taken":0.0,"cards_obtained":["Doubt"]},{"damage_healed":0.0,"max_hp_gain":0.0,"max_hp_loss":0.0,"gold_gain":0.0,"event_name":"FaceTrader","player_choice":"Trade","floor":14.0,"gold_loss":0.0,"damage_taken":0.0,"relics_obtained":["FaceOfCleric"]},{"damage_healed":0,"gold_gain":100,"player_choice":"Pray","damage_taken":0,"max_hp_gain":0,"max_hp_loss":0,"event_name":"Golden Shrine","floor":29,"gold_loss":0},{"cards_removed":["FTL"],"damage_healed":0,"gold_gain":0,"player_choice":"Removed Attack","damage_taken":0,"max_hp_gain":0,"max_hp_loss":0,"event_name":"Falling","floor":45,"gold_loss":0},{"damage_healed":0,"gold_gain":0,"player_choice":"Paid","damage_taken":0,"relics_obtained":["Red Mask"],"max_hp_gain":0,"max_hp_loss":0,"event_name":"Tomb of Lord Red Mask","floor":47,"gold_loss":10}],"is_beta":false,"boss_relics":[{"not_picked":["SacredBark","Runic Pyramid"],"picked":"Pandora\u0027s Box"},{"not_picked":["Black Star","SlaversCollar"],"picked":"FrozenCore"}],"items_purged_floors":[13,31,38],"is_endless":false,"potions_floor_spawned":[1,10,16,19,24,28,30,33,35,39],"ascension_level":1}}