{"host":"x4x6fw95e6eqd4n0","time":1608814513,"event":{"mods":["AchievementEnabler","BaseMod","Colored Map","Colored Powertips","DeckTracker","Minty Spire (QoL Compilation)","Shop Mod"],"gold_per_floor":[117,136,155,168,179,179,205,205,230,230,230,230,285,303,303,399,399,414,431,431,130,148,148,177,197,247,247,265,265,283,233,233,338,338,357,357,25,45,60,93,110,110,133,133,133,167,167,185,185,185,185],"floor_reached":50,"playtime":2244,"items_purged":["Writhe"],"score":624,"play_id":"2e05acda-f2b0-4234-b634-9c8e5e13589a","local_time":"20201224145513","is_ascension_mode":false,"campfire_choices":[{"data":"DeusExMachina","floor":6,"key":"SMITH"},{"floor":8,"key":"REST"},{"data":"Eruption","floor":10,"key":"SMITH"},{"floor":15,"key":"REST"},{"data":"Ragnarok","floor":23,"key":"SMITH"},{"data":"DevaForm","floor":27,"key":"SMITH"},{"floor":29,"key":"REST"},{"floor":32,"key":"REST"},{"floor":42,"key":"REST"},{"floor":49,"key":"RECALL"}],"circlet_count":0,"master_deck":["Strike_P","Strike_P","Strike_P","Strike_P","Defend_P","Defend_P","Defend_P","Eruption+1","Vigilance","Crescendo","FlyingSleeves","ReachHeaven+1","SandsOfTime","DeusExMachina+1","Swivel","TalkToTheHand","SandsOfTime","Ragnarok+1","MentalFortress","FlurryOfBlows+1","DeusExMachina+1","BattleHymn+1","DevaForm+1","SandsOfTime","Worship","ThirdEye","Devotion","CrushJoints+1","Decay","Violence","MentalFortress","FlurryOfBlows+1","SignatureMove+1","WreathOfFlame+1","Establishment","Injury","Violence","Evaluate+1","FlyingSleeves+1"],"relics":["PureWater","Calipers","InkBottle","Art of War","Orichalcum","Bag of Marbles","Cursed Key","StoneCalendar","Incense Burner","Pen Nib","SlaversCollar","Bird Faced Urn","Toy Ornithopter","White Beast Statue"],"acts_visited":["Exordium","TheCity","TheBeyond"],"potions_floor_usage":[16,19,19,22,33,48,48,50],"damage_taken":[{"damage":1,"enemies":"Jaw Worm","floor":1,"turns":3},{"damage":0,"enemies":"Small Slimes","floor":2,"turns":2},{"damage":0,"enemies":"2 Louse","floor":3,"turns":2},{"damage":18,"enemies":"Lots of Slimes","floor":4,"turns":3},{"damage":0,"enemies":"Large Slime","floor":5,"turns":3},{"damage":12,"enemies":"Gremlin Nob","floor":7,"turns":3},{"damage":13,"enemies":"3 Sentries","floor":13,"turns":4},{"damage":8,"enemies":"Red Slaver","floor":14,"turns":2},{"damage":0,"enemies":"Slime Boss","floor":16,"turns":4},{"damage":2,"enemies":"Chosen","floor":18,"turns":3},{"damage":1,"enemies":"3 Byrds","floor":19,"turns":4},{"damage":1,"enemies":"Shelled Parasite and Fungi","floor":22,"turns":2},{"damage":23,"enemies":"Book of Stabbing","floor":24,"turns":4},{"damage":0,"enemies":"Centurion and Healer","floor":25,"turns":2},{"damage":29,"enemies":"Snake Plant","floor":28,"turns":3},{"damage":13,"enemies":"Shelled Parasite and Fungi","floor":30,"turns":3},{"damage":19,"enemies":"Champ","floor":33,"turns":6},{"damage":10,"enemies":"Orb Walker","floor":35,"turns":3},{"damage":16,"enemies":"3 Darklings","floor":38,"turns":4},{"damage":17,"enemies":"Jaw Worm Horde","floor":39,"turns":3},{"damage":117,"enemies":"Nemesis","floor":40,"turns":5},{"damage":23,"enemies":"4 Shapes","floor":41,"turns":4},{"damage":18,"enemies":"Giant Head","floor":46,"turns":6},{"damage":29,"enemies":"Writhing Mass","floor":48,"turns":3},{"damage":111,"enemies":"Donu and Deca","floor":50,"turns":4}],"seed_played":"5943631413275986792","potions_obtained":[{"floor":2,"key":"Ambrosia"},{"floor":3,"key":"FairyPotion"},{"floor":14,"key":"PowerPotion"},{"floor":16,"key":"Swift Potion"},{"floor":19,"key":"Swift Potion"},{"floor":28,"key":"FairyPotion"},{"floor":30,"key":"FearPotion"},{"floor":39,"key":"SteroidPotion"},{"floor":40,"key":"SpeedPotion"},{"floor":46,"key":"Ancient Potion"},{"floor":48,"key":"Fire Potion"}],"is_trial":false,"path_per_floor":["M","M","M","M","M","R","E","R","T","R","?","?","?","M","R","B",null,"M","M","?","$","M","R","E","M","T","R","M","R","M","?","R","B",null,"M","T","$","M","M","E","M","R","T","?","?","E","?","M","R","B"],"character_chosen":"WATCHER","items_purchased":["StoneCalendar","Violence","MentalFortress"],"campfire_rested":5,"item_purchase_floors":[21,37,37],"current_hp_per_floor":[50,50,50,32,32,32,20,41,41,41,34,34,21,13,34,34,72,70,69,69,69,68,68,45,45,45,45,16,37,24,24,45,26,72,62,62,62,46,29,21,4,25,25,25,63,45,45,34,34,0,0],"gold":185,"neow_bonus":"ONE_RARE_RELIC","is_daily":false,"chose_seed":false,"campfire_upgraded":4,"win_rate":0.0,"timestamp":1608814513,"path_taken":["M","M","M","M","M","R","E","R","T","R","?","?","?","M","R","BOSS","M","M","?","$","M","R","E","M","T","R","?","R","?","?","R","BOSS","M","?","$","M","M","E","M","R","T","?","?","E","?","M","R","BOSS"],"items_purchased_type":["Relic","Card","Card"],"build_version":"2020-12-13","purchased_purges":1,"victory":false,"max_hp_per_floor":[72,72,72,72,72,72,72,72,72,72,72,72,72,72,72,72,72,72,72,72,72,72,72,72,72,72,72,72,72,72,72,72,72,72,72,72,72,72,72,72,72,72,72,72,63,63,63,63,63,63,63],"card_choices":[{"not_picked":["Evaluate","Protect"],"picked":"Crescendo","floor":1},{"not_picked":["BowlingBash","Consecrate"],"picked":"FlyingSleeves","floor":2},{"not_picked":["PathToVictory","EmptyFist"],"picked":"ReachHeaven","floor":3},{"not_picked":["WaveOfTheHand","Halt"],"picked":"SandsOfTime","floor":4},{"not_picked":["SandsOfTime","FlurryOfBlows"],"picked":"DeusExMachina","floor":5},{"not_picked":["ThirdEye","EmptyFist"],"picked":"Swivel","floor":7},{"not_picked":["EmptyFist","FlyingSleeves"],"picked":"TalkToTheHand","floor":13},{"not_picked":["ClearTheMind","FlurryOfBlows"],"picked":"SandsOfTime","floor":14},{"not_picked":["Establishment","Blasphemy"],"picked":"Ragnarok","floor":16},{"not_picked":["FlyingSleeves+1","EmptyBody"],"picked":"MentalFortress","floor":18},{"not_picked":["CutThroughFate","CrushJoints"],"picked":"FlurryOfBlows+1","floor":19},{"not_picked":["Tantrum","Prostrate"],"picked":"BattleHymn+1","floor":22},{"not_picked":["PathToVictory","MentalFortress"],"picked":"DevaForm","floor":24},{"not_picked":["Consecrate","ThirdEye"],"picked":"SandsOfTime","floor":25},{"not_picked":["WindmillStrike","WheelKick"],"picked":"Worship","floor":28},{"not_picked":["Protect","BowlingBash"],"picked":"ThirdEye","floor":30},{"not_picked":["Alpha","Vault"],"picked":"Devotion","floor":33},{"not_picked":["Halt+1","ThirdEye+1"],"picked":"CrushJoints+1","floor":35},{"not_picked":["Evaluate","Consecrate+1"],"picked":"FlurryOfBlows+1","floor":38},{"not_picked":["ForeignInfluence","Prostrate"],"picked":"SignatureMove+1","floor":39},{"not_picked":["MentalFortress","SandsOfTime+1"],"picked":"WreathOfFlame+1","floor":40},{"not_picked":["FlyingSleeves+1","Vengeance+1"],"picked":"Establishment","floor":41},{"not_picked":["Flash of Steel","PanicButton"],"picked":"Violence","floor":44},{"not_picked":["CrushJoints","PathToVictory"],"picked":"Evaluate+1","floor":46},{"not_picked":["FollowUp","FlurryOfBlows"],"picked":"FlyingSleeves+1","floor":48}],"player_experience":83863,"relics_obtained":[{"floor":7,"key":"InkBottle"},{"floor":9,"key":"Art of War"},{"floor":13,"key":"Bag of Marbles"},{"floor":24,"key":"Incense Burner"},{"floor":26,"key":"Pen Nib"},{"floor":40,"key":"Bird Faced Urn"},{"floor":43,"key":"Toy Ornithopter"},{"floor":46,"key":"White Beast Statue"}],"event_choices":[{"damage_healed":0,"gold_gain":0,"player_choice":"Success","damage_taken":7,"relics_obtained":["Orichalcum"],"max_hp_gain":0,"max_hp_loss":0,"event_name":"Scrap Ooze","floor":11,"gold_loss":0},{"damage_healed":0,"gold_gain":0,"player_choice":"Grow","damage_taken":0,"max_hp_gain":0,"max_hp_loss":0,"event_name":"Living Wall","floor":12,"gold_loss":0,"cards_upgraded":["ReachHeaven"]},{"damage_healed":0,"gold_gain":0,"player_choice":"Searched \u00271\u0027 times","damage_taken":0,"max_hp_gain":0,"max_hp_loss":0,"event_name":"Dead Adventurer","floor":13,"gold_loss":0},{"damage_healed":0,"gold_gain":0,"player_choice":"Copied","damage_taken":0,"max_hp_gain":0,"max_hp_loss":0,"event_name":"Duplicator","floor":20,"gold_loss":0,"cards_obtained":["DeusExMachina"]},{"damage_healed":0,"gold_gain":0,"player_choice":"Bet on Murderer","damage_taken":0,"max_hp_gain":0,"max_hp_loss":0,"event_name":"The Joust","floor":31,"gold_loss":50},{"damage_healed":0,"gold_gain":0,"player_choice":"Memory 1","damage_taken":0,"max_hp_gain":0,"max_hp_loss":0,"event_name":"SensoryStone","floor":44,"gold_loss":0},{"damage_healed":63,"gold_gain":0,"player_choice":"Heal","damage_taken":0,"max_hp_gain":0,"max_hp_loss":9,"event_name":"The Moai Head","floor":45,"gold_loss":0},{"cards_removed":["Defend_P"],"damage_healed":0,"gold_gain":0,"player_choice":"Removed Skill","damage_taken":0,"max_hp_gain":0,"max_hp_loss":0,"event_name":"Falling","floor":47,"gold_loss":0}],"is_beta":false,"boss_relics":[{"not_picked":["Tiny House","Velvet Choker"],"picked":"Cursed Key"},{"not_picked":["Empty Cage","VioletLotus"],"picked":"SlaversCollar"}],"items_purged_floors":[37],"is_endless":false,"potions_floor_spawned":[2,3,14,16,18,19,28,30,39,40,46,48],"killed_by":"Donu and Deca","ascension_level":0}}