{"host":"tjcejm7olouw38z7","time":1608774256,"event":{"mods":["BaseMod","BetterRewards","Colored Powertips","Downfall","GifTheSpireLib","Minty Spire (QoL Compilation)","Shop Mod","StSLib"],"gold_per_floor":[99,116,266,266,277,292,364,374,374,374,393,424,424,424,436,540,590,590,600,600,336,355,355,355,355,129,129,22,35,68,68,81,183,183,108,120,167,167,217,67,67,67,100,117,127,138,149,86,98,98,98,127,37,37,37,37,37],"floor_reached":55,"playtime":4953,"items_purged":["Slimebound:Icky","Guardian:Strike_Guardian","Guardian:Strike_Guardian"],"score":767,"play_id":"b5396706-f612-4624-b3dc-e3d94aa5937b","local_time":"20201223204416","is_ascension_mode":false,"campfire_choices":[{"data":"Guardian:TwinSlam","floor":1,"key":"SMITH"},{"data":"Guardian:TemporalStrike","floor":10,"key":"SMITH"},{"floor":13,"key":"REST"},{"floor":25,"key":"REST"},{"data":"Guardian:FloatingOrbs","floor":27,"key":"SMITH"},{"floor":35,"key":"RECALL"},{"floor":40,"key":"REST"},{"data":"Guardian:RevengeProtocol","floor":42,"key":"SMITH"},{"floor":54,"key":"REST"}],"circlet_count":0,"master_deck":["Guardian:Strike_Guardian","Guardian:Strike_Guardian","Guardian:Defend_Guardian","Guardian:Defend_Guardian","Guardian:Defend_Guardian+1","Guardian:CurlUp","Guardian:TwinSlam+1","Guardian:TemporalStrike+1","Guardian:FloatingOrbs+1","Guardian:TemporalStrike+1","Guardian:DonusPower+1","Guardian:RollAttack+1","Guardian:ChargeCore+1","Guardian:Reroute+1","Guardian:SentryBeam+1","Guardian:BronzeOrb+1","Guardian:SpikerProtocol+1","Guardian:WalkerClaw+1","Guardian:PrismaticBarrier+1","Guardian:Planning","Guardian:VentSteam+1","Guardian:RevengeProtocol+1","Guardian:ChargeCore+1","Guardian:PiercingHide+1","Guardian:DecasProtection+1","Guardian:PolyBeam+1","Guardian:BronzeArmor+1","Guardian:EvasiveProtocol+1","Guardian:EvasiveProtocol+1","Guardian:TimeCapacitor","Guardian:Emergency+1","Guardian:ChargeCore+1","Guardian:BronzeArmor"],"relics":["Guardian:ModeShifter","Nunchaku","Molten Egg 2","Guardian:PickAxe","Tiny House","downfall:RedIOU","MerchantsRug","HornCleat","Letter Opener","Guardian:StasisSlotReductionRelic","downfall:HeartBlessingGreen","StoneCalendar","Pocketwatch","downfall:HeartBlessingBlue","downfall:HeartBlessingRed","Mummified Hand","Strawberry","Strange Spoon","Bag of Marbles"],"acts_visited":["Exordium","TheCity","TheBeyond","TheEnding"],"potions_floor_usage":[12,12,19,33,33,33,55,55],"damage_taken":[{"damage":0,"enemies":"Small Slimes","floor":2,"turns":3},{"damage":0,"enemies":"2 Louse","floor":5,"turns":2},{"damage":7,"enemies":"Jaw Worm","floor":6,"turns":3},{"damage":13,"enemies":"Blue Slaver","floor":8,"turns":4},{"damage":4,"enemies":"Large Slime","floor":11,"turns":5},{"damage":15,"enemies":"Lagavulin","floor":12,"turns":7},{"damage":5,"enemies":"Exordium Thugs","floor":15,"turns":5},{"damage":26,"enemies":"downfall:Ironclad","floor":16,"turns":9},{"damage":2,"enemies":"Chosen","floor":19,"turns":5},{"damage":2,"enemies":"downfall:FleeingMerchant","floor":21,"turns":4},{"damage":6,"enemies":"Spheric Guardian","floor":22,"turns":3},{"damage":0,"enemies":"downfall:FleeingMerchant","floor":26,"turns":4},{"damage":0,"enemies":"downfall:FleeingMerchant","floor":28,"turns":4},{"damage":0,"enemies":"Snecko","floor":29,"turns":4},{"damage":14,"enemies":"Gremlin Leader","floor":30,"turns":7},{"damage":0,"enemies":"3 Cultists","floor":32,"turns":4},{"damage":23,"enemies":"downfall:Silent","floor":33,"turns":5},{"damage":0,"enemies":"3 Shapes","floor":36,"turns":4},{"damage":25,"enemies":"2 Orb Walkers","floor":37,"turns":5},{"damage":12,"enemies":"Mind Bloom Boss Battle","floor":39,"turns":5},{"damage":13,"enemies":"Giant Head","floor":43,"turns":6},{"damage":0,"enemies":"Orb Walker","floor":44,"turns":2},{"damage":0,"enemies":"Sphere and 2 Shapes","floor":45,"turns":4},{"damage":0,"enemies":"Writhing Mass","floor":46,"turns":4},{"damage":0,"enemies":"Transient","floor":47,"turns":5},{"damage":0,"enemies":"downfall:FleeingMerchant","floor":48,"turns":2},{"damage":0,"enemies":"Sphere and 2 Shapes","floor":49,"turns":3},{"damage":0,"enemies":"downfall:Watcher","floor":50,"turns":5},{"damage":29,"enemies":"downfall:CharBossMerchant","floor":52,"turns":7},{"damage":120,"enemies":"downfall:NeowBoss","floor":55,"turns":27}],"seed_played":"-2775549564718636785","potions_obtained":[{"floor":6,"key":"Slimebound:ThreeZeroPotion"},{"floor":8,"key":"Slimebound:ThreeZeroPotion"},{"floor":15,"key":"GamblersBrew"},{"floor":16,"key":"Block Potion"},{"floor":17,"key":"hexamod:EctoCoolerPotion"},{"floor":19,"key":"Fire Potion"},{"floor":29,"key":"champ:CounterPotion"},{"floor":39,"key":"SteroidPotion"},{"floor":43,"key":"LiquidBronze"},{"floor":46,"key":"Guardian:DefensiveModePotion"}],"is_trial":false,"path_per_floor":["R","M","?","?","M","M","T","M","?","R","M","E","R","?","M","B",null,"R","M","?","$","M","?","T","R","$","R","$","M","E","?","M","B",null,"R","M","?","T","?","R","T","R","E","M","M","M","M","$","M","B",null,"E","$","R","B"],"character_chosen":"GUARDIAN","items_purchased":["Guardian:ChargeCore+1","MerchantsRug","Guardian:BronzeOrb+1","Guardian:Gem_Purple","Guardian:WalkerClaw+1","Guardian:Gem_Lightblue","Guardian:Gem_Yellow","Guardian:Gem_Purple","Strange Spoon","Guardian:Gem_Lightblue","Guardian:BronzeArmor"],"campfire_rested":4,"item_purchase_floors":[21,21,26,26,28,28,48,48,48,53,53],"current_hp_per_floor":[80,80,80,73,73,66,66,53,53,53,49,34,58,58,53,27,85,85,83,83,81,75,59,59,86,86,86,86,86,72,72,72,49,90,90,90,65,65,53,93,93,93,87,87,87,87,87,87,87,87,107,78,78,107,0,0,0],"gold":37,"neow_bonus":"REMOVE_CARD","is_daily":false,"chose_seed":false,"campfire_upgraded":4,"win_rate":0.0,"timestamp":1608774256,"path_taken":["R","M","?","?","M","?","T","M","?","R","M","E","R","?","M","BOSS","R","M","?","$","M","?","T","R","?","R","$","M","E","?","M","BOSS","R","M","?","?","?","R","T","R","E","?","M","M","M","$","M","BOSS","E","$","R","BOSS"],"items_purchased_type":["Card","Relic","Card","Card","Card","Card","Card","Card","Relic","Card","Card"],"build_version":"2020-12-22","purchased_purges":3,"victory":false,"max_hp_per_floor":[80,80,80,80,80,80,80,80,80,80,80,80,80,80,80,80,85,85,85,85,85,85,90,90,90,90,90,90,90,90,90,90,90,90,90,90,90,90,90,100,100,100,107,107,107,107,107,107,107,107,107,107,107,107,107,107,107],"card_choices":[{"not_picked":["Guardian:PiercingHide","Guardian:ArmoredProtocol"],"picked":"Guardian:Gem_Lightblue","floor":2},{"not_picked":["Guardian:Orbwalk","Guardian:ShieldCharger"],"picked":"Guardian:Gem_Cyan","floor":5},{"not_picked":["Guardian:PrimingBeam","Guardian:CrystalBeam"],"picked":"Guardian:TemporalStrike","floor":6},{"not_picked":["Guardian:Recover","Guardian:Planning"],"picked":"Guardian:Gem_Lightblue","floor":8},{"not_picked":["Guardian:RollAttack+1","Guardian:Suspension"],"picked":"Guardian:Gem_Blue","floor":11},{"not_picked":["Guardian:EvasiveProtocol","Guardian:Harden"],"picked":"Guardian:Gem_White","floor":12},{"not_picked":["Guardian:Gem_Blue","Guardian:VentSteam"],"picked":"Guardian:FloatingOrbs","floor":15},{"not_picked":["Guardian:Gem_Synthetic","Guardian:GemFinder"],"picked":"Guardian:Gem_Orange","floor":16},{"not_picked":["Guardian:Gem_Green","Guardian:Recover"],"picked":"Guardian:TemporalStrike+1","floor":17},{"not_picked":["Guardian:Reroute+1","Guardian:RollAttack+1"],"picked":"Guardian:DonusPower+1","floor":19},{"not_picked":["Guardian:Gem_Lightblue","Guardian:HyperBeam_Guardian+1"],"picked":"Guardian:RollAttack+1","floor":21},{"not_picked":["Guardian:ChargeCore+1","Guardian:Gem_Cyan"],"picked":"Guardian:Reroute+1","floor":22},{"not_picked":["Guardian:PrimingBeam+1","Guardian:PolyBeam+1"],"picked":"Guardian:SentryBeam+1","floor":26},{"not_picked":["Guardian:ArmoredProtocol","Guardian:RefractedBeam+1"],"picked":"Guardian:SpikerProtocol+1","floor":28},{"not_picked":["Guardian:CrystalBeam+1","Guardian:TemporalShield+1"],"picked":"Guardian:PrismaticBarrier+1","floor":29},{"not_picked":["Guardian:Gem_Cyan","Guardian:BaubleBeam+1"],"picked":"Guardian:Planning","floor":30},{"not_picked":["Guardian:BronzeOrb+1","Guardian:ShieldCharger"],"picked":"Guardian:VentSteam+1","floor":32},{"not_picked":["Guardian:Gem_Synthetic","Guardian:FastForward"],"picked":"Guardian:RevengeProtocol","floor":33},{"not_picked":["Guardian:Reroute+1","Guardian:CrystalBeam+1"],"picked":"Guardian:ChargeCore+1","floor":36},{"not_picked":["Guardian:ChargeCore+1","Guardian:Orbwalk"],"picked":"Guardian:PiercingHide+1","floor":37},{"not_picked":["Guardian:VentSteam+1","Guardian:Gem_Green"],"picked":"Guardian:DecasProtection+1","floor":39},{"not_picked":["Guardian:Reroute+1","Guardian:Planning"],"picked":"Guardian:Gem_Purple","floor":43},{"not_picked":["Guardian:WalkerClaw+1","Guardian:Repulse"],"picked":"Guardian:PolyBeam+1","floor":44},{"not_picked":["Guardian:RollAttack+1","Guardian:Recover+1"],"picked":"Guardian:BronzeArmor+1","floor":45},{"not_picked":["Guardian:Gem_Lightblue","Guardian:RollAttack+1"],"picked":"Guardian:EvasiveProtocol+1","floor":46},{"not_picked":["Guardian:WalkerClaw+1","Guardian:ShieldCharger"],"picked":"Guardian:EvasiveProtocol+1","floor":47},{"not_picked":["Guardian:Reroute+1","Guardian:WalkerClaw+1"],"picked":"Guardian:TimeCapacitor","floor":48},{"not_picked":["Guardian:StasisStrike+1","Guardian:ChargeUp"],"picked":"Guardian:Emergency+1","floor":49},{"not_picked":["Guardian:Clone+1","Guardian:TimeBomb"],"picked":"Guardian:ChargeCore+1","floor":52}],"player_experience":428770,"relics_obtained":[{"floor":7,"key":"Molten Egg 2"},{"floor":12,"key":"Vajra"},{"floor":24,"key":"HornCleat"},{"floor":30,"key":"Letter Opener"},{"floor":37,"key":"StoneCalendar"},{"floor":39,"key":"Pocketwatch"},{"floor":41,"key":"Mummified Hand"},{"floor":43,"key":"Strawberry"},{"floor":52,"key":"Bag of Marbles"}],"event_choices":[{"damage_healed":0,"gold_gain":0,"player_choice":"Success","damage_taken":7,"relics_obtained":["Nunchaku"],"max_hp_gain":0,"max_hp_loss":0,"event_name":"Scrap Ooze","floor":4,"gold_loss":0},{"damage_healed":0,"gold_gain":0,"player_choice":"Got Potions","damage_taken":0,"max_hp_gain":0,"max_hp_loss":0,"event_name":"Lab","floor":31,"gold_loss":0},{"damage_healed":0,"gold_gain":0,"player_choice":"Fight","damage_taken":0,"max_hp_gain":0,"max_hp_loss":0,"event_name":"Mysterious Sphere","floor":37,"gold_loss":0}],"is_beta":false,"boss_relics":[{"not_picked":["downfall:Hecktoplasm","Guardian:ModeShifterPlus"],"picked":"Tiny House"},{"not_picked":["Snecko Eye","Sozu"],"picked":"Guardian:StasisSlotReductionRelic"}],"items_purged_floors":[21,26,48],"is_endless":false,"potions_floor_spawned":[6,8,15,16,19,29,30,39,43,46,47,49],"killed_by":"downfall:NeowBoss","ascension_level":0}}