{"host":"30jsp143e4v19aze","time":1608768586,"event":{"mods":["BaseMod","Colored Map","Colored Powertips","Curses Come First","DeckTracker","Highlight Path","Minty Spire (QoL Compilation)","Quick Restart","Relic Stats","StSLib"],"gold_per_floor":[112,89,89,38,48,48,81,81,107,134,84,9,43,56,56,157,157,170,188,188,113,28,55,55,55,55,55,90,90,104,122,122,220,220,240,256,256,275,52,79,79,106,130,130,159,159,7,36,36,36,36,36,36,63,63],"floor_reached":56,"playtime":4037,"items_purged":["Strike_B"],"score":1928,"play_id":"d9660153-c370-4a57-867d-0e0a6483cc46","local_time":"20201224010946","is_ascension_mode":true,"campfire_choices":[{"data":"Zap","floor":6,"key":"SMITH"},{"data":"Sweeping Beam","floor":8,"key":"SMITH"},{"data":"Tempest","floor":15,"key":"SMITH"},{"floor":25,"key":"REST"},{"floor":32,"key":"RECALL"},{"floor":41,"key":"REST"},{"floor":46,"key":"REST"},{"floor":49,"key":"REST"},{"floor":52,"key":"REST"}],"circlet_count":0,"master_deck":["Defend_B","Defend_B","Defend_B","Zap+1","Dualcast","Sunder+1","Cold Snap","Sweeping Beam+1","Tempest+1","Seek","Hologram","Steam Power","Ball Lightning+1","Ghostly","Ghostly","Ghostly","Ghostly","Ghostly","Recycle","Cold Snap+1","Skim+1","Biased Cognition","Defragment","Gash","Capacitor","Core Surge","Go for the Eyes+1","Chill+1","Hologram+1"],"relics":["Cracked Core","NeowsBlessing","Pocketwatch","DataDisk","Shuriken","Du-Vu Doll","Fusion Hammer","Pantograph","Darkstone Periapt","Incense Burner","Centennial Puzzle","Sozu","OrangePellets","Toxic Egg 2","Bottled Flame","Turnip","Strange Spoon","PreservedInsect","Symbiotic Virus"],"acts_visited":["Exordium","TheCity","TheBeyond","TheEnding"],"potions_floor_usage":[10,16,33,55],"damage_taken":[{"damage":0,"enemies":"Cultist","floor":1,"turns":1},{"damage":0,"enemies":"Jaw Worm","floor":5,"turns":1},{"damage":0,"enemies":"Gremlin Nob","floor":7,"turns":1},{"damage":0,"enemies":"3 Sentries","floor":10,"turns":2},{"damage":7,"enemies":"Gremlin Nob","floor":13,"turns":3},{"damage":0,"enemies":"Small Slimes","floor":14,"turns":1},{"damage":47,"enemies":"Hexaghost","floor":16,"turns":8},{"damage":0,"enemies":"Spheric Guardian","floor":18,"turns":2},{"damage":2,"enemies":"Chosen","floor":19,"turns":3},{"damage":30,"enemies":"Slavers","floor":23,"turns":4},{"damage":1,"enemies":"Book of Stabbing","floor":28,"turns":5},{"damage":0,"enemies":"Centurion and Healer","floor":30,"turns":4},{"damage":2,"enemies":"Cultist and Chosen","floor":31,"turns":5},{"damage":6,"enemies":"Champ","floor":33,"turns":11},{"damage":1,"enemies":"Orb Walker","floor":35,"turns":3},{"damage":0,"enemies":"3 Darklings","floor":36,"turns":4},{"damage":0,"enemies":"Spire Growth","floor":38,"turns":7},{"damage":0,"enemies":"Nemesis","floor":40,"turns":7},{"damage":2,"enemies":"Reptomancer","floor":42,"turns":6},{"damage":0,"enemies":"Giant Head","floor":45,"turns":9},{"damage":3,"enemies":"Reptomancer","floor":48,"turns":6},{"damage":9,"enemies":"Awakened One","floor":50,"turns":16},{"damage":0,"enemies":"Shield and Spear","floor":54,"turns":6},{"damage":32,"enemies":"The Heart","floor":55,"turns":17}],"seed_played":"-4857618761679200659","potions_obtained":[{"floor":1,"key":"Strength Potion"},{"floor":10,"key":"Dexterity Potion"},{"floor":14,"key":"Weak Potion"},{"floor":28,"key":"Fire Potion"},{"floor":33,"key":"Weak Potion"}],"is_trial":false,"path_per_floor":["M","$","?","$","M","R","E","R","T","E","?","$","E","M","R","B",null,"M","M","?","?","?","E","?","R","T","$","E","$","M","M","R","B",null,"M","M","?","M","$","E","R","E","T","?","E","R","$","E","R","B",null,"R","$","E","B",null],"character_chosen":"DEFECT","items_purchased":["Cold Snap","Explosive Potion","Core Surge","OrangePellets","Strange Spoon"],"campfire_rested":5,"item_purchase_floors":[2,4,39,39,47],"current_hp_per_floor":[68,68,68,68,68,68,68,68,68,68,68,68,61,61,61,14,60,60,58,58,58,58,28,28,37,37,37,36,36,36,34,34,31,36,35,35,35,35,35,35,37,35,35,35,35,35,35,32,35,26,33,35,35,35,3],"gold":63,"neow_bonus":"THREE_ENEMY_KILL","is_daily":false,"chose_seed":false,"campfire_upgraded":3,"win_rate":0.0,"timestamp":1608768586,"path_taken":["M","?","?","$","M","R","E","R","T","E","?","$","E","M","R","BOSS","M","M","?","?","?","E","?","R","T","$","E","$","M","M","R","BOSS","M","M","?","?","$","E","R","E","T","?","E","R","$","E","R","BOSS","R","$","E","BOSS"],"items_purchased_type":["Card","Potion","Card","Relic","Relic"],"build_version":"2020-12-22","purchased_purges":1,"victory":true,"max_hp_per_floor":[75,75,75,75,75,75,75,75,75,75,75,75,75,75,75,75,75,75,75,75,75,75,75,37,37,37,37,37,37,37,37,37,37,37,37,37,37,37,37,37,37,37,37,35,35,35,35,35,35,35,35,35,35,35,35],"relic_stats":{"Darkstone Periapt":0,"Sozu":3,"OrangePellets":[7],"Strange Spoon":[22],"Centennial Puzzle":[21],"counters":[24,132],"Shuriken":[38],"Pantograph":3,"Turnip":[2],"PreservedInsect":77,"obtain_stats":[{"Darkstone Periapt":23,"NeowsBlessing":0,"PreservedInsect":48,"Incense Burner":26,"Du-Vu Doll":13,"Sozu":34,"OrangePellets":39,"Strange Spoon":47,"DataDisk":9,"Centennial Puzzle":28,"Bottled Flame":42,"Shuriken":10,"Pantograph":22,"Fusion Hammer":17,"Turnip":45,"Toxic Egg 2":40,"Cracked Core":0,"Symbiotic Virus":54,"Pocketwatch":7},{"Darkstone Periapt":10,"NeowsBlessing":0,"PreservedInsect":21,"Incense Burner":10,"Du-Vu Doll":5,"Sozu":14,"OrangePellets":17,"Strange Spoon":20,"DataDisk":3,"Centennial Puzzle":11,"Bottled Flame":19,"Shuriken":4,"Pantograph":9,"Fusion Hammer":7,"Turnip":20,"Toxic Egg 2":18,"Cracked Core":0,"Symbiotic Virus":23,"Pocketwatch":3},{"Darkstone Periapt":26,"NeowsBlessing":0,"PreservedInsect":93,"Incense Burner":26,"Du-Vu Doll":8,"Sozu":51,"OrangePellets":65,"Strange Spoon":87,"DataDisk":3,"Centennial Puzzle":31,"Bottled Flame":78,"Shuriken":5,"Pantograph":22,"Fusion Hammer":17,"Turnip":87,"Toxic Egg 2":72,"Cracked Core":0,"Symbiotic Virus":115,"Pocketwatch":3}],"Pocketwatch":[116]},"card_choices":[{"not_picked":["Melter","Stack"],"picked":"Sunder","floor":1},{"not_picked":["Chaos","Steam"],"picked":"Sweeping Beam","floor":5},{"not_picked":["Beam Cell","Sweeping Beam","Skim"],"picked":"SKIP","floor":7},{"not_picked":["Reinforced Body","Reboot"],"picked":"Tempest","floor":10},{"not_picked":["Blizzard","Gash","Redo"],"picked":"SKIP","floor":13},{"not_picked":["Force Field","Redo","Beam Cell"],"picked":"SKIP","floor":14},{"not_picked":["Amplify","Core Surge"],"picked":"Seek","floor":16},{"not_picked":["Streamline","Compile Driver"],"picked":"Hologram","floor":18},{"not_picked":["Redo","Machine Learning","Tempest"],"picked":"SKIP","floor":19},{"not_picked":["Beam Cell","Sweeping Beam"],"picked":"Ball Lightning+1","floor":23},{"not_picked":["Sweeping Beam","Hologram"],"picked":"Recycle","floor":28},{"not_picked":["Stack","Go for the Eyes"],"picked":"Cold Snap+1","floor":30},{"not_picked":["Coolheaded","Beam Cell"],"picked":"Skim+1","floor":31},{"not_picked":["Rainbow","Echo Form"],"picked":"Biased Cognition","floor":33},{"not_picked":["Go for the Eyes","Compile Driver+1"],"picked":"Defragment","floor":35},{"not_picked":["Streamline+1","Cold Snap+1","Beam Cell"],"picked":"SKIP","floor":36},{"not_picked":["Lockon+1","Gash"],"picked":"Capacitor","floor":38},{"not_picked":["Compile Driver+1","Steam+1"],"picked":"Go for the Eyes+1","floor":40},{"not_picked":["Conserve Battery+1","Compile Driver","Rebound"],"picked":"SKIP","floor":42},{"not_picked":["Turbo+1","Core Surge"],"picked":"Chill+1","floor":45},{"not_picked":["Streamline","Genetic Algorithm+1","Leap+1"],"picked":"SKIP","floor":48},{"not_picked":["Chill+1","Redo+1"],"picked":"Hologram+1","floor":54}],"player_experience":3123684,"relics_obtained":[{"floor":7,"key":"Pocketwatch"},{"floor":9,"key":"DataDisk"},{"floor":10,"key":"Shuriken"},{"floor":13,"key":"Du-Vu Doll"},{"floor":23,"key":"Darkstone Periapt"},{"floor":26,"key":"Incense Burner"},{"floor":28,"key":"Centennial Puzzle"},{"floor":40,"key":"Toxic Egg 2"},{"floor":42,"key":"Bottled Flame"},{"floor":45,"key":"Turnip"},{"floor":48,"key":"PreservedInsect"},{"floor":54,"key":"Symbiotic Virus"}],"event_choices":[{"damage_healed":0,"gold_gain":0,"player_choice":"Grow","damage_taken":0,"max_hp_gain":0,"max_hp_loss":0,"event_name":"Living Wall","floor":3,"gold_loss":0,"cards_upgraded":["Sunder"]},{"cards_removed":["Strike_B"],"damage_healed":0,"gold_gain":0,"player_choice":"Card Removal","damage_taken":0,"max_hp_gain":0,"max_hp_loss":0,"event_name":"The Cleric","floor":11,"gold_loss":50},{"damage_healed":0,"gold_gain":0,"cards_transformed":["Strike_B","Strike_B"],"player_choice":"Became Test Subject","damage_taken":0,"max_hp_gain":0,"max_hp_loss":0,"event_name":"Drug Dealer","floor":20,"gold_loss":0,"cards_obtained":["FTL","Steam Power"]},{"cards_removed":["Defend_B"],"damage_healed":0,"gold_gain":0,"player_choice":"Gave Gold","damage_taken":0,"max_hp_gain":0,"max_hp_loss":0,"event_name":"Beggar","floor":21,"gold_loss":75},{"damage_healed":0,"gold_gain":0,"player_choice":"Obtained Relic","damage_taken":0,"relics_obtained":["Pantograph"],"max_hp_gain":0,"max_hp_loss":0,"event_name":"Addict","floor":22,"gold_loss":85},{"damage_healed":0,"gold_gain":0,"player_choice":"Became a Ghost","damage_taken":0,"max_hp_gain":0,"max_hp_loss":38,"event_name":"Ghosts","floor":24,"gold_loss":0,"cards_obtained":["Ghostly","Ghostly","Ghostly","Ghostly","Ghostly"]},{"damage_healed":0,"gold_gain":0,"cards_transformed":["FTL"],"player_choice":"Transformed","damage_taken":0,"max_hp_gain":0,"max_hp_loss":0,"event_name":"Transmorgrifier","floor":37,"gold_loss":0,"cards_obtained":["Gash"]},{"damage_healed":0,"gold_gain":0,"player_choice":"Max HP","damage_taken":0,"max_hp_gain":0,"max_hp_loss":2,"event_name":"Winding Halls","floor":44,"gold_loss":0}],"is_beta":false,"boss_relics":[{"not_picked":["Empty Cage","Busted Crown"],"picked":"Fusion Hammer"},{"not_picked":["FrozenCore","SacredBark"],"picked":"Sozu"}],"items_purged_floors":[12],"is_endless":false,"potions_floor_spawned":[1,10,14,28,33,35,38,40],"ascension_level":9}}