{"host":"4agyp7e20ejnk5oq","time":1608805736,"event":{"mods":["BaseMod","Colored Map","Friendly Minions","Infinite Spire","Minty Spire (QoL Compilation)","Relic Sorter","Replay The Spire","StSLib"],"gold_per_floor":[119,119,119,139,139,167,167,182,205,205,305,270,302,318,318,415,515,525,525,525],"floor_reached":19,"playtime":1219,"items_purged":[],"score":186,"play_id":"f27e66fe-fa9f-4a23-b1ac-fd2f1eab0c24","local_time":"20201224112856","is_ascension_mode":true,"campfire_choices":[{"floor":7.0,"key":"REST"},{"floor":10.0,"key":"REST"},{"floor":15.0,"key":"REST"}],"circlet_count":0,"master_deck":["Strike_G","Strike_G","Strike_G","Strike_G","Strike_G","Defend_G","Defend_G","Defend_G","Defend_G","Defend_G","Survivor+1","Neutralize","ReplayTheSpireMod:The Works","Doubt","Tactician","Backflip","Footwork","Outmaneuver","Prepared","Prepared","Phantasmal Killer","Deadly Poison+1"],"relics":["Ring of the Snake","Ring of Hypnosis","ReplayTheSpireMod:Ring of Exchange","GremlinMask","Bronze Scales","PreservedInsect","infinitespire:Satchel","Replay:Wanted Poster"],"acts_visited":["Exordium","TheCity"],"potions_floor_usage":[],"damage_taken":[{"damage":0.0,"enemies":"Small Slimes","floor":1.0,"turns":4.0},{"damage":4.0,"enemies":"Cultist","floor":4.0,"turns":6.0},{"damage":55.0,"enemies":"3 Sentries","floor":6.0,"turns":18.0},{"damage":9.0,"enemies":"infinitespire:Voidling","floor":8.0,"turns":6.0},{"damage":15.0,"enemies":"Exordium Thugs","floor":12.0,"turns":5.0},{"damage":21.0,"enemies":"Replay:BlueRogue","floor":13.0,"turns":10.0},{"damage":3.0,"enemies":"Gremlin Gang","floor":14.0,"turns":7.0},{"damage":12.0,"enemies":"The Guardian","floor":16.0,"turns":15.0},{"damage":52,"enemies":"Chosen","floor":18,"turns":11},{"damage":27,"enemies":"Spheric Guardian","floor":19,"turns":3}],"seed_played":"7880680233098203523","potions_obtained":[{"floor":1.0,"key":"LiquidMemories"},{"floor":4.0,"key":"Milkshake"},{"floor":8.0,"key":"CultistPotion"},{"floor":14.0,"key":"SpeedPotion"}],"is_trial":false,"path_per_floor":["M","?","?","M","?","E","R","M","T","R","?","M","E","M","R","B",null,"M","M"],"character_chosen":"THE_SILENT","items_purchased":[],"campfire_rested":3,"item_purchase_floors":[],"current_hp_per_floor":[70,70,70,66,66,11,32,23,23,44,44,29,8,5,26,14,70,18,0,0],"gold":525,"neow_bonus":"RANDOM_EVENT","is_daily":false,"chose_seed":false,"campfire_upgraded":0,"win_rate":0.0,"timestamp":1608805736,"path_taken":["M","?","?","M","?","E","R","?","T","R","?","M","E","M","R","BOSS","M","?"],"items_purchased_type":[],"build_version":"2020-12-22","purchased_purges":0,"victory":false,"max_hp_per_floor":[70,70,70,70,70,70,70,70,70,70,70,70,70,70,70,70,70,70,70,70],"card_choices":[{"not_picked":["PiercingWail","Dagger Spray"],"picked":"ReplayTheSpireMod:The Works","floor":1.0},{"not_picked":["Phantasmal Killer","Sucker Punch"],"picked":"Tactician","floor":4.0},{"not_picked":["Noxious Fumes","Blur"],"picked":"Backflip","floor":6.0},{"not_picked":["Backflip","Dagger Spray"],"picked":"Footwork","floor":8.0},{"not_picked":["infinitespire:Neurotoxin","Backflip"],"picked":"Outmaneuver","floor":12.0},{"not_picked":["Heel Hook","ReplayTheSpireMod:Exploit Weakness"],"picked":"Prepared","floor":13.0},{"not_picked":["Deflect","Catalyst"],"picked":"Prepared","floor":14.0},{"not_picked":["Poison Darts","Night Terror"],"picked":"Phantasmal Killer","floor":16.0},{"not_picked":["Eviscerate+1","Poisoned Stab"],"picked":"Deadly Poison+1","floor":18}],"player_experience":349554,"relics_obtained":[{"floor":3.0,"key":"Ring of Hypnosis"},{"floor":3.0,"key":"ReplayTheSpireMod:Ring of Exchange"},{"floor":6.0,"key":"Bronze Scales"},{"floor":9.0,"key":"PreservedInsect"},{"floor":13.0,"key":"infinitespire:Satchel"}],"event_choices":[{"damage_healed":0.0,"max_hp_gain":0.0,"max_hp_loss":0.0,"gold_gain":0.0,"event_name":"Living Wall","player_choice":"Grow","floor":0.0,"gold_loss":0.0,"damage_taken":0.0,"cards_upgraded":["Survivor"]},{"damage_healed":0.0,"max_hp_gain":0.0,"max_hp_loss":0.0,"gold_gain":0.0,"event_name":"Golden Wing","player_choice":"Ignored","floor":2.0,"gold_loss":0.0,"damage_taken":0.0},{"damage_healed":0.0,"max_hp_gain":0.0,"max_hp_loss":0.0,"gold_gain":0.0,"event_name":"FaceTrader","player_choice":"Trade","floor":5.0,"gold_loss":0.0,"damage_taken":0.0,"relics_obtained":["GremlinMask"]},{"damage_healed":0.0,"max_hp_gain":0.0,"max_hp_loss":0.0,"gold_gain":100.0,"event_name":"Golden Shrine","player_choice":"Pray","floor":11.0,"gold_loss":0.0,"damage_taken":0.0}],"is_beta":false,"boss_relics":[{"not_picked":["Honey Jar","SacredBark"],"picked":"Replay:Wanted Poster"}],"items_purged_floors":[],"is_endless":false,"potions_floor_spawned":[1,4,8,14],"killed_by":"Spheric Guardian","ascension_level":1}}