{"host":"pijh7er38uumsf33","time":1608849551,"event":{"mods":["AchievementEnabler","Act Like it!","BaseMod","Clockwork Mod","Conspire","Data Control","Downfall","Infinite Spire","Minty Spire (QoL Compilation)","Quick Restart","Rare Cards Sparkle","Replay The Spire","StSLib","Uncapped"],"gold_per_floor":[99,109,3879,3879,3879,3890,3917,3115,3126,3160,3160,3192,2511,2539,2550,2647,2647,2647,2647,2647,2647,2647,2647,2647,2647,2647,2647,2647,2647,2647,2647,2647,2647,2647,2647,2647,2647,2647,1870,1870,1870,1870,1870,1870,1870,1870,1870,1522,1522,1522,1522,1522,1522,1522,1372,1372,683,683,683,683,683,683,683,683,683,683,683,683,683,683,683,683,310,310,310,310,310,310,310,310,310,310,310,55,55,55,55,55,55,55,55,55,55,55,55,55,55,0,0,0,0,0,0,0,0,0,0,0,0,0,0,0,0,0,0,0,0,0,0,0,0,0,0,0,0,0,0,0,0,0,0,0,0,0,20,37,66,80,181,181,181,209,209,0,14,14,42,42,42,42,83,83,133,195,237,249,249],"floor_reached":156,"playtime":10778,"items_purged":["Clockwork:Strike","Clockwork:Shield","Clockwork:Improve","Clockwork:ForgeStrike+1","Clockwork:ElasticNanites"],"score":3915,"play_id":"633eab9e-54b5-4c55-bfb4-93b71b227ef7","local_time":"20201224233911","is_ascension_mode":true,"campfire_choices":[{"data":"Clockwork:Tinker","floor":1.0,"key":"SMITH"},{"floor":11.0,"key":"RECALL"},{"data":"Clockwork:Shield","floor":18.0,"key":"PURGE"},{"data":"Clockwork:Shield","floor":23.0,"key":"PURGE"},{"data":"Clockwork:Strike","floor":29.0,"key":"PURGE"},{"data":"Clockwork:PerfectForm","floor":35.0,"key":"SMITH"},{"data":"Clockwork:Strike","floor":44.0,"key":"PURGE"},{"data":"Clockwork:PerfectForm","floor":52.0,"key":"SMITH"},{"data":"Clockwork:ElasticNanites","floor":59.0,"key":"PURGE"},{"floor":71.0,"key":"DIG"},{"data":"Clockwork:Roundhouse","floor":83.0,"key":"SMITH"},{"data":"Clockwork:KaliMa","floor":88.0,"key":"SMITH"},{"data":"Clockwork:QuantumStrike","floor":100.0,"key":"SMITH"},{"data":"Clockwork:PerfectForm","floor":105.0,"key":"SMITH"},{"data":"Clockwork:EnthusiasticStrike","floor":114.0,"key":"SMITH"},{"data":"infinitespire:UltimateForm","floor":118.0,"key":"SMITH"},{"floor":124.0,"key":"DIG"},{"data":"Clockwork:RevUp","floor":134.0,"key":"SMITH"},{"data":"Clockwork:PerfectForm","floor":141.0,"key":"SMITH"},{"data":"Clockwork:RevUp","floor":148.0,"key":"SMITH"},{"data":"Clockwork:RevUp","floor":149.0,"key":"SMITH"},{"floor":152.0,"key":"REST"}],"circlet_count":0,"master_deck":["Clockwork:Shield+1","Clockwork:Tinker+1","Clockwork:WarmUp+1","Clockwork:PerfectForm+1","Clockwork:Roundhouse+1","Clockwork:RevUp+1","Clockwork:HeadStart+1","Clockwork:PerfectForm+1","Clockwork:RevUp+1","Clockwork:Enhance+1","Clockwork:RevUp+1","infinitespire:UltimateForm+1","Clockwork:KaliMa+1","Clockwork:RevUp+1","Clockwork:RevUp+1","Clockwork:PerfectForm+1","Clockwork:RevUp+1","Clockwork:Enhance+1","Mayhem+1","Clockwork:QuantumStrike+1","Clockwork:PerfectForm+1","Clockwork:EnthusiasticStrike+1","Clockwork:Enhance+1","Clockwork:RevUp+1","Clockwork:PerfectForm+1","Clockwork:PerfectForm+1","Amnesia"],"relics":["Clockwork:MomentumEngine","Lee\u0027s Waffle","Strawberry","Orichalcum","Pen Nib","Clockwork:BloodPhial","Happy Flower","Peace Pipe","infinitespire:Broken Mirror","Torii","Mirror","Toxic Egg 2","downfall:HeartBlessingRed","downfall:HeartBlessingBlue","Clockwork:BreathingRoom","InkBottle","Bottled Tornado","Blood Vial","Potion Belt","conspire:DecoderRing","downfall:HeartBlessingGreen","Clockwork:SomewhatSmoothStone","SlaversCollar","Blue Doll","Onion Ring","Cauldron","Matryoshka","infinitespire:BottledMercury","Ancient Tea Set","Chemical X","Darkstone Periapt","DollysMirror","Replay:Rubber Ducky","Divine Protection","Clockwork:BeatingHeart","Clockwork:CopperScales","Philosopher\u0027s Stone","Replay:WaspNest","HandDrill","Lantern","ReplayTheSpireMod:Ninjato","Black Star","conspire:Boomerang","Clockwork:Varja","conspire:RoyalGoblet","WingedGreaves","conspire:DeflatedDodgeball","infinitespire:EvilPickle","Replay:Bandana","Replay:Ringing Soul","Turnip","The Courier","Smiling Mask","Replay:Arrowhead"],"acts_visited":["Exordium","TheCity","TheBeyond","Exordium","TheCity","TheBeyond","Exordium","TheCity","TheBeyond"],"potions_floor_usage":[156,156,156,156],"damage_taken":[{"damage":0.0,"enemies":"Cultist","floor":2.0,"turns":7.0},{"damage":0.0,"enemies":"downfall:FleeingMerchant","floor":3.0,"turns":1.0},{"damage":6.0,"enemies":"Jaw Worm","floor":6.0,"turns":7.0},{"damage":0.0,"enemies":"Small Slimes","floor":9.0,"turns":6.0},{"damage":46.0,"enemies":"Gremlin Nob","floor":10.0,"turns":5.0},{"damage":0.0,"enemies":"Lagavulin","floor":12.0,"turns":7.0},{"damage":19.0,"enemies":"Replay:BlueRogue","floor":14.0,"turns":7.0},{"damage":9.0,"enemies":"conspire:2 RoseBushes","floor":15.0,"turns":4.0},{"damage":6.0,"enemies":"downfall:Defect","floor":16.0,"turns":8.0},{"damage":0.0,"enemies":"Shell Parasite","floor":19.0,"turns":3.0},{"damage":2.0,"enemies":"conspire:FuzzyDice","floor":20.0,"turns":7.0},{"damage":3.0,"enemies":"downfall:Silent","floor":22.0,"turns":8.0},{"damage":0.0,"enemies":"Snake Plant","floor":25.0,"turns":4.0},{"damage":0.0,"enemies":"conspire:SneckoGhost","floor":26.0,"turns":4.0},{"damage":0.0,"enemies":"downfall:LadyInBlue","floor":27.0,"turns":6.0},{"damage":16.0,"enemies":"Nightmare","floor":28.0,"turns":6.0},{"damage":0.0,"enemies":"Sentry and Sphere","floor":30.0,"turns":1.0},{"damage":12.0,"enemies":"Shelled Parasite and Fungi","floor":31.0,"turns":5.0},{"damage":0.0,"enemies":"3 Cultists","floor":32.0,"turns":3.0},{"damage":0.0,"enemies":"downfall:Watcher","floor":33.0,"turns":6.0},{"damage":40.0,"enemies":"3 Shapes","floor":36.0,"turns":4.0},{"damage":0.0,"enemies":"Orb Walker","floor":37.0,"turns":3.0},{"damage":10.0,"enemies":"3 Darklings","floor":38.0,"turns":4.0},{"damage":24.0,"enemies":"Transient","floor":40.0,"turns":5.0},{"damage":7.0,"enemies":"Writhing Mass","floor":42.0,"turns":6.0},{"damage":0.0,"enemies":"R_Hoarder","floor":43.0,"turns":2.0},{"damage":42.0,"enemies":"Reptomancer","floor":45.0,"turns":6.0},{"damage":0.0,"enemies":"Maw","floor":46.0,"turns":6.0},{"damage":0.0,"enemies":"Nightmare","floor":47.0,"turns":1.0},{"damage":13.0,"enemies":"Jaw Worm Horde","floor":49.0,"turns":4.0},{"damage":23.0,"enemies":"downfall:Silent","floor":50.0,"turns":9.0},{"damage":0.0,"enemies":"Small Slimes","floor":53.0,"turns":5.0},{"damage":6.0,"enemies":"2 Louse","floor":56.0,"turns":2.0},{"damage":0.0,"enemies":"Cultist","floor":60.0,"turns":4.0},{"damage":15.0,"enemies":"3 Sentries","floor":63.0,"turns":6.0},{"damage":0.0,"enemies":"Exordium Wildlife","floor":64.0,"turns":4.0},{"damage":0.0,"enemies":"Exordium Thugs","floor":65.0,"turns":3.0},{"damage":0.0,"enemies":"Gremlin Nob","floor":66.0,"turns":5.0},{"damage":0.0,"enemies":"Blue Slaver","floor":67.0,"turns":3.0},{"damage":0.0,"enemies":"Large Slime","floor":68.0,"turns":5.0},{"damage":79.0,"enemies":"Hexaghost","floor":69.0,"turns":9.0},{"damage":0.0,"enemies":"Spheric Guardian","floor":72.0,"turns":2.0},{"damage":0.0,"enemies":"Shell Parasite","floor":75.0,"turns":3.0},{"damage":0.0,"enemies":"3 Cultists","floor":76.0,"turns":3.0},{"damage":0.0,"enemies":"Gremlin Leader","floor":77.0,"turns":4.0},{"damage":0.0,"enemies":"Nightmare","floor":79.0,"turns":1.0},{"damage":0.0,"enemies":"Snecko","floor":80.0,"turns":3.0},{"damage":0.0,"enemies":"Gremlin Leader","floor":81.0,"turns":6.0},{"damage":0.0,"enemies":"Cultist and Chosen","floor":82.0,"turns":4.0},{"damage":0.0,"enemies":"Snake Plant","floor":85.0,"turns":2.0},{"damage":6.0,"enemies":"conspire:MysteriousRune","floor":86.0,"turns":6.0},{"damage":0.0,"enemies":"3 Shapes","floor":89.0,"turns":2.0},{"damage":0.0,"enemies":"Orb Walker","floor":90.0,"turns":3.0},{"damage":0.0,"enemies":"Spire Growth","floor":91.0,"turns":5.0},{"damage":19.0,"enemies":"2 Orb Walkers","floor":92.0,"turns":3.0},{"damage":0.0,"enemies":"4 Shapes","floor":93.0,"turns":3.0},{"damage":0.0,"enemies":"R_Hoarder","floor":94.0,"turns":1.0},{"damage":25.0,"enemies":"Jaw Worm Horde","floor":95.0,"turns":4.0},{"damage":0.0,"enemies":"Reptomancer","floor":96.0,"turns":1.0},{"damage":0.0,"enemies":"Sphere and 2 Shapes","floor":97.0,"turns":2.0},{"damage":0.0,"enemies":"R_Hoarder","floor":99.0,"turns":2.0},{"damage":0.0,"enemies":"3 Darklings","floor":102.0,"turns":2.0},{"damage":13.0,"enemies":"Replay:Hell Engine","floor":103.0,"turns":6.0},{"damage":0.0,"enemies":"2 Louse","floor":106.0,"turns":1.0},{"damage":0.0,"enemies":"Jaw Worm","floor":107.0,"turns":1.0},{"damage":0.0,"enemies":"Cultist","floor":110.0,"turns":2.0},{"damage":0.0,"enemies":"Lagavulin","floor":113.0,"turns":2.0},{"damage":0.0,"enemies":"3 Sentries","floor":115.0,"turns":2.0},{"damage":0.0,"enemies":"3 Louse","floor":116.0,"turns":1.0},{"damage":0.0,"enemies":"Red Slaver","floor":119.0,"turns":1.0},{"damage":0.0,"enemies":"Exordium Thugs","floor":121.0,"turns":1.0},{"damage":130.0,"enemies":"Hexaghost","floor":122.0,"turns":3.0},{"damage":0.0,"enemies":"Spheric Guardian","floor":125.0,"turns":1.0},{"damage":2.0,"enemies":"Cultist and Chosen","floor":126.0,"turns":4.0},{"damage":13.0,"enemies":"Snecko","floor":128.0,"turns":3.0},{"damage":0.0,"enemies":"Centurion and Healer","floor":129.0,"turns":3.0},{"damage":1.0,"enemies":"Gremlin Leader","floor":130.0,"turns":4.0},{"damage":0.0,"enemies":"3 Cultists","floor":131.0,"turns":2.0},{"damage":12.0,"enemies":"Slavers","floor":132.0,"turns":3.0},{"damage":0.0,"enemies":"Chosen and Byrds","floor":135.0,"turns":3.0},{"damage":0.0,"enemies":"Snake Plant","floor":136.0,"turns":1.0},{"damage":1.0,"enemies":"Book of Stabbing","floor":137.0,"turns":3.0},{"damage":0.0,"enemies":"Sentry and Sphere","floor":138.0,"turns":1.0},{"damage":0.0,"enemies":"Pondfish","floor":139.0,"turns":5.0},{"damage":20.0,"enemies":"3 Darklings","floor":142.0,"turns":3.0},{"damage":0.0,"enemies":"3 Shapes","floor":145.0,"turns":2.0},{"damage":0.0,"enemies":"R_Hoarder","floor":147.0,"turns":1.0},{"damage":0.0,"enemies":"Spire Growth","floor":151.0,"turns":4.0},{"damage":117.0,"enemies":"Mind Bloom Boss Battle","floor":154.0,"turns":4.0},{"damage":31.0,"enemies":"Writhing Mass","floor":155.0,"turns":3.0},{"damage":103,"enemies":"conspire:OrnateMirror","floor":156,"turns":5}],"seed_played":"-2457773377030064667","potions_obtained":[{"floor":2.0,"key":"Block Potion"},{"floor":9.0,"key":"Venom Potion"},{"floor":14.0,"key":"DistilledChaos"},{"floor":22.0,"key":"FairyPotion"},{"floor":27.0,"key":"LifebloodPotion"},{"floor":27.0,"key":"Slimebound:ThreeZeroPotion"},{"floor":50.0,"key":"SpeedPotion"},{"floor":60.0,"key":"Fire Potion"},{"floor":63.0,"key":"Block Potion"},{"floor":126.0,"key":"FearPotion"},{"floor":132.0,"key":"BlessingOfTheForge"},{"floor":133.0,"key":"FairyPotion"},{"floor":147.0,"key":"Guardian:BlockOnCardUsePotion"}],"is_trial":false,"path_per_floor":["R","M","$","?","?","M","T","$","M","E","R","E","$","E","M","B",null,"R","M","M","?","?","R","T","M","E","?","NM","R","M","M","M","B",null,"R","M","M","M","$","M","T","M","E","R","E","M","NM","$","M","B",null,"R","M","?","?","M","$","T","R","M","PTL","PTL","E","M","M","E","M","M","B",null,"R","M","$","?","M","M","E","?","NM","M","E","M","R","$","M","B",null,"R","M","M","M","?","M","E","M","E","M","$","E","R","$","M","B",null,"R","M","M","?","?","M","PTL","PTL","E","R","E","M","?","R","M","$","M","B",null,"R","M","M","?","M","M","E","M","E","?","R","M","M","E","M","B",null,"R","M","?","$","M","?","E","R","R","AVR","M","R","?","?","M","B"],"character_chosen":"CLOCKWORK","items_purchased":["Lee\u0027s Waffle","Strawberry","Orichalcum","Clockwork:RevUp","Clockwork:Improve","Happy Flower","Peace Pipe","PrismaticShard","Torii","Mirror","Clockwork:RevUp","Blue Doll","Onion Ring","Cauldron","Ancient Tea Set","Chemical X","Clockwork:ElasticNanites","Clockwork:RevUp","Clockwork:CraftSomewhatSmoothStone+1","Darkstone Periapt","DollysMirror","HandDrill","Lantern","Clockwork:RevUp","ReplayTheSpireMod:Ninjato","Mayhem+1","Clockwork:QuantumStrike","Replay:Bandana","FairyPotion"],"campfire_rested":1,"item_purchase_floors":[3,3,3,8,8,8,8,8,13,13,39,39,39,39,48,48,48,57,57,57,57,73,73,73,84,98,98,144,144],"current_hp_per_floor":[77,77,91,91,88,88,88,88,90,45,45,47,47,30,23,19,91,101,101,99,99,98,98,98,100,101,101,85,85,89,87,93,99,101,101,61,67,63,63,45,45,44,50,50,14,20,26,26,19,2,101,101,101,101,111,105,105,105,105,111,111,111,96,102,108,111,111,111,32,111,111,111,111,111,111,111,111,88,94,100,106,112,112,112,116,110,116,116,116,116,116,97,103,111,91,97,105,105,113,113,113,116,103,116,116,116,116,116,116,116,116,116,116,116,116,116,121,121,121,121,121,66,121,121,121,119,107,102,110,117,121,109,109,109,117,121,120,121,121,121,121,101,101,101,109,109,117,117,117,117,121,121,130,13,39,0,0],"gold":249,"neow_bonus":"THREE_RARE_CARDS","is_daily":false,"chose_seed":false,"campfire_upgraded":13,"win_rate":0.0,"timestamp":1608849551,"path_taken":["R","M","$","?","?","M","T","$","M","E","R","E","$","E","M","BOSS","R","M","M","?","?","R","T","M","E","?","NM","R","?","M","M","BOSS","R","M","M","?","$","M","T","M","E","R","E","M","NM","$","M","BOSS","R","M","?","?","M","$","T","R","M","PTL","PTL","E","M","M","E","?","M","BOSS","R","M","$","?","M","M","E","?","NM","M","E","M","R","$","M","BOSS","R","M","M","M","?","M","E","M","E","M","$","E","R","$","M","BOSS","R","M","M","?","?","M","PTL","PTL","E","R","E","M","?","R","?","$","M","BOSS","R","M","M","?","M","M","E","M","E","?","R","?","M","E","M","BOSS","R","M","?","$","?","?","E","R","R","AVR","M","R","?","?","M","BOSS"],"items_purchased_type":["Relic","Relic","Relic","Card","Card","Relic","Relic","Relic","Relic","Relic","Card","Relic","Relic","Relic","Relic","Relic","Card","Card","Card","Relic","Relic","Relic","Relic","Card","Relic","Card","Card","Relic","Potion"],"build_version":"2020-12-22","purchased_purges":5,"victory":false,"max_hp_per_floor":[77,77,91,91,91,91,91,91,91,91,91,91,91,91,91,91,91,101,101,101,101,101,101,101,101,101,101,101,101,101,101,101,101,101,101,101,101,101,101,101,101,101,101,101,101,101,101,101,101,101,101,101,101,101,111,111,111,111,111,111,111,111,111,111,111,111,111,111,111,111,111,111,111,111,111,111,111,116,116,116,116,116,116,116,116,116,116,116,116,116,116,116,116,116,116,116,116,116,116,116,116,116,116,116,116,116,116,116,116,116,116,116,116,116,116,116,121,121,121,121,121,121,121,121,121,121,121,121,121,121,121,121,121,121,121,121,121,121,121,121,121,121,121,121,121,121,121,121,121,121,121,121,130,130,130,130,130],"card_choices":[{"not_picked":["Clockwork:ReactiveNanites","Clockwork:CraftMomentumEngine"],"picked":"Clockwork:PerfectForm","floor":0.0},{"not_picked":["Clockwork:Scour","Clockwork:MechanicalMass"],"picked":"Clockwork:Roundhouse","floor":2.0},{"not_picked":["Clockwork:PerfectedShield","Clockwork:Pluck"],"picked":"Clockwork:CraftBloodPhial","floor":3.0},{"not_picked":["Clockwork:AssemblyLine","Clockwork:OccamsRazor","Clockwork:Pluck"],"picked":"SKIP","floor":6.0},{"not_picked":["sneckomod:SnakeSap","Evaluate","Guardian:WalkerClaw"],"picked":"SKIP","floor":9.0},{"not_picked":["EmptyBody","Heavy Blade","Slimebound:GrowthPunch"],"picked":"SKIP","floor":10.0},{"not_picked":["Clockwork:Pluck","Clockwork:LiteraryArmor","Clockwork:AdaptiveCannon"],"picked":"SKIP","floor":12.0},{"not_picked":["Clockwork:Improve+1","Clockwork:SnapKeep"],"picked":"Clockwork:HeadStart","floor":14.0},{"not_picked":["Clockwork:Minimalism+1","Clockwork:SystemHardening+1","Clockwork:HeadStart"],"picked":"SKIP","floor":15.0},{"not_picked":["Clockwork:Pluck","Clockwork:CogShield+1","Clockwork:SnapKeep"],"picked":"SKIP","floor":19.0},{"not_picked":["Clockwork:CogToss","Clockwork:MechanicalBulk+1","Clockwork:Pluck"],"picked":"SKIP","floor":20.0},{"not_picked":["Clockwork:Minimalism+1","Clockwork:CogShield+1","Clockwork:SystemHardening+1"],"picked":"SKIP","floor":25.0},{"not_picked":["Clockwork:RitualDaggerMk0","Clockwork:TestingEnvironment+1"],"picked":"Clockwork:SmithsMallet","floor":26.0},{"not_picked":["Clockwork:SystemScan+1","Clockwork:Halt+1"],"picked":"Clockwork:ForgeStrike+1","floor":27.0},{"not_picked":["Clockwork:Improve+1","Clockwork:SystemHardening+1"],"picked":"Clockwork:CraftSomewhatSmoothStone+1","floor":28.0},{"not_picked":["Clockwork:ChargingBlade","Clockwork:ForgeStrike"],"picked":"Clockwork:CraftBloodPhial+1","floor":30.0},{"not_picked":["Clockwork:AssemblyLine","Clockwork:PerfectedStrike+1","Clockwork:HoardingStrike"],"picked":"SKIP","floor":31.0},{"not_picked":["Clockwork:AdaptiveCannon","Clockwork:ChargingShield+1","Clockwork:HoardingStrike+1"],"picked":"SKIP","floor":32.0},{"not_picked":["Clockwork:DefectiveParts","Clockwork:UnlimitedCogworks"],"picked":"Clockwork:PerfectForm","floor":33.0},{"not_picked":["Clockwork:CogBarrier+1","Clockwork:Selectivity+1","Clockwork:RitualDaggerMk0+1"],"picked":"SKIP","floor":36.0},{"not_picked":["Clockwork:TestingEnvironment+1","Clockwork:Friction+1","Clockwork:ReserveSystems+1"],"picked":"SKIP","floor":37.0},{"not_picked":["Clockwork:SnapKeep+1","Clockwork:Pluck","Clockwork:InertialShield+1"],"picked":"SKIP","floor":38.0},{"not_picked":["Clockwork:AdaptiveShield+1","Clockwork:CogToss+1","Clockwork:SnapKeep+1"],"picked":"SKIP","floor":40.0},{"not_picked":["Clockwork:TiltAWhirl+1","Clockwork:Clone+1"],"picked":"Clockwork:Enhance+1","floor":42.0},{"not_picked":["Clockwork:StasisBreak+1","Clockwork:Friction+1","Clockwork:AeonShield+1"],"picked":"SKIP","floor":43.0},{"not_picked":["Clockwork:SearchingStrike","Clockwork:CogBarrier+1"],"picked":"Clockwork:RevUp","floor":45.0},{"not_picked":["Clockwork:InertialShield+1","Clockwork:Minimalism+1","Clockwork:SystemScan+1"],"picked":"SKIP","floor":46.0},{"not_picked":["infinitespire:Starlight","ReplayTheSpireMod:Echoes of Time"],"picked":"infinitespire:UltimateForm","floor":47.0},{"not_picked":["Clockwork:MechanicalBulk+1","Clockwork:Minimalism+1","Clockwork:AssemblyLine+1"],"picked":"SKIP","floor":47.0},{"not_picked":["Clockwork:MechanicalMass","Clockwork:AdaptiveCannon","Clockwork:ChargingBlade"],"picked":"SKIP","floor":49.0},{"not_picked":["Clockwork:WindupStrike","Clockwork:TimeWalk+1"],"picked":"Clockwork:KaliMa","floor":50.0},{"not_picked":["Clockwork:Friction","Clockwork:ChargingBlade","Clockwork:CogToss"],"picked":"SKIP","floor":53.0},{"not_picked":["Clockwork:Friction","Clockwork:ChargingBlade","Clockwork:CogToss"],"picked":"SKIP","floor":53.0},{"not_picked":["Clockwork:SpringShield+1","Clockwork:Friction"],"picked":"Clockwork:CraftCopperScales+1","floor":56.0},{"not_picked":["Clockwork:SystemScan+1","Clockwork:Selectivity+1","Clockwork:ReserveSystems+1"],"picked":"SKIP","floor":60.0},{"not_picked":["Clockwork:Randomization","Clockwork:MechanicalBulk+1","Clockwork:CogShield+1"],"picked":"SKIP","floor":63.0},{"not_picked":["Clockwork:RampUp+1","Clockwork:Redundancy","Clockwork:Roundhouse"],"picked":"SKIP","floor":64.0},{"not_picked":["Clockwork:RampUp+1","Clockwork:Minimalism+1","Clockwork:CogShield+1"],"picked":"SKIP","floor":65.0},{"not_picked":["Clockwork:LogisticRegression","Clockwork:ElasticNanites","Clockwork:SpringShield+1"],"picked":"SKIP","floor":66.0},{"not_picked":["Clockwork:RampUp+1","Clockwork:Randomization","Clockwork:MechanicalBulk+1"],"picked":"SKIP","floor":67.0},{"not_picked":["Clockwork:AdaptiveCannon","Clockwork:ForgeStrike","Clockwork:SpringShield+1"],"picked":"SKIP","floor":68.0},{"not_picked":["Clockwork:AdaptiveCannon","Clockwork:CogShield+1","Clockwork:FalseStart+1"],"picked":"SKIP","floor":72.0},{"not_picked":["Clockwork:ForgeStrike","Clockwork:Friction","Clockwork:CogShield+1"],"picked":"SKIP","floor":75.0},{"not_picked":["Clockwork:SnapKeep","Clockwork:AdaptiveCannon"],"picked":"Clockwork:SmithsMallet","floor":76.0},{"not_picked":["Clockwork:RitualDaggerMk0","Clockwork:Pluck"],"picked":"Clockwork:CraftMomentumEngine+1","floor":77.0},{"not_picked":["Clockwork:ForgeStrike","Clockwork:ElasticNanites+1"],"picked":"Clockwork:CraftCopperScales+1","floor":79.0},{"not_picked":["Clockwork:Roundhouse","Clockwork:Scour+1","Clockwork:FalseStart+1"],"picked":"SKIP","floor":80.0},{"not_picked":["Clockwork:CogBarrier+1","Clockwork:Inspiration+1","Clockwork:HeadStart"],"picked":"SKIP","floor":81.0},{"not_picked":["Clockwork:CogToss","Clockwork:RevUp"],"picked":"Clockwork:Enhance+1","floor":82.0},{"not_picked":["Clockwork:CraftVarja+1","Clockwork:SystemScan+1"],"picked":"Clockwork:SmithsMallet+1","floor":85.0},{"not_picked":["Clockwork:StasisBreak","Clockwork:Roundhouse+1","Clockwork:Friction+1"],"picked":"SKIP","floor":89.0},{"not_picked":["Clockwork:OccamsRazor","Clockwork:Redundancy+1","Clockwork:TestingEnvironment+1"],"picked":"SKIP","floor":90.0},{"not_picked":["Clockwork:Pluck","Clockwork:ReserveSystems+1","Clockwork:PerfectedShield+1"],"picked":"SKIP","floor":91.0},{"not_picked":["Clockwork:Pluck","Clockwork:ChargingBlade+1"],"picked":"Clockwork:CraftBloodPhial+1","floor":93.0},{"not_picked":["Clockwork:ForgeStrike+1","Clockwork:CogShield+1","Clockwork:AdaptiveCannon+1"],"picked":"SKIP","floor":94.0},{"not_picked":["Clockwork:CogBarrier+1","Clockwork:AeonShield+1","Clockwork:StasisBreak"],"picked":"SKIP","floor":95.0},{"not_picked":["Clockwork:PerfectedShield+1","Clockwork:Pluck","Clockwork:AssemblyLine"],"picked":"SKIP","floor":96.0},{"not_picked":["Clockwork:Pluck","Clockwork:RampUp+1","Clockwork:Friction+1"],"picked":"SKIP","floor":97.0},{"not_picked":["Clockwork:TimeOut+1","Clockwork:ForgeStrike"],"picked":"Clockwork:CraftVarja+1","floor":99.0},{"not_picked":["Clockwork:CraftVarja+1","Clockwork:OccamsRazor"],"picked":"Clockwork:CraftSomewhatSmoothStone+1","floor":102.0},{"not_picked":["Clockwork:Inspiration+1","Clockwork:WindupStrike"],"picked":"Clockwork:PerfectForm","floor":103.0},{"not_picked":["Clockwork:TiltAWhirl","Clockwork:OccamsRazor"],"picked":"Clockwork:EnthusiasticStrike","floor":106.0},{"not_picked":["Clockwork:ElasticNanites","Clockwork:SystemScan+1","Clockwork:Pluck"],"picked":"SKIP","floor":107.0},{"not_picked":["Clockwork:LiteraryArmor","Clockwork:Improve+1","Clockwork:CogToss"],"picked":"SKIP","floor":110.0},{"not_picked":["Clockwork:Friction","Clockwork:ChargingBlade"],"picked":"Clockwork:Enhance+1","floor":113.0},{"not_picked":["Clockwork:Redundancy","Clockwork:ReserveSystems+1"],"picked":"Clockwork:SmithsMallet","floor":115.0},{"not_picked":["Clockwork:AdaptiveCannon","Clockwork:Inspiration+1"],"picked":"Clockwork:SmithsMallet","floor":116.0},{"not_picked":["Clockwork:CogToss","Clockwork:HeadStart","Clockwork:Friction"],"picked":"SKIP","floor":119.0},{"not_picked":["Clockwork:SystemScan+1","Clockwork:Enhance+1"],"picked":"Clockwork:RevUp","floor":121.0},{"not_picked":["Clockwork:Halt+1","Clockwork:KaliMa"],"picked":"Clockwork:PerfectForm","floor":122.0},{"not_picked":["Clockwork:AdaptiveShield+1","Clockwork:Roundhouse+1","Clockwork:Redundancy+1"],"picked":"SKIP","floor":125.0},{"not_picked":["Clockwork:Friction","Clockwork:ChargingBlade","Clockwork:StasisBreak"],"picked":"SKIP","floor":126.0},{"not_picked":["Clockwork:CogShield+1","Clockwork:PerfectedStrike","Clockwork:Minimalism+1"],"picked":"SKIP","floor":128.0},{"not_picked":["Clockwork:QuantumStrike","Clockwork:OccamsRazor","Clockwork:UnlimitedCogworks"],"picked":"SKIP","floor":129.0},{"not_picked":["Clockwork:ElasticNanites","Clockwork:SearingStrike","Clockwork:SystemScan+1"],"picked":"SKIP","floor":130.0},{"not_picked":["Clockwork:SnapKeep","Clockwork:ChargingShield+1","Clockwork:ReserveSystems+1"],"picked":"SKIP","floor":131.0},{"not_picked":["Clockwork:SnapKeep","Clockwork:ChargingShield+1","Clockwork:ReserveSystems+1"],"picked":"SKIP","floor":131.0},{"not_picked":["Clockwork:HeadStart","Clockwork:SystemScan+1","Clockwork:Roundhouse"],"picked":"SKIP","floor":132.0},{"not_picked":["Clockwork:Selectivity+1","Clockwork:SearchingStrike+1","Clockwork:Pluck"],"picked":"SKIP","floor":135.0},{"not_picked":["Clockwork:LiteraryArmor","Clockwork:ReserveSystems+1","Clockwork:SpringShield+1"],"picked":"SKIP","floor":136.0},{"not_picked":["Clockwork:CogToss+1","Clockwork:MechanicalBulk+1","Clockwork:AdaptiveCannon"],"picked":"SKIP","floor":137.0},{"not_picked":["Clockwork:ForgeStrike+1","Clockwork:SystemHardening+1","Clockwork:FalseStart+1"],"picked":"SKIP","floor":138.0},{"not_picked":["Clockwork:Halt+1","Clockwork:ZeroPointEnergy"],"picked":"Clockwork:PerfectForm","floor":139.0},{"not_picked":["Clockwork:SystemScan+1","Clockwork:Friction+1","Clockwork:CogToss+1"],"picked":"SKIP","floor":142.0},{"not_picked":["Clockwork:AssemblyLine+1","Clockwork:AdaptiveCannon+1","Clockwork:SnapKeep"],"picked":"SKIP","floor":145.0},{"not_picked":["Clockwork:AdaptiveShield+1","Clockwork:SearingStrike","Clockwork:OccamsRazor+1"],"picked":"SKIP","floor":147.0},{"not_picked":["Clockwork:AdaptiveCannon+1","Clockwork:Scour+1","Clockwork:Downsize+1"],"picked":"SKIP","floor":151.0},{"not_picked":["Clockwork:HoardingStrike","Clockwork:MechanicalMass+1","Clockwork:ElasticNanites"],"picked":"SKIP","floor":155.0}],"player_experience":171109,"relics_obtained":[{"floor":10.0,"key":"infinitespire:Broken Mirror"},{"floor":12.0,"key":"infinitespire:Bottled Soul"},{"floor":14.0,"key":"Toxic Egg 2"},{"floor":22.0,"key":"Clockwork:BreathingRoom"},{"floor":22.0,"key":"InkBottle"},{"floor":24.0,"key":"Bottled Tornado"},{"floor":26.0,"key":"Blood Vial"},{"floor":27.0,"key":"Potion Belt"},{"floor":28.0,"key":"conspire:DecoderRing"},{"floor":41.0,"key":"Matryoshka"},{"floor":47.0,"key":"infinitespire:BottledMercury"},{"floor":58.0,"key":"Replay:Rubber Ducky"},{"floor":58.0,"key":"Divine Protection"},{"floor":71.0,"key":"Replay:WaspNest"},{"floor":92.0,"key":"conspire:Boomerang"},{"floor":124.0,"key":"WingedGreaves"},{"floor":133.0,"key":"conspire:DeflatedDodgeball"},{"floor":146.0,"key":"Replay:Ringing Soul"},{"floor":153.0,"key":"Ring of Greed"},{"floor":153.0,"key":"The Courier"},{"floor":153.0,"key":"Smiling Mask"},{"floor":154.0,"key":"Replay:Arrowhead"}],"event_choices":[{"damage_healed":0.0,"max_hp_gain":0.0,"max_hp_loss":0.0,"gold_gain":0.0,"event_name":"Scrap Ooze","player_choice":"Success","floor":5.0,"gold_loss":0.0,"damage_taken":3.0,"relics_obtained":["Pen Nib"]},{"damage_healed":0.0,"max_hp_gain":0.0,"max_hp_loss":0.0,"gold_gain":0.0,"event_name":"conspire:Investor","player_choice":"Leave","floor":54.0,"gold_loss":0.0,"damage_taken":0.0},{"damage_healed":0.0,"max_hp_gain":0.0,"max_hp_loss":0.0,"gold_gain":0.0,"event_name":"Mysterious Sphere","player_choice":"Fight","floor":92.0,"gold_loss":0.0,"damage_taken":0.0},{"damage_healed":0.0,"max_hp_gain":0.0,"max_hp_loss":0.0,"gold_gain":0.0,"event_name":"conspire:LoneGhost","player_choice":"Disagree","floor":109.0,"gold_loss":0.0,"damage_taken":0.0},{"damage_healed":0.0,"max_hp_gain":5.0,"max_hp_loss":0.0,"gold_gain":0.0,"event_name":"Big Fish","player_choice":"Donut","floor":117.0,"gold_loss":0.0,"damage_taken":0.0}],"is_beta":false,"boss_relics":[{"not_picked":["conspire:RunicOctahedron","Busted Crown"],"picked":"downfall:Hecktoplasm"},{"not_picked":["ReplayTheSpireMod:DimensionalGlitch","Ring of Chaos"],"picked":"SlaversCollar"},{"not_picked":["Kintsugi","Clockwork:BootleggersToolkit","Fusion Hammer"]},{"not_picked":["Snecko Eye","Cursed Key"],"picked":"Philosopher\u0027s Stone"},{"not_picked":["conspire:SeveredTorchhead","conspire:SpecialSausage"],"picked":"Black Star"},{"not_picked":["Busted Crown","Replay:Wanted Poster","Clockwork:PerpetualMotionMachine"]},{"not_picked":["conspire:RunicOctahedron","conspire:SlowCooker"],"picked":"conspire:RoyalGoblet"},{"not_picked":["Replay:Grab Bag","Fusion Hammer","Clockwork:BootleggersToolkit"]}],"items_purged_floors":[3,8,13,39,57],"is_endless":true,"potions_floor_spawned":[2,9,14,15,19,22,26,30,31,33,40,42,43,46,50,60,63,65,67,69,76,77,82,86,89,90,95,96,97,110,113,119,121,126,132,137,138,147,154],"killed_by":"conspire:OrnateMirror","ascension_level":3}}