{"host":"ds1yr10zonoc6w4a","time":1608852222,"event":{"mods":["2.2 Compatiblity","AchievementEnabler","Act Like it!","BaseMod","Downfall","Elementarium","Gensokyo","Infinite Spire","Jorbs\u0027s Wanderer Trilogy","Koishi","Menagerie","Minty Spire (QoL Compilation)","Pale of the Ancients","StSLib","The Animator","Wandering Minibosses","[IsaacMod]????","vexMod","??????REMEMod"],"gold_per_floor":[149,149,156,131,154,201,21,53,53,71,71,105,148,171,171,280,280,335,335,16,38,65,72,72],"floor_reached":23,"playtime":3388,"items_purged":["animator:Strike"],"score":295,"play_id":"3d4e1bad-635a-451a-8477-347cb158b2e8","local_time":"20201224162342","is_ascension_mode":true,"campfire_choices":[{"data":"animator:Shinoa","floor":15,"key":"SMITH"}],"circlet_count":0,"master_deck":["AscendersBane","animator:Strike_Fate+1","animator:Defend_Fate+1","animator:Strike+1","animator:Strike+1","animator:Defend+1","animator:Defend+1","animator:Defend+1","animator:Alexander","animator:Rider","EpicFetus","animator:Raven","Gensokyo:MorningStar+1","animator:Togame","animator:Archer","animator:Illya","animator:Benimaru","animator:KyokoSakura","animator:SakuraMatou","animator:Mitsuba","animator:Tyuule","animator:Shinoa+1","animator:EmiyaShirou","animator:Elesis","wanderingMiniBosses:FinaleOfPromise","animator:Tyuule","animator:Patchouli","animator:Canti","animator:Viivi","animator:YaoHaDucy+1","animator:TukaLunaMarceau+1"],"relics":["animator:LivingPicture","animator:TheMissingPiece","HushsDoor","REME_ComplimentaryCards","animator:PurgingStone","animator:PurgingStone","SalivaCoin","Question Card","Whetstone","infinitespire:FocusingShard","animator:HolyGrailRelic","wanderingMiniBosses:Blackblade"],"acts_visited":["Gensokyo:Gensokyo","TheCity"],"potions_floor_usage":[10,13,16,18,23],"damage_taken":[{"damage":14,"enemies":"Gensokyo:Gryphon","floor":1,"turns":6},{"damage":0,"enemies":"Gensokyo:3_Fairies","floor":5,"turns":4},{"damage":18,"enemies":"Gensokyo:Cirno","floor":6,"turns":7},{"damage":0,"enemies":"Gensokyo:2_Kodama","floor":8,"turns":2},{"damage":0,"enemies":"Gensokyo:Kitsune","floor":10,"turns":3},{"damage":6,"enemies":"Gensokyo:Aya","floor":12,"turns":5},{"damage":0,"enemies":"Gensokyo:LivingMonolith","floor":13,"turns":3},{"damage":7,"enemies":"Gensokyo:3_Kodama","floor":14,"turns":5},{"damage":7,"enemies":"Gensokyo:Kokoro","floor":16,"turns":9},{"damage":48,"enemies":"Spheric Guardian","floor":18,"turns":10},{"damage":4,"enemies":"Shell Parasite","floor":21,"turns":5},{"damage":14,"enemies":"Centurion and Healer","floor":22,"turns":7},{"damage":26,"enemies":"Gremlin Leader","floor":23,"turns":3}],"seed_played":"-5124799460825413096","potions_obtained":[{"floor":8,"key":"SneckoOil"},{"floor":12,"key":"REME_GoldPotion"},{"floor":14,"key":"CultistPotion"},{"floor":16,"key":"BlessingOfTheForge"},{"floor":22,"key":"AttackPotion"}],"is_trial":false,"path_per_floor":["M","T","?","?","M","E","$","M","T","M","?","E","M","M","R","B",null,"M","?","$","M","M","E"],"character_chosen":"THE_ANIMATOR","items_purchased":["animator:Benimaru","animator:KyokoSakura","animator:Patchouli","animator:Canti","animator:Viivi"],"campfire_rested":0,"item_purchase_floors":[7,7,20,20,20],"current_hp_per_floor":[45,45,39,39,39,22,22,22,22,22,28,22,22,16,16,9,66,20,20,20,16,2,0,0],"gold":72,"neow_bonus":"THREE_CARDS","is_daily":false,"chose_seed":false,"campfire_upgraded":1,"win_rate":0.0,"timestamp":1608852222,"path_taken":["M","?","?","?","?","E","$","M","T","M","?","E","M","M","R","BOSS","M","?","$","M","M","E"],"items_purchased_type":["Card","Card","Card","Card","Card"],"build_version":"2020-12-22","purchased_purges":1,"victory":false,"max_hp_per_floor":[66,66,66,66,66,67,67,67,67,67,73,73,73,74,74,74,82,84,84,84,81,78,75,75],"card_choices":[{"not_picked":[],"picked":"EpicFetus","floor":0.0},{"not_picked":["animator:SayakaMiki","animator:Shigure"],"picked":"animator:Raven","floor":0.0},{"not_picked":["animator:Viivi","animator:DolaStephanie"],"picked":"animator:Togame","floor":1},{"not_picked":["animator:Sebas","animator:Emonzaemon","animator:Fredrika"],"picked":"animator:Archer","floor":5},{"not_picked":["animator:RinTohsaka","animator:ZankiKiguchi","animator:Aqua"],"picked":"animator:Illya","floor":6},{"not_picked":["animator:ShinjiMatou","animator:Archer","animator:RinTohsaka"],"picked":"animator:SakuraMatou","floor":8},{"not_picked":["animator:SuzuneAmano","animator:Sebas","animator:Mitsurugi"],"picked":"animator:Mitsuba","floor":10},{"not_picked":["animator:Konayuki","animator:Jibril","animator:HighElfArcher"],"picked":"animator:Tyuule","floor":12},{"not_picked":["animator:Chung","animator:LizardPriest","animator:Mikaela"],"picked":"animator:Shinoa","floor":13},{"not_picked":["animator:Caster","animator:Rider","animator:Berserker"],"picked":"animator:EmiyaShirou","floor":14},{"not_picked":["animator:Albedo","animator:ChaikaTrabant","animator:Saitama"],"picked":"animator:Elesis","floor":16},{"not_picked":[],"picked":"wanderingMiniBosses:FinaleOfPromise","floor":18},{"not_picked":["animator:Cocytus","animator:Add","animator:YaoHaDucy"],"picked":"animator:Tyuule","floor":18},{"not_picked":["animator:Ara","animator:Laby","animator:Kazuma"],"picked":"animator:YaoHaDucy+1","floor":21},{"not_picked":["animator:Sonic","animator:Azekura","animator:RinTohsaka"],"picked":"animator:TukaLunaMarceau+1","floor":22}],"player_experience":528651,"relics_obtained":[{"floor":2,"key":"Question Card"},{"floor":6,"key":"Whetstone"},{"floor":12,"key":"infinitespire:FocusingShard"},{"floor":18,"key":"wanderingMiniBosses:Blackblade"}],"event_choices":[{"damage_healed":0,"gold_gain":0,"player_choice":"Simplicity","damage_taken":0,"max_hp_gain":0,"max_hp_loss":0,"event_name":"Back to Basics","floor":19,"gold_loss":0,"cards_upgraded":["animator:Defend_Fate","animator:Strike","animator:Strike","animator:Defend","animator:Defend","animator:Defend"]}],"is_beta":false,"boss_relics":[{"not_picked":["Runic Dome","Empty Cage"],"picked":"animator:HolyGrailRelic"},{"not_picked":[]}],"items_purged_floors":[7],"is_endless":false,"potions_floor_spawned":[8,12,14,16,22],"killed_by":"Gremlin Leader","ascension_level":10}}