{"host":"ci7ivtocgfxh0ueo","time":1608813494,"event":{"mods":["BaseMod","GifTheSpireLib","Minty Spire (QoL Compilation)","StSLib"],"gold_per_floor":[111,111,111,131,143,143,159,159,159],"floor_reached":8,"playtime":138,"items_purged":[],"score":89,"play_id":"96ee771f-71bf-47b7-9612-d21b99d42a0f","local_time":"20201224203814","is_ascension_mode":true,"campfire_choices":[{"data":"1","floor":6,"key":"LIFT"}],"circlet_count":0,"master_deck":["AscendersBane","Strike_G","Strike_G","Strike_G","Strike_G","Strike_G","Defend_G","Defend_G","Defend_G","Defend_G","Defend_G","Survivor","Neutralize+1","Acrobatics","Leg Sweep","Terror","Poisoned Stab"],"relics":["Ring of the Snake","NeowsBlessing","Girya"],"acts_visited":["Exordium"],"potions_floor_usage":[],"damage_taken":[{"damage":0,"enemies":"Jaw Worm","floor":1,"turns":1},{"damage":0,"enemies":"Cultist","floor":4,"turns":1},{"damage":0,"enemies":"2 Louse","floor":5,"turns":1},{"damage":19,"enemies":"Exordium Thugs","floor":7,"turns":6},{"damage":10,"enemies":"3 Sentries","floor":8,"turns":1}],"seed_played":"-4681409411059405819","potions_obtained":[{"floor":7,"key":"GamblersBrew"}],"is_trial":false,"path_per_floor":["M","?","?","M","M","R","M","E"],"character_chosen":"THE_SILENT","items_purchased":[],"campfire_rested":0,"item_purchase_floors":[],"current_hp_per_floor":[59,24,24,24,24,24,5,0,0],"gold":159,"neow_bonus":"THREE_ENEMY_KILL","is_daily":false,"chose_seed":false,"campfire_upgraded":0,"win_rate":0.0,"timestamp":1608813494,"path_taken":["M","?","?","M","?","R","M","E"],"items_purchased_type":[],"build_version":"2020-12-22","purchased_purges":0,"victory":false,"max_hp_per_floor":[66,66,66,66,66,66,66,66,66],"card_choices":[{"not_picked":["Slice","Cloak And Dagger"],"picked":"Acrobatics","floor":1},{"not_picked":["Deflect","All Out Attack"],"picked":"Leg Sweep","floor":4},{"not_picked":["Dodge and Roll","Poisoned Stab"],"picked":"Terror","floor":5},{"not_picked":["Tactician","Predator"],"picked":"Poisoned Stab","floor":7}],"player_experience":1290504,"relics_obtained":[],"event_choices":[{"damage_healed":0,"gold_gain":0,"player_choice":"Success","damage_taken":35,"relics_obtained":["Girya"],"max_hp_gain":0,"max_hp_loss":0,"event_name":"Scrap Ooze","floor":2,"gold_loss":0},{"damage_healed":0,"gold_gain":0,"player_choice":"Upgraded","damage_taken":0,"max_hp_gain":0,"max_hp_loss":0,"event_name":"Upgrade Shrine","floor":3,"gold_loss":0,"cards_upgraded":["Neutralize"]}],"is_beta":false,"boss_relics":[],"items_purged_floors":[],"is_endless":false,"potions_floor_spawned":[7],"killed_by":"3 Sentries","ascension_level":17}}