{"host":"ixl9a8gzl87gveif","time":1608822107,"event":{"mods":["2.2 Compatiblity","BaseMod","Better Note","Colored Map","Colored Powertips","Minty Spire (QoL Compilation)","Permanent Neow","Relic Stats","StSLib","everything is the same but u backflip on backflip"],"gold_per_floor":[165,180,180,191,206,206,206,206],"floor_reached":7,"playtime":288,"items_purged":[],"score":86,"play_id":"5fc8b1bb-f792-4e13-a216-1c55f5e82dfe","local_time":"20201224150147","is_ascension_mode":true,"campfire_choices":[{"floor":6,"key":"REST"}],"circlet_count":0,"master_deck":["AscendersBane","Strike_B","Strike_B","Strike_B+1","Strike_B","Defend_B","Defend_B","Defend_B","Defend_B","Zap","Dualcast","Static Discharge","Rip and Tear","Defragment","Redo","Seek"],"relics":["Tiny House","TungstenRod"],"acts_visited":["Exordium"],"potions_floor_usage":[5,7],"damage_taken":[{"damage":1,"enemies":"Cultist","floor":1,"turns":3},{"damage":2,"enemies":"Jaw Worm","floor":2,"turns":3},{"damage":0,"enemies":"2 Louse","floor":4,"turns":2},{"damage":28,"enemies":"Exordium Wildlife","floor":5,"turns":5},{"damage":34,"enemies":"Gremlin Nob","floor":7,"turns":3}],"seed_played":"-4033840447531596870","potions_obtained":[{"floor":0,"key":"EssenceOfSteel"},{"floor":1,"key":"EssenceOfSteel"}],"is_trial":false,"path_per_floor":["M","M","?","M","M","R","E"],"character_chosen":"DEFECT","items_purchased":[],"campfire_rested":1,"item_purchase_floors":[],"current_hp_per_floor":[68,66,40,40,12,34,0,0],"gold":206,"neow_bonus":"BOSS_RELIC","is_daily":false,"chose_seed":false,"campfire_upgraded":0,"win_rate":0.0,"timestamp":1608822107,"path_taken":["M","?","?","M","M","R","E"],"items_purchased_type":[],"build_version":"2020-12-22","purchased_purges":0,"victory":false,"max_hp_per_floor":[76,76,76,76,76,76,76,76],"relic_stats":{"counters":[5,16],"obtain_stats":[{"Tiny House":0,"Cracked Core":0,"TungstenRod":3},{"Tiny House":0,"Cracked Core":0,"TungstenRod":2},{"Tiny House":0,"Cracked Core":0,"TungstenRod":6}],"TungstenRod":5},"card_choices":[{"not_picked":["Skim","Redo"],"picked":"Static Discharge","floor":0},{"not_picked":["Doom and Gloom","Cold Snap"],"picked":"Rip and Tear","floor":1},{"not_picked":["Barrage","Beam Cell"],"picked":"Defragment","floor":2},{"not_picked":["Turbo","Go for the Eyes"],"picked":"Redo","floor":4},{"not_picked":["Coolheaded","Go for the Eyes"],"picked":"Seek","floor":5}],"player_experience":348779,"relics_obtained":[],"event_choices":[{"damage_healed":0,"gold_gain":0,"player_choice":"Success","damage_taken":26,"relics_obtained":["TungstenRod"],"max_hp_gain":0,"max_hp_loss":0,"event_name":"Scrap Ooze","floor":3,"gold_loss":0}],"is_beta":false,"boss_relics":[],"items_purged_floors":[],"is_endless":false,"potions_floor_spawned":[1],"killed_by":"Gremlin Nob","ascension_level":20}}