{"host":"1rf9pknejqhzkc4o","time":1608848422,"event":{"mods":["BaseMod","Better Altar","Better Match","Better Note","Better Sensory Stone","Better Skull","Better Third Choice","Colored Map","Colored Powertips","Communication Mod","Minty Spire (QoL Compilation)","Quick Restart","RNG Fix","Rare Cards Sparkle","Relic Stats","StSLib","The Marked"],"gold_per_floor":[118,134,134,134,209,248,264,288,339,339,360,310,341,72,72,72,72],"floor_reached":16,"playtime":995,"items_purged":[],"score":125,"play_id":"942fe813-3cf5-41fb-8944-137c2d45decb","local_time":"20201225012022","is_ascension_mode":false,"campfire_choices":[{"floor":10,"key":"REST"},{"floor":15,"key":"REST"}],"circlet_count":0,"master_deck":["theMarked:Strike","theMarked:Strike","theMarked:Strike","theMarked:Strike","theMarked:Strike","theMarked:Defend","theMarked:Defend","theMarked:Defend","theMarked:Defend","theMarked:SoldierOfQuellstein","theMarked:RepellingDischarge","theMarked:HeightenedSenses","theMarked:ElectricStrings","theMarked:RepellingDischarge","theMarked:Electrocute","theMarked:WardOff","theMarked:SwordAndMagic","theMarked:TwofoldDefense","theMarked:Parkour","theMarked:ElectricStrings"],"relics":["theMarked:ArtifactOfAir","NeowsBlessing","Golden Idol","Ancient Tea Set","Anchor","Odd Mushroom","MealTicket"],"acts_visited":["Exordium"],"potions_floor_usage":[16,16],"damage_taken":[{"damage":0,"enemies":"Cultist","floor":1,"turns":1},{"damage":0,"enemies":"2 Louse","floor":2,"turns":1},{"damage":0,"enemies":"Gremlin Nob","floor":6,"turns":1},{"damage":1,"enemies":"Jaw Worm","floor":7,"turns":4},{"damage":4,"enemies":"Red Slaver","floor":8,"turns":5},{"damage":5,"enemies":"3 Louse","floor":11,"turns":5},{"damage":21,"enemies":"The Mushroom Lair","floor":13,"turns":6},{"damage":70,"enemies":"The Guardian","floor":16,"turns":18}],"seed_played":"3068177063378232031","potions_obtained":[{"floor":1,"key":"SmokeBomb"},{"floor":8,"key":"SteroidPotion"},{"floor":13,"key":"Swift Potion"}],"is_trial":false,"path_per_floor":["M","M","?","?","?","E","M","M","T","R","M","?","?","$","R","B"],"character_chosen":"THE_DEFAULT","items_purchased":["theMarked:TwofoldDefense","theMarked:Parkour","theMarked:ElectricStrings","MealTicket"],"campfire_rested":2,"item_purchase_floors":[14,14,14,14],"current_hp_per_floor":[70,70,70,70,59,59,58,54,54,70,65,65,44,44,65,0,0],"gold":72,"neow_bonus":"THREE_ENEMY_KILL","is_daily":false,"chose_seed":false,"campfire_upgraded":0,"win_rate":0.0,"timestamp":1608848422,"path_taken":["M","M","?","?","?","E","M","M","T","R","M","?","?","$","R","BOSS"],"items_purchased_type":["Card","Card","Card","Relic"],"build_version":"2020-12-22","purchased_purges":0,"victory":false,"max_hp_per_floor":[70,70,70,70,70,70,70,70,70,70,70,70,70,70,70,70,70],"relic_stats":{"counters":[8,41],"Golden Idol":26,"MealTicket":0,"obtain_stats":[{"theMarked:ArtifactOfAir":0,"Anchor":9,"NeowsBlessing":0,"Golden Idol":4,"MealTicket":14,"Odd Mushroom":13,"Ancient Tea Set":6},{"theMarked:ArtifactOfAir":0,"Anchor":5,"NeowsBlessing":0,"Golden Idol":2,"MealTicket":7,"Odd Mushroom":7,"Ancient Tea Set":3},{"theMarked:ArtifactOfAir":0,"Anchor":12,"NeowsBlessing":0,"Golden Idol":2,"MealTicket":23,"Odd Mushroom":23,"Ancient Tea Set":3}]},"card_choices":[{"not_picked":["theMarked:Opportunist","theMarked:WastefulAttack"],"picked":"theMarked:RepellingDischarge","floor":1},{"not_picked":["theMarked:Improvise","theMarked:TunnelVision"],"picked":"theMarked:HeightenedSenses","floor":2},{"not_picked":["theMarked:ContemptForTheProud","theMarked:TurnInvisible"],"picked":"theMarked:ElectricStrings","floor":6},{"not_picked":["theMarked:Static","theMarked:KeepCalmAndFightOn"],"picked":"theMarked:RepellingDischarge","floor":7},{"not_picked":["theMarked:Aftermath","theMarked:Overthink"],"picked":"theMarked:Electrocute","floor":8},{"not_picked":["theMarked:Frustration","theMarked:Indomitable"],"picked":"theMarked:WardOff","floor":11},{"not_picked":["theMarked:Overthink","theMarked:DeterminationOfTheMarked"],"picked":"theMarked:SwordAndMagic","floor":13}],"player_experience":150612,"relics_obtained":[{"floor":6,"key":"Ancient Tea Set"},{"floor":9,"key":"Anchor"},{"floor":13,"key":"Odd Mushroom"}],"event_choices":[{"damage_healed":0,"gold_gain":0,"player_choice":"Ignored","damage_taken":0,"max_hp_gain":0,"max_hp_loss":0,"event_name":"Golden Wing","floor":3,"gold_loss":0},{"damage_healed":0,"gold_gain":0,"player_choice":"Take Wound","damage_taken":0,"relics_obtained":["Golden Idol"],"max_hp_gain":0,"max_hp_loss":0,"event_name":"Golden Idol","floor":4,"gold_loss":0,"cards_obtained":["Injury"]},{"damage_healed":0,"gold_gain":75,"player_choice":"Gold","damage_taken":11,"max_hp_gain":0,"max_hp_loss":0,"event_name":"betterThird:BetterGoop","floor":5,"gold_loss":0},{"cards_removed":["Injury"],"damage_healed":0,"gold_gain":0,"player_choice":"Card Removal","damage_taken":0,"max_hp_gain":0,"max_hp_loss":0,"event_name":"The Cleric","floor":12,"gold_loss":50},{"damage_healed":0,"gold_gain":0,"player_choice":"Fought Mushrooms","damage_taken":0,"max_hp_gain":0,"max_hp_loss":0,"event_name":"Mushrooms","floor":13,"gold_loss":0}],"is_beta":false,"boss_relics":[],"items_purged_floors":[],"is_endless":false,"potions_floor_spawned":[1,8,13],"killed_by":"The Guardian","ascension_level":0}}