{"host":"bp73yv6vym73vckj","time":1608824904,"event":{"mods":["BaseMod","Colored Powertips","Conspire","Downfall","Hermit","Highlight Path","Hubris","Infinite Spire","Ironclad Rager","Minty Spire (QoL Compilation)","Quick Restart","Replay The Spire","StSLib","The Construct","The Cursed","The Hierophant","The IronCluck","The Runesmith"],"gold_per_floor":[99,118,136,150,14,14,67,98,58,43,57,76,90,90,102,198,198,198,208,223,223,223,254,301,301,313,328,362,381,1,16,27,129,129,129,143,61,76,92,17,17,51,51,69,69,102,102,102,119,119],"floor_reached":51,"playtime":6399,"items_purged":["Zap"],"score":997,"play_id":"7b09b5f2-4fbc-4cfa-b5d6-6f4426e710ed","local_time":"20201224104824","is_ascension_mode":true,"campfire_choices":[{"floor":1,"key":"DIG"},{"data":"Guardian:ArmoredProtocol","floor":6,"key":"SMITH"},{"data":"Guardian:CompilePackage","floor":18,"key":"SMITH"},{"floor":25,"key":"REST"},{"floor":35,"key":"DIG"},{"data":"Guardian:CompilePackage","floor":40,"key":"SMITH"},{"floor":43,"key":"RECALL"}],"circlet_count":0,"master_deck":["Guardian:Strike_Guardian","Guardian:Strike_Guardian","Guardian:Strike_Guardian","Guardian:Defend_Guardian","Guardian:Defend_Guardian","Guardian:Defend_Guardian","Guardian:Defend_Guardian","Guardian:CurlUp","Guardian:TwinSlam","Guardian:Recover","Guardian:Recover","Guardian:ArmoredProtocol+1","Guardian:TimeSifter","Guardian:ShieldCharger","Guardian:Preprogram","Guardian:Harden","Guardian:SpikerProtocol+1","Guardian:PiercingHide","Guardian:FuturePlans+1","Guardian:FloatingOrbs+1","Guardian:TimeBomb","Guardian:ChargeUp","Guardian:CompilePackage+1","Guardian:ChargeCore","Guardian:GemFinder+1","CurseOfTheBell","Guardian:CrystalBeam","Guardian:RollAttack","TheCursedMod:Dregs","Guardian:RevengeProtocol+1","expansioncontent:PolyBeam","hubris:Fate","Guardian:Clone","Guardian:Gem_Cyan","Guardian:ShieldCharger","Guardian:Gem_Green","Guardian:PiercingHide+1","Guardian:CompilePackage+1","Guardian:Gem_Cyan","Guardian:TemporalShield+1","Guardian:Suspension+1","Guardian:TimeCapacitor+1","Guardian:StasisField","Guardian:ShieldSpikes+1","Guardian:Gem_Cyan","Guardian:Gem_Cyan","Guardian:SpikerProtocol+1","Guardian:StasisEngine+1","Guardian:Gem_Cyan","Guardian:Gem_Cyan","Guardian:Gem_Cyan","Guardian:ShieldCharger+1","Clumsy","Guardian:Gem_Cyan","Guardian:Suspension","Guardian:TimeCapacitor+1","Guardian:Suspension","Guardian:CrystalBeam+1","Guardian:Gem_Green","Guardian:Gem_Cyan","Guardian:Emergency+1","Parasite","Guardian:Incinerate","Guardian:Gem_Cyan","Guardian:Gem_Cyan","Guardian:Gem_Fragmented","hubris:Fate","Guardian:Gem_Cyan","Guardian:Gem_Cyan","Guardian:Preprogram"],"relics":["Guardian:ModeShifter","hubris:TenFootPole","Frozen Egg 2","Calling Bell","Toy Ornithopter","HornCleat","Torii","ReplayTheSpireMod:SealedPack","hubris:Towel","ReplayTheSpireMod:TigerMarble","Tiny Chest","Bird Faced Urn","Guardian:StasisUpgradeRelic","Ring of Chaos","hubris:DeckOfHolding","ReplayTheSpireMod:CursedCoin","downfall:HeartBlessingBlue","Iron Hammer","conspire:BottledYoYo","Replay:Rubber Ducky","Happy Flower"],"acts_visited":["Exordium","TheCity","TheBeyond"],"potions_floor_usage":[8,16,33,42,50],"damage_taken":[{"damage":0,"enemies":"Cultist","floor":2,"turns":4},{"damage":6,"enemies":"Jaw Worm","floor":3,"turns":4},{"damage":0,"enemies":"Small Slimes","floor":4,"turns":4},{"damage":0,"enemies":"downfall:FleeingMerchant","floor":5,"turns":4},{"damage":29,"enemies":"Gremlin Nob","floor":8,"turns":7},{"damage":3,"enemies":"downfall:FleeingMerchant","floor":9,"turns":4},{"damage":12,"enemies":"downfall:FleeingMerchant","floor":10,"turns":4},{"damage":0,"enemies":"3 Louse","floor":11,"turns":3},{"damage":0,"enemies":"Large Slime","floor":12,"turns":7},{"damage":8,"enemies":"3 Louse","floor":13,"turns":4},{"damage":0,"enemies":"2 Fungi Beasts","floor":15,"turns":4},{"damage":10,"enemies":"downfall:Ironclad","floor":16,"turns":7},{"damage":0,"enemies":"Spheric Guardian","floor":19,"turns":5},{"damage":2,"enemies":"Chosen","floor":20,"turns":5},{"damage":20,"enemies":"conspire:SneckoGhost","floor":23,"turns":9},{"damage":7,"enemies":"Centurion and Healer","floor":26,"turns":4},{"damage":14,"enemies":"Snecko","floor":27,"turns":6},{"damage":0,"enemies":"Gremlin Leader","floor":28,"turns":7},{"damage":1,"enemies":"Cultist and Chosen","floor":29,"turns":6},{"damage":0,"enemies":"downfall:FleeingMerchant","floor":30,"turns":4},{"damage":0,"enemies":"Chosen and Byrds","floor":31,"turns":4},{"damage":0,"enemies":"Shelled Parasite and Fungi","floor":32,"turns":5},{"damage":0,"enemies":"downfall:Silent","floor":33,"turns":8},{"damage":1,"enemies":"3 Darklings","floor":36,"turns":5},{"damage":0,"enemies":"downfall:FleeingMerchant","floor":37,"turns":4},{"damage":5,"enemies":"3 Shapes","floor":38,"turns":6},{"damage":15,"enemies":"Jaw Worm Horde","floor":39,"turns":5},{"damage":18,"enemies":"Nemesis","floor":42,"turns":7},{"damage":15,"enemies":"Writhing Mass","floor":44,"turns":4},{"damage":30,"enemies":"Reptomancer","floor":46,"turns":6},{"damage":0,"enemies":"Transient","floor":49,"turns":5},{"damage":0,"enemies":"downfall:Defect","floor":50,"turns":7}],"seed_played":"-5171577281038926044","potions_obtained":[{"floor":3,"key":"Energy Potion"},{"floor":12,"key":"BlessingOfTheForge"},{"floor":13,"key":"AttackPotion"},{"floor":15,"key":"DuplicationPotion"},{"floor":19,"key":"Venom Potion"},{"floor":26,"key":"GamblersBrew"},{"floor":27,"key":"PowerPotion"},{"floor":31,"key":"Guardian:DefensiveModePotion"},{"floor":36,"key":"Swift Potion"},{"floor":44,"key":"SteroidPotion"},{"floor":46,"key":"GamblersBrew"},{"floor":49,"key":"Adrenaline Potion"}],"is_trial":false,"path_per_floor":["R","M","M","M","$","R","T","E","$","$","M","M","M","?","M","B",null,"R","M","M","AVR","?","E","T","R","M","M","E","M","$","M","M","B",null,"R","M","$","M","M","R","T","E","R","M","?","E","AVR","?","M","B",null],"character_chosen":"GUARDIAN","items_purchased":["Guardian:ShieldCharger","Guardian:Preprogram","Guardian:PiercingHide","Guardian:StasisUpgradeRelic","Guardian:TimeCapacitor+1","Guardian:StasisField","ReplayTheSpireMod:CursedCoin","Guardian:Gem_Cyan","Guardian:Suspension","Guardian:TimeCapacitor+1"],"campfire_rested":1,"item_purchase_floors":[5,5,9,30,30,30,37,37,37,37],"current_hp_per_floor":[80,80,74,74,74,74,74,45,42,30,30,30,22,22,22,12,80,80,80,78,78,78,58,58,80,73,59,59,70,80,80,80,80,80,80,80,80,80,75,85,85,87,87,79,79,71,71,71,90,90],"gold":119,"neow_bonus":"THREE_CARDS","is_daily":false,"chose_seed":false,"campfire_upgraded":3,"win_rate":0.0,"timestamp":1608824904,"path_taken":["R","M","M","M","$","R","T","E","?","$","M","?","M","?","M","BOSS","R","M","M","AVR","?","E","T","R","M","M","E","M","$","M","M","BOSS","R","M","$","M","M","R","T","E","R","M","?","E","AVR","?","M","BOSS"],"items_purchased_type":["Card","Card","Card","Relic","Card","Card","Relic","Card","Card","Card"],"build_version":"2020-12-22","purchased_purges":1,"victory":true,"max_hp_per_floor":[80,80,80,80,80,80,80,80,80,80,80,80,80,80,80,80,80,80,80,80,80,80,80,80,80,80,80,80,80,80,80,80,80,80,80,80,80,80,80,90,90,90,90,90,90,90,90,90,90,90],"card_choices":[{"not_picked":["Guardian:Suspension","Guardian:PrimingBeam"],"picked":"Guardian:Recover","floor":0},{"not_picked":["Guardian:Gem_Red","Guardian:Gem_Blue"],"picked":"Guardian:Recover","floor":2},{"not_picked":["Guardian:TemporalStrike","Guardian:Planning"],"picked":"Guardian:ArmoredProtocol","floor":3},{"not_picked":["Guardian:Gem_Cyan","Guardian:PolyBeam"],"picked":"Guardian:TimeSifter","floor":4},{"not_picked":["Guardian:Gem_Cyan","Guardian:CrystalBeam"],"picked":"Guardian:Gem_Green","floor":5},{"not_picked":["Guardian:WalkerClaw","Guardian:VentSteam"],"picked":"Guardian:Harden","floor":8},{"not_picked":["Guardian:TemporalShield","Guardian:TemporalStrike"],"picked":"Guardian:SpikerProtocol+1","floor":9},{"not_picked":["Guardian:TemporalStrike","Guardian:VentSteam"],"picked":"Guardian:FuturePlans+1","floor":10},{"not_picked":["Guardian:VentSteam","Guardian:Gem_Cyan"],"picked":"Guardian:FloatingOrbs+1","floor":11},{"not_picked":["Guardian:Planning","Guardian:ChargeUp"],"picked":"Guardian:TimeBomb","floor":12},{"not_picked":["Guardian:VentSteam","Guardian:FloatingOrbs+1"],"picked":"Guardian:ChargeUp","floor":13},{"not_picked":["Guardian:Gem_Fragmented","Guardian:Preprogram"],"picked":"Guardian:ChargeCore","floor":15},{"not_picked":["Guardian:FastForward","Guardian:FierceBash"],"picked":"Guardian:GemFinder+1","floor":16},{"not_picked":["Guardian:Gem_Red","Guardian:Gem_Lightblue"],"picked":"Guardian:Gem_Green","floor":19},{"not_picked":["Guardian:FuturePlans+1","Guardian:Planning"],"picked":"Guardian:CrystalBeam","floor":19},{"not_picked":["Guardian:Gem_Green","Guardian:Gem_Red"],"picked":"Guardian:Gem_Cyan","floor":20},{"not_picked":["Guardian:MultiBeam","Guardian:ShieldSpikes"],"picked":"Guardian:RollAttack","floor":20},{"not_picked":["Vigilance","hierophant:Punish"],"picked":"Zap","floor":21},{"not_picked":["Guardian:Gem_Synthetic","Guardian:GemFire"],"picked":"Guardian:RevengeProtocol","floor":21},{"not_picked":["Survey Options","expansioncontent:Torchfire"],"picked":"expansioncontent:PolyBeam","floor":21},{"not_picked":["infinitespire:Starlight","hubris:InfiniteBlow+2"],"picked":"hubris:Fate","floor":21},{"not_picked":["Guardian:Gem_Lightblue","Guardian:Gem_Green"],"picked":"Guardian:Gem_Cyan","floor":23},{"not_picked":["Guardian:Gem_Lightblue","Guardian:Gem_Red"],"picked":"Guardian:Gem_Green","floor":23},{"not_picked":["Guardian:Gem_Cyan","Guardian:Orbwalk+1"],"picked":"Guardian:Clone","floor":23},{"not_picked":["Guardian:Gem_Red","Guardian:Gem_Lightblue"],"picked":"Guardian:Gem_Cyan","floor":26},{"not_picked":["Guardian:Gem_Lightblue","Guardian:Gem_Red"],"picked":"Guardian:Gem_Green","floor":26},{"not_picked":["Guardian:Gem_Lightblue","Guardian:Incinerate+1"],"picked":"Guardian:ShieldCharger","floor":26},{"not_picked":["Guardian:Gem_Red","Guardian:Gem_Cyan"],"picked":"Guardian:Gem_Green","floor":27},{"not_picked":["Guardian:Gem_Red","Guardian:Gem_Lightblue"],"picked":"Guardian:Gem_Cyan","floor":27},{"not_picked":["Guardian:Gem_Crimson","Guardian:VentSteam"],"picked":"Guardian:PiercingHide+1","floor":27},{"not_picked":["Guardian:Gem_Lightblue","Guardian:Gem_Red"],"picked":"Guardian:Gem_Green","floor":28},{"not_picked":["Guardian:Gem_Lightblue","Guardian:Gem_Red"],"picked":"Guardian:Gem_Cyan","floor":28},{"not_picked":["Guardian:Gem_Green","Guardian:Gem_Lightblue"],"picked":"Guardian:CompilePackage","floor":28},{"not_picked":["Guardian:Gem_Red","Guardian:Gem_Lightblue"],"picked":"Guardian:Gem_Green","floor":29},{"not_picked":["Guardian:Gem_Lightblue","Guardian:Gem_Red"],"picked":"Guardian:Gem_Cyan","floor":29},{"not_picked":["Guardian:Gem_Green","Guardian:Incinerate"],"picked":"Guardian:TemporalShield+1","floor":29},{"not_picked":["Guardian:Reroute","Guardian:TimeBomb"],"picked":"Guardian:Suspension+1","floor":30},{"not_picked":["Guardian:FloatingOrbs+1","Guardian:RollAttack+1"],"picked":"Guardian:ShieldSpikes+1","floor":31},{"not_picked":["Guardian:Gem_Red","Guardian:Gem_Lightblue"],"picked":"Guardian:Gem_Cyan","floor":32},{"not_picked":["Guardian:Gem_Green","Guardian:Gem_Red"],"picked":"Guardian:Gem_Cyan","floor":32},{"not_picked":["Guardian:Gem_Red","Guardian:TemporalShield"],"picked":"Guardian:SpikerProtocol+1","floor":32},{"not_picked":["Guardian:CompilePackage","Guardian:ConstructionForm+1"],"picked":"Guardian:StasisEngine+1","floor":33},{"not_picked":["Guardian:Gem_Lightblue","Guardian:Gem_Green"],"picked":"Guardian:Gem_Cyan","floor":36},{"not_picked":["Guardian:Gem_Lightblue","Guardian:Gem_Green"],"picked":"Guardian:Gem_Cyan","floor":36},{"not_picked":["Guardian:ChargeUp+1","Guardian:PolyBeam+1"],"picked":"Guardian:Gem_Cyan","floor":36},{"not_picked":["Guardian:Gem_Lightblue","Guardian:TemporalShield+1"],"picked":"Guardian:ShieldCharger+1","floor":37},{"not_picked":["Guardian:RollAttack+1","Guardian:ChargeUp+1"],"picked":"Guardian:Suspension","floor":38},{"not_picked":["Guardian:RollAttack","Guardian:ChargeCore"],"picked":"Guardian:CrystalBeam+1","floor":39},{"not_picked":["Guardian:Gem_Red","Guardian:Gem_Lightblue"],"picked":"Guardian:Gem_Green","floor":42},{"not_picked":["Guardian:Gem_Red","Guardian:Gem_Green"],"picked":"Guardian:Gem_Cyan","floor":42},{"not_picked":["Guardian:Suspension","Guardian:TemporalStrike"],"picked":"Guardian:Emergency+1","floor":42},{"not_picked":["Guardian:TemporalStrike+1","Guardian:RollAttack"],"picked":"Guardian:Incinerate","floor":44},{"not_picked":["Guardian:Gem_Lightblue","Guardian:Gem_Red"],"picked":"Guardian:Gem_Cyan","floor":46},{"not_picked":["Guardian:Gem_Green","Guardian:Gem_Lightblue"],"picked":"Guardian:Gem_Cyan","floor":46},{"not_picked":["Guardian:GuardianWhirl","Guardian:DecasProtection"],"picked":"Guardian:Gem_Fragmented","floor":46},{"not_picked":["Guardian:Gem_Lightblue","Guardian:Gem_Green"],"picked":"Guardian:Gem_Cyan","floor":49},{"not_picked":["Guardian:Gem_Lightblue","Guardian:Gem_Red"],"picked":"Guardian:Gem_Cyan","floor":49},{"not_picked":["Guardian:TimeBomb","Guardian:Reroute+1"],"picked":"Guardian:Preprogram","floor":49}],"player_experience":988635,"relics_obtained":[{"floor":1,"key":"hubris:TenFootPole"},{"floor":8,"key":"Frozen Egg 2"},{"floor":17,"key":"Toy Ornithopter"},{"floor":17,"key":"HornCleat"},{"floor":17,"key":"Torii"},{"floor":23,"key":"ReplayTheSpireMod:TigerMarble"},{"floor":24,"key":"Tiny Chest"},{"floor":28,"key":"Bird Faced Urn"},{"floor":35,"key":"hubris:DeckOfHolding"},{"floor":41,"key":"Iron Hammer"},{"floor":42,"key":"conspire:BottledYoYo"},{"floor":46,"key":"Replay:Rubber Ducky"}],"event_choices":[{"cards_removed":["Guardian:Strike_Guardian"],"damage_healed":0,"gold_gain":0,"player_choice":"Removed Attack","damage_taken":0,"max_hp_gain":0,"max_hp_loss":0,"event_name":"Falling","floor":48,"gold_loss":0}],"is_beta":false,"boss_relics":[{"not_picked":["ChewingGum","conspire:SpecialSausage"],"picked":"Calling Bell"},{"not_picked":["Honey Jar","conspire:RunicOctahedron"],"picked":"Ring of Chaos"}],"items_purged_floors":[37],"is_endless":false,"potions_floor_spawned":[3,12,13,15,19,23,26,27,31,36,44,46,49],"ascension_level":1}}