{"host":"fhq3k2nq5elnbks3","time":1608787076,"event":{"mods":["2.2 Compatiblity","AchievementEnabler","Act Like it!","AlwaysNeverKeys","Aspiration","Astrologer","Bard","BaseMod","Better Altar","Better Vampires","Better-Laid Plans","Block Reminder","CCEM","CapriCore","Card Filter","Colored Powertips","Conspire","Displayed Cursed Tome","Downfall","Ekko","Energized Spire","Fireblade Mod","Friendly Minions","FutureSeer","GifTheSpireLib","Gremlin Mod","Gremlin Skip","Hermit","HololiveMod","Hunter ??","Infinite Spire","Ironclad Rager","Jorbs\u0027s Wanderer Trilogy","Koishi","Mad Scientist","Magitek Elite","Marisa????????","Mathemortician","Minty Spire (QoL Compilation)","Onozuka Komachi Mod","Pale of the Ancients","Permanent Neow","Prisma Mod","Quick Restart","Reimu??????","Relic Filter","Replay The Spire","Robot Space Explorer","Shop Mod","Somnambulant","Spikes Relics","StSLib","Stuff the Spire","SuperFastMode","Td1madao Mod","The Blackbeard","The Cursed","The Death Knight","The Druid","The Exordian Avenger","The Gatherer","The Hierophant","The Marked","The Necromancer","The Runesmith","The Servant 0.9.4","The Trickster","The Valiant","The Wild Card","The Witch","TheBandit","Trackpad","Transform Curses","Uncapped","Unknown Chances","Wandering Minibosses","Yuri Mod","thorton","vexMod"],"gold_per_floor":[113,188,202,213,223,223,237,237,237,263,263,263,282,294,294,294,294],"floor_reached":16,"playtime":790,"items_purged":[],"score":94,"play_id":"375e823c-04dc-466f-b80b-0210593a6981","local_time":"20201223231756","is_ascension_mode":false,"campfire_choices":[{"data":"PlagueSpreader","floor":6,"key":"SMITH"},{"data":"SummonCatFamiliar","floor":8,"key":"SMITH"},{"data":"ZombieSpit","floor":12,"key":"SMITH"}],"circlet_count":0,"master_deck":["Strike_Witch","Strike_Witch","Strike_Witch","Strike_Witch","Defend_Witch","Defend_Witch","Defend_Witch","Defend_Witch","Hexguard","ZombieSpit+1","Harmlessness","PlagueSpreader+1","SummonCatFamiliar+1"],"relics":["BlackCat","aspiration:Nostalgia","hierophant:PropheticMaskRelic","infinitespire:CheckeredPen","Ancient Tea Set"],"acts_visited":["Exordium"],"potions_floor_usage":[16],"damage_taken":[{"damage":0,"enemies":"2 Louse","floor":1,"turns":3},{"damage":0,"enemies":"Jaw Worm","floor":3,"turns":4},{"damage":0,"enemies":"conspire:RoseBush","floor":4,"turns":3},{"damage":2,"enemies":"3 Louse","floor":5,"turns":4},{"damage":34,"enemies":"Blue Slaver","floor":7,"turns":5},{"damage":7,"enemies":"Exordium Thugs","floor":13,"turns":4},{"damage":5,"enemies":"2 Fungi Beasts","floor":14,"turns":4},{"damage":27,"enemies":"Slime Boss","floor":16,"turns":6}],"seed_played":"1616727926605315307","potions_obtained":[{"floor":1,"key":"Dexterity Potion"},{"floor":3,"key":"Dexterity Potion"},{"floor":7,"key":"Regen Potion"}],"is_trial":false,"path_per_floor":["M","?","M","M","M","R","M","R","T","T","?","R","M","M","R","B"],"character_chosen":"WITCH","items_purchased":[],"campfire_rested":0,"item_purchase_floors":[],"current_hp_per_floor":[67,56,56,56,54,54,20,20,20,20,20,20,13,8,28,1,1],"gold":294,"neow_bonus":"NOSTALGIA","is_daily":false,"chose_seed":false,"campfire_upgraded":3,"win_rate":0.0,"timestamp":1608787076,"path_taken":["M","?","M","M","M","R","M","R","T","?","?","R","M","M","R","BOSS"],"items_purchased_type":[],"build_version":"2020-12-22","purchased_purges":0,"victory":false,"max_hp_per_floor":[67,67,67,67,67,67,67,67,67,67,67,67,67,67,67,67,67],"card_choices":[{"not_picked":["Decrepify","GhoulTouch"],"picked":"Harmlessness","floor":1},{"not_picked":["GhoulTouch","WretchedNails","BlackBolt"],"picked":"SKIP","floor":3},{"not_picked":["MercuryWand","Foresight"],"picked":"PlagueSpreader","floor":4},{"not_picked":["SoulBarrier","MercuryWand","RiteOfSummer"],"picked":"SKIP","floor":5},{"not_picked":["BleedOut","BoneCarving"],"picked":"SummonCatFamiliar","floor":7},{"not_picked":["BalefulWard","WickedThoughts","WretchedNails"],"picked":"SKIP","floor":13},{"not_picked":["WretchedNails","Foresight","RiteOfWinter"],"picked":"SKIP","floor":14}],"player_experience":473692,"relics_obtained":[{"floor":9,"key":"infinitespire:CheckeredPen"},{"floor":10,"key":"Ancient Tea Set"}],"event_choices":[{"damage_healed":0,"gold_gain":75,"player_choice":"Gather Gold","damage_taken":11,"max_hp_gain":0,"max_hp_loss":0,"event_name":"World of Goop","floor":2,"gold_loss":0},{"damage_healed":0,"gold_gain":0,"player_choice":"Disagree","damage_taken":0,"max_hp_gain":0,"max_hp_loss":0,"event_name":"conspire:LoneGhost","floor":11,"gold_loss":0}],"is_beta":false,"boss_relics":[],"items_purged_floors":[],"is_endless":false,"potions_floor_spawned":[1,3,7],"killed_by":"Slime Boss","ascension_level":0}}