{"host":"5jn3rki867005t18","time":1608818728,"event":{"mods":["AchievementEnabler","BaseMod","Colored Map","DeckTracker","Highlight Path","Minty Spire (QoL Compilation)","Permanent Neow","Quick Restart","StSLib","SuperFastMode"],"gold_per_floor":[110,130,130,147,147,147,247,282,309,320,320,333,333,351,351,454,454,464,321,333,351,103,103,114,147,215,228,244,244,244],"floor_reached":29,"playtime":951,"items_purged":["Strike_P"],"score":299,"play_id":"fe571cd9-33cf-48b6-bea4-4100260c1148","local_time":"20201224230528","is_ascension_mode":false,"campfire_choices":[{"data":"Eruption","floor":6,"key":"SMITH"},{"floor":11,"key":"REST"},{"data":"Vigilance","floor":13,"key":"SMITH"},{"floor":15,"key":"REST"},{"data":"BowlingBash","floor":23,"key":"SMITH"}],"circlet_count":0,"master_deck":["Strike_P","Strike_P","Strike_P+1","Defend_P","Defend_P","Defend_P+1","Defend_P","Eruption+1","Vigilance+1","Bandage Up+1","Halt+1","BowlingBash+1","Tantrum","Meditate","CarveReality+1","FollowUp","EmptyBody","FollowUp","Decay","FollowUp","FlurryOfBlows"],"relics":["PureWater","Dream Catcher","Happy Flower","Smiling Mask","Cursed Key","Shuriken","Strawberry","War Paint","Sundial"],"acts_visited":["Exordium","TheCity"],"potions_floor_usage":[12,16,18,21,24,25,28],"damage_taken":[{"damage":0,"enemies":"Small Slimes","floor":1,"turns":2},{"damage":4,"enemies":"2 Louse","floor":2,"turns":3},{"damage":0,"enemies":"Cultist","floor":4,"turns":3},{"damage":15,"enemies":"Lagavulin","floor":8,"turns":5},{"damage":32,"enemies":"Gremlin Gang","floor":10,"turns":4},{"damage":3,"enemies":"Exordium Wildlife","floor":12,"turns":5},{"damage":0,"enemies":"3 Louse","floor":14,"turns":3},{"damage":0,"enemies":"Slime Boss","floor":16,"turns":5},{"damage":17,"enemies":"Shell Parasite","floor":18,"turns":4},{"damage":7,"enemies":"Spheric Guardian","floor":20,"turns":3},{"damage":3,"enemies":"Chosen and Byrds","floor":21,"turns":3},{"damage":25,"enemies":"Shelled Parasite and Fungi","floor":24,"turns":3},{"damage":10,"enemies":"Book of Stabbing","floor":25,"turns":3},{"damage":9,"enemies":"Snake Plant","floor":27,"turns":3},{"damage":23,"enemies":"Centurion and Healer","floor":28,"turns":3},{"damage":13,"enemies":"Gremlin Leader","floor":29,"turns":1}],"seed_played":"7247275411321264065","potions_obtained":[{"floor":1,"key":"ColorlessPotion"},{"floor":2,"key":"PowerPotion"},{"floor":10,"key":"AttackPotion"},{"floor":16,"key":"GamblersBrew"},{"floor":20,"key":"PowerPotion"},{"floor":21,"key":"PowerPotion"},{"floor":27,"key":"LiquidBronze"}],"is_trial":false,"path_per_floor":["M","M","?","M","?","R","?","E","T","M","R","M","R","M","R","B",null,"M","?","M","M","$","R","M","E","T","M","M","E"],"character_chosen":"WATCHER","items_purchased":["FollowUp","Strawberry"],"campfire_rested":2,"item_purchase_floors":[22,22],"current_hp_per_floor":[72,68,54,58,51,51,51,40,40,12,33,34,34,38,59,63,72,59,59,56,57,64,64,43,37,37,34,11,0,0],"gold":244,"neow_bonus":"RANDOM_COLORLESS","is_daily":false,"chose_seed":false,"campfire_upgraded":3,"win_rate":0.0,"timestamp":1608818728,"path_taken":["M","M","?","M","?","R","?","E","T","M","R","M","R","M","R","BOSS","M","?","M","M","$","R","M","E","T","M","M","E"],"items_purchased_type":["Card","Relic"],"build_version":"2020-12-22","purchased_purges":1,"victory":false,"max_hp_per_floor":[72,72,72,72,72,72,72,72,72,72,72,72,72,72,72,72,72,72,72,72,72,79,79,79,79,79,79,79,79,79],"card_choices":[{"not_picked":["Finesse","Jack Of All Trades"],"picked":"Bandage Up","floor":0},{"not_picked":["PathToVictory","Conclude","JustLucky"],"picked":"SKIP","floor":1},{"not_picked":["Perseverance","WaveOfTheHand","PathToVictory"],"picked":"SKIP","floor":2},{"not_picked":["PathToVictory","WreathOfFlame","EmptyFist"],"picked":"SKIP","floor":4},{"not_picked":["Evaluate","PathToVictory","EmptyMind"],"picked":"SKIP","floor":8},{"not_picked":["ForeignInfluence","SandsOfTime"],"picked":"Halt","floor":10},{"not_picked":["FlyingSleeves","ReachHeaven"],"picked":"BowlingBash","floor":12},{"not_picked":["EmptyMind","EmptyFist"],"picked":"Tantrum","floor":14},{"not_picked":["PathToVictory","ThirdEye+1"],"picked":"Meditate","floor":18},{"not_picked":["FlyingSleeves","ReachHeaven","Evaluate+1"],"picked":"SKIP","floor":20},{"not_picked":["BattleHymn","BowlingBash"],"picked":"CarveReality+1","floor":21},{"not_picked":["Crescendo","EmptyFist"],"picked":"EmptyBody","floor":24},{"not_picked":["Establishment","Consecrate"],"picked":"FollowUp","floor":25},{"not_picked":["Consecrate","FlyingSleeves"],"picked":"FollowUp","floor":27},{"not_picked":["Evaluate","FlyingSleeves"],"picked":"FlurryOfBlows","floor":28}],"player_experience":119394,"relics_obtained":[{"floor":8,"key":"Happy Flower"},{"floor":9,"key":"Smiling Mask"},{"floor":25,"key":"War Paint"},{"floor":26,"key":"Sundial"}],"event_choices":[{"damage_healed":0,"gold_gain":0,"player_choice":"Entered Light","damage_taken":14,"max_hp_gain":0,"max_hp_loss":0,"event_name":"Shining Light","floor":3,"gold_loss":0,"cards_upgraded":["Defend_P","Strike_P"]},{"damage_healed":0,"gold_gain":0,"player_choice":"Success","damage_taken":7,"relics_obtained":["Dream Catcher"],"max_hp_gain":0,"max_hp_loss":0,"event_name":"Scrap Ooze","floor":5,"gold_loss":0},{"damage_healed":0,"gold_gain":100,"player_choice":"Pray","damage_taken":0,"max_hp_gain":0,"max_hp_loss":0,"event_name":"Golden Shrine","floor":7,"gold_loss":0},{"damage_healed":0,"gold_gain":0,"player_choice":"Paid Gold","damage_taken":0,"relics_obtained":["Shuriken"],"max_hp_gain":0,"max_hp_loss":0,"event_name":"WeMeetAgain","floor":19,"gold_loss":143}],"is_beta":false,"boss_relics":[{"not_picked":["Astrolabe","Runic Pyramid"],"picked":"Cursed Key"}],"items_purged_floors":[22],"is_endless":false,"potions_floor_spawned":[1,2,10,16,20,21,27],"killed_by":"Gremlin Leader","ascension_level":0}}