{"host":"55yei7x27djrlaep","time":1608821866,"event":{"mods":["Act Like it!","BaseMod","Better Altar","Better Match","Better Note","Better Sensory Stone","Better Skull","Better Third Choice","BetterRewards","Colored Map","Downfall","Friendly Minions","GifTheSpireLib","JesterMod","Minty Spire (QoL Compilation)","Replay The Spire","StSLib","The Cursed","The Marked","TheSwordswoman"],"gold_per_floor":[114,289,289,302,302,329,329,356,382,399,399,324,324,341,341,441,441,460,475,475,488,506,506,521,521,521,537,555,589,589,589,589],"floor_reached":31,"playtime":5400,"items_purged":[],"score":292,"play_id":"aa106962-3c0a-469e-8904-c00c1344a35e","local_time":"20201224175746","is_ascension_mode":false,"campfire_choices":[{"data":"jesterMod:Sickle","floor":7,"key":"SMITH"},{"data":"jesterMod:Haste","floor":11,"key":"SMITH"},{"floor":15,"key":"DIG"},{"floor":23,"key":"REST"},{"floor":25,"key":"RECALL"}],"circlet_count":0,"master_deck":["jesterMod:Strike","jesterMod:Strike","jesterMod:Strike","jesterMod:Strike","jesterMod:Sickle+1","jesterMod:Defend","jesterMod:Defend","jesterMod:Defend","jesterMod:Defend","jesterMod:Dodge","jesterMod:Anticipation","Dramatic Entrance","jesterMod:LightTheWick+1","jesterMod:Precipitation","jesterMod:HitAndRun","jesterMod:Haste+1","jesterMod:Momentum+1","jesterMod:TrickyDodge+1","jesterMod:Haste","jesterMod:Juggler","jesterMod:Prankster+1","jesterMod:Flee","jesterMod:LightTheWick","jesterMod:Discretion+1","jesterMod:Tinker+1","jesterMod:Anticipation","jesterMod:Unleash","jesterMod:Disposophobia","Pain"],"relics":["jesterMod:JesterCap","NeowsBlessing","Blood Vial","Ornamental Fan","Simple Rune","Replay:Bottled Steam","Pen Nib","Fusion Hammer","Molten Egg 2","Potion Belt","WarpedTongs"],"acts_visited":["Exordium","TheCity"],"potions_floor_usage":[16,16,16,16,27,28,28,29,29,29,29,31,31],"damage_taken":[{"damage":0,"enemies":"2 Louse","floor":1,"turns":1},{"damage":0,"enemies":"Small Slimes","floor":4,"turns":1},{"damage":0,"enemies":"Gremlin Nob","floor":6,"turns":1},{"damage":16,"enemies":"3 Sentries","floor":8,"turns":5},{"damage":0,"enemies":"Cultist","floor":10,"turns":3},{"damage":0,"enemies":"Large Slime","floor":14,"turns":4},{"damage":35,"enemies":"Hexaghost","floor":16,"turns":9},{"damage":12,"enemies":"Shell Parasite","floor":18,"turns":7},{"damage":28,"enemies":"2 Thieves","floor":19,"turns":3},{"damage":0,"enemies":"Snecko","floor":21,"turns":4},{"damage":0,"enemies":"Snake Plant","floor":22,"turns":5},{"damage":17,"enemies":"Centurion and Healer","floor":24,"turns":7},{"damage":8,"enemies":"3 Cultists","floor":27,"turns":4},{"damage":15,"enemies":"Sentry and Sphere","floor":28,"turns":5},{"damage":9,"enemies":"Slavers","floor":29,"turns":5},{"damage":18,"enemies":"Gremlin Leader","floor":31,"turns":1}],"seed_played":"-1605241508717076606","potions_obtained":[{"floor":4,"key":"SmokeBomb"},{"floor":6,"key":"EntropicBrew"},{"floor":10,"key":"Death Potion"},{"floor":14,"key":"DistilledChaos"},{"floor":16,"key":"PowerPotion"},{"floor":18,"key":"EntropicBrew"},{"floor":19,"key":"Slimebound:ThreeZeroPotion"},{"floor":21,"key":"EntropicBrew"},{"floor":29,"key":"PowerPotion"}],"is_trial":false,"path_per_floor":["M","?","?","M","?","E","R","E","T","M","R","?","T","M","R_BF","B",null,"M","M","?","M","M","R","M","R","T","M","M","E","?","E"],"character_chosen":"THE_JESTER","items_purchased":[],"campfire_rested":1,"item_purchase_floors":[],"current_hp_per_floor":[70,70,70,70,56,56,56,42,42,44,44,44,44,46,46,13,70,58,32,32,34,36,57,42,42,42,36,23,16,16,0,0],"gold":589,"neow_bonus":"THREE_ENEMY_KILL","is_daily":false,"chose_seed":false,"campfire_upgraded":2,"win_rate":0.0,"timestamp":1608821866,"path_taken":["M","?","?","M","?","E","R","E","T","M","R","?","?","?","R_BF","BOSS","M","M","?","M","?","R","M","R","T","M","M","E","?","E"],"items_purchased_type":[],"build_version":"2020-12-22","purchased_purges":0,"victory":false,"max_hp_per_floor":[70,70,70,70,70,70,70,70,70,70,70,70,70,70,70,70,70,70,70,70,70,70,70,70,70,70,70,70,70,70,70,70],"card_choices":[{"not_picked":["jesterMod:Hide","jesterMod:QuickStrike"],"picked":"jesterMod:Anticipation","floor":1},{"not_picked":["expansioncontent:SuperHexaguard","expansioncontent:GoopSpray"],"picked":"Dramatic Entrance","floor":3},{"not_picked":["jesterMod:Tinker","jesterMod:FlameDance"],"picked":"jesterMod:LightTheWick","floor":4},{"not_picked":["jesterMod:QuickStrike","jesterMod:Anticipation"],"picked":"jesterMod:Precipitation","floor":6},{"not_picked":["jesterMod:DanceOfChaos","jesterMod:Schizophrenia"],"picked":"jesterMod:HitAndRun","floor":8},{"not_picked":["jesterMod:Feint","jesterMod:Unleash"],"picked":"jesterMod:Haste","floor":10},{"not_picked":["jesterMod:Finale+1","jesterMod:ExperimentalTreatment+1"],"picked":"jesterMod:Momentum+1","floor":12},{"not_picked":["jesterMod:Hide+1","jesterMod:ButterKnife+1"],"picked":"jesterMod:TrickyDodge+1","floor":12},{"not_picked":["jesterMod:Rebuff","jesterMod:Dilapidation"],"picked":"jesterMod:Haste","floor":14},{"not_picked":["jesterMod:Momentum","jesterMod:HedgehogForm"],"picked":"jesterMod:Juggler","floor":16},{"not_picked":["jesterMod:ButterKnife","jesterMod:Exasperation"],"picked":"jesterMod:Prankster+1","floor":18},{"not_picked":["jesterMod:Precipitation","jesterMod:DancingMad"],"picked":"jesterMod:Flee","floor":19},{"not_picked":["jesterMod:ExperimentalTreatment","jesterMod:RecklessStrike"],"picked":"jesterMod:LightTheWick","floor":21},{"not_picked":["jesterMod:Hide+1","jesterMod:SelfMockery+1"],"picked":"jesterMod:Discretion+1","floor":22},{"not_picked":["jesterMod:Twirl","jesterMod:Dilapidation"],"picked":"jesterMod:Tinker+1","floor":24},{"not_picked":["jesterMod:ButterKnife+1","jesterMod:MudBall+1"],"picked":"jesterMod:Anticipation","floor":27},{"not_picked":["jesterMod:Hide","jesterMod:DanceOfChaos"],"picked":"jesterMod:Unleash","floor":28},{"not_picked":["jesterMod:Frenzy","jesterMod:DesperateStrike+1"],"picked":"jesterMod:Disposophobia","floor":29}],"player_experience":347953,"relics_obtained":[{"floor":6,"key":"Blood Vial"},{"floor":8,"key":"Ornamental Fan"},{"floor":9,"key":"Simple Rune"},{"floor":13,"key":"Replay:Bottled Steam"},{"floor":15,"key":"Pen Nib"},{"floor":26,"key":"Molten Egg 2"},{"floor":29,"key":"Potion Belt"}],"event_choices":[{"damage_healed":0,"gold_gain":175,"player_choice":"AGREE","damage_taken":114,"max_hp_gain":0,"max_hp_loss":0,"event_name":"betterThird:BetterSerpent","floor":2,"gold_loss":0},{"damage_healed":0,"gold_gain":1,"player_choice":"1","damage_taken":0,"max_hp_gain":0,"max_hp_loss":0,"event_name":"betterStone:BetterStone","floor":3,"gold_loss":0},{"damage_healed":70,"gold_gain":0,"player_choice":"Upgrade","damage_taken":14,"max_hp_gain":0,"max_hp_loss":70,"event_name":"betterThird:BetterShining","floor":5,"gold_loss":0,"cards_upgraded":["jesterMod:Strike","jesterMod:LightTheWick"]},{"damage_healed":0,"gold_gain":0,"player_choice":"2","damage_taken":0,"max_hp_gain":0,"max_hp_loss":0,"event_name":"betterMatch:BetterMatch","floor":12,"gold_loss":0,"cards_obtained":["betterMatch:CommonCard","betterMatch:RareCard"]},{"cards_removed":["Doubt"],"damage_healed":0,"gold_gain":0,"player_choice":"Purged","damage_taken":0,"max_hp_gain":0,"max_hp_loss":0,"event_name":"Purifier","floor":20,"gold_loss":0},{"damage_healed":0,"gold_gain":0,"player_choice":"Rummage","damage_taken":0,"relics_obtained":["WarpedTongs"],"max_hp_gain":0,"max_hp_loss":0,"event_name":"Accursed Blacksmith","floor":30,"gold_loss":0,"cards_obtained":["Pain"]}],"is_beta":false,"boss_relics":[{"not_picked":["Runic Dome","Black Star"],"picked":"Fusion Hammer"}],"items_purged_floors":[],"is_endless":false,"potions_floor_spawned":[4,6,10,14,16,18,19,21,29],"killed_by":"Gremlin Leader","ascension_level":0}}