{"host":"tjcejm7olouw38z7","time":1608782496,"event":{"mods":["BaseMod","BetterRewards","Colored Powertips","Downfall","GifTheSpireLib","Minty Spire (QoL Compilation)","Shop Mod","StSLib"],"gold_per_floor":[99,199,1,64,77,24,24,24,24,24,24,42,27,47,58,160,160,10,24,43,43,61,79,128,140,140,140,172,190,190,208,225,324,324,324,339,357,357,213,213,239,239,239,252,9,9,19,54,54,54],"floor_reached":51,"playtime":5640,"items_purged":["champ:Strike"],"score":687,"play_id":"9ce4b1e3-4e67-4368-b5b0-0cc8411a7a06","local_time":"20201223230136","is_ascension_mode":false,"campfire_choices":[{"floor":1,"key":"RECALL"},{"floor":8,"key":"REST"},{"floor":18,"key":"REST"},{"floor":27,"key":"REST"},{"floor":30,"key":"REST"},{"floor":35,"key":"REST"},{"floor":43,"key":"REST"},{"floor":46,"key":"REST"},{"floor":49,"key":"REST"}],"circlet_count":0,"master_deck":["champ:Strike","champ:Strike","champ:Defend","champ:Defend","champ:Defend","champ:Defend","champ:Execute","champ:Taunt","champ:RisingSlash","champ:BerserkerStyle","champ:EndlessRage","champ:DefensiveShout","champ:CrookedStrike","champ:GutPunch","champ:IronFortress","champ:FanOfKnives","champ:HeartStrike","champ:AdrenalArmor","champ:ArenaPreparation","champ:MurderStrike","champ:FocusedGladiator+1","champ:BerserkersShout","champ:AdrenalArmor+1","champ:BringItOn","champ:BladeFlurry+1","champ:Circumvent+1","champ:SteelEdge","champ:DefensiveShout","champ:Backstep","champ:IronFortress+1","champ:FlashCut","Parasite","champ:GutPunch+1","champ:Improvising","champ:FaceSlap","champ:CalledShot","champ:FalseCounter+1"],"relics":["champ:ChampionCrown","CloakClasp","champ:BerserkersGuideToSlaughter","Singing Bowl","Toy Ornithopter","champ:LiftRelic","Fusion Hammer","downfall:HeartBlessingBlue","downfall:HeartBlessingRed","downfall:KnowingSkull","MealTicket","Potion Belt","expansioncontent:StudyCardRelic","champ:FightingForDummies","Happy Flower","Art of War","FossilizedHelix"],"acts_visited":["Exordium","TheCity","TheBeyond"],"potions_floor_usage":[4,16,16,23,33,33,33,45,50,50],"damage_taken":[{"damage":113,"enemies":"downfall:LadyInBlue","floor":2,"turns":16},{"damage":5,"enemies":"downfall:FleeingMerchant","floor":3,"turns":4},{"damage":21,"enemies":"Lagavulin Event","floor":4,"turns":7},{"damage":1,"enemies":"Small Slimes","floor":5,"turns":3},{"damage":0,"enemies":"downfall:FleeingMerchant","floor":6,"turns":4},{"damage":0,"enemies":"Jaw Worm","floor":12,"turns":2},{"damage":0,"enemies":"downfall:FleeingMerchant","floor":13,"turns":4},{"damage":0,"enemies":"Cultist","floor":14,"turns":4},{"damage":6,"enemies":"Blue Slaver","floor":15,"turns":2},{"damage":71,"enemies":"downfall:Ironclad","floor":16,"turns":9},{"damage":22,"enemies":"Shell Parasite","floor":19,"turns":4},{"damage":10,"enemies":"3 Byrds","floor":20,"turns":5},{"damage":20,"enemies":"Snake Plant","floor":22,"turns":4},{"damage":26,"enemies":"Snecko","floor":23,"turns":5},{"damage":16,"enemies":"Shelled Parasite and Fungi","floor":25,"turns":5},{"damage":42,"enemies":"Book of Stabbing","floor":28,"turns":5},{"damage":33,"enemies":"Centurion and Healer","floor":29,"turns":7},{"damage":37,"enemies":"Snake Plant","floor":31,"turns":3},{"damage":29,"enemies":"Cultist and Chosen","floor":32,"turns":7},{"damage":76,"enemies":"downfall:Watcher","floor":33,"turns":9},{"damage":18,"enemies":"3 Darklings","floor":36,"turns":4},{"damage":12,"enemies":"3 Shapes","floor":37,"turns":3},{"damage":2,"enemies":"downfall:FleeingMerchant","floor":39,"turns":4},{"damage":25,"enemies":"Writhing Mass","floor":44,"turns":5},{"damage":16,"enemies":"downfall:FleeingMerchant","floor":45,"turns":4},{"damage":18,"enemies":"Spire Growth","floor":47,"turns":3},{"damage":94,"enemies":"Nemesis","floor":48,"turns":9},{"damage":66,"enemies":"downfall:Defect","floor":50,"turns":7}],"seed_played":"-3636225785177227740","potions_obtained":[{"floor":2,"key":"Block Potion"},{"floor":4,"key":"BlessingOfTheForge"},{"floor":5,"key":"Block Potion"},{"floor":15,"key":"Block Potion"},{"floor":16,"key":"AttackPotion"},{"floor":25,"key":"LiquidBronze"},{"floor":28,"key":"LiquidMemories"},{"floor":29,"key":"LiquidBronze"},{"floor":31,"key":"SteroidPotion"},{"floor":32,"key":"DistilledChaos"},{"floor":37,"key":"SpeedPotion"},{"floor":44,"key":"Weak Potion"},{"floor":48,"key":"BlessingOfTheForge"}],"is_trial":false,"path_per_floor":["R","?","$","?","M","$","T","R","?","T","?","M","$","M","M","B",null,"R","M","M","?","M","M","T","M","?","R","E","M","R","M","M","B",null,"R","M","M","?","$","?","T","?","R","M","$","R","M","E","R","B",null],"character_chosen":"THE_CHAMP","items_purchased":["champ:BerserkersGuideToSlaughter","champ:EndlessRage","champ:IronFortress","champ:FlashCut","Art of War","champ:FaceSlap"],"campfire_rested":8,"item_purchase_floors":[3,3,6,39,45,45],"current_hp_per_floor":[99,16,16,15,14,19,19,48,48,48,48,48,56,59,53,56,99,109,109,109,100,98,97,97,99,99,109,99,100,109,92,93,82,109,109,109,110,110,113,113,113,113,113,109,108,113,95,24,57,38],"gold":54,"neow_bonus":"TEN_PERCENT_HP_BONUS","is_daily":false,"chose_seed":false,"campfire_upgraded":0,"win_rate":0.0,"timestamp":1608782496,"path_taken":["R","?","$","?","?","?","T","R","?","?","?","M","$","M","M","BOSS","R","M","M","?","?","M","T","M","?","R","E","M","R","M","M","BOSS","R","M","M","?","$","?","T","?","R","M","$","R","M","E","R","BOSS"],"items_purchased_type":["Relic","Card","Card","Card","Relic","Card"],"build_version":"2020-12-22","purchased_purges":1,"victory":true,"max_hp_per_floor":[99,99,99,99,99,99,99,99,99,99,99,99,99,99,99,99,99,109,109,109,109,109,109,109,109,109,109,109,109,109,109,109,109,109,109,109,111,111,113,113,113,113,113,113,113,113,113,113,113,113],"card_choices":[{"not_picked":["champ:BerserkersShout","champ:FanOfKnives"],"picked":"champ:RisingSlash","floor":2},{"not_picked":["champ:BerserkersShout","champ:Haymaker"],"picked":"champ:BerserkerStyle","floor":3},{"not_picked":["champ:AdrenalArmor","champ:Encircle"],"picked":"champ:DefensiveShout","floor":4},{"not_picked":["champ:FaceSlap","champ:AdrenalArmor"],"picked":"champ:CrookedStrike","floor":5},{"not_picked":["champ:PerfectedStrike","champ:DefensiveShout"],"picked":"champ:GutPunch","floor":6},{"not_picked":["champ:GutPunch","champ:BladeFlurry"],"picked":"champ:FanOfKnives","floor":12},{"not_picked":["champ:ViciousMockery","champ:Lariat"],"picked":"champ:HeartStrike","floor":13},{"not_picked":["champ:FanOfKnives","champ:TornadoPunch"],"picked":"champ:AdrenalArmor","floor":14},{"not_picked":["champ:BringItOn","champ:SwordThrow"],"picked":"champ:ArenaPreparation","floor":15},{"not_picked":["champ:Improvising","champ:ShieldSlam"],"picked":"champ:MurderStrike","floor":16},{"not_picked":["champ:GutPunch","champ:FanOfKnives+1"],"picked":"champ:FocusedGladiator+1","floor":19},{"not_picked":["champ:FanOfKnives","champ:TornadoPunch"],"picked":"champ:BerserkersShout","floor":20},{"not_picked":["champ:StanceDance","champ:BringItOn"],"picked":"champ:AdrenalArmor+1","floor":22},{"not_picked":["champ:DefensiveStyle","champ:HeavySlash"],"picked":"champ:BringItOn","floor":23},{"not_picked":["champ:GladiatorsShout","champ:AdrenalArmor+1"],"picked":"champ:BladeFlurry+1","floor":25},{"not_picked":["champ:GladiatorsShout","champ:Haymaker+1"],"picked":"champ:Circumvent+1","floor":28},{"not_picked":["champ:FightOn","champ:FocusedBerserking"],"picked":"champ:SteelEdge","floor":29},{"not_picked":["champ:FanOfKnives","champ:FlashCut"],"picked":"champ:DefensiveShout","floor":31},{"not_picked":["champ:Haymaker","champ:AdrenalArmor"],"picked":"champ:Backstep","floor":32},{"not_picked":["champ:CheapShot","champ:ShieldSlam"],"picked":"champ:SteelEdge","floor":33},{"not_picked":["champ:Encircle","champ:BladeFlurry"],"picked":"champ:IronFortress+1","floor":36},{"not_picked":["champ:BerserkersShout","champ:PerfectedStrike+1","champ:ArenaPreparation"],"picked":"Singing Bowl","floor":37},{"not_picked":["champ:BladeFlurry","champ:BringItOn","champ:Circumvent+1"],"picked":"Singing Bowl","floor":39},{"not_picked":["champ:PerfectedStrike+1","champ:DefensiveShout"],"picked":"champ:GutPunch+1","floor":44},{"not_picked":["champ:RapidStrikes+1","champ:PerfectedStrike"],"picked":"champ:Improvising","floor":45},{"not_picked":["champ:Lariat+1","champ:BringItOn"],"picked":"champ:CalledShot","floor":47},{"not_picked":["champ:BringItOn+1","champ:DefensiveStyle+1"],"picked":"champ:FalseCounter+1","floor":48}],"player_experience":436222,"relics_obtained":[{"floor":2,"key":"CloakClasp"},{"floor":4,"key":"Singing Bowl"},{"floor":7,"key":"Toy Ornithopter"},{"floor":24,"key":"MealTicket"},{"floor":28,"key":"Potion Belt"},{"floor":38,"key":"champ:FightingForDummies"},{"floor":41,"key":"Happy Flower"},{"floor":48,"key":"FossilizedHelix"}],"event_choices":[{"cards_removed":["champ:Strike"],"damage_healed":0,"gold_gain":0,"player_choice":"Card Removal","damage_taken":0,"max_hp_gain":0,"max_hp_loss":0,"event_name":"The Cleric","floor":11,"gold_loss":0},{"damage_healed":0,"gold_gain":0,"player_choice":"Ignored","damage_taken":0,"max_hp_gain":0,"max_hp_loss":0,"event_name":"Ghosts","floor":26,"gold_loss":0},{"cards_removed":["champ:SteelEdge"],"damage_healed":0,"gold_gain":0,"player_choice":"Removed Attack","damage_taken":0,"max_hp_gain":0,"max_hp_loss":0,"event_name":"Falling","floor":40,"gold_loss":0}],"is_beta":false,"boss_relics":[{"not_picked":["Philosopher\u0027s Stone","Calling Bell"],"picked":"Fusion Hammer"},{"not_picked":["Velvet Choker","SacredBark"],"picked":"expansioncontent:StudyCardRelic"}],"items_purged_floors":[39],"is_endless":false,"potions_floor_spawned":[2,4,5,15,16,25,28,29,31,32,37,44,48],"ascension_level":0}}