{"host":"mnljlkge2zm8bbif","time":1608791298,"event":{"mods":["Aspiration","BaseMod","Beaked The Cultist","Better Third Choice","BetterRewards","CCEM","Challenge The Spire","Gremlin Mod","Hermit","Hubris","Minty Spire (QoL Compilation)","Relic Stats","Replay The Spire","Shop Mod","Spicy Shops","StSLib","The Cursed","TheFirefly"],"gold_per_floor":[115,115,135,85,104,129,144,144,168,198,216,226,239,250,250,354,354,369,357,11,11,11],"floor_reached":21,"playtime":2060,"items_purged":["beaked:VigorBurst+1"],"score":294,"play_id":"7a3abb65-c820-49a7-988f-b2d11d2683f2","local_time":"20201224012818","is_ascension_mode":true,"campfire_choices":[{"data":"beaked:Ceremony","floor":8,"key":"SMITH"},{"data":"beaked:VigorBurst","floor":15,"key":"SMITH"}],"circlet_count":0,"master_deck":["beaked:Strike_Y","beaked:Strike_Y","beaked:Strike_Y","beaked:Strike_Y","beaked:Strike_Y","beaked:Strike_Y","beaked:Defend_Y","beaked:Defend_Y","beaked:Defend_Y","beaked:Defend_Y","beaked:Ceremony","beaked:Ceremony","beaked:Ceremony+1","beaked:Evade","beaked:FeelMyPain","beaked:Redirect","beaked:MachineEssence","beaked:Ceremony+1","Good Instincts"],"relics":["beaked:MendingPlumage","aspiration:SecretTechniqueScroll","Busted Crown","Ring of Fangs","Ring of Misfortune","Happy Flower","Replay:Wax Seal","aspiration:FutureDiary","DollysMirror"],"acts_visited":["Exordium","TheCity"],"potions_floor_usage":[7,11,14,16,18,21],"damage_taken":[{"damage":8,"enemies":"Jaw Worm","floor":1,"turns":4},{"damage":13,"enemies":"2 Louse","floor":3,"turns":5},{"damage":11,"enemies":"Cultist","floor":5,"turns":5},{"damage":46,"enemies":"3 Sentries","floor":6,"turns":8},{"damage":30,"enemies":"Exordium Thugs","floor":7,"turns":7},{"damage":31,"enemies":"Replay:BlueRogue","floor":10,"turns":7},{"damage":14,"enemies":"2 Fungi Beasts","floor":11,"turns":5},{"damage":34,"enemies":"3 Louse","floor":12,"turns":6},{"damage":17,"enemies":"Red Slaver","floor":13,"turns":5},{"damage":37,"enemies":"Gremlin Gang","floor":14,"turns":6},{"damage":43,"enemies":"Slime Boss","floor":16,"turns":5},{"damage":34,"enemies":"Shell Parasite","floor":18,"turns":5},{"damage":58,"enemies":"2 Thieves","floor":19,"turns":4},{"damage":40,"enemies":"Centurion and Healer","floor":21,"turns":3}],"seed_played":"7441109739933074994","potions_obtained":[{"floor":6,"key":"Adrenaline Potion"},{"floor":10,"key":"Weak Potion"},{"floor":12,"key":"Fire Potion"},{"floor":14,"key":"Death Potion"},{"floor":16,"key":"Fire Potion"},{"floor":19,"key":"SkillPotion"}],"is_trial":false,"path_per_floor":["M","?","M","?","M","E","M","R","T","E","M","M","M","M","R","B",null,"M","M","$","M"],"character_chosen":"BEAKED_THE_CULTIST","items_purchased":["DollysMirror","Good Instincts"],"campfire_rested":0,"item_purchase_floors":[20,20],"current_hp_per_floor":[50,50,50,50,42,30,39,39,39,36,45,39,43,36,36,11,57,57,26,26,0,0],"gold":11,"neow_bonus":"DOUBLE_BOSS_RELIC","is_daily":false,"chose_seed":false,"campfire_upgraded":2,"win_rate":0.0,"timestamp":1608791298,"path_taken":["M","?","M","?","M","E","M","R","T","E","M","M","M","M","R","BOSS","M","M","$","M"],"items_purchased_type":["Relic","Card"],"build_version":"2020-12-22","purchased_purges":1,"victory":false,"max_hp_per_floor":[50,50,50,50,50,55,55,55,55,55,55,55,55,55,55,57,57,57,57,57,57,57],"relic_stats":{"Busted Crown":28,"Happy Flower":[17],"counters":[233,1098],"obtain_stats":[{"Golden Egg":8,"Replay:Accelerometer":13,"aspiration:PoetsPen_weak":17,"Whetstone":0,"Bottled Tornado":45,"Sling":0,"CCEMRelics:DerglesHeadphones":28,"Blood Vial":0,"hubris:HerbalPaste":24,"CCEMRelics:DissonantTune":6,"MealTicket":2,"HandDrill":0,"Replay:Wax Seal":27,"MerchantsRug":21,"Counterbalance":34,"Eternal Feather":25,"Pen Nib":43,"aspiration:FrozenJewel":0,"Akabeko":29,"SlaversCollar":17,"CCEMRelics:FestiveHat":0,"hubris:BottledHeart":19,"Bird Faced Urn":54,"hubris:TenFootPole":6,"Kintsugi":17,"hubris:Reverence":0,"Lantern":0,"Torii":7,"Singing Bowl":43,"Blue Doll":38,"Painkiller Herb":34,"Bag of Preparation":53,"hubris:EmptyBottle":0,"Smiling Mask":26,"Burning Blood":0,"Pet Ghost":9,"CCEMRelics:ShadowVeil":13,"BranchBurnRelic":6,"Shovel":0,"Ring of Fangs":2,"WingedGreaves":12,"Chemical X":0,"CCEMRelics:PaperClip":13,"hubris:ChampionShield":12,"Replay:Bottled Eggs":0,"aspiration:FutureDiary":17,"InkBottle":48,"CCEMRelics:JestersCrown":53,"Ring of the Snake":0,"aspiration:ChemicalBlood":0,"CCEMRelics:OrganicArmor":11,"aspiration:VileToxins":8,"Potion Belt":0,"Lee\u0027s Waffle":0,"Replay:M_StaffOfTheSnake":29,"Golden Idol":5,"hubris:64BitClover":12,"Basket Of Snakes":11,"Circlet":0,"PreservedInsect":21,"The Courier":2,"Omamori":8,"CCEMRelics:CocoNut":32,"Ring of Greed":2,"Frozen Egg 2":34,"hubris:Towel":5,"MawBank":9,"Busted Crown":17,"Ornamental Fan":22,"Gremlin:GremlinKnob":0,"Ring of Misfortune":2,"Orrery":0,"CCEMRelics:FryingPan":14,"Turnip":25,"Art of War":0,"Garlic":5,"beaked:MendingPlumage":9,"ReplayTheSpireMod:Ring of Challenge":2,"Ice Cream":45,"hubris:VirtuousBlindfold":34,"Vajra":28,"hubris:TerracottaHorce":17,"DollysMirror":20,"Strawberry":20,"aspiration:ArtOfWarUpgrade":27,"CCEMRelics:D6":6,"CCEMRelics:Francisca":22,"hubris:DuctTape":53,"Happy Flower":6,"aspiration:Nostalgia":0,"Dead Branch":0,"Oddly Smooth Stone":0,"hubris:HollowSoul":17,"aspiration:SeaSaltIceCream":9,"Replay:Kaleidoscope":26,"War Paint":0,"OrangePellets":0,"aspiration:EmptySkull":10,"Shuriken":12,"Brimstone":27,"Simple Rune":9,"Molten Egg 2":23,"hubris:PeanutButter":0,"Nloth\u0027s Gift":22,"hubris:ToyBattleship":30,"Black Star":17,"Grinning Jar":26,"aspiration:HatOfInfinitePower":0,"Meat on the Bone":26,"beaked:ShinyBauble":41,"Enchiridion":31,"CCEMRelics:Pendulum":41,"Snake Skull":22,"Juzu Bracelet":41,"hubris:SlimyHat":0,"Replay:Mystery Machine":6,"PrismaticShard":19,"aspiration:BursterCore":0,"aspiration:StickyExplosives_weak":12,"CCEMRelics:TransientCore":17,"Dream Catcher":0,"Replay:Bandana":25,"Nunchaku":30,"CCEMRelics:OldTooth":23,"hubris:Icosahedron":40,"Chameleon Ring":0,"Mummified Hand":7,"Pantograph":23,"hubris:IronBody":53,"Gremlin Food":40,"hubris:DisguiseKit":0,"Replay:Towering Pillar of Hats":0,"Guide Book":21,"Replay:WaspNest":27,"aspiration:SecretTechniqueScroll":17,"Odd Mushroom":10,"White Beast Statue":12,"CCEMRelics:SpiritsEdge":21,"Calling Bell":34,"Cauldron":13,"Strange Spoon":0,"Anchor":34,"CaptainsWheel":10,"CCEMRelics:GrindingGear":0,"Bag of Marbles":53,"Membership Card":19,"TungstenRod":21,"hubris:Potato":25,"hubris:OldNail":0},{"Golden Egg":114,"Replay:Accelerometer":136,"aspiration:PoetsPen_weak":138,"Whetstone":34,"Bottled Tornado":29,"Sling":177,"CCEMRelics:DerglesHeadphones":71,"Blood Vial":52,"hubris:HerbalPaste":189,"CCEMRelics:DissonantTune":133,"MealTicket":130,"HandDrill":206,"Replay:Wax Seal":89,"MerchantsRug":139,"Counterbalance":20,"Eternal Feather":141,"Pen Nib":96,"aspiration:FrozenJewel":75,"Akabeko":164,"SlaversCollar":11,"CCEMRelics:FestiveHat":116,"hubris:BottledHeart":125,"Bird Faced Urn":33,"hubris:TenFootPole":4,"Kintsugi":85,"hubris:Reverence":129,"Lantern":148,"Torii":120,"Singing Bowl":201,"Blue Doll":93,"Painkiller Herb":194,"Bag of Preparation":175,"hubris:EmptyBottle":75,"Smiling Mask":15,"Burning Blood":0,"Pet Ghost":101,"CCEMRelics:ShadowVeil":103,"BranchBurnRelic":151,"Shovel":34,"Ring of Fangs":220,"WingedGreaves":123,"Chemical X":52,"CCEMRelics:PaperClip":84,"hubris:ChampionShield":155,"Replay:Bottled Eggs":206,"aspiration:FutureDiary":230,"InkBottle":31,"CCEMRelics:JestersCrown":32,"Ring of the Snake":0,"aspiration:ChemicalBlood":177,"CCEMRelics:OrganicArmor":212,"aspiration:VileToxins":38,"Potion Belt":116,"Lee\u0027s Waffle":116,"Replay:M_StaffOfTheSnake":142,"Golden Idol":112,"hubris:64BitClover":183,"Basket Of Snakes":40,"Circlet":0,"PreservedInsect":69,"The Courier":130,"Omamori":5,"CCEMRelics:CocoNut":73,"Ring of Greed":130,"Frozen Egg 2":20,"hubris:Towel":36,"MawBank":62,"Busted Crown":158,"Ornamental Fan":188,"Gremlin:GremlinKnob":109,"Ring of Misfortune":220,"Orrery":34,"CCEMRelics:FryingPan":104,"Turnip":71,"Art of War":34,"Garlic":151,"beaked:MendingPlumage":5,"ReplayTheSpireMod:Ring of Challenge":130,"Ice Cream":202,"hubris:VirtuousBlindfold":167,"Vajra":191,"hubris:TerracottaHorce":185,"DollysMirror":232,"Strawberry":12,"aspiration:ArtOfWarUpgrade":47,"CCEMRelics:D6":209,"CCEMRelics:Francisca":86,"hubris:DuctTape":32,"Happy Flower":223,"aspiration:Nostalgia":0,"Dead Branch":148,"Oddly Smooth Stone":0,"hubris:HollowSoul":67,"aspiration:SeaSaltIceCream":5,"Replay:Kaleidoscope":88,"War Paint":97,"OrangePellets":34,"aspiration:EmptySkull":82,"Shuriken":65,"Brimstone":162,"Simple Rune":114,"Molten Egg 2":140,"hubris:PeanutButter":177,"Nloth\u0027s Gift":46,"hubris:ToyBattleship":72,"Black Star":105,"Grinning Jar":162,"aspiration:HatOfInfinitePower":148,"Meat on the Bone":47,"beaked:ShinyBauble":201,"Enchiridion":90,"CCEMRelics:Pendulum":95,"Snake Skull":86,"Juzu Bracelet":26,"hubris:SlimyHat":177,"Replay:Mystery Machine":37,"PrismaticShard":86,"aspiration:BursterCore":97,"aspiration:StickyExplosives_weak":8,"CCEMRelics:TransientCore":124,"Dream Catcher":97,"Replay:Bandana":162,"Nunchaku":192,"CCEMRelics:OldTooth":14,"hubris:Icosahedron":25,"Chameleon Ring":177,"Mummified Hand":62,"Pantograph":128,"hubris:IronBody":175,"Gremlin Food":200,"hubris:DisguiseKit":97,"Replay:Towering Pillar of Hats":177,"Guide Book":69,"Replay:WaspNest":16,"aspiration:SecretTechniqueScroll":43,"Odd Mushroom":39,"White Beast Statue":183,"CCEMRelics:SpiritsEdge":12,"Calling Bell":20,"Cauldron":103,"Strange Spoon":109,"Anchor":20,"CaptainsWheel":135,"CCEMRelics:GrindingGear":34,"Bag of Marbles":32,"Membership Card":217,"TungstenRod":12,"hubris:Potato":15,"hubris:OldNail":52},{"Golden Egg":558,"Replay:Accelerometer":665,"aspiration:PoetsPen_weak":675,"Whetstone":176,"Bottled Tornado":146,"Sling":820,"CCEMRelics:DerglesHeadphones":363,"Blood Vial":259,"hubris:HerbalPaste":867,"CCEMRelics:DissonantTune":654,"MealTicket":639,"HandDrill":937,"Replay:Wax Seal":447,"MerchantsRug":677,"Counterbalance":102,"Eternal Feather":686,"Pen Nib":484,"aspiration:FrozenJewel":387,"Akabeko":778,"SlaversCollar":60,"CCEMRelics:FestiveHat":566,"hubris:BottledHeart":612,"Bird Faced Urn":169,"hubris:TenFootPole":20,"Kintsugi":430,"hubris:Reverence":635,"Lantern":719,"Torii":581,"Singing Bowl":915,"Blue Doll":466,"Painkiller Herb":891,"Bag of Preparation":813,"hubris:EmptyBottle":387,"Smiling Mask":81,"Burning Blood":0,"Pet Ghost":505,"CCEMRelics:ShadowVeil":513,"BranchBurnRelic":726,"Shovel":176,"Ring of Fangs":1027,"WingedGreaves":594,"Chemical X":259,"CCEMRelics:PaperClip":421,"hubris:ChampionShield":741,"Replay:Bottled Eggs":937,"aspiration:FutureDiary":1086,"InkBottle":153,"CCEMRelics:JestersCrown":165,"Ring of the Snake":0,"aspiration:ChemicalBlood":820,"CCEMRelics:OrganicArmor":974,"aspiration:VileToxins":192,"Potion Belt":566,"Lee\u0027s Waffle":566,"Replay:M_StaffOfTheSnake":690,"Golden Idol":546,"hubris:64BitClover":842,"Basket Of Snakes":200,"Circlet":0,"PreservedInsect":355,"The Courier":639,"Omamori":25,"CCEMRelics:CocoNut":373,"Ring of Greed":639,"Frozen Egg 2":102,"hubris:Towel":180,"MawBank":318,"Busted Crown":759,"Ornamental Fan":864,"Gremlin:GremlinKnob":535,"Ring of Misfortune":1027,"Orrery":176,"CCEMRelics:FryingPan":516,"Turnip":363,"Art of War":176,"Garlic":726,"beaked:MendingPlumage":25,"ReplayTheSpireMod:Ring of Challenge":639,"Ice Cream":918,"hubris:VirtuousBlindfold":787,"Vajra":877,"hubris:TerracottaHorce":852,"DollysMirror":1095,"Strawberry":66,"aspiration:ArtOfWarUpgrade":235,"CCEMRelics:D6":956,"CCEMRelics:Francisca":434,"hubris:DuctTape":165,"Happy Flower":1045,"aspiration:Nostalgia":0,"Dead Branch":719,"Oddly Smooth Stone":0,"hubris:HollowSoul":346,"aspiration:SeaSaltIceCream":25,"Replay:Kaleidoscope":442,"War Paint":488,"OrangePellets":176,"aspiration:EmptySkull":414,"Shuriken":333,"Brimstone":773,"Simple Rune":558,"Molten Egg 2":683,"hubris:PeanutButter":820,"Nloth\u0027s Gift":230,"hubris:ToyBattleship":368,"Black Star":523,"Grinning Jar":773,"aspiration:HatOfInfinitePower":719,"Meat on the Bone":235,"beaked:ShinyBauble":915,"Enchiridion":450,"CCEMRelics:Pendulum":480,"Snake Skull":434,"Juzu Bracelet":132,"hubris:SlimyHat":820,"Replay:Mystery Machine":187,"PrismaticShard":434,"aspiration:BursterCore":488,"aspiration:StickyExplosives_weak":39,"CCEMRelics:TransientCore":605,"Dream Catcher":488,"Replay:Bandana":773,"Nunchaku":878,"CCEMRelics:OldTooth":77,"hubris:Icosahedron":127,"Chameleon Ring":820,"Mummified Hand":318,"Pantograph":628,"hubris:IronBody":813,"Gremlin Food":913,"hubris:DisguiseKit":488,"Replay:Towering Pillar of Hats":820,"Guide Book":355,"Replay:WaspNest":84,"aspiration:SecretTechniqueScroll":216,"Odd Mushroom":196,"White Beast Statue":842,"CCEMRelics:SpiritsEdge":66,"Calling Bell":102,"Cauldron":513,"Strange Spoon":535,"Anchor":102,"CaptainsWheel":662,"CCEMRelics:GrindingGear":176,"Bag of Marbles":165,"Membership Card":1013,"TungstenRod":66,"hubris:Potato":81,"hubris:OldNail":259}]},"card_choices":[{"not_picked":["beaked:SurvivalInstinct"],"picked":"SKIP","floor":1},{"not_picked":[],"picked":"beaked:Evade","floor":3},{"not_picked":[],"picked":"beaked:FeelMyPain","floor":5},{"not_picked":[],"picked":"beaked:VigorBurst","floor":6},{"not_picked":["beaked:Resilience"],"picked":"SKIP","floor":7},{"not_picked":["beaked:BraceForImpact"],"picked":"SKIP","floor":10},{"not_picked":["beaked:HuntressEssence"],"picked":"SKIP","floor":11},{"not_picked":[],"picked":"beaked:Redirect","floor":12},{"not_picked":["beaked:BraceForImpact"],"picked":"SKIP","floor":13},{"not_picked":["beaked:TuckingFeathers"],"picked":"SKIP","floor":14},{"not_picked":[],"picked":"beaked:MachineEssence","floor":16},{"not_picked":["beaked:Mantra+1"],"picked":"SKIP","floor":18},{"not_picked":["beaked:Daydream"],"picked":"SKIP","floor":19}],"player_experience":441749,"relics_obtained":[{"floor":2,"key":"Ring of Fangs"},{"floor":2,"key":"Ring of Misfortune"},{"floor":6,"key":"Happy Flower"},{"floor":10,"key":"Replay:Wax Seal"}],"event_choices":[{"cards_removed":["hubris:Greed"],"damage_healed":0,"gold_gain":0,"player_choice":"Card Removal","damage_taken":0,"max_hp_gain":0,"max_hp_loss":0,"event_name":"The Cleric","floor":4,"gold_loss":50}],"is_beta":false,"boss_relics":[{"not_picked":["Abe\u0027s Treasure","Empty Cage"],"picked":"aspiration:FutureDiary"}],"items_purged_floors":[20],"is_endless":false,"potions_floor_spawned":[6,10,12,14,16,19],"killed_by":"Centurion and Healer","ascension_level":4}}