{"host":"uflv0e3ja7hvnij7","time":1608833573,"event":{"mods":["Aspiration","BaseMod","Better Altar","Better Match","Better Note","Better Sensory Stone","Better Skull","Better Third Choice","Infinite Spire","Minty Spire (QoL Compilation)","Permanent Neow","StSLib"],"gold_per_floor":[99,99,99,99,99,99,69,69,69,69,69,32,32,32,32,32,32,32,32,32,32,32,32,32,32,32,32,32,32,32,32,32,32,32,32,32,32,32,32,32,32,32,32,32,32,32,32,32,32,32],"floor_reached":51,"playtime":2370,"items_purged":["Zap+1"],"score":887,"play_id":"ff0746a7-3e9a-4d76-ae69-5eafc04db21f","local_time":"20201224131253","is_ascension_mode":true,"campfire_choices":[{"data":"Reprogram","floor":6,"key":"SMITH"},{"data":"Reboot","floor":11,"key":"SMITH"},{"floor":15,"key":"REST"},{"floor":23,"key":"REST"},{"floor":25,"key":"REST"},{"data":"Streamline","floor":28,"key":"SMITH"},{"data":"Streamline","floor":32,"key":"SMITH"},{"floor":40,"key":"REST"},{"floor":42,"key":"REST"},{"floor":49,"key":"REST"}],"circlet_count":0,"master_deck":["Strike_B","Strike_B","Strike_B","Strike_B","Defend_B","Defend_B","Defend_B","Defend_B","FTL","Coolheaded","Reprogram+1","Reboot+1","Streamline+1","Gash","White Noise","Streamline","Core Surge","Go for the Eyes","Streamline+1","Streamline","Buffer","Machine Learning","Streamline","Core Surge","Hologram","Go for the Eyes+1"],"relics":["Ectoplasm","Mango","Omamori","Bird Faced Urn","aspiration:PoetsPen_weak","Enchiridion","aspiration:Stabinomicon","Kunai","Runic Dome","Bronze Scales","Bag of Marbles","FossilizedHelix","InkBottle","aspiration:EnhancedActuators"],"acts_visited":["Exordium","TheCity","TheBeyond"],"potions_floor_usage":[13,19,24,24,24,24,24,30,45,45,47],"damage_taken":[{"damage":0,"enemies":"2 Louse","floor":1,"turns":2},{"damage":0,"enemies":"Cultist","floor":3,"turns":2},{"damage":7,"enemies":"Small Slimes","floor":5,"turns":3},{"damage":5,"enemies":"Looter","floor":7,"turns":4},{"damage":1,"enemies":"Large Slime","floor":8,"turns":5},{"damage":2,"enemies":"Red Slaver","floor":10,"turns":3},{"damage":18,"enemies":"Gremlin Nob","floor":13,"turns":3},{"damage":0,"enemies":"Blue Slaver","floor":14,"turns":2},{"damage":18,"enemies":"Slime Boss","floor":16,"turns":8},{"damage":33,"enemies":"3 Byrds","floor":18,"turns":5},{"damage":0,"enemies":"2 Thieves","floor":19,"turns":1},{"damage":22,"enemies":"Book of Stabbing","floor":24,"turns":4},{"damage":18,"enemies":"Shelled Parasite and Fungi","floor":29,"turns":2},{"damage":0,"enemies":"Snake Plant","floor":30,"turns":2},{"damage":0,"enemies":"Snecko","floor":31,"turns":2},{"damage":48,"enemies":"Champ","floor":33,"turns":5},{"damage":47,"enemies":"3 Darklings","floor":35,"turns":3},{"damage":1,"enemies":"Orb Walker","floor":36,"turns":2},{"damage":0,"enemies":"Transient","floor":39,"turns":5},{"damage":33,"enemies":"4 Shapes","floor":41,"turns":4},{"damage":18,"enemies":"Spire Growth","floor":44,"turns":2},{"damage":35,"enemies":"Reptomancer","floor":45,"turns":3},{"damage":0,"enemies":"Giant Head","floor":47,"turns":4},{"damage":0,"enemies":"Maw","floor":48,"turns":3},{"damage":50,"enemies":"Donu and Deca","floor":50,"turns":5}],"seed_played":"-5931678287146491474","potions_obtained":[{"floor":1,"key":"Weak Potion"},{"floor":7,"key":"EssenceOfSteel"},{"floor":8,"key":"SmokeBomb"},{"floor":10,"key":"AttackPotion"},{"floor":18,"key":"EntropicBrew"},{"floor":29,"key":"Swift Potion"},{"floor":36,"key":"SpeedPotion"},{"floor":39,"key":"SkillPotion"},{"floor":44,"key":"PotionOfCapacity"}],"is_trial":false,"path_per_floor":["M","?","M","?","M","R","M","M","T","M","R","$","E","M","R","B",null,"M","M","?","?","AVR","R","E","R","T","?","R","M","M","M","R","B",null,"M","M","T","?","M","R","M","R","T","M","E","T","E","M","R","B",null],"character_chosen":"DEFECT","items_purchased":["White Noise"],"campfire_rested":6,"item_purchase_floors":[12],"current_hp_per_floor":[75,75,75,89,82,82,77,76,76,74,74,74,56,58,84,76,89,56,56,40,40,40,66,52,78,78,78,78,64,66,68,68,24,89,46,49,49,49,53,79,50,76,76,62,33,33,37,39,65,23],"gold":32,"neow_bonus":"BOSS_RELIC","is_daily":false,"chose_seed":false,"campfire_upgraded":4,"win_rate":0.0,"timestamp":1608833573,"path_taken":["M","?","?","?","?","R","M","M","T","M","R","$","E","M","R","BOSS","M","M","?","?","AVR","R","E","R","T","?","R","M","M","M","R","BOSS","M","M","?","?","M","R","?","R","T","M","E","?","E","M","R","BOSS"],"items_purchased_type":["Card"],"build_version":"2020-12-22","purchased_purges":1,"victory":true,"max_hp_per_floor":[75,75,75,89,89,89,89,89,89,89,89,89,89,89,89,89,89,89,89,89,89,89,89,89,89,89,89,89,89,89,89,89,89,89,89,89,89,89,89,89,89,89,89,89,89,89,89,89,89,89],"card_choices":[{"not_picked":["Darkness","Sweeping Beam"],"picked":"FTL","floor":1},{"not_picked":["Static Discharge","Leap"],"picked":"Coolheaded","floor":3},{"not_picked":["Loop","Streamline"],"picked":"Reprogram","floor":5},{"not_picked":["Barrage","Conserve Battery"],"picked":"Reboot","floor":7},{"not_picked":["Consume","Capacitor"],"picked":"Streamline","floor":8},{"not_picked":["Defragment","Go for the Eyes"],"picked":"Gash","floor":10},{"not_picked":["Sunder","Doom and Gloom"],"picked":"Streamline","floor":13},{"not_picked":["Amplify","Conserve Battery","Undo"],"picked":"SKIP","floor":14},{"not_picked":["Meteor Strike","Electrodynamics"],"picked":"Core Surge","floor":16},{"not_picked":["Turbo","Conserve Battery","Go for the Eyes"],"picked":"SKIP","floor":18},{"not_picked":["Sweeping Beam","Redo+1"],"picked":"Go for the Eyes","floor":24},{"not_picked":["Storm+1","Rebound+1"],"picked":"Streamline","floor":29},{"not_picked":["Go for the Eyes","Defragment+1"],"picked":"Buffer","floor":30},{"not_picked":["Defragment","Darkness","Lockon"],"picked":"SKIP","floor":31},{"not_picked":["Rainbow","Creative AI"],"picked":"Machine Learning","floor":33},{"not_picked":["Ball Lightning+1","Leap+1","Barrage"],"picked":"SKIP","floor":35},{"not_picked":["Steam","Turbo+1","Coolheaded"],"picked":"SKIP","floor":36},{"not_picked":["Defragment+1","Stack","Recycle+1"],"picked":"SKIP","floor":39},{"not_picked":["Loop+1","Blizzard","Barrage+1"],"picked":"SKIP","floor":41},{"not_picked":["Ball Lightning+1","Barrage"],"picked":"Streamline","floor":44},{"not_picked":["Doom and Gloom","Steam Power"],"picked":"Core Surge","floor":45},{"not_picked":["Meteor Strike","Conserve Battery+1"],"picked":"Hologram","floor":47},{"not_picked":["Static Discharge","Ball Lightning+1"],"picked":"Go for the Eyes+1","floor":48}],"player_experience":316758,"relics_obtained":[{"floor":9,"key":"Omamori"},{"floor":13,"key":"Bird Faced Urn"},{"floor":20,"key":"Enchiridion"},{"floor":24,"key":"aspiration:Stabinomicon"},{"floor":26,"key":"Kunai"},{"floor":37,"key":"Bronze Scales"},{"floor":43,"key":"Bag of Marbles"},{"floor":45,"key":"FossilizedHelix"},{"floor":46,"key":"InkBottle"},{"floor":47,"key":"aspiration:EnhancedActuators"}],"event_choices":[{"damage_healed":0,"gold_gain":0,"player_choice":"Forge","damage_taken":0,"max_hp_gain":0,"max_hp_loss":0,"event_name":"Accursed Blacksmith","floor":2,"gold_loss":0,"cards_upgraded":["Zap"]},{"damage_healed":0,"gold_gain":0,"player_choice":"Gave Potion","damage_taken":0,"relics_obtained":["Mango"],"max_hp_gain":0,"max_hp_loss":0,"event_name":"WeMeetAgain","floor":4,"gold_loss":0},{"damage_healed":0,"gold_gain":0,"player_choice":"Obtained Book","damage_taken":16,"max_hp_gain":0,"max_hp_loss":0,"event_name":"Cursed Tome","floor":20,"gold_loss":0},{"damage_healed":0,"gold_gain":0,"player_choice":"Copied","damage_taken":0,"max_hp_gain":0,"max_hp_loss":0,"event_name":"Duplicator","floor":27,"gold_loss":0,"cards_obtained":["Streamline"]},{"cards_removed":["Dualcast"],"damage_healed":0,"gold_gain":0,"player_choice":"Purged","damage_taken":0,"max_hp_gain":0,"max_hp_loss":0,"event_name":"Purifier","floor":38,"gold_loss":0}],"is_beta":false,"boss_relics":[{"not_picked":["infinitespire:Cupcake","Cursed Key"],"picked":"aspiration:PoetsPen_weak"},{"not_picked":["SacredBark","aspiration:SilentSkillbook"],"picked":"Runic Dome"}],"items_purged_floors":[22],"is_endless":false,"potions_floor_spawned":[1,7,8,10,18,29,36,39,44],"ascension_level":3}}