{"host":"vc42n08di9czm3e7","time":1608839715,"event":{"mods":["AchievementEnabler","Act Like it!","BaseMod","Colored Powertips","Downfall","Friendly Minions","GifTheSpireLib","Minty Spire (QoL Compilation)","Rare Cards Sparkle","StSLib"],"gold_per_floor":[99,118,118,133,147,174,199,218,218,318,335,335,346,346,363,363,363,363],"floor_reached":16,"playtime":744,"items_purged":[],"score":104,"play_id":"418574f3-e307-4d4f-a732-b7141e015a50","local_time":"20201224145515","is_ascension_mode":false,"campfire_choices":[{"data":"hexamod:Float","floor":1,"key":"SMITH"},{"floor":9,"key":"REST"},{"data":"expansioncontent:QuickStudy","floor":12,"key":"SMITH"}],"circlet_count":0,"master_deck":["hexamod:Strike","hexamod:Strike","hexamod:Strike","hexamod:Strike","hexamod:Defend","hexamod:Defend","hexamod:Defend","hexamod:Defend","hexamod:Sear","hexamod:Float+1","expansioncontent:QuickStudy+1","hexamod:BurningTouch","hexamod:ShieldOfDarkness","hexamod:InspiringFlames+1","hexamod:SoulSteal","hexamod:Incineration","hexamod:AdvancingGuard","hexamod:NightmareGuise","hexamod:InspiringFlames"],"relics":["hexamod:SpiritBrand","Omamori","Tiny Chest"],"acts_visited":["Exordium"],"potions_floor_usage":[],"damage_taken":[{"damage":4,"enemies":"2 Louse","floor":2,"turns":4},{"damage":11,"enemies":"Small Slimes","floor":4,"turns":4},{"damage":0,"enemies":"Jaw Worm","floor":5,"turns":3},{"damage":33,"enemies":"3 Sentries","floor":6,"turns":10},{"damage":7,"enemies":"3 Louse","floor":8,"turns":3},{"damage":0,"enemies":"Blue Slaver","floor":11,"turns":4},{"damage":7,"enemies":"Exordium Thugs","floor":13,"turns":5},{"damage":11,"enemies":"Large Slime","floor":15,"turns":4},{"damage":18,"enemies":"downfall:Ironclad","floor":16,"turns":5}],"seed_played":"1683822541105455065","potions_obtained":[{"floor":5,"key":"SteroidPotion"},{"floor":8,"key":"CultistPotion"},{"floor":13,"key":"FearPotion"}],"is_trial":false,"path_per_floor":["R","M","?","M","M","E","T","M","R","?","M","R","M","?","M","B"],"character_chosen":"THE_SPIRIT","items_purchased":[],"campfire_rested":1,"item_purchase_floors":[],"current_hp_per_floor":[63,59,64,53,53,20,20,13,33,33,33,33,26,26,15,0,0,0],"gold":363,"neow_bonus":"RANDOM_COLORLESS_2","is_daily":false,"chose_seed":false,"campfire_upgraded":2,"win_rate":0.0,"timestamp":1608839715,"path_taken":["R","M","?","M","M","E","T","M","R","?","M","R","M","?","M","BOSS"],"items_purchased_type":[],"build_version":"2020-12-22","purchased_purges":0,"victory":false,"max_hp_per_floor":[63,63,68,68,68,68,68,68,68,68,68,68,68,68,68,68,68,68],"card_choices":[{"not_picked":["expansioncontent:DashGenerateEvil","Secret Technique"],"picked":"expansioncontent:QuickStudy","floor":0},{"not_picked":["hexamod:SpectersWail","hexamod:BacktrackSmack"],"picked":"hexamod:BurningTouch","floor":2},{"not_picked":["hexamod:HauntingEcho","hexamod:NightmareStrike"],"picked":"hexamod:ShieldOfDarkness","floor":4},{"not_picked":["hexamod:BurningTouch","hexamod:EtherealExpedition"],"picked":"hexamod:InspiringFlames","floor":5},{"not_picked":["hexamod:HeatShield","hexamod:RainOfEmbers"],"picked":"hexamod:SoulSteal","floor":6},{"not_picked":["hexamod:RainOfEmbers","hexamod:ApocalypseNow"],"picked":"hexamod:Incineration","floor":8},{"not_picked":["hexamod:RainOfEmbers","hexamod:RadiantFlame"],"picked":"hexamod:AdvancingGuard","floor":11},{"not_picked":["hexamod:Firestarter","hexamod:BurningTouch"],"picked":"hexamod:NightmareGuise","floor":13},{"not_picked":["hexamod:SuperheatedStrike","hexamod:Rewind"],"picked":"hexamod:InspiringFlames","floor":15}],"player_experience":207518,"relics_obtained":[{"floor":6,"key":"Omamori"},{"floor":7,"key":"Tiny Chest"}],"event_choices":[{"damage_healed":0,"gold_gain":0,"player_choice":"Donut","damage_taken":0,"max_hp_gain":5,"max_hp_loss":0,"event_name":"Big Fish","floor":3,"gold_loss":0},{"damage_healed":0,"gold_gain":0,"player_choice":"Grow","damage_taken":0,"max_hp_gain":0,"max_hp_loss":0,"event_name":"Living Wall","floor":14,"gold_loss":0,"cards_upgraded":["hexamod:InspiringFlames"]}],"is_beta":false,"boss_relics":[],"items_purged_floors":[],"is_endless":false,"potions_floor_spawned":[5,8,13],"killed_by":"downfall:Ironclad","ascension_level":0}}